{"host":"or8fr2mp0k3eluj8","time":1613817506,"event":{"mods":["AchievementEnabler","BaseMod","Colored Map","DeckTracker","Keyboard Shortcuts","Minty Spire (QoL Compilation)","StSLib","SuperFastMode","everything is the same but u backflip on backflip"],"gold_per_floor":[114,114,189,203,203,230,230,248,272,303,303,328,342,360,360,456,456,467,486,117,117,216,216,216],"floor_reached":23,"language":"KOR","playtime":567,"items_purged":["Strike_B"],"score":260,"play_id":"1cca896f-f711-46a8-957d-0a3ef0cf76d9","local_time":"20210220193826","is_ascension_mode":true,"campfire_choices":[{"data":"Zap","floor":7,"key":"SMITH"},{"data":"Dualcast","floor":11,"key":"SMITH"},{"floor":15,"key":"REST"}],"circlet_count":0,"master_deck":["Strike_B","Strike_B+1","Defend_B","Defend_B","Defend_B","Defend_B","Zap+1","Dualcast+1","Aggregate","Sweeping Beam","Hologram","Rebound+1","Coolheaded","Heatsinks","Steam","Streamline","Amplify","Go for the Eyes+1","Steam Power","Static Discharge"],"relics":["Cracked Core","NeowsBlessing","Blood Vial","Mummified Hand","Whetstone","Strawberry","Juzu Bracelet","Runic Pyramid","Eternal Feather"],"acts_visited":["Exordium","TheCity"],"potions_floor_usage":[16,16,16,21],"damage_taken":[{"damage":0,"enemies":"Cultist","floor":1,"turns":1},{"damage":0,"enemies":"2 Louse","floor":4,"turns":1},{"damage":0,"enemies":"Gremlin Nob","floor":6,"turns":1},{"damage":7,"enemies":"Jaw Worm","floor":8,"turns":3},{"damage":31,"enemies":"Lagavulin","floor":10,"turns":6},{"damage":20,"enemies":"3 Sentries","floor":12,"turns":6},{"damage":12,"enemies":"Exordium Wildlife","floor":13,"turns":3},{"damage":1,"enemies":"Looter","floor":14,"turns":3},{"damage":25,"enemies":"Hexaghost","floor":16,"turns":12},{"damage":31,"enemies":"3 Byrds","floor":18,"turns":5},{"damage":27,"enemies":"Spheric Guardian","floor":19,"turns":4},{"damage":13,"enemies":"Snake Plant","floor":21,"turns":2},{"damage":25,"enemies":"Gremlin Leader","floor":23,"turns":2}],"seed_played":"-6450891617565501059","potions_obtained":[{"floor":4,"key":"Dexterity Potion"},{"floor":6,"key":"PotionOfCapacity"},{"floor":13,"key":"Swift Potion"},{"floor":18,"key":"SmokeBomb"}],"is_trial":false,"path_per_floor":["M","T","?","M","?","E","R","M","T","E","R","E","M","M","R","B",null,"M","M","$","M","?","E"],"character_chosen":"DEFECT","items_purchased":["Eternal Feather","Static Discharge"],"campfire_rested":1,"item_purchase_floors":[20,20],"current_hp_per_floor":[75,75,64,66,66,68,68,63,63,41,41,23,13,14,38,15,82,51,26,26,15,15,0,0],"gold":216,"neow_bonus":"THREE_ENEMY_KILL","is_daily":false,"chose_seed":false,"campfire_upgraded":2,"win_rate":0.0,"timestamp":1613817506,"path_taken":["M","?","?","M","?","E","R","M","T","E","R","E","M","M","R","BOSS","M","M","$","M","?","E"],"items_purchased_type":["Relic","Card"],"build_version":"2020-12-22","purchased_purges":1,"victory":false,"max_hp_per_floor":[75,75,75,75,75,75,75,75,75,82,82,82,82,82,82,82,82,82,82,82,82,82,82,82],"card_choices":[{"not_picked":["Leap","Hologram"],"picked":"Aggregate","floor":1},{"not_picked":["Compile Driver","FTL"],"picked":"Sweeping Beam","floor":4},{"not_picked":["Conserve Battery","Steam"],"picked":"Hologram","floor":6},{"not_picked":["Meteor Strike","Reprogram"],"picked":"Rebound","floor":8},{"not_picked":["Turbo","Barrage"],"picked":"Coolheaded","floor":10},{"not_picked":["Compile Driver","Sweeping Beam"],"picked":"Heatsinks","floor":12},{"not_picked":["Reinforced Body","Meteor Strike"],"picked":"Steam","floor":13},{"not_picked":["Undo","Cold Snap"],"picked":"Streamline","floor":14},{"not_picked":["Reboot","Rainbow"],"picked":"Amplify","floor":16},{"not_picked":["Chaos","Hologram"],"picked":"Go for the Eyes+1","floor":18},{"not_picked":["BootSequence","Auto Shields"],"picked":"Steam Power","floor":19}],"player_experience":393431,"relics_obtained":[{"floor":2,"key":"Blood Vial"},{"floor":6,"key":"Mummified Hand"},{"floor":9,"key":"Whetstone"},{"floor":10,"key":"Strawberry"},{"floor":12,"key":"Juzu Bracelet"}],"event_choices":[{"damage_healed":0,"gold_gain":75,"player_choice":"Gather Gold","damage_taken":11,"max_hp_gain":0,"max_hp_loss":0,"event_name":"World of Goop","floor":3,"gold_loss":0},{"cards_removed":["Strike_B"],"damage_healed":0,"gold_gain":0,"player_choice":"Forget","damage_taken":0,"max_hp_gain":0,"max_hp_loss":0,"event_name":"Living Wall","floor":5,"gold_loss":0},{"damage_healed":0,"gold_gain":99,"player_choice":"Stole From Cult","damage_taken":0,"max_hp_gain":0,"max_hp_loss":0,"event_name":"Nest","floor":22,"gold_loss":0}],"is_beta":false,"boss_relics":[{"not_picked":["Busted Crown","Calling Bell"],"picked":"Runic Pyramid"}],"items_purged_floors":[20],"is_endless":false,"potions_floor_spawned":[4,6,13,18,21],"killed_by":"Gremlin Leader","ascension_level":2}}