{"host":"5td1gsj4mnrioltg","time":1613807133,"event":{"mods":["2.2 Compatiblity","AchievementEnabler","Act Like it!","Aspiration","BaseMod","Beaked The Cultist","Better Altar","Better Match","Better Note","Better Sensory Stone","Better Silent Start","Better Skull","Better Third Choice","Better Vampires","BetterRewards","Bossed Relics","Colored Map","Colored Powertips","Displayed Cursed Tome","Downfall","Emptier Cage","Evolution","Friendly Minions","GifTheSpireLib","Highlight Path","Ironclad Rager","Jedi Mod","JesterMod","Mad Scientist","Menagerie","Minty Spire (QoL Compilation)","Permanent Neow","Quick Restart","Reliquary","Replay The Spire","Reworked Bosses","Shade Mod","Shapeshifter Mod","Spicy Shops","StSLib","The Blue Laboratory","The Dragon Tamer","The Dragonkin","The Druid","The Elementalist","The Marked","The Necromancer","The Runesmith","Thieving Mod","Transform Curses","Wandering Minibosses"],"gold_per_floor":[111,111,36,86,96,129,29,29,79,79,102,112,210,223,223,335,335,348,134,134,153,153,153,172,198,246,263,263,281,298,49,49,151,151,167,178,30,39,58,58,158,30,30,30,63,63,74,84,84,84,84,84,36,66,66],"floor_reached":56,"language":"ENG","playtime":6100,"items_purged":["StSShapeShifter:Lynx_Form","StSShapeShifter:ShapeShifter_Defend","StSShapeShifter:Tortoise_Form","StSShapeShifter:RockSlide"],"score":1111,"play_id":"ad5484b8-f61e-434d-9eea-2e73325a5e35","local_time":"20210219234533","is_ascension_mode":true,"campfire_choices":[{"data":"StSShapeShifter:HummingbirdForm","floor":8.0,"key":"SMITH"},{"data":"StSShapeShifter:Garden","floor":10.0,"key":"SMITH"},{"data":"StSShapeShifter:WolfsBane","floor":15.0,"key":"SMITH"},{"data":"StSShapeShifter:Summer","floor":23.0,"key":"SMITH"},{"floor":32.0,"key":"REST"},{"floor":40.0,"key":"RECALL"},{"floor":49.0,"key":"REST"},{"data":"StSShapeShifter:Evolution","floor":52.0,"key":"SMITH"}],"circlet_count":0,"master_deck":["StSShapeShifter:RockSlide","StSShapeShifter:RockSlide","StSShapeShifter:ShapeShifter_Defend","StSShapeShifter:ShapeShifter_Defend+1","StSShapeShifter:ShapeShifter_Defend+1","StSShapeShifter:HummingbirdForm+1","StSShapeShifter:BarkSkin","StSShapeShifter:Garden+1","StSShapeShifter:ReplenishingNectar","StSShapeShifter:WolfsBane+1","StSShapeShifter:Summer+1","StSShapeShifter:Evolution+1","StSShapeShifter:BurstingSpore+1","StSShapeShifter:WolfsBane+1"],"relics":["StSShapeShifter:AnimalHeart","StSShapeShifter:TheShapeShiftersMagnolia","EVO:Axolotl","Toy Ornithopter","Garlic","CeramicFish","Vajra","reliquary:WritOfMandamus","BargainBundle","MutagenicStrength","wanderingMiniBosses:Inkheart","aspiration:DSix","Empty Cage","Guardian:PocketSentry","Counterbalance","Pear","Golden Egg","War Paint"],"acts_visited":["Exordium","TheCity","TheBeyond","TheEnding"],"potions_floor_usage":[55],"damage_taken":[{"damage":14.0,"enemies":"Cultist","floor":1.0,"turns":5.0},{"damage":0.0,"enemies":"Small Slimes","floor":5.0,"turns":3.0},{"damage":28.0,"enemies":"Replay:BlueRogue","floor":6.0,"turns":9.0},{"damage":0.0,"enemies":"2 Louse","floor":11.0,"turns":2.0},{"damage":0.0,"enemies":"Red Slaver","floor":12.0,"turns":5.0},{"damage":7.0,"enemies":"Blue Slaver","floor":14.0,"turns":5.0},{"damage":0.0,"enemies":"Fading Forest","floor":16.0,"turns":10.0},{"damage":25.0,"enemies":"2 Thieves","floor":18.0,"turns":5.0},{"damage":25.0,"enemies":"Chosen","floor":21.0,"turns":5.0},{"damage":12.0,"enemies":"Snecko","floor":24.0,"turns":4.0},{"damage":44.0,"enemies":"Slavers","floor":25.0,"turns":4.0},{"damage":14.0,"enemies":"Cultist and Chosen","floor":27.0,"turns":5.0},{"damage":16.0,"enemies":"Sentry and Sphere","floor":29.0,"turns":4.0},{"damage":17.0,"enemies":"Centurion and Healer","floor":30.0,"turns":4.0},{"damage":15.0,"enemies":"bossMod:newCollector","floor":33.0,"turns":4.0},{"damage":11.0,"enemies":"Orb Walker","floor":35.0,"turns":4.0},{"damage":28.0,"enemies":"3 Shapes","floor":36.0,"turns":3.0},{"damage":10.0,"enemies":"Spire Growth","floor":39.0,"turns":4.0},{"damage":0.0,"enemies":"4 Shapes","floor":44.0,"turns":1.0},{"damage":56.0,"enemies":"Nemesis","floor":45.0,"turns":7.0},{"damage":26.0,"enemies":"Jaw Worm Horde","floor":47.0,"turns":3.0},{"damage":12.0,"enemies":"Maw","floor":48.0,"turns":5.0},{"damage":57.0,"enemies":"Replay:Hell Engine","floor":50.0,"turns":6.0},{"damage":51.0,"enemies":"Shield and Spear","floor":54.0,"turns":4.0},{"damage":70,"enemies":"The Heart","floor":55,"turns":6}],"seed_played":"2736032591981622514","potions_obtained":[{"floor":6.0,"key":"ColorlessPotion"},{"floor":11.0,"key":"champ:CounterPotion"},{"floor":12.0,"key":"blueLaboratory:FruitPreserves"},{"floor":14.0,"key":"blueLaboratory:FruitPunch"},{"floor":24.0,"key":"Death Potion"},{"floor":27.0,"key":"jedi:hoardpotion"},{"floor":33.0,"key":"bronze:BurnAndBuffPotion"},{"floor":35.0,"key":"SmokeBomb"},{"floor":45.0,"key":"Energy Potion"},{"floor":48.0,"key":"Weak Potion"},{"floor":54.0,"key":"blueLaboratory:FruitPunch"}],"is_trial":false,"path_per_floor":["M","?","$","?","M","E","$","R","T","R","M","M","?","M","R","B",null,"M","$","?","M","?","R","M","E","T","M","?","M","M","$","R","B",null,"M","M","$","?","M","R","?","$","T","M","E","$","M","M","R","B",null,"R","$","E","B",null],"character_chosen":"SHAPESHIFTER","items_purchased":["BargainBundle","blueLaboratory:BubblePotion","Reflective Coating","Explosive Potion","StSShapeShifter:Evolution","blueLaboratory:BottleOfVodka","hexamod:SoulburnPotion","Guardian:PocketSentry","Counterbalance","blueLaboratory:Moonshine","blueLaboratory:BubblePotion"],"campfire_rested":2,"item_purchase_floors":[19,19,19,19,19,31,31,37,42,42,53],"current_hp_per_floor":[64,64,64,64,64,36,36,36,36,36,36,42,11,40,40,60,80,55,55,55,51,80,80,68,36,36,33,33,27,21,21,39,42,60,60,48,48,48,60,60,54,54,64,69,34,34,34,44,65,37,70,70,70,45,9],"gold":66,"neow_bonus":"RANDOM_COMMON_RELIC","is_daily":false,"chose_seed":false,"campfire_upgraded":5,"win_rate":0.0,"timestamp":1613807133,"path_taken":["M","?","$","?","M","E","$","R","T","R","M","M","?","M","R","BOSS","M","$","?","M","?","R","?","E","T","M","?","M","?","$","R","BOSS","M","M","$","?","?","R","?","$","T","M","E","?","M","M","R","BOSS","R","$","E","BOSS"],"items_purchased_type":["Relic","Potion","Potion","Potion","Card","Potion","Potion","Relic","Relic","Potion","Potion"],"build_version":"2020-12-22","purchased_purges":4,"victory":true,"max_hp_per_floor":[78,78,78,78,78,78,78,78,78,78,78,78,78,78,78,80,80,80,80,80,80,80,80,80,80,80,80,60,60,60,60,60,60,60,60,60,60,60,60,60,60,60,70,70,70,70,70,70,70,70,70,70,70,70,72],"card_choices":[{"not_picked":["StSShapeShifter:FlowerShield","StSShapeShifter:Synchronicity"],"picked":"StSShapeShifter:HummingbirdForm","floor":1.0},{"not_picked":["StSShapeShifter:FallingLeaves","StSShapeShifter:MonkeyForm"],"picked":"StSShapeShifter:BarkSkin","floor":5.0},{"not_picked":["StSShapeShifter:FruitBasket","StSShapeShifter:OpportuneSwoop"],"picked":"StSShapeShifter:Garden","floor":6.0},{"not_picked":["StSShapeShifter:SunflowerShuriken","StSShapeShifter:BearForm"],"picked":"StSShapeShifter:ReplenishingNectar","floor":11.0},{"not_picked":["StSShapeShifter:Guard","StSShapeShifter:MonkeyForm","StSShapeShifter:FesteringBite"],"picked":"SKIP","floor":12.0},{"not_picked":["StSShapeShifter:BladeOfGrass","StSShapeShifter:RockSlide"],"picked":"StSShapeShifter:WolfsBane","floor":13.0},{"not_picked":["StSShapeShifter:WaspSwarmForm","StSShapeShifter:HummingbirdForm","StSShapeShifter:MultiSpiritedStrike"],"picked":"SKIP","floor":14.0},{"not_picked":["StSShapeShifter:Blossom2","StSShapeShifter:Sap_Burst"],"picked":"StSShapeShifter:Summer","floor":16.0},{"not_picked":["StSShapeShifter:TopazSkin","StSShapeShifter:OwlForm","StSShapeShifter:MonkeyForm"],"picked":"SKIP","floor":18.0},{"not_picked":["StSShapeShifter:FesteringBite","StSShapeShifter:FallingLeaves+1"],"picked":"StSShapeShifter:BurstingSpore+1","floor":21.0},{"not_picked":["StSShapeShifter:MonkeyForm","StSShapeShifter:DeerForm","StSShapeShifter:Wildfire2"],"picked":"SKIP","floor":24.0},{"not_picked":["StSShapeShifter:Rest","StSShapeShifter:RestoreBalance","StSShapeShifter:MonkeyForm"],"picked":"SKIP","floor":25.0},{"not_picked":["StSShapeShifter:MonkeyForm","StSShapeShifter:PoisonIvy","StSShapeShifter:WolfForm"],"picked":"SKIP","floor":27.0},{"not_picked":["StSShapeShifter:TopazSkin","StSShapeShifter:LeapingSlash+1","StSShapeShifter:MonkeyForm"],"picked":"SKIP","floor":29.0},{"not_picked":["StSShapeShifter:Efflorescence","StSShapeShifter:PoisonIvy+1","StSShapeShifter:FallingLeaves"],"picked":"SKIP","floor":30.0},{"not_picked":["StSShapeShifter:PorcupineForm+1","StSShapeShifter:BloomingSlash","StSShapeShifter:Hunt"],"picked":"SKIP","floor":35.0},{"not_picked":["StSShapeShifter:SquirrelForm+1","StSShapeShifter:ThornToss+1","StSShapeShifter:VineHandcuffs"],"picked":"SKIP","floor":36.0},{"not_picked":["StSShapeShifter:SquirrelForm+1","StSShapeShifter:ThornToss+1","StSShapeShifter:VineHandcuffs"],"picked":"SKIP","floor":36.0},{"not_picked":["StSShapeShifter:SquirrelForm+1","StSShapeShifter:PoisonIvy+1","StSShapeShifter:RaptorForm+1"],"picked":"SKIP","floor":39.0},{"not_picked":["StSShapeShifter:FullMoon","StSShapeShifter:Rest+1","StSShapeShifter:Maul+1"],"picked":"SKIP","floor":45.0},{"not_picked":["StSShapeShifter:Rest+1","StSShapeShifter:Roar+1","StSShapeShifter:OwlForm"],"picked":"SKIP","floor":47.0},{"not_picked":["StSShapeShifter:CursedApple","StSShapeShifter:FallingLeaves+1","StSShapeShifter:BladeOfGrass+1"],"picked":"SKIP","floor":48.0},{"not_picked":["StSShapeShifter:FesteringBite+1","StSShapeShifter:FoxForm+1","StSShapeShifter:Sapling"],"picked":"SKIP","floor":54.0}],"player_experience":1384314,"relics_obtained":[{"floor":6.0,"key":"Garlic"},{"floor":9.0,"key":"CeramicFish"},{"floor":13.0,"key":"Vajra"},{"floor":21.0,"key":"wanderingMiniBosses:Inkheart"},{"floor":25.0,"key":"aspiration:DSix"},{"floor":43.0,"key":"Pear"},{"floor":45.0,"key":"Golden Egg"},{"floor":54.0,"key":"War Paint"}],"event_choices":[{"damage_healed":0.0,"max_hp_gain":0.0,"max_hp_loss":0.0,"gold_gain":0.0,"event_name":"betterThird:BetterSerpent","player_choice":"Ignored","floor":2.0,"gold_loss":0.0,"damage_taken":111.0},{"damage_healed":0.0,"max_hp_gain":0.0,"max_hp_loss":0.0,"gold_gain":0.0,"event_name":"Drug Dealer","player_choice":"Inject Mutagens","floor":20.0,"gold_loss":0.0,"damage_taken":0.0,"relics_obtained":["MutagenicStrength"]},{"damage_healed":29.0,"max_hp_gain":0.0,"max_hp_loss":0.0,"gold_gain":0.0,"event_name":"Wheel of Change","player_choice":"Full Heal","floor":22.0,"gold_loss":0.0,"damage_taken":0.0},{"damage_healed":0.0,"max_hp_gain":0.0,"max_hp_loss":0.0,"gold_gain":0.0,"event_name":"Duplicator","player_choice":"Copied","floor":38.0,"gold_loss":0.0,"damage_taken":0.0,"cards_obtained":["StSShapeShifter:WolfsBane"]}],"is_beta":false,"boss_relics":[{"not_picked":["Philosopher\u0027s Stone","Ectoplasm"],"picked":"reliquary:WritOfMandamus"},{"not_picked":["Replay:Ancient Bell","Coffee Dripper","ReplayTheSpireMod:DimensionalGlitch"]}],"items_purged_floors":[3,7,19,31],"is_endless":false,"potions_floor_spawned":[6,11,12,14,24,27,33,35,44,45,48,54],"ascension_level":3}}