{"host":"yx5rao87132cy5xq","time":1613850511,"event":{"mods":["2.2 Compatiblity","AchievementEnabler","BaseMod","Bestiary","Colored Map","Colored Powertips","Minty Spire (QoL Compilation)","Quick Restart","Relic Stats","Slay-I","SuperFastMode"],"gold_per_floor":[12,26,44,57,67,100,17,49,61,73,85,118,130,160,172,184,184],"floor_reached":16,"language":"ENG","playtime":764,"items_purged":[],"score":222,"play_id":"10984e64-10f2-4367-a0b6-182ffdc21d8a","local_time":"20210220204831","is_ascension_mode":true,"campfire_choices":[{"floor":10,"key":"REST"},{"data":"Feed","floor":13,"key":"SMITH"},{"data":"True Grit","floor":15,"key":"SMITH"}],"circlet_count":0,"master_deck":["AscendersBane","Strike_R","Strike_R","Strike_R","Strike_R","Strike_R","Defend_R","Defend_R","Defend_R","Defend_R","Bash","Barricade","Wild Strike","Flame Barrier","Spot Weakness","Whirlwind","Battle Trance","Immolate","True Grit+1","Feed+1","Sentinel"],"relics":["Burning Blood","Magic Flower","MawBank","Mercury Hourglass","Golden Idol"],"acts_visited":["Exordium"],"potions_floor_usage":[8,16,16],"damage_taken":[{"damage":7.0,"enemies":"Cultist","floor":1.0,"turns":4.0},{"damage":10.0,"enemies":"Small Slimes","floor":2.0,"turns":3.0},{"damage":11.0,"enemies":"2 Louse","floor":3.0,"turns":2.0},{"damage":29.0,"enemies":"Large Slime","floor":4.0,"turns":7.0},{"damage":10.0,"enemies":"3 Louse","floor":5.0,"turns":3.0},{"damage":30.0,"enemies":"3 Sentries","floor":6.0,"turns":7.0},{"damage":4,"enemies":"Gremlin Nob","floor":8,"turns":3},{"damage":14,"enemies":"Blue Slaver","floor":12,"turns":4},{"damage":13,"enemies":"2 Fungi Beasts","floor":14,"turns":4},{"damage":32,"enemies":"Hexaghost","floor":16,"turns":7}],"seed_played":"723227693463195792","potions_obtained":[{"floor":4.0,"key":"BlessingOfTheForge"},{"floor":6.0,"key":"ColorlessPotion"},{"floor":8,"key":"SkillPotion"}],"is_trial":false,"path_per_floor":["M","M","M","M","M","E","$","E","T","R","?","M","R","M","R","B"],"character_chosen":"IRONCLAD","items_purchased":["Swift Potion","True Grit"],"campfire_rested":1,"item_purchase_floors":[7,7],"current_hp_per_floor":[67,63,58,35,31,7,7,12,12,34,34,29,29,25,25,0,0],"gold":184,"neow_bonus":"THREE_RARE_CARDS","is_daily":false,"chose_seed":false,"campfire_upgraded":2,"win_rate":0.0,"timestamp":1613850511,"path_taken":["M","M","?","M","M","E","$","E","T","R","?","M","R","M","R","BOSS"],"items_purchased_type":["Potion","Card"],"build_version":"2020-12-22","purchased_purges":0,"victory":false,"max_hp_per_floor":[75,75,75,75,75,75,75,75,75,75,68,68,68,68,68,68,68],"relic_stats":{"counters":[10,43],"Golden Idol":8,"Magic Flower":[9],"MawBank":96,"obtain_stats":[{"Golden Idol":11,"Magic Flower":6,"MawBank":8,"Burning Blood":0,"Mercury Hourglass":9},{"Golden Idol":7,"Magic Flower":6,"MawBank":7,"Burning Blood":0,"Mercury Hourglass":7},{"Golden Idol":29,"Magic Flower":26,"MawBank":29,"Burning Blood":0,"Mercury Hourglass":29}],"Burning Blood":63,"Mercury Hourglass":[49]},"card_choices":[{"not_picked":["Juggernaut","Offering"],"picked":"Barricade","floor":0.0},{"not_picked":["Thunderclap","Intimidate"],"picked":"Wild Strike","floor":1.0},{"not_picked":["Wild Strike","Headbutt"],"picked":"Flame Barrier","floor":2.0},{"not_picked":["Dark Embrace","Body Slam"],"picked":"Spot Weakness","floor":3.0},{"not_picked":["Armaments","Headbutt"],"picked":"Whirlwind","floor":4.0},{"not_picked":["Intimidate","Thunderclap"],"picked":"Battle Trance","floor":5.0},{"not_picked":["Cleave","Evolve"],"picked":"Immolate","floor":6.0},{"not_picked":["Infernal Blade","Anger"],"picked":"Feed","floor":8},{"not_picked":["Entrench","Pommel Strike","Havoc"],"picked":"SKIP","floor":12},{"not_picked":["Iron Wave","Clash"],"picked":"Sentinel","floor":14}],"player_experience":1072549,"relics_obtained":[{"floor":6.0,"key":"Magic Flower"},{"floor":8,"key":"MawBank"},{"floor":9,"key":"Mercury Hourglass"}],"event_choices":[{"damage_healed":0,"gold_gain":0,"player_choice":"Lose Max HP","damage_taken":0,"relics_obtained":["Golden Idol"],"max_hp_gain":0,"max_hp_loss":7,"event_name":"Golden Idol","floor":11,"gold_loss":0}],"is_beta":false,"boss_relics":[],"items_purged_floors":[],"is_endless":false,"potions_floor_spawned":[4,6,8,12],"killed_by":"Hexaghost","ascension_level":19}}