{"host":"2yqfi47fogfu1ic4","time":1613819160,"event":{"mods":["AchievementEnabler","BaseMod","Colored Map","Colored Powertips","Highlight Path","Minty Spire (QoL Compilation)","Permanent Neow","Relic Stats","StSLib"],"gold_per_floor":[112,130,149,169,169,169,199,199,199,260,291,291,291,91,91,167,167,185,185,185,110,121,121,134,134,134,134,163,74,100,100,100,172,172,185,198,213,213,238,238,273,289,289,318,334,353,33,76,76,76,76,76,76,13,54,54],"floor_reached":57,"language":"DEU","playtime":6954,"items_purged":["Regret","Outmaneuver","Underhanded Strike"],"score":3101,"play_id":"108a8344-4de7-41c6-88a7-904264b13fb3","local_time":"20210220120600","is_ascension_mode":true,"campfire_choices":[{"data":"Cloak And Dagger","floor":6.0,"key":"SMITH"},{"floor":8.0,"key":"REST"},{"data":"Neutralize","floor":15.0,"key":"SMITH"},{"floor":23.0,"key":"REST"},{"data":"Terror","floor":27.0,"key":"SMITH"},{"floor":32,"key":"REST"},{"data":"Bullet Time","floor":40,"key":"SMITH"},{"floor":49,"key":"RECALL"},{"data":"Footwork","floor":53,"key":"SMITH"}],"circlet_count":0,"master_deck":["AscendersBane","Survivor","Neutralize+1","Calculated Gamble","Dagger Throw+1","Cloak And Dagger+1","Corpse Explosion","Concentrate","Acrobatics","Tools of the Trade","Dodge and Roll","Reflex","Malaise","Terror+1","Blade Dance","Malaise","PiercingWail","Masterful Stab+1","Cloak And Dagger","Distraction+1","Footwork+1","Blade Dance","Bullet Time+1","Blade Dance","Deflect","Footwork","Panache","Secret Technique","PanicButton","Accuracy+1","Venomology","Escape Plan","Cloak And Dagger+1","Tactician+1","Night Terror","Acrobatics+1","Accuracy","Adrenaline","PiercingWail"],"relics":["WristBlade","StrikeDummy","Paper Crane","Akabeko","Bottled Flame","Bronze Scales","Membership Card","Pandora\u0027s Box","Question Card","Eternal Feather","Dead Branch","Nilry\u0027s Codex","Philosopher\u0027s Stone","Prayer Wheel","Kunai","Pear","Letter Opener","Chemical X","Ninja Scroll","CeramicFish","Whetstone"],"acts_visited":["Exordium","TheCity","TheBeyond","TheEnding"],"potions_floor_usage":[42,44,48,50,56,56,56],"damage_taken":[{"damage":1.0,"enemies":"Cultist","floor":1.0,"turns":4.0},{"damage":2.0,"enemies":"Jaw Worm","floor":2.0,"turns":5.0},{"damage":3.0,"enemies":"Small Slimes","floor":3.0,"turns":5.0},{"damage":4.0,"enemies":"3 Louse","floor":4.0,"turns":4.0},{"damage":20.0,"enemies":"3 Sentries","floor":7.0,"turns":9.0},{"damage":0.0,"enemies":"Gremlin Nob","floor":10.0,"turns":2.0},{"damage":8.0,"enemies":"Gremlin Nob","floor":11.0,"turns":4.0},{"damage":21.0,"enemies":"The Guardian","floor":16.0,"turns":15.0},{"damage":6.0,"enemies":"Shell Parasite","floor":18.0,"turns":4.0},{"damage":7.0,"enemies":"Spheric Guardian","floor":19.0,"turns":3.0},{"damage":7.0,"enemies":"Snecko","floor":22.0,"turns":5.0},{"damage":0.0,"enemies":"Cultist and Chosen","floor":24.0,"turns":3.0},{"damage":0.0,"enemies":"Slavers","floor":28.0,"turns":1.0},{"damage":9,"enemies":"Gremlin Leader","floor":30,"turns":7},{"damage":0,"enemies":"Collector","floor":33,"turns":2},{"damage":2,"enemies":"Orb Walker","floor":35,"turns":3},{"damage":0,"enemies":"3 Darklings","floor":36,"turns":2},{"damage":7,"enemies":"Maw","floor":37,"turns":4},{"damage":0,"enemies":"Mind Bloom Boss Battle","floor":39,"turns":4},{"damage":0,"enemies":"Nemesis","floor":41,"turns":3},{"damage":2,"enemies":"4 Shapes","floor":42,"turns":7},{"damage":14,"enemies":"Reptomancer","floor":44,"turns":4},{"damage":0,"enemies":"Spire Growth","floor":45,"turns":2},{"damage":0,"enemies":"Jaw Worm Horde","floor":46,"turns":1},{"damage":0,"enemies":"Nemesis","floor":48,"turns":3},{"damage":1,"enemies":"Time Eater","floor":50,"turns":7},{"damage":3,"enemies":"Awakened One","floor":51,"turns":11},{"damage":0,"enemies":"Shield and Spear","floor":55,"turns":2},{"damage":63,"enemies":"The Heart","floor":56,"turns":8}],"seed_played":"3126781648467363698","potions_obtained":[{"floor":3.0,"key":"SteroidPotion"},{"floor":10.0,"key":"Block Potion"},{"floor":16.0,"key":"SmokeBomb"},{"floor":18.0,"key":"FearPotion"},{"floor":24.0,"key":"CunningPotion"},{"floor":33,"key":"Swift Potion"},{"floor":39,"key":"LiquidBronze"},{"floor":44,"key":"EssenceOfSteel"}],"is_trial":false,"path_per_floor":["M","M","M","M","?","R","E","R","T","?","E","?","?","$","R","B",null,"M","M","?","?","M","R","M","?","T","R","E","$","E","?","R","B",null,"M","M","M","?","?","R","E","M","T","E","M","M","$","E","R","B","B",null,"R","$","E","B",null],"character_chosen":"THE_SILENT","items_purchased":["Membership Card","Footwork","Chemical X","Ninja Scroll","Accuracy","GhostInAJar"],"campfire_rested":3,"item_purchase_floors":[14,29,47,47,47,47],"current_hp_per_floor":[58,56,53,49,31,31,11,30,30,30,22,22,22,22,22,1,50,44,37,19,19,12,33,33,33,33,33,33,33,24,3,36,36,62,60,60,53,43,43,61,61,59,69,55,55,55,55,55,76,75,72,79,81,81,81,18],"gold":54,"neow_bonus":"BOSS_RELIC","is_daily":false,"chose_seed":false,"campfire_upgraded":5,"win_rate":0.0,"timestamp":1613819160,"path_taken":["M","?","M","M","?","R","E","R","T","?","E","?","?","$","R","BOSS","M","M","?","?","?","R","M","?","T","R","E","$","E","?","R","BOSS","M","M","M","?","?","R","E","?","T","E","M","M","?","E","R","BOSS","BOSS","R","$","E","BOSS"],"items_purchased_type":["Relic","Card","Relic","Relic","Card","Potion"],"build_version":"2020-12-22","purchased_purges":3,"victory":true,"max_hp_per_floor":[66,66,66,66,66,66,66,66,66,66,66,66,66,66,66,66,66,66,66,71,71,71,71,71,71,71,71,71,71,71,71,71,71,71,71,71,71,71,71,71,71,71,81,81,81,81,81,81,81,81,81,81,81,81,81,81],"relic_stats":{"counters":[29,134],"Dead Branch":[311],"CeramicFish":18,"Eternal Feather":53,"Letter Opener":[232],"Whetstone":["Masterful Stab","Dagger Throw"],"Question Card":20,"Bronze Scales":[339],"Pandora\u0027s Box":["Concentrate","Acrobatics","Tools of the Trade","Dodge and Roll","Choke","Reflex","Dagger Spray","Outmaneuver","Malaise","Terror"],"Prayer Wheel":3,"Kunai":[50],"Chemical X":[12],"obtain_stats":[{"Pear":43,"Nilry\u0027s Codex":31,"Dead Branch":30,"CeramicFish":48,"Eternal Feather":28,"Letter Opener":44,"Whetstone":55,"Paper Crane":7,"Question Card":26,"Akabeko":10,"Bottled Flame":11,"WristBlade":0,"Ninja Scroll":47,"Bronze Scales":12,"Pandora\u0027s Box":17,"Philosopher\u0027s Stone":34,"Prayer Wheel":39,"Membership Card":14,"Kunai":41,"Chemical X":47,"StrikeDummy":5,"Ring of the Snake":0},{"Pear":21,"Nilry\u0027s Codex":14,"Dead Branch":14,"CeramicFish":25,"Eternal Feather":13,"Letter Opener":22,"Whetstone":28,"Paper Crane":5,"Question Card":12,"Akabeko":6,"Bottled Flame":7,"WristBlade":0,"Ninja Scroll":24,"Bronze Scales":7,"Pandora\u0027s Box":8,"Philosopher\u0027s Stone":15,"Prayer Wheel":19,"Membership Card":7,"Kunai":20,"Chemical X":24,"StrikeDummy":4,"Ring of the Snake":0},{"Pear":96,"Nilry\u0027s Codex":71,"Dead Branch":71,"CeramicFish":106,"Eternal Feather":64,"Letter Opener":100,"Whetstone":126,"Paper Crane":27,"Question Card":63,"Akabeko":29,"Bottled Flame":33,"WristBlade":0,"Ninja Scroll":103,"Bronze Scales":33,"Pandora\u0027s Box":48,"Philosopher\u0027s Stone":73,"Prayer Wheel":86,"Membership Card":33,"Kunai":89,"Chemical X":103,"StrikeDummy":18,"Ring of the Snake":0}]},"card_choices":[{"not_picked":["Bane","Riddle With Holes"],"picked":"Calculated Gamble","floor":1.0},{"not_picked":["Prepared","Deadly Poison"],"picked":"Dagger Throw","floor":2.0},{"not_picked":["Deadly Poison","Underhanded Strike"],"picked":"Cloak And Dagger","floor":3.0},{"not_picked":["Well Laid Plans","Sucker Punch"],"picked":"Underhanded Strike","floor":4.0},{"not_picked":["Bane","Skewer"],"picked":"Flying Knee","floor":10.0},{"not_picked":["Dodge and Roll","Outmaneuver","Flechettes"],"picked":"SKIP","floor":11.0},{"not_picked":["A Thousand Cuts","Die Die Die"],"picked":"Corpse Explosion","floor":16.0},{"not_picked":["Flying Knee","Deadly Poison"],"picked":"Blade Dance","floor":18.0},{"not_picked":["Choke","Bane"],"picked":"Masterful Stab","floor":22.0},{"not_picked":["Deflect","Dash"],"picked":"Cloak And Dagger","floor":24.0},{"not_picked":["Poisoned Stab","Choke+1","Deflect"],"picked":"Distraction+1","floor":28.0},{"not_picked":["Deflect","Calculated Gamble","Distraction"],"picked":"Blade Dance","floor":30},{"not_picked":["Glass Knife","Envenom","Tools of the Trade"],"picked":"Bullet Time","floor":33},{"not_picked":["Well Laid Plans","Deadly Poison","Outmaneuver"],"picked":"Blade Dance","floor":35},{"not_picked":["Dagger Spray","Catalyst+1","Dodge and Roll"],"picked":"Deflect","floor":36},{"not_picked":["Venomology","Distraction","Noxious Fumes"],"picked":"Footwork","floor":37},{"not_picked":["Swift Strike","Blind","Jack Of All Trades"],"picked":"Panache","floor":38},{"not_picked":["The Bomb","Panache","Violence"],"picked":"Secret Technique","floor":38},{"not_picked":["Deep Breath","Secret Weapon","Jack Of All Trades"],"picked":"PanicButton","floor":38},{"not_picked":["Infinite Blades","Distraction","Underhanded Strike"],"picked":"Accuracy+1","floor":39},{"not_picked":["Backstab+1","Sucker Punch","Predator+1"],"picked":"Venomology","floor":41},{"not_picked":["Sucker Punch","Choke","Footwork"],"picked":"Escape Plan","floor":42},{"not_picked":["Quick Slash","PiercingWail","Accuracy"],"picked":"Cloak And Dagger+1","floor":42},{"not_picked":["Predator+1","Calculated Gamble+1","Prepared"],"picked":"Tactician+1","floor":44},{"not_picked":["Escape Plan","Dagger Spray","Quick Slash"],"picked":"Night Terror","floor":45},{"not_picked":["Choke","Quick Slash","Skewer","Slice"],"picked":"SKIP","floor":45},{"not_picked":["Infinite Blades+1","Outmaneuver","Flying Knee"],"picked":"Acrobatics+1","floor":46},{"not_picked":["Deflect","Deadly Poison","Choke+1","Outmaneuver"],"picked":"SKIP","floor":46},{"not_picked":["Unload","All Out Attack","Slice"],"picked":"Adrenaline","floor":48},{"not_picked":["Corpse Explosion","A Thousand Cuts","Backflip"],"picked":"PiercingWail","floor":55}],"player_experience":1909698,"relics_obtained":[{"floor":7.0,"key":"Paper Crane"},{"floor":10.0,"key":"Akabeko"},{"floor":11.0,"key":"Bottled Flame"},{"floor":26.0,"key":"Question Card"},{"floor":28.0,"key":"Eternal Feather"},{"floor":30,"key":"Dead Branch"},{"floor":31,"key":"Nilry\u0027s Codex"},{"floor":39,"key":"Prayer Wheel"},{"floor":41,"key":"Kunai"},{"floor":43,"key":"Pear"},{"floor":44,"key":"Letter Opener"},{"floor":48,"key":"CeramicFish"},{"floor":55,"key":"Whetstone"}],"event_choices":[{"damage_healed":0.0,"max_hp_gain":0.0,"max_hp_loss":0.0,"gold_gain":0.0,"event_name":"Scrap Ooze","player_choice":"Success","floor":5.0,"gold_loss":0.0,"damage_taken":18.0,"relics_obtained":["StrikeDummy"]},{"damage_healed":0.0,"max_hp_gain":0.0,"max_hp_loss":0.0,"gold_gain":0.0,"event_name":"Dead Adventurer","player_choice":"Searched \u00272\u0027 times","floor":10.0,"gold_loss":0.0,"damage_taken":0.0},{"damage_healed":0.0,"max_hp_gain":0.0,"max_hp_loss":0.0,"gold_gain":0.0,"event_name":"Big Fish","player_choice":"Box","floor":12.0,"gold_loss":0.0,"damage_taken":0.0,"relics_obtained":["Bronze Scales"],"cards_obtained":["Regret"]},{"damage_healed":0.0,"max_hp_gain":0.0,"max_hp_loss":0.0,"gold_gain":0.0,"event_name":"The Cleric","player_choice":"Leave","floor":13.0,"gold_loss":0.0,"damage_taken":0.0},{"damage_healed":0.0,"max_hp_gain":5.0,"max_hp_loss":0.0,"gold_gain":0.0,"event_name":"Forgotten Altar","player_choice":"Shed Blood","floor":20.0,"gold_loss":0.0,"damage_taken":23.0},{"damage_healed":0.0,"max_hp_gain":0.0,"max_hp_loss":0.0,"gold_gain":0.0,"cards_transformed":["Choke","Flying Knee"],"event_name":"Designer","player_choice":"Transformed Cards","floor":21.0,"gold_loss":75.0,"damage_taken":0.0,"cards_obtained":["Malaise","PiercingWail"]},{"cards_removed":["Dagger Spray"],"damage_healed":0.0,"max_hp_gain":0.0,"max_hp_loss":0.0,"gold_gain":0.0,"event_name":"Back to Basics","player_choice":"Elegance","floor":25.0,"gold_loss":0.0,"damage_taken":0.0},{"damage_healed":0,"gold_gain":0,"player_choice":"Obtained Book","damage_taken":21,"max_hp_gain":0,"max_hp_loss":0,"event_name":"Cursed Tome","floor":31,"gold_loss":0},{"damage_healed":0,"gold_gain":0,"player_choice":"Memory 3","damage_taken":10,"max_hp_gain":0,"max_hp_loss":0,"event_name":"SensoryStone","floor":38,"gold_loss":0},{"damage_healed":0,"gold_gain":0,"player_choice":"Fight","damage_taken":0,"max_hp_gain":0,"max_hp_loss":0,"event_name":"MindBloom","floor":39,"gold_loss":0}],"is_beta":false,"boss_relics":[{"not_picked":["Cursed Key","Runic Dome"],"picked":"Pandora\u0027s Box"},{"not_picked":["Fusion Hammer","Black Star"],"picked":"Philosopher\u0027s Stone"}],"items_purged_floors":[14,29,54],"is_endless":false,"potions_floor_spawned":[3,10,16,18,24,33,35,36,39,44,46,55],"ascension_level":20}}