{"host":"w1l5t0a1l2lkq6my","time":1613818708,"event":{"mods":["100% Spire Juice","Bartender","BaseMod","Better Match","KinomotoSakuraMod(ñÿîVñ{?)","Lobotomy","LobotomyExtend","Magitek Elite","MarisaÅiñ∂âJÅ@ñÇóùçπÅj","Minty Spire (QoL Compilation)","Shapeshifter Mod","StSLib","The Animator","The Gatherer","The Senshi","Yuyuko"],"gold_per_floor":[112,212,212,226,237,265,275,275,275,285,295,295,322,350,350,451,451,451,451],"floor_reached":18,"language":"ENG","playtime":1390,"items_purged":[],"score":182,"play_id":"efbf2c12-e6bb-46a5-a04a-2b1ffd9e1348","local_time":"20210220035828","daily_mods":["SealedDeck","Red Cards","Green Cards","Blue Cards","Purple Cards","Colorless Cards","Heirloom"],"is_ascension_mode":false,"campfire_choices":[],"circlet_count":0,"master_deck":["InformationCode","SecurityCode","CentralCode","Acceleration","Dagger Throw","Chaos","DragonMeteor","Madness","WristCuter","TodaysExpression","Warcry","IllusionStar","DarkSpark","SpecialBullet","Feel No Pain","Madness","SpecialBullet","Moonworks:EvilSpyWorkPreparation","Coolheaded","Flash of Steel","Moonworks:EvilSpyWorkPreparation","Gatherer:StoneFence","RapturousDream+1","animator:Patchouli+1","Moonworks:Blazing+1"],"relics":["CogitoBucket","Bird Faced Urn","LetterFromLob","Darkstone Periapt","Meat on the Bone","LuminousBracelet","Question Card","Odd Mushroom","Happy Flower","Astrolabe"],"acts_visited":["Exordium","TheCity"],"potions_floor_usage":[6,16,18,18,18],"damage_taken":[{"damage":15,"enemies":"2 Louse","floor":1,"turns":3},{"damage":6,"enemies":"Cultist","floor":4,"turns":3},{"damage":19,"enemies":"Jaw Worm","floor":5,"turns":4},{"damage":21,"enemies":"3 Sentries","floor":6,"turns":7},{"damage":0,"enemies":"2 Fungi Beasts","floor":7,"turns":1},{"damage":17,"enemies":"Lots of Slimes","floor":10,"turns":3},{"damage":8,"enemies":"Large Slime","floor":11,"turns":6},{"damage":29,"enemies":"Gremlin Nob","floor":12,"turns":5},{"damage":34,"enemies":"The Mushroom Lair","floor":13,"turns":3},{"damage":24,"enemies":"3 Sentries","floor":14,"turns":9},{"damage":41,"enemies":"Hexaghost","floor":16,"turns":7},{"damage":110,"enemies":"3 Byrds","floor":18,"turns":3}],"seed_played":"5770246296656791998","potions_obtained":[{"floor":1,"key":"Fire Potion"},{"floor":5,"key":"DuplicationPotion"},{"floor":7,"key":"ColorlessPotion"},{"floor":11,"key":"SkillPotion"},{"floor":13,"key":"DistilledChaos"},{"floor":16,"key":"DistilledChaos"}],"is_trial":true,"path_per_floor":["M","?","$","M","M","E","M","R","T","M","M","E","?","E","R","B",null,"M"],"character_chosen":"Angela","items_purchased":[],"campfire_rested":0,"item_purchase_floors":[],"current_hp_per_floor":[63,63,63,57,46,27,43,43,43,69,77,65,60,59,59,42,75,0,0],"gold":451,"neow_bonus":"","is_daily":false,"chose_seed":false,"campfire_upgraded":0,"win_rate":0.0,"timestamp":1613818708,"path_taken":["M","?","$","?","M","E","M","R","T","M","M","E","?","E","R","BOSS","M"],"items_purchased_type":[],"build_version":"2020-12-22","purchased_purges":0,"victory":false,"max_hp_per_floor":[70,70,70,70,70,70,70,70,70,85,85,85,85,85,85,75,75,75,75],"card_choices":[{"not_picked":["FeatherOfHonor"],"picked":"DarkSpark","floor":1},{"not_picked":["StSShapeShifter:Summer"],"picked":"StSShapeShifter:DeerForm","floor":4},{"not_picked":["Doom and Gloom"],"picked":"Feel No Pain","floor":5},{"not_picked":["Dagger Spray"],"picked":"Madness","floor":6},{"not_picked":["StSShapeShifter:FruitBasket"],"picked":"Moonworks:EvilSpyWorkPreparation","floor":7},{"not_picked":["StSShapeShifter:MammothForm"],"picked":"Coolheaded","floor":10},{"not_picked":["PiercingWail"],"picked":"Flash of Steel","floor":11},{"not_picked":["WitchLeyline"],"picked":"Moonworks:EvilSpyWorkPreparation","floor":12},{"not_picked":["StSShapeShifter:BladeOfGrass","Moonworks:SealedMemories"],"picked":"theSenshi:LunasBite","floor":13},{"not_picked":["Loneliness","StSShapeShifter:PoisonIvy","Dagger Spray"],"picked":"SKIP","floor":14},{"not_picked":["Storm of Steel","Burst"],"picked":"Gatherer:StoneFence","floor":16}],"player_experience":155329,"relics_obtained":[{"floor":1,"key":"LetterFromLob"},{"floor":6,"key":"Darkstone Periapt"},{"floor":9,"key":"Meat on the Bone"},{"floor":12,"key":"Question Card"},{"floor":13,"key":"Odd Mushroom"},{"floor":14,"key":"Happy Flower"}],"event_choices":[{"damage_healed":0,"gold_gain":100,"player_choice":"Pray","damage_taken":0,"max_hp_gain":0,"max_hp_loss":0,"event_name":"Golden Shrine","floor":2,"gold_loss":0},{"damage_healed":0,"gold_gain":0,"player_choice":"Fought Mushrooms","damage_taken":0,"max_hp_gain":0,"max_hp_loss":0,"event_name":"Mushrooms","floor":13,"gold_loss":0}],"is_beta":false,"boss_relics":[{"not_picked":["Busted Crown","Runic Pyramid"],"picked":"Astrolabe"}],"items_purged_floors":[],"is_endless":false,"potions_floor_spawned":[1,5,7,11,12,13,16],"killed_by":"3 Byrds","ascension_level":0}}