{"host":"1u4f3pkortkfc57w","time":1613823361,"event":{"mods":["BaseMod","Colored Powertips","Minty Spire (QoL Compilation)","StSLib","UnlockEverythingMod"],"gold_per_floor":[116,191,201,201,201,232,232,267,267,286,348,362,374,374,374,477,477,489,489,3276,3276,3201,8875,8892,8905,8905,9005,9035,9052,9063,9081,9081,9183,9183,9197,9214,9225,8216,8216,8216,8241,8151,8204,8237,8248,8248,8267,8286,8286,8286,8286,8286,7319,7353,7353],"floor_reached":56,"language":"ZHS","playtime":5138,"items_purged":["True Grit"],"score":1459,"play_id":"27d6de0b-f33b-4d5d-8ccd-00b1418b1963","local_time":"20210220201601","is_ascension_mode":false,"campfire_choices":[{"data":"Bash","floor":7,"key":"SMITH"},{"data":"Combust","floor":15,"key":"SMITH"},{"data":"Rupture","floor":32,"key":"SMITH"},{"floor":40,"key":"RECALL"},{"data":"Searing Blow","floor":49,"key":"SMITH"},{"data":"Searing Blow+1","floor":52,"key":"SMITH"}],"circlet_count":0,"master_deck":["Strike_R+1","Strike_R+1","Strike_R+1","Defend_R+1","Defend_R+1","Defend_R+1","Defend_R+1","Bash+1","Second Wind+1","Ghostly Armor+1","Berserk+1","Clothesline+1","Combust+1","Warcry+1","Clothesline+1","Barricade+1","Armaments+1","Madness+1","Apotheosis+1","Flex+1","Rupture+1","Ghostly+1","Ghostly+1","Ghostly+1","Ghostly+1","Ghostly+1","Heavy Blade+1","Shrug It Off+1","Shrug It Off+1","Heavy Blade+1","Feed+1","Heavy Blade+1","Trip+1","Sadistic Nature+1","Carnage+1","Body Slam+1","Rupture+1","Flex+1","Deep Breath+1","Blind+1","Panacea+1","Bloodletting+1","Searing Blow+2","Rupture","Bloodletting","Heavy Blade","Blind"],"relics":["Busted Crown","WarpedTongs","Eternal Feather","Juzu Bracelet","Potion Belt","InkBottle","Philosopher\u0027s Stone","Chemical X","Bronze Scales","Ginger","Magic Flower","Thread and Needle","Ornamental Fan","Singing Bowl","SlaversCollar","Regal Pillow","FossilizedHelix","Strawberry","Boot","Lantern","Mark of the Bloom","HornCleat","Bottled Lightning","Sundial"],"acts_visited":["Exordium","TheCity","TheBeyond","TheEnding"],"potions_floor_usage":[6,16,16,20,24,27,29,33,36,36,37,41,41,44,47,50,54,54,55],"damage_taken":[{"damage":0,"enemies":"Small Slimes","floor":1,"turns":3},{"damage":1,"enemies":"2 Louse","floor":3,"turns":2},{"damage":45,"enemies":"3 Sentries","floor":6,"turns":10},{"damage":43,"enemies":"Gremlin Nob","floor":8,"turns":4},{"damage":4,"enemies":"Cultist","floor":10,"turns":3},{"damage":20,"enemies":"3 Sentries","floor":11,"turns":5},{"damage":9,"enemies":"Large Slime","floor":12,"turns":5},{"damage":5,"enemies":"2 Fungi Beasts","floor":13,"turns":2},{"damage":9,"enemies":"Slime Boss","floor":16,"turns":7},{"damage":37,"enemies":"2 Thieves","floor":18,"turns":4},{"damage":2,"enemies":"Slavers","floor":23,"turns":6},{"damage":4,"enemies":"3 Byrds","floor":24,"turns":3},{"damage":31,"enemies":"Sentry and Sphere","floor":25,"turns":6},{"damage":30,"enemies":"Colosseum Slavers","floor":27,"turns":5},{"damage":6,"enemies":"Colosseum Nobs","floor":27,"turns":6},{"damage":17,"enemies":"Book of Stabbing","floor":28,"turns":5},{"damage":2,"enemies":"Snecko","floor":29,"turns":7},{"damage":0,"enemies":"Shelled Parasite and Fungi","floor":30,"turns":7},{"damage":21,"enemies":"Centurion and Healer","floor":31,"turns":3},{"damage":8,"enemies":"Champ","floor":33,"turns":9},{"damage":3,"enemies":"3 Shapes","floor":35,"turns":5},{"damage":4,"enemies":"3 Darklings","floor":36,"turns":5},{"damage":9,"enemies":"Transient","floor":37,"turns":5},{"damage":2,"enemies":"Reptomancer","floor":41,"turns":7},{"damage":19,"enemies":"Nemesis","floor":44,"turns":11},{"damage":4,"enemies":"Spire Growth","floor":45,"turns":6},{"damage":12,"enemies":"Sphere and 2 Shapes","floor":47,"turns":5},{"damage":4,"enemies":"Maw","floor":48,"turns":6},{"damage":29,"enemies":"Time Eater","floor":50,"turns":12},{"damage":60,"enemies":"Shield and Spear","floor":54,"turns":6},{"damage":145,"enemies":"The Heart","floor":55,"turns":9}],"seed_played":"-1450868872218890043","potions_obtained":[{"floor":1,"key":"Weak Potion"},{"floor":3,"key":"Swift Potion"},{"floor":11,"key":"PowerPotion"},{"floor":23,"key":"Strength Potion"},{"floor":28,"key":"AttackPotion"},{"floor":30,"key":"BloodPotion"},{"floor":31,"key":"SneckoOil"},{"floor":36,"key":"EntropicBrew"},{"floor":41,"key":"ColorlessPotion"},{"floor":45,"key":"Block Potion"},{"floor":47,"key":"DuplicationPotion"}],"is_trial":false,"path_per_floor":["M","?","M","?","?","E","R","E","T","M","?","M","M","?","R","B",null,"M","?","$","?","?","E","M","M","T","?","E","M","M","M","R","B",null,"M","M","M","$","?","R","E","?","T","E","M","?","M","M","R","B",null,"R","$","E","B",null],"character_chosen":"IRONCLAD","items_purchased":["Armaments","Madness","Apotheosis","Chemical X","Bronze Scales","Ginger","FairyPotion","EntropicBrew","Flex","Rupture","Regal Pillow","FossilizedHelix","Trip","Sadistic Nature","Carnage","Body Slam","Rupture","Flex","HornCleat","Bottled Lightning","Rupture","Bloodletting","Heavy Blade","Blind","SteroidPotion","EssenceOfSteel","Energy Potion"],"campfire_rested":0,"item_purchase_floors":[20,20,20,20,20,20,20,20,20,20,38,38,38,38,38,38,38,38,53,53,53,53,53,53,53,53,53],"current_hp_per_floor":[80,69,68,61,61,170,80,146,146,142,184,175,170,170,80,171,80,155,155,155,40,40,138,134,103,103,67,150,42,242,44,44,236,44,144,49,51,51,41,51,58,58,58,60,62,62,64,260,64,235,64,64,64,66,521],"gold":7353,"neow_bonus":"BOSS_RELIC","is_daily":false,"chose_seed":false,"campfire_upgraded":5,"win_rate":0.0,"timestamp":1613823361,"path_taken":["M","?","M","?","?","E","R","E","T","M","?","M","M","?","R","BOSS","M","?","$","?","?","E","M","M","T","?","E","M","M","M","R","BOSS","M","M","M","$","?","R","E","?","T","E","M","?","M","M","R","BOSS","R","$","E","BOSS"],"items_purchased_type":["Card","Card","Card","Relic","Relic","Relic","Potion","Potion","Card","Card","Relic","Relic","Card","Card","Card","Card","Card","Card","Relic","Relic","Card","Card","Card","Card","Potion","Potion","Potion"],"build_version":"2020-12-22","purchased_purges":1,"victory":true,"max_hp_per_floor":[80,80,80,80,80,80,80,80,80,80,80,80,80,80,80,80,80,80,80,80,40,40,40,40,40,40,40,40,42,42,44,44,44,44,47,49,51,51,51,51,58,58,58,60,62,62,64,64,64,64,64,64,64,66,66],"card_choices":[{"not_picked":[],"picked":"Second Wind","floor":1},{"not_picked":[],"picked":"Ghostly Armor","floor":3},{"not_picked":[],"picked":"Berserk","floor":6},{"not_picked":[],"picked":"Clothesline","floor":8},{"not_picked":[],"picked":"Combust","floor":10},{"not_picked":[],"picked":"Warcry","floor":11},{"not_picked":["Clash"],"picked":"SKIP","floor":12},{"not_picked":[],"picked":"Clothesline","floor":13},{"not_picked":[],"picked":"Barricade","floor":16},{"not_picked":["Clothesline"],"picked":"SKIP","floor":18},{"not_picked":[],"picked":"Heavy Blade+1","floor":23},{"not_picked":["Wild Strike"],"picked":"SKIP","floor":24},{"not_picked":[],"picked":"Shrug It Off","floor":25},{"not_picked":[],"picked":"True Grit","floor":27},{"not_picked":[],"picked":"Shrug It Off","floor":28},{"not_picked":["Headbutt"],"picked":"Singing Bowl","floor":29},{"not_picked":[],"picked":"Heavy Blade","floor":30},{"not_picked":["Evolve"],"picked":"Singing Bowl","floor":31},{"not_picked":[],"picked":"Feed","floor":33},{"not_picked":[],"picked":"Heavy Blade+1","floor":35},{"not_picked":["Battle Trance"],"picked":"Singing Bowl","floor":36},{"not_picked":["Shrug It Off"],"picked":"Singing Bowl","floor":37},{"not_picked":[],"picked":"Deep Breath","floor":39},{"not_picked":[],"picked":"Blind","floor":39},{"not_picked":[],"picked":"Panacea","floor":39},{"not_picked":[],"picked":"Bloodletting","floor":41},{"not_picked":["Offering"],"picked":"Singing Bowl","floor":44},{"not_picked":["Warcry"],"picked":"Singing Bowl","floor":45},{"not_picked":["Clash+1"],"picked":"Singing Bowl","floor":47},{"not_picked":[],"picked":"Searing Blow","floor":48},{"not_picked":["Perfected Strike"],"picked":"Singing Bowl","floor":54}],"player_experience":46323,"relics_obtained":[{"floor":6,"key":"Eternal Feather"},{"floor":8,"key":"Juzu Bracelet"},{"floor":9,"key":"Potion Belt"},{"floor":11,"key":"InkBottle"},{"floor":23,"key":"Magic Flower"},{"floor":27,"key":"Thread and Needle"},{"floor":27,"key":"Ornamental Fan"},{"floor":28,"key":"Singing Bowl"},{"floor":41,"key":"Strawberry"},{"floor":43,"key":"Boot"},{"floor":44,"key":"Lantern"},{"floor":54,"key":"Sundial"}],"event_choices":[{"damage_healed":0,"gold_gain":75,"player_choice":"Gather Gold","damage_taken":11,"max_hp_gain":0,"max_hp_loss":0,"event_name":"World of Goop","floor":2,"gold_loss":0},{"cards_removed":["Strike_R"],"damage_healed":0,"gold_gain":0,"player_choice":"Card Removal","damage_taken":7,"max_hp_gain":0,"max_hp_loss":0,"event_name":"Golden Wing","floor":4,"gold_loss":0},{"damage_healed":0,"gold_gain":0,"player_choice":"Rummage","damage_taken":0,"relics_obtained":["WarpedTongs"],"max_hp_gain":0,"max_hp_loss":0,"event_name":"Accursed Blacksmith","floor":5,"gold_loss":0,"cards_obtained":["Pain"]},{"damage_healed":0,"gold_gain":30,"player_choice":"Searched \u00273\u0027 times","damage_taken":0,"max_hp_gain":0,"max_hp_loss":0,"event_name":"Dead Adventurer","floor":11,"gold_loss":0},{"damage_healed":0,"gold_gain":0,"player_choice":"Ignored","damage_taken":0,"max_hp_gain":0,"max_hp_loss":0,"event_name":"Golden Idol","floor":14,"gold_loss":0},{"damage_healed":0,"gold_gain":0,"cards_transformed":["Pain"],"player_choice":"Transformed","damage_taken":0,"max_hp_gain":0,"max_hp_loss":0,"event_name":"Transmorgrifier","floor":19,"gold_loss":0,"cards_obtained":["Writhe"]},{"damage_healed":0,"gold_gain":0,"player_choice":"Became a Ghost","damage_taken":0,"max_hp_gain":0,"max_hp_loss":40,"event_name":"Ghosts","floor":21,"gold_loss":0,"cards_obtained":["Ghostly","Ghostly","Ghostly","Ghostly","Ghostly"]},{"cards_removed":["Writhe"],"damage_healed":0,"gold_gain":0,"player_choice":"Gave Gold","damage_taken":0,"max_hp_gain":0,"max_hp_loss":0,"event_name":"Beggar","floor":22,"gold_loss":75},{"damage_healed":0,"gold_gain":0,"player_choice":"Fight","damage_taken":0,"max_hp_gain":0,"max_hp_loss":0,"event_name":"Colosseum","floor":27,"gold_loss":0},{"damage_healed":0,"gold_gain":0,"player_choice":"Fought Nobs","damage_taken":0,"max_hp_gain":0,"max_hp_loss":0,"event_name":"Colosseum","floor":27,"gold_loss":0},{"damage_healed":0,"gold_gain":0,"player_choice":"Memory 3","damage_taken":10,"max_hp_gain":0,"max_hp_loss":0,"event_name":"SensoryStone","floor":39,"gold_loss":0},{"cards_removed":["Strike_R"],"damage_healed":0,"gold_gain":0,"player_choice":"Upgrade and Remove","damage_taken":0,"max_hp_gain":0,"max_hp_loss":0,"event_name":"Designer","floor":42,"gold_loss":90,"cards_upgraded":["Rupture"]},{"damage_healed":0,"gold_gain":0,"player_choice":"Upgrade","damage_taken":0,"relics_obtained":["Mark of the Bloom"],"max_hp_gain":0,"max_hp_loss":0,"event_name":"MindBloom","floor":46,"gold_loss":0,"cards_upgraded":["Strike_R","Strike_R","Strike_R","Defend_R","Defend_R","Defend_R","Defend_R","Second Wind","Ghostly Armor","Berserk","Clothesline","Warcry","Clothesline","Barricade","Armaments","Madness","Apotheosis","Flex","Ghostly","Ghostly","Ghostly","Ghostly","Ghostly","Shrug It Off","Shrug It Off","Heavy Blade","Feed","Trip","Sadistic Nature","Carnage","Body Slam","Flex","Deep Breath","Blind","Panacea","Bloodletting"]}],"is_beta":false,"boss_relics":[{"not_picked":["Cursed Key","SacredBark"],"picked":"Philosopher\u0027s Stone"},{"not_picked":["Mark of Pain","Runic Cube"],"picked":"SlaversCollar"}],"items_purged_floors":[38],"is_endless":false,"potions_floor_spawned":[1,3,11,23,28,30,31,36,41,45,47],"ascension_level":0}}