{"host":"sav7uxregyirlf69","time":1613823540,"event":{"mods":["AchievementEnabler","BaseMod","Colored Map","DeckTracker","Keyboard Shortcuts","Minty Spire (QoL Compilation)","READ ME - Guardian Mod","StSLib","SuperFastMode"],"gold_per_floor":[113,113,127,140,140,140,153,78,104,104,129,129,152,190,190,190,190],"floor_reached":16,"language":"KOR","playtime":244,"items_purged":["Strike_R"],"score":304,"play_id":"17b5af73-048b-4c1b-b98e-a5188f6da9d7","local_time":"20210220211900","is_ascension_mode":true,"campfire_choices":[{"data":"Infernal Blade","floor":6,"key":"SMITH"},{"data":"Battle Trance","floor":12,"key":"SMITH"},{"floor":15,"key":"REST"}],"circlet_count":0,"master_deck":["AscendersBane","Strike_R","Strike_R","Strike_R","Strike_R","Defend_R","Defend_R","Defend_R","Defend_R","Bash+1","Infernal Blade+1","Shrug It Off","Feel No Pain","Second Wind","Battle Trance+1","Immolate","Pommel Strike","Armaments"],"relics":["Burning Blood","Golden Idol","Happy Flower","Dream Catcher"],"acts_visited":["Exordium"],"potions_floor_usage":[],"damage_taken":[{"damage":4,"enemies":"2 Louse","floor":1,"turns":3},{"damage":0,"enemies":"Cultist","floor":3,"turns":2},{"damage":4,"enemies":"Jaw Worm","floor":4,"turns":4},{"damage":4,"enemies":"Red Slaver","floor":7,"turns":4},{"damage":23,"enemies":"Large Slime","floor":11,"turns":9},{"damage":1,"enemies":"2 Fungi Beasts","floor":13,"turns":4},{"damage":19,"enemies":"Lagavulin","floor":14,"turns":5},{"damage":54,"enemies":"The Guardian","floor":16,"turns":5}],"seed_played":"6233679617767983202","potions_obtained":[{"floor":3,"key":"FearPotion"},{"floor":4,"key":"SteroidPotion"}],"is_trial":false,"path_per_floor":["M","?","M","M","?","R","M","$","T","?","M","R","M","E","R","B"],"character_chosen":"IRONCLAD","items_purchased":[],"campfire_rested":1,"item_purchase_floors":[],"current_hp_per_floor":[70,70,75,75,49,49,51,51,51,51,34,34,39,26,48,0,0],"gold":190,"neow_bonus":"UPGRADE_CARD","is_daily":false,"chose_seed":false,"campfire_upgraded":2,"win_rate":0.0,"timestamp":1613823540,"path_taken":["M","?","M","M","?","R","M","$","T","?","M","R","?","E","R","BOSS"],"items_purchased_type":[],"build_version":"2020-12-22","purchased_purges":1,"victory":false,"max_hp_per_floor":[75,75,75,75,75,75,75,75,75,75,75,75,75,75,75,75,75],"card_choices":[{"not_picked":["Body Slam","Power Through"],"picked":"Infernal Blade","floor":1},{"not_picked":["Feel No Pain","Flex"],"picked":"Shrug It Off","floor":3},{"not_picked":["Evolve","Combust"],"picked":"Feel No Pain","floor":4},{"not_picked":["Armaments","Thunderclap"],"picked":"Second Wind","floor":7},{"not_picked":["Iron Wave","Heavy Blade"],"picked":"Battle Trance","floor":11},{"not_picked":["Body Slam","Sword Boomerang"],"picked":"Immolate","floor":13},{"not_picked":["Iron Wave","Twin Strike"],"picked":"Pommel Strike","floor":14},{"not_picked":["Sword Boomerang","Infernal Blade"],"picked":"Armaments","floor":15}],"player_experience":1631755,"relics_obtained":[{"floor":9,"key":"Happy Flower"},{"floor":14,"key":"Dream Catcher"}],"event_choices":[{"damage_healed":0,"gold_gain":0,"player_choice":"Ignored","damage_taken":0,"max_hp_gain":0,"max_hp_loss":0,"event_name":"Liars Game","floor":2,"gold_loss":0},{"damage_healed":0,"gold_gain":0,"player_choice":"Take Damage","damage_taken":26,"relics_obtained":["Golden Idol"],"max_hp_gain":0,"max_hp_loss":0,"event_name":"Golden Idol","floor":5,"gold_loss":0},{"damage_healed":0,"gold_gain":0,"player_choice":"0 cards matched","damage_taken":0,"max_hp_gain":0,"max_hp_loss":0,"event_name":"Match and Keep!","floor":10,"gold_loss":0,"cards_obtained":[]}],"is_beta":false,"boss_relics":[],"items_purged_floors":[8],"is_endless":false,"potions_floor_spawned":[3,4,7,13,14],"killed_by":"The Guardian","ascension_level":20}}