{"host":"tdq5vwehmzjlkkx3","time":1613818622,"event":{"mods":["2.2 Compatiblity","Act Like it!","Aspiration","Astrologer","BaseMod","Beaked The Cultist","Better Altar","Better Match","Better Note","Better Third Choice","BetterRewards","Clockwork Mod","Colored Map","Colorless Booster Pack","Conjunction","Conspire","Defuse TimeMaze Blight","Downfall","Energized Spire","FetchMod","Friendly Minions","FruityMod","GifTheSpireLib","Glutton Mod","Gremlin Mod","Halation","Hallownest","Highlight Path","Hubris","Infinite Spire","Key Reminder","Lotus Mark","Mimic Mod","Minty Spire (QoL Compilation)","Pale of the Ancients","Random Character Button","Reworked Bosses","SCP261 Mod","Small Relic Pack","StSLib","Stuff the Spire","The Bladedancer","The Clintock","The Construct","The Disciple","The Jungle","The Marked","The Mystic","The Servant","TheFirefly","Trackpad","Unceasing Turn Reminder","UnlockEverythingMod","Wandering Minibosses"],"gold_per_floor":[99,118,136,136,136,156,180,199,212,16,16,16,16,31,48,146,146,146,159,159,159,179,194,194,194,206,206,206,206,206,206,206],"floor_reached":30,"language":"ENG","playtime":1895,"items_purged":[],"score":222,"play_id":"3fe9453a-17bc-4231-a14f-7f5f64c57bdb","local_time":"20210220025702","is_ascension_mode":false,"campfire_choices":[{"data":"Slimebound:MinionMaster","floor":1,"key":"SMITH"},{"data":"Slimebound:Replication","floor":11,"key":"SMITH"},{"data":"Slimebound:SplitSpecialist","floor":13,"key":"SMITH"},{"data":"Slimebound:FirmFortitude","floor":18,"key":"SMITH"},{"data":"Slimebound:Darklings","floor":25,"key":"SMITH"},{"data":"Slimebound:DuplicatedForm","floor":27,"key":"SMITH"},{"data":"Slimebound:SplitLeeching","floor":29,"key":"SMITH"}],"circlet_count":0,"master_deck":["Slimebound:Strike_Slimebound","Slimebound:Strike_Slimebound","Slimebound:Defend_Slimebound","Slimebound:Defend_Slimebound","Slimebound:Defend_Slimebound","Slimebound:Split","Slimebound:CorrosiveSpit","Slimebound:MinionMaster+1","Slimebound:Schlurp","Slimebound:SplitSpecialist+1","Sucker Punch","Finisher","Dodge and Roll","Slimebound:GoopSpray","Slimebound:Replication+1","Slimebound:SlimeBrawl","Slimebound:SpikyOuterGoop","Slimebound:SplitLeeching+1","Slimebound:Replication","Slimebound:FirmFortitude+1","Slimebound:Recollect","Slimebound:Darklings+1","Slimebound:SplitBruiser+1","Slimebound:DuplicatedForm+1"],"relics":["Slimebound:AbsorbEndCombat","halation:PinkSoulGem","halation:AfternoonTea","infinitespire:PuzzleCube","Hallownest:SheosBrushRelic","hubris:Backtick","Slimebound:AggressiveSlimeRelic","conspire:GiftBox","wanderingMiniBosses:CarrionFlame","relicPack:NeonSign"],"acts_visited":["Hallownest:Greenpath","TheCity"],"potions_floor_usage":[14,14,16],"damage_taken":[{"damage":17,"enemies":"Hallownest:2_Tiktiks_and_1_Crawlid","floor":2,"turns":12},{"damage":10,"enemies":"Hallownest:2_MossCreeps","floor":3,"turns":5},{"damage":6,"enemies":"Hallownest:2_Baldur","floor":6,"turns":5},{"damage":6,"enemies":"Hallownest:Wandering_and_Horned","floor":8,"turns":6},{"damage":3,"enemies":"Hallownest:monsterMossCharger","floor":9,"turns":5},{"damage":5,"enemies":"downfall:FleeingMerchant","floor":10,"turns":4},{"damage":14,"enemies":"Hallownest:MossCreep_and_Mosskin","floor":14,"turns":6},{"damage":22,"enemies":"Hallownest:Wandering_and_Horned","floor":15,"turns":6},{"damage":18,"enemies":"IC_STATUS_ARCHETYPE","floor":16,"turns":7},{"damage":16,"enemies":"Chosen","floor":19,"turns":6},{"damage":13,"enemies":"conspire:FuzzyDice","floor":22,"turns":6},{"damage":12,"enemies":"Snecko","floor":23,"turns":7},{"damage":8,"enemies":"conspire:HollyBat","floor":26,"turns":9},{"damage":11,"enemies":"downfall:FleeingMerchant","floor":30,"turns":3}],"seed_played":"-6832490300409428522","potions_obtained":[{"floor":6,"key":"Strength Potion"},{"floor":8,"key":"SCP261:EnergyGasPotion"},{"floor":15,"key":"Regen Potion"},{"floor":16,"key":"LiquidBronze"},{"floor":19,"key":"SCP261:GirlTearsPotion"}],"is_trial":false,"path_per_floor":["R","M","M","?","?","M","T","M","M","$","R","?","R","M","M","B",null,"R","M","?","AVR","M","M","T","R","M","R","?","R","$"],"character_chosen":"SLIMEBOUND","items_purchased":["Slimebound:SpikyOuterGoop","infinitespire:PuzzleCube"],"campfire_rested":0,"item_purchase_floors":[10,10],"current_hp_per_floor":[59,48,44,44,44,42,42,44,45,46,46,46,46,40,26,27,59,59,45,45,45,32,22,22,22,16,16,16,16,5,5,5],"gold":206,"neow_bonus":"THREE_RARE_CARDS","is_daily":false,"chose_seed":false,"campfire_upgraded":7,"win_rate":0.0,"timestamp":1613818622,"path_taken":["R","M","M","?","?","?","T","?","M","?","R","?","R","M","M","BOSS","R","M","?","AVR","M","M","T","R","M","R","?","R","$"],"items_purchased_type":["Card","Relic"],"build_version":"2020-12-22","purchased_purges":0,"victory":false,"max_hp_per_floor":[59,59,59,59,59,59,59,59,59,59,59,59,59,59,59,59,59,59,59,59,59,59,59,59,59,59,59,59,59,59,59,59],"card_choices":[{"not_picked":["Slimebound:Teamwork","Slimebound:MassFeed"],"picked":"Slimebound:MinionMaster","floor":0},{"not_picked":["Slimebound:ServeAndProtect","Slimebound:Equalize"],"picked":"Slimebound:Schlurp","floor":2},{"not_picked":["Slimebound:RollThrough","Slimebound:SamplingLick"],"picked":"Slimebound:SplitSpecialist","floor":3},{"not_picked":["Slimebound:GoopTackle","Slimebound:HauntingLick"],"picked":"Slimebound:GoopSpray","floor":6},{"not_picked":["Slimebound:LivingWall","Slimebound:SamplingLick","Slimebound:FlameTackle"],"picked":"SKIP","floor":8},{"not_picked":["Slimebound:FormOfPuddle","Slimebound:RejuvenatingLick"],"picked":"Slimebound:Replication","floor":9},{"not_picked":["Slimebound:DisruptingSlam","Slimebound:HungryTackle"],"picked":"Slimebound:SlimeBrawl","floor":10},{"not_picked":["Slimebound:Recollect","Slimebound:LevelUp"],"picked":"Slimebound:SplitLeeching","floor":14},{"not_picked":["Slimebound:ProtectTheBoss","Slimebound:FinishingTackle"],"picked":"Slimebound:Replication","floor":15},{"not_picked":["Slimebound:MinionMaster","Slimebound:SlimeSlap"],"picked":"Slimebound:FirmFortitude","floor":16},{"not_picked":["Slimebound:RollThrough","Slimebound:GoopSpray"],"picked":"Slimebound:Recollect","floor":19},{"not_picked":["Slimebound:RallyTheTroops","Slimebound:CheckThePlaybook"],"picked":"Slimebound:Darklings","floor":21},{"not_picked":["Slimebound:SpikyOuterGoop","Slimebound:GoopTackle+1"],"picked":"Slimebound:SplitBruiser","floor":22},{"not_picked":["Slimebound:GoopTackle+1","Slimebound:RollThrough","Slimebound:AcidTongue"],"picked":"SKIP","floor":23},{"not_picked":["Slimebound:LeechingTouch+1","Slimebound:Schlurp"],"picked":"Slimebound:DuplicatedForm","floor":26}],"player_experience":412447,"relics_obtained":[{"floor":7,"key":"halation:AfternoonTea"},{"floor":23,"key":"wanderingMiniBosses:CarrionFlame"},{"floor":24,"key":"relicPack:NeonSign"}],"event_choices":[{"damage_healed":0,"gold_gain":0,"player_choice":"Ignored","damage_taken":0,"max_hp_gain":0,"max_hp_loss":0,"event_name":"Ghosts","floor":20,"gold_loss":0}],"is_beta":false,"boss_relics":[{"not_picked":["halation:CatFaceCupcake","Fusion Hammer"],"picked":"hubris:Backtick"}],"items_purged_floors":[],"is_endless":false,"potions_floor_spawned":[6,8,15,16,19],"killed_by":"downfall:FleeingMerchant","ascension_level":0}}