{"host":"sr8h12zimc8zi8zs","time":1613825336,"event":{"mods":["2.2 Compatiblity","AchievementEnabler","BaseMod","CapriCore","GifTheSpireLib","Minty Spire (QoL Compilation)","Permanent Neow","Replay The Spire","StSLib"],"gold_per_floor":[112,3,15,31,106,106,116,134,134,134,146,146,146,146,146,146,146,250,250,267,280,296,311,311],"floor_reached":23,"language":"KOR","playtime":1266,"items_purged":["Defend_B"],"score":185,"play_id":"d5076b85-065b-4e7c-aabb-a97ac6c263f6","local_time":"20210220214856","is_ascension_mode":false,"campfire_choices":[{"data":"Zap","floor":6.0,"key":"SMITH"},{"data":"Chaos","floor":10.0,"key":"SMITH"},{"data":"Go for the Eyes","floor":12.0,"key":"SMITH"},{"floor":15.0,"key":"RECALL"},{"data":"Beam Cell","floor":17.0,"key":"SMITH"}],"circlet_count":0,"master_deck":["Strike_B","Defend_B","Defend_B","Defend_B","Zap+1","Dualcast","Sweeping Beam","Go for the Eyes+1","Chaos+1","Go for the Eyes+1","Beam Cell+1","Scrape","Seek","Coolheaded","Gash","Ball Lightning+1"],"relics":["Cracked Core"],"acts_visited":["Exordium","TheCity"],"potions_floor_usage":[20],"damage_taken":[{"damage":0.0,"enemies":"Cultist","floor":1.0,"turns":3.0},{"damage":1.0,"enemies":"Jaw Worm","floor":3.0,"turns":3.0},{"damage":0.0,"enemies":"2 Louse","floor":4.0,"turns":2.0},{"damage":8.0,"enemies":"Gremlin Gang","floor":7.0,"turns":3.0},{"damage":0.0,"enemies":"Large Slime","floor":8.0,"turns":4.0},{"damage":0.0,"enemies":"3 Louse","floor":11.0,"turns":2.0},{"damage":6.0,"enemies":"Hexaghost","floor":18.0,"turns":7.0},{"damage":10,"enemies":"2 Thieves","floor":20,"turns":2},{"damage":0,"enemies":"3 Byrds","floor":21,"turns":4},{"damage":18,"enemies":"Cultist and Chosen","floor":22,"turns":6},{"damage":22,"enemies":"Sentry and Sphere","floor":23,"turns":6}],"seed_played":"7399074800110973889","potions_obtained":[{"floor":1.0,"key":"DuplicationPotion"},{"floor":4.0,"key":"Adrenaline Potion"},{"floor":11.0,"key":"SkillPotion"},{"floor":18.0,"key":"Fire Potion"},{"floor":21,"key":"Venom Potion"}],"is_trial":false,"path_per_floor":["M","$","M","M","?","R","M","M","T","R","M","R","PTL","PTL","R","?","R","B",null,"M","M","M","M"],"character_chosen":"DEFECT","items_purchased":["Go for the Eyes+1"],"campfire_rested":0,"item_purchase_floors":[2],"current_hp_per_floor":[54,54,53,53,42,42,34,34,34,34,34,34,34,34,34,34,34,28,75,65,65,47,25,25],"gold":311,"neow_bonus":"REMOVE_TWO","is_daily":false,"chose_seed":false,"campfire_upgraded":4,"win_rate":0.0,"timestamp":1613825336,"path_taken":["M","$","?","M","?","R","M","M","T","R","M","R","PTL","PTL","R","?","R","BOSS","M","?","M","M"],"items_purchased_type":["Card"],"build_version":"2020-12-22","purchased_purges":1,"victory":false,"max_hp_per_floor":[75,75,75,75,75,75,75,75,75,75,75,75,75,75,75,75,75,75,75,75,75,75,75,75],"card_choices":[{"not_picked":["Glacier","Leap"],"picked":"Sweeping Beam","floor":1.0},{"not_picked":["BasicCrystalCard","Sunder"],"picked":"Chaos","floor":3.0},{"not_picked":["Force Field","Sweeping Beam"],"picked":"Go for the Eyes","floor":4.0},{"not_picked":["ReplayTheSpireMod:Repulse","Ball Lightning"],"picked":"Beam Cell","floor":7.0},{"not_picked":["Crystallizer","Stack"],"picked":"Scrape","floor":8.0},{"not_picked":["ReplayTheSpireMod:Repulse","Cold Snap","Turbo"],"picked":"SKIP","floor":11.0},{"not_picked":["Biased Cognition","Hyperbeam"],"picked":"Seek","floor":18.0},{"not_picked":["Ball Lightning","Skim"],"picked":"Coolheaded","floor":20},{"not_picked":["Redo","Go for the Eyes"],"picked":"Gash","floor":21},{"not_picked":["Steam","Chaos","Turbo"],"picked":"SKIP","floor":22},{"not_picked":["Tempest","Steam Power"],"picked":"Ball Lightning+1","floor":23}],"player_experience":153421,"relics_obtained":[],"event_choices":[{"damage_healed":0.0,"max_hp_gain":0.0,"max_hp_loss":0.0,"gold_gain":75.0,"event_name":"World of Goop","player_choice":"Gather Gold","floor":5.0,"gold_loss":0.0,"damage_taken":11.0},{"cards_removed":["Strike_B"],"damage_healed":0.0,"max_hp_gain":0.0,"max_hp_loss":0.0,"gold_gain":0.0,"event_name":"Bonfire Elementals","player_choice":"Offered Basic","floor":16.0,"gold_loss":0.0,"damage_taken":0.0}],"is_beta":false,"boss_relics":[{"not_picked":["Coffee Dripper","Velvet Choker","Fusion Hammer"]}],"items_purged_floors":[2],"is_endless":false,"potions_floor_spawned":[1,4,11,18,21,23],"killed_by":"Sentry and Sphere","ascension_level":0}}