{"host":"4gkev1dtxxhiue3x","time":1613809117,"event":{"mods":["AchievementEnabler","BaseMod","Better Altar","Better Match","Better Note","Better Sensory Stone","Better Skull","Better Third Choice","Colored Powertips","Friendly Minions","Hermit","Minty Spire (QoL Compilation)","Relic Stats","Robot Space Explorer","Shop Mod","StSLib","The Disciple","The Hierophant"],"gold_per_floor":[11,25,25,25,25,58,58,86,113,126,126,157,432,432,432,527,527,547,497,509,220,220,220,230,119,119,119,138,173,192,224,224,328,328,341,392,392,142,142,142,160,160,160,160,179,207,207,234,234,234,234,234,45,77,77,77],"floor_reached":55,"language":"ENG","playtime":3584,"items_purged":[],"score":1005,"play_id":"6ee4b8ca-65d3-4f51-ac9d-bc42ca482e3a","local_time":"20210220091837","is_ascension_mode":true,"campfire_choices":[{"data":"Demon Form","floor":7,"key":"SMITH"},{"floor":11,"key":"REST"},{"data":"Perfected Strike","floor":15,"key":"SMITH"},{"floor":23,"key":"RECALL"},{"floor":32,"key":"REST"},{"floor":40,"key":"REST"},{"floor":42,"key":"REST"},{"floor":49,"key":"REST"},{"floor":52,"key":"REST"}],"circlet_count":0,"master_deck":["Strike_R","Strike_R","Strike_R","Strike_R","Defend_R","Defend_R","Defend_R","Defend_R","Bash","Demon Form+1","Twin Strike","Pummel","Regret","Perfected Strike+1","Offering","Intimidate","Perfected Strike","Pommel Strike+1","Power Through","Double Tap","Heavy Blade+1","Perfected Strike","Rupture","Demon Form+1","Pummel","Pummel","Feel No Pain","Bloodletting","Perfected Strike","Immolate","Reaper","Feed","Pommel Strike","Metallicize","Madness","Madness","Feel No Pain","Demon Form","Flex+1","Berserk","Heavy Blade+1","Dark Embrace","Bloodletting+1"],"relics":["Burning Blood","Dream Catcher","Pen Nib","Gremlin Horn","Mummified Hand","Boot","Omamori","Fusion Hammer","DollysMirror","Anchor","Pantograph","Regal Pillow","PreservedInsect","Runic Cube","Mango","Bottled Lightning","Vajra","Happy Flower","Centennial Puzzle","Question Card","Oddly Smooth Stone","Potion Belt","Red Skull","Self Forming Clay"],"acts_visited":["Exordium","TheCity","TheBeyond","TheEnding"],"potions_floor_usage":[8,12,14,16,29,31,33,39,50,50,50,54,54,54,55,55,55],"damage_taken":[{"damage":6,"enemies":"2 Louse","floor":1,"turns":4},{"damage":4,"enemies":"Small Slimes","floor":2,"turns":3},{"damage":23,"enemies":"Gremlin Nob","floor":6,"turns":4},{"damage":14,"enemies":"3 Sentries","floor":8,"turns":6},{"damage":6,"enemies":"Cultist","floor":10,"turns":1},{"damage":36,"enemies":"Lagavulin","floor":12,"turns":6},{"damage":0,"enemies":"Gremlin Gang","floor":14,"turns":1},{"damage":29,"enemies":"The Guardian","floor":16,"turns":6},{"damage":6,"enemies":"Spheric Guardian","floor":18,"turns":1},{"damage":10,"enemies":"Chosen","floor":20,"turns":2},{"damage":8,"enemies":"Snecko","floor":24,"turns":3},{"damage":6,"enemies":"Chosen and Byrds","floor":28,"turns":3},{"damage":18,"enemies":"Book of Stabbing","floor":29,"turns":4},{"damage":0,"enemies":"3 Cultists","floor":30,"turns":1},{"damage":14,"enemies":"Gremlin Leader","floor":31,"turns":4},{"damage":49,"enemies":"Collector","floor":33,"turns":6},{"damage":0,"enemies":"Orb Walker","floor":35,"turns":2},{"damage":27,"enemies":"2 Orb Walkers","floor":36,"turns":3},{"damage":6,"enemies":"3 Shapes","floor":41,"turns":1},{"damage":6,"enemies":"Writhing Mass","floor":45,"turns":2},{"damage":12,"enemies":"Nemesis","floor":46,"turns":2},{"damage":18,"enemies":"Giant Head","floor":48,"turns":3},{"damage":79,"enemies":"Awakened One","floor":50,"turns":5},{"damage":44,"enemies":"Shield and Spear","floor":54,"turns":4},{"damage":86,"enemies":"The Heart","floor":55,"turns":3}],"seed_played":"-8147585284839349967","potions_obtained":[{"floor":2,"key":"SmokeBomb"},{"floor":6,"key":"SkillPotion"},{"floor":10,"key":"Energy Potion"},{"floor":12,"key":"SpeedPotion"},{"floor":16,"key":"Weak Potion"},{"floor":20,"key":"Fire Potion"},{"floor":29,"key":"Swift Potion"},{"floor":30,"key":"BloodPotion"},{"floor":31,"key":"Dexterity Potion"},{"floor":35,"key":"BloodPotion"},{"floor":48,"key":"EntropicBrew"},{"floor":54,"key":"DuplicationPotion"}],"is_trial":false,"path_per_floor":["M","M","?","?","?","E","R","E","T","M","R","E","?","M","R","B",null,"M","?","M","$","?","R","M","$","T","T","M","E","M","E","R","B",null,"M","?","?","$","?","R","M","R","T","?","M","E","T","E","R","B",null,"R","$","E","B"],"character_chosen":"IRONCLAD","items_purchased":["Rupture","DollysMirror","Pummel","Feel No Pain","Bloodletting","Bottled Lightning","Red Skull","Dark Embrace"],"campfire_rested":6,"item_purchase_floors":[21,21,21,25,25,38,53,53],"current_hp_per_floor":[80,80,80,77,77,60,60,52,52,52,76,46,46,52,52,29,80,80,80,76,76,76,76,74,74,74,74,74,62,68,60,80,52,80,80,73,61,61,7,50,50,93,93,75,75,69,69,65,97,43,97,97,97,59,0,0],"gold":77,"neow_bonus":"THREE_RARE_CARDS","is_daily":false,"chose_seed":false,"campfire_upgraded":2,"win_rate":0.0,"timestamp":1613809117,"path_taken":["M","M","?","?","?","E","R","E","T","M","R","E","?","M","R","BOSS","M","?","?","$","?","R","M","$","T","?","?","E","M","E","R","BOSS","M","?","?","$","?","R","?","R","T","?","M","E","?","E","R","BOSS","R","$","E","BOSS"],"items_purchased_type":["Card","Relic","Card","Card","Card","Relic","Relic","Card"],"build_version":"2020-12-22","purchased_purges":0,"victory":false,"max_hp_per_floor":[80,80,80,80,80,80,80,80,80,80,80,80,80,80,80,80,80,80,80,80,80,80,80,80,80,80,80,80,80,80,80,80,80,80,80,94,94,94,94,94,94,94,94,94,94,94,94,97,97,97,97,97,97,97,97,97],"relic_stats":{"Regal Pillow":33,"Gremlin Horn":[19,19],"Happy Flower":[6],"counters":[25,80],"Self Forming Clay":[12],"Pen Nib":[16],"PreservedInsect":240,"Boot":[104],"Question Card":4,"Burning Blood":136,"Dream Catcher":6,"Centennial Puzzle":[21],"Mummified Hand":[75],"Pantograph":25,"obtain_stats":[{"Potion Belt":48,"Regal Pillow":29,"Gremlin Horn":6,"Happy Flower":39,"Self Forming Clay":54,"Vajra":39,"Oddly Smooth Stone":47,"Mango":36,"Pen Nib":4,"PreservedInsect":31,"Omamori":12,"Boot":9,"Question Card":46,"Burning Blood":0,"Dream Catcher":3,"Anchor":26,"Centennial Puzzle":39,"Mummified Hand":8,"DollysMirror":21,"Pantograph":27,"Fusion Hammer":17,"Bottled Lightning":38,"Red Skull":53,"Runic Cube":34},{"Potion Belt":22,"Regal Pillow":13,"Gremlin Horn":3,"Happy Flower":18,"Self Forming Clay":24,"Vajra":18,"Oddly Smooth Stone":21,"Mango":18,"Pen Nib":2,"PreservedInsect":15,"Omamori":6,"Boot":4,"Question Card":21,"Burning Blood":0,"Dream Catcher":2,"Anchor":11,"Centennial Puzzle":18,"Mummified Hand":4,"DollysMirror":10,"Pantograph":11,"Fusion Hammer":8,"Bottled Lightning":18,"Red Skull":23,"Runic Cube":16},{"Potion Belt":68,"Regal Pillow":44,"Gremlin Horn":11,"Happy Flower":60,"Self Forming Clay":77,"Vajra":60,"Oddly Smooth Stone":65,"Mango":60,"Pen Nib":7,"PreservedInsect":49,"Omamori":24,"Boot":17,"Question Card":65,"Burning Blood":0,"Dream Catcher":7,"Anchor":37,"Centennial Puzzle":60,"Mummified Hand":17,"DollysMirror":34,"Pantograph":37,"Fusion Hammer":31,"Bottled Lightning":60,"Red Skull":73,"Runic Cube":55}],"Runic Cube":[32]},"card_choices":[{"not_picked":["Fiend Fire","Corruption"],"picked":"Demon Form","floor":0},{"not_picked":["True Grit","Dropkick"],"picked":"Twin Strike","floor":1},{"not_picked":["Cleave","Flex"],"picked":"Pummel","floor":2},{"not_picked":["Hemokinesis","Headbutt"],"picked":"Offering","floor":6},{"not_picked":["Anger","Sword Boomerang"],"picked":"Intimidate","floor":8},{"not_picked":["Evolve","Warcry"],"picked":"Perfected Strike","floor":10},{"not_picked":["Dual Wield","Ghostly Armor"],"picked":"Pommel Strike","floor":11},{"not_picked":["Dropkick","Infernal Blade"],"picked":"Power Through","floor":12},{"not_picked":["Berserk","Impervious"],"picked":"Double Tap","floor":16},{"not_picked":["Iron Wave+1","Warcry"],"picked":"Heavy Blade+1","floor":18},{"not_picked":["Iron Wave","Pommel Strike"],"picked":"Perfected Strike","floor":20},{"not_picked":["Headbutt+1","Warcry"],"picked":"Pummel","floor":24},{"not_picked":["Battle Trance+1","Wild Strike"],"picked":"Perfected Strike","floor":28},{"not_picked":["Searing Blow","Dual Wield"],"picked":"Immolate","floor":29},{"not_picked":["Reckless Charge+1","Sword Boomerang+1","Clash"],"picked":"SKIP","floor":30},{"not_picked":["Sever Soul+1","Flex"],"picked":"Reaper","floor":31},{"not_picked":["Juggernaut","Immolate"],"picked":"Feed","floor":33},{"not_picked":["Rampage+1","Battle Trance"],"picked":"Pommel Strike","floor":35},{"not_picked":["Cleave+1","Anger+1"],"picked":"Metallicize","floor":36},{"not_picked":["Perfected Strike","Sever Soul"],"picked":"Feel No Pain","floor":40},{"not_picked":["Reckless Charge","Clash+1","Perfected Strike+1"],"picked":"SKIP","floor":41},{"not_picked":["Iron Wave","Battle Trance","Clothesline+1"],"picked":"SKIP","floor":45},{"not_picked":["Wild Strike","Rampage"],"picked":"Flex+1","floor":46},{"not_picked":["Anger","Disarm","Pommel Strike"],"picked":"Berserk","floor":48},{"not_picked":["Hemokinesis+1","Dual Wield+1","Warcry+1"],"picked":"Heavy Blade+1","floor":49},{"not_picked":["Clothesline","Thunderclap+1","Rage+1"],"picked":"Bloodletting+1","floor":54}],"player_experience":197709,"relics_obtained":[{"floor":6,"key":"Gremlin Horn"},{"floor":8,"key":"Mummified Hand"},{"floor":9,"key":"Boot"},{"floor":12,"key":"Omamori"},{"floor":26,"key":"Anchor"},{"floor":27,"key":"Pantograph"},{"floor":29,"key":"Regal Pillow"},{"floor":31,"key":"PreservedInsect"},{"floor":36,"key":"Mango"},{"floor":46,"key":"Question Card"},{"floor":47,"key":"Oddly Smooth Stone"},{"floor":48,"key":"Potion Belt"},{"floor":54,"key":"Self Forming Clay"}],"event_choices":[{"damage_healed":0,"gold_gain":0,"player_choice":"Box","damage_taken":0,"relics_obtained":["Dream Catcher"],"max_hp_gain":0,"max_hp_loss":0,"event_name":"Big Fish","floor":3,"gold_loss":0,"cards_obtained":["Regret"]},{"damage_healed":0,"gold_gain":0,"player_choice":"Relic ","damage_taken":3,"max_hp_gain":0,"max_hp_loss":0,"event_name":"betterThird:BetterScrap","floor":4,"gold_loss":0,"cards_obtained":["Storm"]},{"damage_healed":0,"gold_gain":0,"cards_transformed":["Strike_R"],"player_choice":"Change","damage_taken":0,"max_hp_gain":0,"max_hp_loss":0,"event_name":"Living Wall","floor":5,"gold_loss":0,"cards_obtained":["Perfected Strike"]},{"damage_healed":0,"gold_gain":275,"player_choice":"Desecrate","damage_taken":0,"max_hp_gain":0,"max_hp_loss":0,"event_name":"Golden Shrine","floor":13,"gold_loss":0,"cards_obtained":["Regret"]},{"damage_healed":0,"gold_gain":0,"player_choice":"Bet on Owner","damage_taken":0,"max_hp_gain":0,"max_hp_loss":0,"event_name":"The Joust","floor":19,"gold_loss":50},{"damage_healed":0,"gold_gain":0,"player_choice":"Ignored","damage_taken":0,"max_hp_gain":0,"max_hp_loss":0,"event_name":"Beggar","floor":22,"gold_loss":0},{"damage_healed":0,"gold_gain":0,"player_choice":"Fight","damage_taken":0,"max_hp_gain":0,"max_hp_loss":0,"event_name":"Mysterious Sphere","floor":36,"gold_loss":0},{"damage_healed":0,"gold_gain":0,"player_choice":"Embrace Madness","damage_taken":12,"max_hp_gain":0,"max_hp_loss":0,"event_name":"Winding Halls","floor":37,"gold_loss":0,"cards_obtained":["Madness","Madness"]},{"damage_healed":0,"gold_gain":0,"player_choice":"Random: Green","damage_taken":0,"max_hp_gain":0,"max_hp_loss":0,"event_name":"betterThird:BetterPortal","floor":39,"gold_loss":0},{"damage_healed":0,"gold_gain":0,"player_choice":"RE RE UP RE ","damage_taken":80,"relics_obtained":["Vajra","Happy Flower","Centennial Puzzle"],"max_hp_gain":0,"max_hp_loss":0,"event_name":"betterSkull:BetterSkull","floor":39,"gold_loss":0,"cards_upgraded":["Pommel Strike"]},{"damage_healed":0,"gold_gain":3,"player_choice":"2","damage_taken":0,"max_hp_gain":0,"max_hp_loss":18,"event_name":"betterStone:BetterStone","floor":44,"gold_loss":0}],"is_beta":false,"boss_relics":[{"not_picked":["Black Star","Pandora\u0027s Box"],"picked":"Fusion Hammer"},{"not_picked":["Astrolabe","Runic Dome"],"picked":"Runic Cube"}],"items_purged_floors":[],"is_endless":false,"potions_floor_spawned":[2,6,10,12,16,20,29,30,31,35,48,54],"killed_by":"The Heart","ascension_level":4}}