{"host":"e8hwgc5hwysw32tq","time":1613808445,"event":{"mods":["BaseMod","Googly Eyes","Minty Spire (QoL Compilation)","StSLib","Together in Spire"],"gold_per_floor":[16,26,26,26,45,79,79,100,125,125,146,164,164,195,195,324,324,338,92,112,125,125,159,159,190,266,266,266,266,365,400,400,529,529,543,324,284,73,89,133,145,195,207,238,294,306,318,330,342,354],"floor_reached":51,"language":"ENG","playtime":3885,"items_purged":["Defend_P","Defend_P","Writhe"],"score":749,"play_id":"9e91e823-668e-44d9-9d1f-a0df38b379f0","local_time":"20210220000725","is_ascension_mode":false,"campfire_choices":[{"data":"Protect","floor":7,"key":"SMITH"},{"data":"Omniscience","floor":13,"key":"SMITH"},{"data":"ThirdEye","floor":15,"key":"SMITH"},{"data":"JustLucky","floor":28,"key":"SMITH"},{"data":"WheelKick","floor":32,"key":"SMITH"},{"data":"Eruption","floor":41,"key":"SMITH"},{"data":"Study","floor":46,"key":"SMITH"},{"data":"Weave","floor":49,"key":"SMITH"}],"circlet_count":0,"master_deck":["Strike_P","Strike_P","Strike_P","Defend_P","Eruption+1","Vigilance","Nirvana","Omniscience+1","Wireheading","Protect+1","Weave+1","ThirdEye+1","Prostrate","Weave","Devotion","WreathOfFlame+1","WheelKick+1","JustLucky+1","WaveOfTheHand","Study+1","DeusExMachina","CutThroughFate+1","Dramatic Entrance+1","Prostrate+1","DeusExMachina","SpiritShield","Adaptation+1"],"relics":["PureWater","Incense Burner","Golden Idol","Bronze Scales","Damaru","Juzu Bracelet","Membership Card","Eternal Feather","Pantograph","Orichalcum","Molten Egg 2","Ornamental Fan","Enchiridion","Bottled Lightning","Black Star","Sundial","Vajra","Anchor","MawBank","Art of War","CaptainsWheel","MealTicket","Mummified Hand","Gambling Chip","Thread and Needle"],"acts_visited":["Exordium","TheCity","TheBeyond"],"potions_floor_usage":[6,12,14,14,14,14,18,23,31,31,33,39,42,50],"damage_taken":[{"damage":0,"enemies":"2 Louse","floor":1,"turns":2},{"damage":0,"enemies":"Cultist","floor":2,"turns":2},{"damage":1,"enemies":"Jaw Worm","floor":5,"turns":2},{"damage":16,"enemies":"Gremlin Nob","floor":6,"turns":3},{"damage":0,"enemies":"Blue Slaver","floor":8,"turns":2},{"damage":1,"enemies":"Looter","floor":11,"turns":2},{"damage":0,"enemies":"3 Louse","floor":12,"turns":1},{"damage":0,"enemies":"3 Sentries","floor":14,"turns":3},{"damage":0,"enemies":"Hexaghost","floor":16,"turns":5},{"damage":0,"enemies":"Spheric Guardian","floor":18,"turns":5},{"damage":8,"enemies":"Shell Parasite","floor":20,"turns":2},{"damage":1,"enemies":"Centurion and Healer","floor":21,"turns":4},{"damage":21,"enemies":"Book of Stabbing","floor":23,"turns":4},{"damage":7,"enemies":"Gremlin Leader","floor":25,"turns":3},{"damage":0,"enemies":"Slavers","floor":31,"turns":3},{"damage":6,"enemies":"Champ","floor":33,"turns":6},{"damage":0,"enemies":"3 Darklings","floor":35,"turns":2},{"damage":0,"enemies":"Orb Walker","floor":39,"turns":1},{"damage":0,"enemies":"Giant Head","floor":40,"turns":3},{"damage":4,"enemies":"Reptomancer","floor":42,"turns":3},{"damage":1,"enemies":"Sphere and 2 Shapes","floor":44,"turns":3},{"damage":0,"enemies":"Nemesis","floor":45,"turns":4},{"damage":0,"enemies":"Awakened One","floor":50,"turns":6}],"seed_played":"-1608185885290255368","potions_obtained":[{"floor":2,"key":"BlessingOfTheForge"},{"floor":5,"key":"FearPotion"},{"floor":8,"key":"Explosive Potion"},{"floor":12,"key":"EntropicBrew"},{"floor":14,"key":"Energy Potion"},{"floor":16,"key":"Explosive Potion"},{"floor":18,"key":"SkillPotion"},{"floor":31,"key":"LiquidBronze"},{"floor":37,"key":"DuplicationPotion"},{"floor":37,"key":"GamblersBrew"},{"floor":37,"key":"Fruit Juice"},{"floor":44,"key":"Fire Potion"},{"floor":45,"key":"ColorlessPotion"}],"is_trial":false,"path_per_floor":["M","M","?","?","M","E","R","M","T","?","M","M","R","E","R","B",null,"M","$","M","M","?","E","?","E","T","T","R","?","?","E","R","B",null,"M","$","?","$","M","E","R","E","T","M","E","R","?","?","R","B",null],"character_chosen":"WATCHER","items_purchased":["Membership Card","WheelKick","Sundial","Dramatic Entrance+1","Vajra","Anchor"],"campfire_rested":0,"item_purchase_floors":[19,19,36,36,38,38],"current_hp_per_floor":[72,72,54,54,53,37,37,37,37,61,60,60,60,60,60,60,72,72,72,64,63,63,42,42,35,35,35,47,31,31,31,43,62,72,72,72,72,72,77,77,77,73,73,72,72,77,77,77,77,77],"gold":366,"neow_bonus":"ONE_RARE_RELIC","is_daily":false,"chose_seed":false,"campfire_upgraded":8,"win_rate":0.0,"timestamp":1613808445,"path_taken":["M","M","?","?","?","E","R","M","T","?","M","M","R","E","R","BOSS","M","$","M","M","?","E","?","E","T","?","R","?","?","E","R","BOSS","M","$","?","$","M","E","R","E","T","M","E","R","?","?","R","BOSS"],"items_purchased_type":["Relic","Card","Relic","Card","Relic","Relic"],"build_version":"2020-12-22","purchased_purges":3,"victory":true,"max_hp_per_floor":[72,72,72,72,72,72,72,72,72,72,72,72,72,72,72,72,72,72,72,72,72,72,72,72,72,72,72,72,72,72,72,72,72,72,72,72,72,72,77,77,77,77,77,77,77,77,77,77,77,77],"card_choices":[{"not_picked":["ClearTheMind","CrushJoints","ForeignInfluence"],"picked":"SKIP","floor":1},{"not_picked":["Collect","JustLucky"],"picked":"Nirvana","floor":2},{"not_picked":["EmptyFist","FlyingSleeves"],"picked":"Wireheading","floor":5},{"not_picked":["PathToVictory","Consecrate"],"picked":"Protect","floor":6},{"not_picked":["Prostrate","SpiritShield"],"picked":"Weave","floor":8},{"not_picked":["SashWhip","Worship"],"picked":"ThirdEye","floor":11},{"not_picked":["Fasting2","CrushJoints"],"picked":"Prostrate","floor":12},{"not_picked":["BattleHymn","Halt"],"picked":"Weave","floor":14},{"not_picked":["Establishment","DeusExMachina"],"picked":"Devotion","floor":16},{"not_picked":["ThirdEye+1","CarveReality"],"picked":"WreathOfFlame+1","floor":18},{"not_picked":["ForeignInfluence","FlyingSleeves","Crescendo"],"picked":"SKIP","floor":20},{"not_picked":["FearNoEvil","Swivel","ClearTheMind"],"picked":"SKIP","floor":21},{"not_picked":["Conclude","WindmillStrike"],"picked":"WaveOfTheHand","floor":23},{"not_picked":["EmptyFist+1","EmptyBody","SpiritShield"],"picked":"SKIP","floor":25},{"not_picked":["Wallop+1","Indignation"],"picked":"Study","floor":31},{"not_picked":["MasterReality","ConjureBlade"],"picked":"DeusExMachina","floor":33},{"not_picked":["Prostrate","Vengeance"],"picked":"CutThroughFate+1","floor":35},{"not_picked":["FollowUp+1","BowlingBash+1"],"picked":"Prostrate+1","floor":39},{"not_picked":["CarveReality+1","WheelKick+1"],"picked":"DeusExMachina","floor":40},{"not_picked":["Evaluate","Blasphemy"],"picked":"SpiritShield","floor":42},{"not_picked":["ClearTheMind+1","ThirdEye","FlurryOfBlows+1"],"picked":"SKIP","floor":44},{"not_picked":["ConjureBlade","Sanctity+1"],"picked":"Adaptation+1","floor":45}],"player_experience":405423,"relics_obtained":[{"floor":6,"key":"Bronze Scales"},{"floor":9,"key":"Damaru"},{"floor":14,"key":"Juzu Bracelet"},{"floor":23,"key":"Eternal Feather"},{"floor":25,"key":"Orichalcum"},{"floor":26,"key":"Molten Egg 2"},{"floor":27,"key":"Ornamental Fan"},{"floor":29,"key":"Enchiridion"},{"floor":31,"key":"Bottled Lightning"},{"floor":40,"key":"MawBank"},{"floor":40,"key":"Art of War"},{"floor":42,"key":"CaptainsWheel"},{"floor":42,"key":"MealTicket"},{"floor":43,"key":"Mummified Hand"},{"floor":45,"key":"Gambling Chip"},{"floor":45,"key":"Thread and Needle"}],"event_choices":[{"damage_healed":0,"gold_gain":0,"player_choice":"Take Damage","damage_taken":18,"relics_obtained":["Golden Idol"],"max_hp_gain":0,"max_hp_loss":0,"event_name":"Golden Idol","floor":3,"gold_loss":0},{"damage_healed":0,"gold_gain":0,"cards_transformed":["Defend_P"],"player_choice":"Transformed","damage_taken":0,"max_hp_gain":0,"max_hp_loss":0,"event_name":"Transmorgrifier","floor":4,"gold_loss":0,"cards_obtained":["Omniscience"]},{"damage_healed":24,"gold_gain":0,"player_choice":"Banana","damage_taken":0,"max_hp_gain":0,"max_hp_loss":0,"event_name":"Big Fish","floor":10,"gold_loss":0},{"damage_healed":0,"gold_gain":0,"player_choice":"Read","damage_taken":0,"max_hp_gain":0,"max_hp_loss":0,"event_name":"The Library","floor":22,"gold_loss":0,"cards_obtained":["JustLucky"]},{"damage_healed":0,"gold_gain":0,"player_choice":"Opened","damage_taken":0,"relics_obtained":["Pantograph"],"max_hp_gain":0,"max_hp_loss":0,"event_name":"The Mausoleum","floor":24,"gold_loss":0,"cards_obtained":["Writhe"]},{"damage_healed":0,"gold_gain":0,"player_choice":"Obtained Book","damage_taken":16,"max_hp_gain":0,"max_hp_loss":0,"event_name":"Cursed Tome","floor":29,"gold_loss":0},{"damage_healed":0,"gold_gain":99,"player_choice":"Stole From Cult","damage_taken":0,"max_hp_gain":0,"max_hp_loss":0,"event_name":"Nest","floor":30,"gold_loss":0},{"damage_healed":0,"gold_gain":0,"player_choice":"Bought 3 Potions","damage_taken":0,"max_hp_gain":0,"max_hp_loss":0,"event_name":"The Woman in Blue","floor":37,"gold_loss":0},{"cards_removed":["Strike_P"],"damage_healed":0,"gold_gain":0,"player_choice":"Removed Attack","damage_taken":0,"max_hp_gain":0,"max_hp_loss":0,"event_name":"Falling","floor":47,"gold_loss":0},{"damage_healed":0,"gold_gain":0,"player_choice":"Ignored","damage_taken":0,"max_hp_gain":0,"max_hp_loss":0,"event_name":"Mysterious Sphere","floor":48,"gold_loss":0}],"is_beta":false,"boss_relics":[{"not_picked":["Velvet Choker","Snecko Eye","Runic Dome"]},{"not_picked":["Cursed Key","Philosopher\u0027s Stone"],"picked":"Black Star"}],"items_purged_floors":[19,36,38],"is_endless":false,"potions_floor_spawned":[2,5,8,12,14,16,18,31,44,45],"ascension_level":0}}