{"host":"n1v11un6j7y72mz7","time":1613824526,"event":{"mods":["Act Like it!","BaseMod","Downfall","Minty Spire (QoL Compilation)","Reliquary","StSLib","The Animator","Waifu the Spire"],"gold_per_floor":[19,19,94,94,108,108,126,139,139,159,171,55,55,65,65,65,167,167,180,105,105,29,29,29,62,78,78,78,95,95,95,111,128,128,128,230,230,246,104,104,117,0,0,0],"floor_reached":43,"language":"ZHS","playtime":1280,"items_purged":["Strike_G","downfall:Bewildered"],"score":610,"play_id":"a325da21-298a-4614-99e1-2d8e974acf99","local_time":"20210220203526","is_ascension_mode":true,"campfire_choices":[{"data":"Tools of the Trade","floor":6,"key":"SMITH"},{"data":"Poisoned Stab","floor":13,"key":"SMITH"},{"data":"Calculated Gamble","floor":15,"key":"SMITH"},{"data":"Catalyst","floor":16,"key":"SMITH"},{"data":"Tactician","floor":24,"key":"SMITH"},{"floor":31,"key":"REST"},{"data":"Corpse Explosion","floor":34,"key":"SMITH"},{"data":"Reflex","floor":35,"key":"SMITH"}],"circlet_count":0,"master_deck":["Strike_G+1","Strike_G+1","Strike_G+1","Defend_G+1","Defend_G+1","Defend_G+1","Defend_G+1","Defend_G+1","Survivor","Neutralize","Tools of the Trade+1","Catalyst+1","Backstab","PiercingWail","Calculated Gamble+1","Crippling Poison","Poisoned Stab+1","Corpse Explosion+1","Prepared","Tactician+1","Acrobatics+1","PiercingWail+1","Reflex+1","Phantasmal Killer","Bouncing Flask"],"relics":["Ring of the Snake","Kunai","reliquary:RustamsPendant","sneckomod:BabySnecko","The Courier","Ice Cream","Shuriken","Red Mask"],"acts_visited":["Exordium","TheCity","TheBeyond"],"potions_floor_usage":[11,11,17,25,36,36,41],"damage_taken":[{"damage":5,"enemies":"Jaw Worm","floor":1,"turns":6},{"damage":0,"enemies":"2 Louse","floor":5,"turns":5},{"damage":1,"enemies":"Small Slimes","floor":7,"turns":4},{"damage":8,"enemies":"Gremlin Gang","floor":8,"turns":6},{"damage":0,"enemies":"2 Fungi Beasts","floor":10,"turns":5},{"damage":6,"enemies":"Large Slime","floor":11,"turns":11},{"damage":0,"enemies":"3 Louse","floor":14,"turns":3},{"damage":17,"enemies":"Hexaghost","floor":17,"turns":8},{"damage":18,"enemies":"2 Thieves","floor":19,"turns":3},{"damage":2,"enemies":"Book of Stabbing","floor":25,"turns":6},{"damage":0,"enemies":"Chosen","floor":26,"turns":4},{"damage":13,"enemies":"Snake Plant","floor":29,"turns":4},{"damage":6,"enemies":"Snecko","floor":32,"turns":4},{"damage":0,"enemies":"3 Cultists","floor":33,"turns":4},{"damage":0,"enemies":"Automaton","floor":36,"turns":3},{"damage":9,"enemies":"3 Darklings","floor":38,"turns":3},{"damage":0,"enemies":"3 Shapes","floor":41,"turns":2},{"damage":5,"enemies":"Reptomancer","floor":43,"turns":2}],"seed_played":"7087984420338987460","potions_obtained":[{"floor":4,"key":"PowerPotion"},{"floor":4,"key":"LiquidMemories"},{"floor":4,"key":"FairyPotion"},{"floor":14,"key":"Swift Potion"},{"floor":17,"key":"Swift Potion"},{"floor":19,"key":"DuplicationPotion"},{"floor":25,"key":"DistilledChaos"},{"floor":36,"key":"Fire Potion"},{"floor":38,"key":"SpeedPotion"}],"is_trial":false,"path_per_floor":["M","?","?","?","M","R","M","M","T","M","M","$","R","M","R","R","B",null,"M","$","?","$","?","R","E","M","T","T","M","?","R","M","M","R","R","B",null,"M","$","?","M","?","E"],"character_chosen":"THE_SILENT","items_purchased":["Crippling Poison","Poisoned Stab","Tactician","Bouncing Flask"],"campfire_rested":1,"item_purchase_floors":[12,12,22,39],"current_hp_per_floor":[65,65,54,54,54,54,53,45,45,45,39,39,39,39,39,39,22,58,40,40,40,40,40,40,38,38,38,38,25,25,46,40,40,40,40,40,63,54,54,54,54,54,49,49],"gold":0,"neow_bonus":"THREE_RARE_CARDS","is_daily":false,"chose_seed":false,"campfire_upgraded":7,"win_rate":0.0,"timestamp":1613824526,"path_taken":["M","?","?","?","M","R","M","M","T","M","?","$","R","M","R","R","BOSS","M","$","?","$","?","R","E","M","T","T","M","?","R","?","M","R","R","BOSS","M","$","?","?","?","E"],"items_purchased_type":["Card","Card","Card","Card"],"build_version":"2020-12-22","purchased_purges":2,"victory":false,"max_hp_per_floor":[70,70,70,70,70,70,70,70,70,70,70,70,70,70,70,70,70,70,70,70,70,70,70,70,70,70,70,70,70,70,70,70,70,70,70,70,70,70,70,70,70,70,70,70],"card_choices":[{"not_picked":["Doppelganger","Wraith Form v2"],"picked":"Tools of the Trade","floor":0},{"not_picked":["Flying Knee","Heel Hook","Poisoned Stab"],"picked":"SKIP","floor":1},{"not_picked":["Outmaneuver","Dagger Spray"],"picked":"Backstab","floor":5},{"not_picked":["Riddle With Holes","Blade Dance"],"picked":"PiercingWail","floor":7},{"not_picked":["Leg Sweep","Endless Agony"],"picked":"Calculated Gamble","floor":8},{"not_picked":["Caltrops","Sucker Punch","PiercingWail"],"picked":"SKIP","floor":10},{"not_picked":["Cloak And Dagger","Accuracy","Quick Slash"],"picked":"SKIP","floor":11},{"not_picked":["Night Terror","Dash","Calculated Gamble"],"picked":"SKIP","floor":14},{"not_picked":["Tools of the Trade","Bullet Time"],"picked":"Corpse Explosion","floor":17},{"not_picked":["Expertise","Dagger Spray+1"],"picked":"Prepared","floor":19},{"not_picked":["Cloak And Dagger","Well Laid Plans"],"picked":"Acrobatics+1","floor":25},{"not_picked":["Deflect","Cloak And Dagger"],"picked":"PiercingWail+1","floor":26},{"not_picked":["Blade Dance","Poisoned Stab","Slice"],"picked":"SKIP","floor":29},{"not_picked":["Outmaneuver","Acrobatics","Escape Plan"],"picked":"SKIP","floor":32},{"not_picked":["Outmaneuver","Doppelganger"],"picked":"Reflex","floor":33},{"not_picked":["Envenom","Venomology"],"picked":"Phantasmal Killer","floor":36},{"not_picked":["Dagger Throw","Underhanded Strike+1","Infinite Blades"],"picked":"SKIP","floor":38},{"not_picked":["Slice","Cloak And Dagger+1","All Out Attack"],"picked":"SKIP","floor":41}],"player_experience":226342,"relics_obtained":[{"floor":9,"key":"Kunai"},{"floor":25,"key":"The Courier"},{"floor":27,"key":"Ice Cream"},{"floor":28,"key":"Shuriken"}],"event_choices":[{"damage_healed":0,"gold_gain":0,"cards_transformed":["Strike_G"],"player_choice":"Change","damage_taken":0,"max_hp_gain":0,"max_hp_loss":0,"event_name":"Living Wall","floor":2,"gold_loss":0,"cards_obtained":["Catalyst"]},{"damage_healed":0,"gold_gain":75,"player_choice":"Gather Gold","damage_taken":11,"max_hp_gain":0,"max_hp_loss":0,"event_name":"World of Goop","floor":3,"gold_loss":0},{"damage_healed":0,"gold_gain":0,"player_choice":"Got Potions","damage_taken":0,"max_hp_gain":0,"max_hp_loss":0,"event_name":"Lab","floor":4,"gold_loss":0},{"damage_healed":0,"gold_gain":0,"player_choice":"Simplicity","damage_taken":0,"max_hp_gain":0,"max_hp_loss":0,"event_name":"Back to Basics","floor":21,"gold_loss":0,"cards_upgraded":["Strike_G","Strike_G","Strike_G","Defend_G","Defend_G","Defend_G","Defend_G","Defend_G"]},{"damage_healed":0,"gold_gain":0,"player_choice":"Bought 0 Potions","damage_taken":0,"max_hp_gain":0,"max_hp_loss":0,"event_name":"The Woman in Blue","floor":30,"gold_loss":0},{"damage_healed":0,"gold_gain":0,"player_choice":"Ignored","damage_taken":0,"max_hp_gain":0,"max_hp_loss":0,"event_name":"SecretPortal","floor":40,"gold_loss":0},{"damage_healed":0,"gold_gain":0,"player_choice":"Paid","damage_taken":0,"relics_obtained":["Red Mask"],"max_hp_gain":0,"max_hp_loss":0,"event_name":"Tomb of Lord Red Mask","floor":42,"gold_loss":117}],"is_beta":false,"boss_relics":[{"not_picked":["Astrolabe","Black Star"],"picked":"reliquary:RustamsPendant"},{"not_picked":["Snecko Eye","Calling Bell","reliquary:KinkedSpring"]}],"items_purged_floors":[20,39],"is_endless":false,"potions_floor_spawned":[8,14,17,19,25,36,38],"killed_by":"Reptomancer","ascension_level":5}}