{"host":"iodn1af76021fjto","time":1613806615,"event":{"mods":["AchievementEnabler","BaseMod","BetterRewards","Colored Map","Downfall","Hermit","Infinite Spire","Jorbs\u0027s Wanderer Trilogy","Minty Spire (QoL Compilation)","Quick Restart","StSLib","SuperFastMode","The Cursed","The Hierophant","The Jungle","The Runesmith","The Servant 0.9.4"],"gold_per_floor":[112,187,187,187,199,231,231,258,258,271,271,55,55,68,68,68,68],"floor_reached":16,"language":"ENG","playtime":273,"items_purged":[],"score":124,"play_id":"44a2bd3a-916c-4ed7-879e-9732abed6287","local_time":"20210220023655","is_ascension_mode":true,"campfire_choices":[{"data":"Dualcast","floor":11,"key":"SMITH"},{"data":"Conserve Battery","floor":13,"key":"SMITH"},{"data":"Ball Lightning","floor":15,"key":"SMITH"}],"circlet_count":0,"master_deck":["Strike_B","Strike_B","Strike_B","Strike_B","Defend_B","Defend_B","Defend_B","Defend_B","Zap+1","Dualcast+1","Leap","Ball Lightning+1","Static Discharge+1","Conserve Battery+1","Storm+1","Conserve Battery"],"relics":["Cracked Core","Frozen Egg 2","Bronze Scales","Tiny Chest","Lantern","Medical Kit"],"acts_visited":["Exordium"],"potions_floor_usage":[],"damage_taken":[{"damage":1,"enemies":"2 Louse","floor":1,"turns":2},{"damage":4,"enemies":"Small Slimes","floor":5,"turns":3},{"damage":21,"enemies":"Gremlin Nob","floor":6,"turns":4},{"damage":16,"enemies":"Lagavulin","floor":8,"turns":6},{"damage":5,"enemies":"Jaw Worm","floor":10,"turns":2},{"damage":3,"enemies":"Exordium Thugs","floor":14,"turns":4},{"damage":25,"enemies":"Slime Boss","floor":16,"turns":5}],"seed_played":"6279377303164048409","potions_obtained":[{"floor":1,"key":"EssenceOfDarkness"},{"floor":14,"key":"sneckomod:MuddlingPotion"}],"is_trial":false,"path_per_floor":["M","?","?","?","M","E","?","E","T","M","R","$","R","M","R","B"],"character_chosen":"DEFECT","items_purchased":["Storm+1","Medical Kit"],"campfire_rested":0,"item_purchase_floors":[12,12],"current_hp_per_floor":[81,70,70,70,66,45,45,29,29,24,24,24,24,21,21,0,0],"gold":68,"neow_bonus":"TEN_PERCENT_HP_BONUS","is_daily":false,"chose_seed":false,"campfire_upgraded":3,"win_rate":0.0,"timestamp":1613806615,"path_taken":["M","?","?","?","M","E","?","E","T","M","R","$","R","M","R","BOSS"],"items_purchased_type":["Card","Relic"],"build_version":"2020-12-22","purchased_purges":0,"victory":false,"max_hp_per_floor":[82,82,82,82,82,82,82,82,82,82,82,82,82,82,82,82,82],"card_choices":[{"not_picked":["Skim","Capacitor"],"picked":"Leap","floor":1},{"not_picked":["Melter","Sunder"],"picked":"Ball Lightning","floor":5},{"not_picked":["Gash","Redo"],"picked":"Static Discharge+1","floor":6},{"not_picked":["Coolheaded","FTL"],"picked":"Conserve Battery","floor":8},{"not_picked":["Compile Driver","Fusion","Scrape"],"picked":"SKIP","floor":10},{"not_picked":["Hello World+1","Go for the Eyes"],"picked":"Conserve Battery","floor":14}],"player_experience":281810,"relics_obtained":[{"floor":4,"key":"Frozen Egg 2"},{"floor":6,"key":"Bronze Scales"},{"floor":8,"key":"Tiny Chest"},{"floor":9,"key":"Lantern"}],"event_choices":[{"damage_healed":0,"gold_gain":75,"player_choice":"Gather Gold","damage_taken":11,"max_hp_gain":0,"max_hp_loss":0,"event_name":"World of Goop","floor":2,"gold_loss":0},{"damage_healed":0,"gold_gain":0,"player_choice":"Grow","damage_taken":0,"max_hp_gain":0,"max_hp_loss":0,"event_name":"Living Wall","floor":3,"gold_loss":0,"cards_upgraded":["Zap"]},{"damage_healed":0,"gold_gain":0,"player_choice":"Ignored","damage_taken":0,"max_hp_gain":0,"max_hp_loss":0,"event_name":"Liars Game","floor":7,"gold_loss":0}],"is_beta":false,"boss_relics":[],"items_purged_floors":[],"is_endless":false,"potions_floor_spawned":[1,14],"killed_by":"Slime Boss","ascension_level":3}}