{"host":"8z11jf471qjhqctb","time":1613825862,"event":{"mods":["ATMod(阿瑾Mod)","BaseMod","Minty Spire (QoL Compilation)","MostiFishMod","SOS（斯巴达之子）","StSLib","TestMod","UnlockEverythingMod"],"gold_per_floor":[115,126,126,126,126,126,126,157,180,195,225,225,300,319,319,415,415,428,428,445,50,66,80,110,110,110,123,140,140,140],"floor_reached":29,"language":"ZHS","playtime":920,"items_purged":["Strike_P"],"score":280,"play_id":"6cc5ba2a-842d-4681-a876-259413b12894","local_time":"20210220205742","is_ascension_mode":false,"campfire_choices":[{"data":"Eruption","floor":6.0,"key":"SMITH"},{"data":"FearNoEvil","floor":15.0,"key":"SMITH"},{"data":"MostiFishMod:LegendTransform","floor":25.0,"key":"SMITH"}],"circlet_count":0,"master_deck":["Strike_P","Strike_P","Defend_P","Defend_P","Defend_P","Eruption+1","Vigilance","AT_ShadowStep","FearNoEvil+1","Conclude","MentalFortress+1","MostiFishMod:LegendTransform+1","DevaForm+1","FollowUp+1","MostiFishMod:OutWit+1","MostiFishMod:Unraveling","MostiFishMod:Nomercy+1","Crescendo+1","FlurryOfBlows+1"],"relics":["PureWater","AT_ATBox","DaveBox","NeowsBlessing","ImprovedEquipment","testmod-CardMagician","SynthV:TestCard","Juzu Bracelet","Bronze Scales","Frozen Egg 2","testmod-BatchProcessingSystem","AT_ImmortalShieldbow","The Courier","MealTicket"],"acts_visited":["Exordium","TheCity"],"potions_floor_usage":[],"damage_taken":[{"damage":0.0,"enemies":"Cultist","floor":1.0,"turns":1.0},{"damage":0.0,"enemies":"Small Slimes","floor":2.0,"turns":1.0},{"damage":0.0,"enemies":"Lagavulin","floor":8.0,"turns":1.0},{"damage":0.0,"enemies":"Jaw Worm","floor":10.0,"turns":4.0},{"damage":9.0,"enemies":"3 Sentries","floor":11.0,"turns":7.0},{"damage":11.0,"enemies":"Lots of Slimes","floor":14.0,"turns":2.0},{"damage":15.0,"enemies":"Hexaghost","floor":16.0,"turns":7.0},{"damage":30.0,"enemies":"2 Thieves","floor":18.0,"turns":4.0},{"damage":0.0,"enemies":"Chosen","floor":20.0,"turns":3.0},{"damage":20.0,"enemies":"3 Cultists","floor":22.0,"turns":5.0},{"damage":8.0,"enemies":"Shelled Parasite and Fungi","floor":23.0,"turns":6.0},{"damage":41.0,"enemies":"Book of Stabbing","floor":24.0,"turns":4.0},{"damage":19.0,"enemies":"Centurion and Healer","floor":27.0,"turns":5.0},{"damage":4.0,"enemies":"Sentry and Sphere","floor":28.0,"turns":3.0},{"damage":68,"enemies":"Gremlin Leader","floor":29,"turns":4}],"seed_played":"-4458684143924525758","potions_obtained":[{"floor":1.0,"key":"SpeedPotion"},{"floor":2.0,"key":"Fire Potion"},{"floor":16.0,"key":"SpeedPotion"},{"floor":18.0,"key":"Strength Potion"},{"floor":27.0,"key":"FairyPotion"}],"is_trial":false,"path_per_floor":["M","M","?","?","?","R","?","E","T","M","E","?","?","M","R","B",null,"M","?","M","$","M","M","E","R","T","M","M","E"],"character_chosen":"WATCHER","items_purchased":["MostiFishMod:Unraveling","AT_ImmortalShieldbow"],"campfire_rested":0,"item_purchase_floors":[21,21],"current_hp_per_floor":[72,72,72,72,72,72,72,72,72,72,63,63,52,41,41,26,72,42,42,42,42,22,38,16,16,16,7,10,0,0],"gold":140,"neow_bonus":"THREE_ENEMY_KILL","is_daily":false,"chose_seed":false,"campfire_upgraded":3,"win_rate":0.0,"timestamp":1613825862,"path_taken":["M","M","?","?","?","R","?","E","T","M","E","?","?","M","R","BOSS","M","?","M","$","M","M","E","R","T","M","M","E"],"items_purchased_type":["Card","Relic"],"build_version":"2020-12-22","purchased_purges":1,"victory":false,"max_hp_per_floor":[72,72,72,72,72,72,72,72,72,72,72,72,72,72,72,72,72,72,72,72,72,72,72,72,72,72,72,72,72,72],"card_choices":[{"not_picked":["BowlingBash","JustLucky"],"picked":"FearNoEvil","floor":1.0},{"not_picked":["Evaluate","JustLucky","SashWhip","EmptyFist"],"picked":"Conclude","floor":2.0},{"not_picked":["PathToVictory","MostiFishMod:Clarity","Collect","EmptyMind"],"picked":"MentalFortress","floor":8.0},{"not_picked":["FlyingSleeves","Consecrate","Weave","JustLucky"],"picked":"MostiFishMod:LegendTransform","floor":10.0},{"not_picked":["ClearTheMind","PathToVictory","EmptyFist","MostiFishMod:FlowState","SignatureMove"],"picked":"SKIP","floor":11.0},{"not_picked":["FearNoEvil","CutThroughFate","AT_RealFormLess","MostiFishMod:ScryFuture+1","SashWhip"],"picked":"SKIP","floor":14.0},{"not_picked":["MostiFishMod:DisColor","Judgement","ConjureBlade","MostiFishMod:Disappear"],"picked":"DevaForm+1","floor":16.0},{"not_picked":["AT_OneInchPunch","MostiFishMod:ScryFuture+1","Crescendo","SignatureMove"],"picked":"FollowUp+1","floor":18.0},{"not_picked":["Conclude","WindmillStrike","JustLucky","EmptyBody","Perseverance"],"picked":"SKIP","floor":20.0},{"not_picked":["ForeignInfluence","Crescendo","AT_DivineConfetti","EmptyFist","EmptyBody"],"picked":"SKIP","floor":22.0},{"not_picked":["FollowUp+1","DeceiveReality","ClearTheMind","FlurryOfBlows+1","CrushJoints"],"picked":"SKIP","floor":23.0},{"not_picked":["Protect+1","AT_MachinaRedman","AT_DivineConfetti","JustLucky"],"picked":"MostiFishMod:Nomercy+1","floor":24.0},{"not_picked":["Consecrate+1","Collect+1","PathToVictory","EmptyBody"],"picked":"Crescendo+1","floor":27.0},{"not_picked":["Evaluate","MostiFishMod:Clarity","Consecrate","Devotion+1"],"picked":"FlurryOfBlows+1","floor":28.0}],"player_experience":2896,"relics_obtained":[{"floor":1.0,"key":"SynthV:TestCard"},{"floor":8.0,"key":"Bronze Scales"},{"floor":11.0,"key":"Frozen Egg 2"},{"floor":24.0,"key":"The Courier"},{"floor":26.0,"key":"MealTicket"}],"event_choices":[{"cards_removed":["Defend_P"],"damage_healed":0.0,"max_hp_gain":0.0,"max_hp_loss":0.0,"gold_gain":0.0,"event_name":"Living Wall","player_choice":"Forget","floor":3.0,"gold_loss":0.0,"damage_taken":0.0},{"damage_healed":0.0,"max_hp_gain":0.0,"max_hp_loss":0.0,"gold_gain":0.0,"event_name":"给自己的盒子","player_choice":"Swap Relic","floor":4.0,"relics_lost":["testmod-TestBox"],"gold_loss":0.0,"damage_taken":0.0,"relics_obtained":["Juzu Bracelet"]},{"damage_healed":0.0,"max_hp_gain":0.0,"max_hp_loss":0.0,"gold_gain":0.0,"event_name":"NoteForYourself","player_choice":"Ignored","floor":5.0,"gold_loss":0.0,"damage_taken":0.0},{"cards_removed":["Strike_P"],"damage_healed":0.0,"max_hp_gain":0.0,"max_hp_loss":0.0,"gold_gain":0.0,"event_name":"Purifier","player_choice":"Purged","floor":7.0,"gold_loss":0.0,"damage_taken":0.0},{"damage_healed":0.0,"max_hp_gain":0.0,"max_hp_loss":0.0,"gold_gain":0.0,"event_name":"Accursed Blacksmith","player_choice":"Forge","floor":12.0,"gold_loss":0.0,"damage_taken":0.0,"cards_upgraded":["MentalFortress"]},{"damage_healed":0.0,"max_hp_gain":0.0,"max_hp_loss":0.0,"gold_gain":75.0,"event_name":"World of Goop","player_choice":"Gather Gold","floor":13.0,"gold_loss":0.0,"damage_taken":11.0},{"damage_healed":0.0,"max_hp_gain":0.0,"max_hp_loss":0.0,"gold_gain":0.0,"event_name":"Match and Keep!","player_choice":"1 cards matched","floor":19.0,"gold_loss":0.0,"damage_taken":0.0,"cards_obtained":["MostiFishMod:OutWit"]}],"is_beta":false,"boss_relics":[{"not_picked":["RhineFirstAidKit","testmod-Recursion"],"picked":"testmod-BatchProcessingSystem"}],"items_purged_floors":[21],"is_endless":false,"potions_floor_spawned":[1,2,16,18,20,27],"killed_by":"Gremlin Leader","ascension_level":0}}