{"host":"bvp2uifzy1c463d9","time":1613858731,"event":{"mods":["AchievementEnabler","BaseMod","Better Note","Block Reminder","Bossed Relics","Colored Map","Colored Powertips","Highlight Path","Minty Spire (QoL Compilation)","Relic Sorter","Relic Stats","Replay The Spire","StSLib"],"gold_per_floor":[110,129,129,148,34,67,67,79,104,104,130,146,166,185,185,185,185,289,289,306,324,23,41,41,67,67,67,67],"floor_reached":27,"language":"ENG","playtime":951,"items_purged":["Strike_G"],"score":354,"play_id":"2469a396-39cb-4acf-b099-c8bb22d9ac39","local_time":"20210220160531","is_ascension_mode":true,"campfire_choices":[{"data":"Backflip","floor":7,"key":"SMITH"},{"data":"Flechettes","floor":10,"key":"SMITH"},{"data":"Infinite Blades","floor":17,"key":"SMITH"}],"circlet_count":0,"master_deck":["Strike_G","Strike_G","Defend_G","Defend_G","Defend_G","Defend_G","Survivor","Neutralize","Phantasmal Killer+1","Flechettes+1","Backflip+1","Dagger Spray","Blade Dance+1","Reflex","Flying Knee","Cloak And Dagger","Noxious Fumes","Infinite Blades+1","Hidden Blade","Tools of the Trade","Tactician+1","Deflect","Acrobatics","Calculated Gamble","Deflect","Leg Sweep"],"relics":["Ring of the Snake","Potion Belt","Snake Skull","Strawberry","Philosopher\u0027s Stone","Basket Of Snakes","Nunchaku"],"acts_visited":["Exordium","TheCity"],"potions_floor_usage":[6,25,25,27,27,27],"damage_taken":[{"damage":0,"enemies":"2 Louse","floor":1,"turns":5},{"damage":0,"enemies":"Cultist","floor":2,"turns":3},{"damage":3,"enemies":"Small Slimes","floor":4,"turns":4},{"damage":12,"enemies":"Gremlin Nob","floor":6,"turns":3},{"damage":0,"enemies":"Blue Slaver","floor":8,"turns":2},{"damage":10,"enemies":"3 Sentries","floor":11,"turns":5},{"damage":0,"enemies":"2 Fungi Beasts","floor":12,"turns":2},{"damage":0,"enemies":"Looter","floor":13,"turns":2},{"damage":9,"enemies":"Red Slaver","floor":14,"turns":2},{"damage":37,"enemies":"Hexaghost","floor":18,"turns":8},{"damage":5,"enemies":"Chosen","floor":20,"turns":3},{"damage":12,"enemies":"2 Thieves","floor":21,"turns":3},{"damage":36,"enemies":"Sentry and Sphere","floor":23,"turns":4},{"damage":0,"enemies":"Book of Stabbing","floor":25,"turns":3},{"damage":33,"enemies":"Slavers","floor":27,"turns":1}],"seed_played":"-4982969632485843258","potions_obtained":[{"floor":4,"key":"Languid Potion"},{"floor":11,"key":"AttackPotion"},{"floor":14,"key":"GamblersBrew"},{"floor":18,"key":"Poison Potion"},{"floor":20,"key":"PowerPotion"},{"floor":25,"key":"Elixir"}],"is_trial":false,"path_per_floor":["M","M","?","M","$","E","R","M","T","R","E","M","M","M","R_BF","PTL","R","B",null,"M","M","$","M","?","E","?","E"],"character_chosen":"THE_SILENT","items_purchased":["Blade Dance+1","Basket Of Snakes"],"campfire_rested":0,"item_purchase_floors":[5,22],"current_hp_per_floor":[70,70,70,67,67,55,55,55,55,55,52,52,52,43,43,43,43,6,77,72,60,60,24,24,24,24,0,0],"gold":67,"neow_bonus":"ONE_RANDOM_RARE_CARD","is_daily":false,"chose_seed":false,"campfire_upgraded":3,"win_rate":0.0,"timestamp":1613858731,"path_taken":["M","M","?","M","$","E","R","M","T","R","E","?","M","M","R_BF","PTL","R","BOSS","M","M","$","M","?","E","?","E"],"items_purchased_type":["Card","Relic"],"build_version":"2020-12-22","purchased_purges":1,"victory":false,"max_hp_per_floor":[70,70,70,70,70,70,70,70,70,70,77,77,77,77,77,77,77,77,77,77,77,77,77,77,77,77,77,77],"relic_stats":{"Nunchaku":[0],"counters":[15,50],"Snake Skull":[15],"obtain_stats":[{"Potion Belt":6,"Nunchaku":25,"Strawberry":11,"Basket Of Snakes":22,"Philosopher\u0027s Stone":19,"Snake Skull":9,"Ring of the Snake":0},{"Potion Belt":4,"Nunchaku":14,"Strawberry":6,"Basket Of Snakes":12,"Philosopher\u0027s Stone":10,"Snake Skull":5,"Ring of the Snake":0},{"Potion Belt":15,"Nunchaku":49,"Strawberry":22,"Basket Of Snakes":42,"Philosopher\u0027s Stone":36,"Snake Skull":17,"Ring of the Snake":0}],"Ring of the Snake":[30]},"card_choices":[{"not_picked":["Dagger Spray","Underhanded Strike"],"picked":"Flechettes","floor":1},{"not_picked":["Acrobatics","Dagger Throw"],"picked":"Backflip","floor":2},{"not_picked":["ReplayTheSpireMod:Shiv Toss","Backflip"],"picked":"Dagger Spray","floor":4},{"not_picked":["Acrobatics","ReplayTheSpireMod:Speed Training"],"picked":"Reflex","floor":6},{"not_picked":["Dodge and Roll","Deflect"],"picked":"Flying Knee","floor":8},{"not_picked":["Underhanded Strike","Riddle With Holes"],"picked":"Cloak And Dagger","floor":11},{"not_picked":["Adrenaline","Deflect"],"picked":"Noxious Fumes","floor":12},{"not_picked":["Backflip","Noxious Fumes"],"picked":"Infinite Blades","floor":13},{"not_picked":["Outmaneuver","Backstab"],"picked":"Hidden Blade","floor":14},{"not_picked":["Night Terror","Malaise"],"picked":"Tools of the Trade","floor":18},{"not_picked":["Slice","Sucker Punch+1"],"picked":"Tactician+1","floor":20},{"not_picked":["ReplayTheSpireMod:Exploit Weakness","Hidden Blade"],"picked":"Deflect","floor":21},{"not_picked":["Deflect+1","Heel Hook"],"picked":"Acrobatics","floor":23},{"not_picked":["ReplayTheSpireMod:Tripwire","Masterful Stab"],"picked":"Leg Sweep","floor":25}],"player_experience":254550,"relics_obtained":[{"floor":6,"key":"Potion Belt"},{"floor":9,"key":"Snake Skull"},{"floor":11,"key":"Strawberry"},{"floor":25,"key":"Nunchaku"}],"event_choices":[{"damage_healed":0,"gold_gain":0,"player_choice":"Upgraded","damage_taken":0,"max_hp_gain":0,"max_hp_loss":0,"event_name":"Upgrade Shrine","floor":3,"gold_loss":0,"cards_upgraded":["Phantasmal Killer"]},{"damage_healed":0,"gold_gain":0,"cards_transformed":["Strike_G","Defend_G"],"player_choice":"Became Test Subject","damage_taken":0,"max_hp_gain":0,"max_hp_loss":0,"event_name":"Drug Dealer","floor":24,"gold_loss":0,"cards_obtained":["Calculated Gamble","Deflect"]},{"cards_removed":["Strike_G"],"damage_healed":0,"gold_gain":0,"player_choice":"Elegance","damage_taken":0,"max_hp_gain":0,"max_hp_loss":0,"event_name":"Back to Basics","floor":26,"gold_loss":0}],"is_beta":false,"boss_relics":[{"not_picked":["Snecko Eye","Painkiller Herb"],"picked":"Philosopher\u0027s Stone"}],"items_purged_floors":[5],"is_endless":false,"potions_floor_spawned":[4,11,14,18,20,25],"killed_by":"Slavers","ascension_level":4}}