{"host":"lv7etzzgwahaenh9","time":1613859239,"event":{"mods":["AchievementEnabler","BaseMod","Colored Map","Colored Powertips","Highlight Path","Minty Spire (QoL Compilation)","Permanent Neow","Quick Restart","Random Character Button","StSLib"],"gold_per_floor":[128,148,177,186,213,213,250,250,250,284,25,25,61,86,86,171,171,181,181,194,210,235,235,275,275,326,326,326,339,362,406,406,492,492,511,538,166,192,202,202,240,240,240,267,301,344,344,362,362,362,362],"floor_reached":50,"language":"ENG","playtime":2619,"items_purged":["Strike_B"],"score":980,"play_id":"aa15f2a2-8b14-4ae7-ab45-a3f2b273df81","local_time":"20210220141359","is_ascension_mode":true,"campfire_choices":[{"data":"Zap","floor":6.0,"key":"SMITH"},{"data":"Defragment","floor":8.0,"key":"SMITH"},{"data":"Hologram","floor":15.0,"key":"SMITH"},{"data":"Fission","floor":23.0,"key":"SMITH"},{"data":"Coolheaded","floor":25.0,"key":"SMITH"},{"data":"Chill","floor":27.0,"key":"SMITH"},{"data":"Dualcast","floor":32.0,"key":"SMITH"},{"data":"Defend_B","floor":40.0,"key":"PURGE"},{"data":"Buffer","floor":42.0,"key":"SMITH"},{"floor":49.0,"key":"RECALL"}],"circlet_count":0,"master_deck":["AscendersBane","Strike_B","Strike_B","Defend_B","Defend_B","Defend_B","Zap+1","Dualcast+1","Compile Driver","Doom and Gloom","Genetic Algorithm","Self Repair","Defragment+1","Chill+1","The Bomb+1","Beam Cell","Loop","Sweeping Beam","Hologram+1","Fission+1","Core Surge","Coolheaded+1","All For One","Storm","Creative AI","Turbo","Static Discharge","Defragment+1","Blizzard+1","Buffer+1","Panache","Apotheosis","Good Instincts","Electrodynamics","Echo Form"],"relics":["Cracked Core","CeramicFish","Pear","Darkstone Periapt","Pantograph","Coffee Dripper","Nloth\u0027s Gift","Peace Pipe","MealTicket","Bottled Flame","Runic Pyramid","DataDisk","DollysMirror","Juzu Bracelet","Prayer Wheel","The Courier"],"acts_visited":["Exordium","TheCity","TheBeyond"],"potions_floor_usage":[50],"damage_taken":[{"damage":2.0,"enemies":"Jaw Worm","floor":1.0,"turns":3.0},{"damage":0.0,"enemies":"Cultist","floor":2.0,"turns":3.0},{"damage":5.0,"enemies":"Small Slimes","floor":3.0,"turns":3.0},{"damage":9.0,"enemies":"2 Fungi Beasts","floor":5.0,"turns":4.0},{"damage":22.0,"enemies":"3 Sentries","floor":7.0,"turns":7.0},{"damage":24.0,"enemies":"Gremlin Nob","floor":10.0,"turns":4.0},{"damage":2.0,"enemies":"3 Sentries","floor":13.0,"turns":5.0},{"damage":0.0,"enemies":"Red Slaver","floor":14.0,"turns":3.0},{"damage":34.0,"enemies":"Slime Boss","floor":16.0,"turns":6.0},{"damage":0.0,"enemies":"Chosen","floor":18.0,"turns":4.0},{"damage":7.0,"enemies":"3 Byrds","floor":20.0,"turns":5.0},{"damage":13.0,"enemies":"Sentry and Sphere","floor":21.0,"turns":6.0},{"damage":29.0,"enemies":"Shelled Parasite and Fungi","floor":22.0,"turns":8.0},{"damage":3.0,"enemies":"Slavers","floor":24.0,"turns":3.0},{"damage":0.0,"enemies":"3 Cultists","floor":29.0,"turns":4.0},{"damage":25.0,"enemies":"Snecko","floor":30.0,"turns":6.0},{"damage":20.0,"enemies":"Book of Stabbing","floor":31.0,"turns":5.0},{"damage":54.0,"enemies":"Automaton","floor":33.0,"turns":11.0},{"damage":11.0,"enemies":"Orb Walker","floor":35.0,"turns":3.0},{"damage":0.0,"enemies":"3 Shapes","floor":36.0,"turns":6.0},{"damage":9.0,"enemies":"3 Darklings","floor":38.0,"turns":4.0},{"damage":4.0,"enemies":"Spire Growth","floor":39.0,"turns":5.0},{"damage":40.0,"enemies":"Giant Head","floor":41.0,"turns":7.0},{"damage":0.0,"enemies":"Mind Bloom Boss Battle","floor":45.0,"turns":5.0},{"damage":40.0,"enemies":"Nemesis","floor":46.0,"turns":5.0},{"damage":49.0,"enemies":"Writhing Mass","floor":48.0,"turns":4.0},{"damage":62,"enemies":"Donu and Deca","floor":50,"turns":5}],"seed_played":"-6731967828040892511","potions_obtained":[{"floor":2.0,"key":"Strength Potion"},{"floor":10.0,"key":"Fruit Juice"},{"floor":13.0,"key":"GamblersBrew"},{"floor":20.0,"key":"Block Potion"},{"floor":24.0,"key":"Fire Potion"},{"floor":29.0,"key":"AttackPotion"},{"floor":30.0,"key":"Fire Potion"},{"floor":33.0,"key":"Block Potion"},{"floor":35.0,"key":"AttackPotion"},{"floor":38.0,"key":"Fire Potion"},{"floor":48.0,"key":"LiquidMemories"}],"is_trial":false,"path_per_floor":["M","M","M","?","M","R","E","R","T","E","$","?","E","M","R","B",null,"M","?","M","M","M","R","E","R","T","R","?","M","M","E","R","B",null,"M","M","$","M","M","R","E","R","T","?","?","E","?","M","R","B"],"character_chosen":"DEFECT","items_purchased":["The Bomb","Beam Cell","Loop","DataDisk","DollysMirror"],"campfire_rested":0,"item_purchase_floors":[11,11,11,37,37],"current_hp_per_floor":[62,62,57,57,48,48,43,43,43,26,26,26,31,31,31,22,66,73,73,73,67,45,45,42,42,42,42,81,81,63,50,50,28,68,69,76,86,77,80,80,47,47,47,37,62,32,75,33,33,0,0],"gold":362,"neow_bonus":"RANDOM_COMMON_RELIC","is_daily":false,"chose_seed":false,"campfire_upgraded":8,"win_rate":0.0,"timestamp":1613859239,"path_taken":["M","M","M","?","M","R","E","R","T","E","?","?","E","M","R","BOSS","M","?","M","M","?","R","E","R","T","R","?","?","?","E","R","BOSS","M","M","$","M","M","R","E","R","T","?","?","E","?","M","R","BOSS"],"items_purchased_type":["Card","Card","Card","Relic","Relic"],"build_version":"2020-12-22","purchased_purges":1,"victory":false,"max_hp_per_floor":[71,71,71,71,71,71,81,81,81,81,81,81,81,81,81,81,81,81,81,81,81,81,81,81,81,81,81,81,81,81,81,81,81,81,86,86,86,86,86,86,86,86,86,86,86,86,75,75,75,75,75],"card_choices":[{"not_picked":["Turbo","Barrage"],"picked":"Compile Driver","floor":1.0},{"not_picked":["Skim","Rebound"],"picked":"Doom and Gloom","floor":2.0},{"not_picked":["Beam Cell","Rip and Tear"],"picked":"Auto Shields","floor":3.0},{"not_picked":["Force Field","Cold Snap"],"picked":"Self Repair","floor":5.0},{"not_picked":["Aggregate","Tempest"],"picked":"Defragment","floor":7.0},{"not_picked":["Heatsinks","Self Repair"],"picked":"Chill","floor":10.0},{"not_picked":["FTL","Cold Snap"],"picked":"Sweeping Beam","floor":13.0},{"not_picked":["Rebound","Sweeping Beam"],"picked":"Hologram","floor":14.0},{"not_picked":["All For One","Thunder Strike"],"picked":"Fission","floor":16.0},{"not_picked":["Compile Driver","Gash","Force Field"],"picked":"SKIP","floor":18.0},{"not_picked":["Go for the Eyes","Turbo","Leap"],"picked":"SKIP","floor":20.0},{"not_picked":["White Noise","Chaos","Scrape+1"],"picked":"SKIP","floor":21.0},{"not_picked":["Barrage","Stack+1"],"picked":"Core Surge","floor":22.0},{"not_picked":["Hologram","Rebound"],"picked":"Coolheaded","floor":24.0},{"not_picked":["Streamline","Loop","Sweeping Beam+1"],"picked":"SKIP","floor":29.0},{"not_picked":["Conserve Battery","Go for the Eyes"],"picked":"All For One","floor":30.0},{"not_picked":["Genetic Algorithm","Hyperbeam"],"picked":"Storm","floor":31.0},{"not_picked":["Fission","Buffer"],"picked":"Creative AI","floor":33.0},{"not_picked":["Sweeping Beam","Rebound"],"picked":"Turbo","floor":35.0},{"not_picked":["Ball Lightning","Compile Driver+1"],"picked":"Static Discharge","floor":36.0},{"not_picked":["Redo","Rebound"],"picked":"Blizzard+1","floor":38.0},{"not_picked":["Coolheaded","Go for the Eyes","Sweeping Beam"],"picked":"SKIP","floor":39.0},{"not_picked":["Conserve Battery","Stack"],"picked":"Buffer","floor":41.0},{"not_picked":["Dramatic Entrance","Deep Breath"],"picked":"Panache","floor":44.0},{"not_picked":["Secret Weapon","Flash of Steel"],"picked":"Apotheosis","floor":44.0},{"not_picked":["Mind Blast","Dark Shackles"],"picked":"Good Instincts","floor":44.0},{"not_picked":["Stack","Lockon"],"picked":"Electrodynamics","floor":45.0},{"not_picked":["Machine Learning","Rip and Tear"],"picked":"Echo Form","floor":46.0},{"not_picked":["Auto Shields","Streamline","Sweeping Beam"],"picked":"SKIP","floor":48.0},{"not_picked":["Gash","Core Surge","Hologram+1"],"picked":"SKIP","floor":48.0}],"player_experience":483714,"relics_obtained":[{"floor":7.0,"key":"Pear"},{"floor":9.0,"key":"Darkstone Periapt"},{"floor":10.0,"key":"Pantograph"},{"floor":13.0,"key":"Art of War"},{"floor":24.0,"key":"Peace Pipe"},{"floor":26.0,"key":"MealTicket"},{"floor":31.0,"key":"Bottled Flame"},{"floor":41.0,"key":"Juzu Bracelet"},{"floor":45.0,"key":"Prayer Wheel"},{"floor":46.0,"key":"The Courier"}],"event_choices":[{"damage_healed":0.0,"max_hp_gain":0.0,"max_hp_loss":0.0,"gold_gain":0.0,"cards_transformed":["Strike_B"],"event_name":"Transmorgrifier","player_choice":"Transformed","floor":4.0,"gold_loss":0.0,"damage_taken":0.0,"cards_obtained":["Genetic Algorithm"]},{"damage_healed":0.0,"max_hp_gain":0.0,"max_hp_loss":0.0,"gold_gain":0.0,"event_name":"Living Wall","player_choice":"Grow","floor":12.0,"gold_loss":0.0,"damage_taken":0.0,"cards_upgraded":["The Bomb"]},{"damage_healed":0.0,"max_hp_gain":0.0,"max_hp_loss":0.0,"gold_gain":0.0,"event_name":"N\u0027loth","player_choice":"Traded Relic","floor":19.0,"relics_lost":["Art of War"],"gold_loss":0.0,"damage_taken":0.0,"relics_obtained":["Nloth\u0027s Gift"]},{"cards_removed":["Auto Shields"],"damage_healed":39.0,"max_hp_gain":0.0,"max_hp_loss":0.0,"gold_gain":0.0,"event_name":"Bonfire Elementals","player_choice":"Offered Uncommon","floor":28.0,"gold_loss":0.0,"damage_taken":0.0},{"damage_healed":0.0,"max_hp_gain":0.0,"max_hp_loss":0.0,"gold_gain":0.0,"event_name":"SensoryStone","player_choice":"Memory 3","floor":44.0,"gold_loss":0.0,"damage_taken":10.0},{"damage_healed":0.0,"max_hp_gain":0.0,"max_hp_loss":0.0,"gold_gain":0.0,"event_name":"MindBloom","player_choice":"Fight","floor":45.0,"gold_loss":0.0,"damage_taken":0.0},{"damage_healed":75.0,"max_hp_gain":0.0,"max_hp_loss":11.0,"gold_gain":0.0,"event_name":"The Moai Head","player_choice":"Heal","floor":47.0,"gold_loss":0.0,"damage_taken":0.0}],"is_beta":false,"boss_relics":[{"not_picked":["SlaversCollar","SacredBark"],"picked":"Coffee Dripper"},{"not_picked":["Philosopher\u0027s Stone","Sozu"],"picked":"Runic Pyramid"}],"items_purged_floors":[37],"is_endless":false,"potions_floor_spawned":[2,10,13,20,24,29,30,33,35,38,48],"killed_by":"Donu and Deca","ascension_level":14}}