{"host":"mnpd8gh7cwxsn5kh","time":1613840670,"event":{"mods":["BaseMod","Bestiary","Block Reminder","Colored Map","Colored Powertips","Highlight Path","Minty Spire (QoL Compilation)","Relic Sorter","Relic Stats"],"gold_per_floor":[210,221,231,27,39,70,88,116,140,170,10,10,38,57,57,57,57],"floor_reached":16,"language":"ENG","playtime":1433,"items_purged":["Strike_G"],"score":244,"play_id":"ac4d1a83-0dbb-4433-a14b-d9749624e893","local_time":"20210220180430","is_ascension_mode":true,"campfire_choices":[{"floor":12,"key":"REST"},{"data":"Venomology","floor":15,"key":"SMITH"}],"circlet_count":0,"master_deck":["AscendersBane","Strike_G","Strike_G","Strike_G","Strike_G","Defend_G","Defend_G","Defend_G","Defend_G","Defend_G","Survivor","Neutralize","Slice","Flying Knee","Masterful Stab","Venomology+1","Dagger Spray","Dagger Spray","Terror","Cloak And Dagger","Backflip","Blade Dance"],"relics":["Ring of the Snake","Orichalcum","Regal Pillow","Ancient Tea Set","Potion Belt","Blood Vial"],"acts_visited":["Exordium"],"potions_floor_usage":[8,16,16],"damage_taken":[{"damage":6.0,"enemies":"Cultist","floor":1.0,"turns":5.0},{"damage":0.0,"enemies":"2 Louse","floor":2.0,"turns":4.0},{"damage":7.0,"enemies":"Jaw Worm","floor":3.0,"turns":6.0},{"damage":1.0,"enemies":"2 Fungi Beasts","floor":5.0,"turns":3.0},{"damage":2.0,"enemies":"3 Sentries","floor":6.0,"turns":4.0},{"damage":10.0,"enemies":"Lots of Slimes","floor":7.0,"turns":4.0},{"damage":14,"enemies":"Gremlin Nob","floor":8,"turns":4},{"damage":21,"enemies":"3 Sentries","floor":13,"turns":14},{"damage":8,"enemies":"3 Louse","floor":14,"turns":2},{"damage":33,"enemies":"Hexaghost","floor":16,"turns":11}],"seed_played":"-3164703899253998513","potions_obtained":[{"floor":2.0,"key":"DuplicationPotion"},{"floor":7,"key":"Block Potion"}],"is_trial":false,"path_per_floor":["M","M","M","$","M","E","M","E","T","?","$","R","E","M","R","B"],"character_chosen":"THE_SILENT","items_purchased":["Venomology","Dagger Spray","Potion Belt"],"campfire_rested":1,"item_purchase_floors":[4,4,11],"current_hp_per_floor":[53,53,46,46,45,43,33,19,19,19,19,53,32,26,26,0,0],"gold":57,"neow_bonus":"HUNDRED_GOLD","is_daily":false,"chose_seed":false,"campfire_upgraded":1,"win_rate":0.0,"timestamp":1613840670,"path_taken":["M","M","M","$","?","E","M","E","T","?","$","R","E","M","R","BOSS"],"items_purchased_type":["Card","Card","Relic"],"build_version":"2020-12-22","purchased_purges":1,"victory":false,"max_hp_per_floor":[66,66,66,66,66,66,66,66,66,66,66,66,66,66,66,66,66],"relic_stats":{"Blood Vial":4,"Regal Pillow":15,"counters":[10,57],"Orichalcum":[78],"obtain_stats":[{"Potion Belt":11,"Blood Vial":13,"Regal Pillow":8,"Orichalcum":6,"Ancient Tea Set":9,"Ring of the Snake":0},{"Potion Belt":7,"Blood Vial":8,"Regal Pillow":7,"Orichalcum":5,"Ancient Tea Set":7,"Ring of the Snake":0},{"Potion Belt":30,"Blood Vial":44,"Regal Pillow":30,"Orichalcum":22,"Ancient Tea Set":30,"Ring of the Snake":0}],"Ring of the Snake":[20]},"card_choices":[{"not_picked":["Deflect","Deadly Poison"],"picked":"Slice","floor":1.0},{"not_picked":["Concentrate","Acrobatics"],"picked":"Flying Knee","floor":2.0},{"not_picked":["Dagger Spray","Poisoned Stab"],"picked":"Masterful Stab","floor":3.0},{"not_picked":["Quick Slash","Underhanded Strike"],"picked":"Dagger Spray","floor":5.0},{"not_picked":["Cloak And Dagger","Infinite Blades"],"picked":"Terror","floor":6.0},{"not_picked":["Catalyst","Bullet Time"],"picked":"Cloak And Dagger","floor":7},{"not_picked":["Dodge and Roll","Slice"],"picked":"Backflip","floor":8},{"not_picked":["Noxious Fumes","Terror"],"picked":"Blade Dance","floor":13},{"not_picked":["Deadly Poison","Crippling Poison","Cloak And Dagger"],"picked":"SKIP","floor":14}],"player_experience":640798,"relics_obtained":[{"floor":6.0,"key":"Orichalcum"},{"floor":8,"key":"Regal Pillow"},{"floor":9,"key":"Ancient Tea Set"},{"floor":13,"key":"Blood Vial"}],"event_choices":[{"damage_healed":0,"gold_gain":30,"player_choice":"Searched \u00272\u0027 times","damage_taken":0,"max_hp_gain":0,"max_hp_loss":0,"event_name":"Dead Adventurer","floor":10,"gold_loss":0}],"is_beta":false,"boss_relics":[],"items_purged_floors":[4],"is_endless":false,"potions_floor_spawned":[2,5,7],"killed_by":"Hexaghost","ascension_level":20}}