{"host":"e8rlfedn69rz2s07","time":1613826491,"event":{"mods":["AchievementEnabler","BaseMod","Minty Spire (QoL Compilation)","Permanent Neow","Relic Stats"],"gold_per_floor":[363,363,373,49,49,82,92,92,92,117,130,130,161,180,180,280,280,291,303,303,317,37,67,67,97,124,149,149,149,183,209,209,314,314,333,343,356,356,578,609,609,637,637,637,682,715,715,750,750,750,750,750,115,142,142],"floor_reached":56,"language":"ENG","playtime":3451,"items_purged":[],"score":1946,"play_id":"cdf3f4ff-24eb-4c6c-882e-e1ba0beb891a","local_time":"20210220150810","is_ascension_mode":true,"campfire_choices":[{"floor":8.0,"key":"REST"},{"floor":12.0,"key":"REST"},{"data":"Apotheosis","floor":15,"key":"SMITH"},{"floor":29,"key":"RECALL"},{"floor":32,"key":"REST"},{"floor":49,"key":"REST"},{"floor":52,"key":"REST"}],"circlet_count":0,"master_deck":["Defend_P","Defend_P","Defend_P+1","Eruption+1","Vigilance+1","ThirdEye+1","Meditate","Apotheosis+1","EmptyBody+1","EmptyFist+1","CutThroughFate+1","Worship+1","WaveOfTheHand","Scrawl","Protect+1","WheelKick+1","Wallop+1","MentalFortress+1","FlurryOfBlows","LessonLearned+1","Evaluate+1","ClearTheMind+1","Ragnarok+1","Swivel","Devotion+1","InnerPeace","FlurryOfBlows+1","Fasting2+1","FlurryOfBlows","Eruption","Crescendo","SpiritShield","TalkToTheHand","Crescendo","ForeignInfluence+1"],"relics":["PureWater","PreservedInsect","Yang","InkBottle","Frozen Egg 2","Omamori","Fusion Hammer","War Paint","Sling","Akabeko","Damaru","Juzu Bracelet","Red Mask","Vajra","Cursed Key","Oddly Smooth Stone","MealTicket","Shuriken","CaptainsWheel","Strawberry","Anchor","HandDrill","Nunchaku","Bag of Marbles","Happy Flower"],"acts_visited":["Exordium","TheCity","TheBeyond","TheEnding"],"potions_floor_usage":[27,55,55,55],"damage_taken":[{"damage":8.0,"enemies":"Small Slimes","floor":1.0,"turns":6.0},{"damage":0.0,"enemies":"2 Louse","floor":3.0,"turns":2.0},{"damage":22.0,"enemies":"3 Sentries","floor":6.0,"turns":10.0},{"damage":0.0,"enemies":"Cultist","floor":7.0,"turns":4.0},{"damage":0.0,"enemies":"Lagavulin","floor":10.0,"turns":4.0},{"damage":0.0,"enemies":"2 Fungi Beasts","floor":11.0,"turns":4.0},{"damage":13.0,"enemies":"Gremlin Nob","floor":13.0,"turns":4.0},{"damage":3.0,"enemies":"Blue Slaver","floor":14.0,"turns":4.0},{"damage":0,"enemies":"The Guardian","floor":16,"turns":13},{"damage":0,"enemies":"Spheric Guardian","floor":18,"turns":7},{"damage":0,"enemies":"3 Byrds","floor":19,"turns":4},{"damage":0,"enemies":"Centurion and Healer","floor":21,"turns":3},{"damage":0,"enemies":"Book of Stabbing","floor":23,"turns":3},{"damage":8,"enemies":"Slavers","floor":25,"turns":4},{"damage":0,"enemies":"Gremlin Leader","floor":27,"turns":4},{"damage":0,"enemies":"Masked Bandits","floor":30,"turns":2},{"damage":0,"enemies":"Book of Stabbing","floor":31,"turns":3},{"damage":1,"enemies":"Champ","floor":33,"turns":7},{"damage":0,"enemies":"Orb Walker","floor":35,"turns":6},{"damage":0,"enemies":"3 Shapes","floor":36,"turns":4},{"damage":0,"enemies":"3 Darklings","floor":37,"turns":4},{"damage":8,"enemies":"Reptomancer","floor":40,"turns":3},{"damage":0,"enemies":"Nemesis","floor":42,"turns":3},{"damage":4,"enemies":"2 Orb Walkers","floor":45,"turns":4},{"damage":0,"enemies":"Reptomancer","floor":46,"turns":5},{"damage":2,"enemies":"Nemesis","floor":48,"turns":3},{"damage":9,"enemies":"Awakened One","floor":50,"turns":7},{"damage":0,"enemies":"Shield and Spear","floor":54,"turns":3},{"damage":70,"enemies":"The Heart","floor":55,"turns":5}],"seed_played":"-7206718841950622936","potions_obtained":[{"floor":3.0,"key":"FearPotion"},{"floor":6.0,"key":"SteroidPotion"},{"floor":10.0,"key":"Dexterity Potion"},{"floor":27,"key":"Swift Potion"},{"floor":42,"key":"Ancient Potion"}],"is_trial":false,"path_per_floor":["M","?","M","$","?","E","M","R","T","E","M","R","E","M","R","B",null,"M","M","?","M","$","E","?","E","T","E","?","R","?","E","R","B",null,"M","M","M","?","?","E","?","E","T","?","?","E","?","E","R","B",null,"R","$","E","B",null],"character_chosen":"WATCHER","items_purchased":["Apotheosis","PreservedInsect","MentalFortress+1","FlurryOfBlows","Sling","TalkToTheHand","HandDrill","Nunchaku","Bag of Marbles","DuplicationPotion","Crescendo"],"campfire_rested":5,"item_purchase_floors":[4,4,22,22,22,53,53,53,53,53,53],"current_hp_per_floor":[43,36,36,36,36,14,14,35,35,35,35,56,43,40,40,40,64,64,64,64,64,64,64,64,56,56,56,56,56,56,56,72,71,72,72,72,72,72,72,64,64,64,64,64,60,67,67,65,79,70,77,79,79,79,9],"gold":142,"neow_bonus":"TWO_FIFTY_GOLD","is_daily":false,"chose_seed":false,"campfire_upgraded":1,"win_rate":0.0,"timestamp":1613826490,"path_taken":["M","?","M","$","?","E","M","R","T","E","M","R","E","?","R","BOSS","M","M","?","M","$","E","?","E","T","E","?","R","?","E","R","BOSS","M","M","M","?","?","E","?","E","T","?","?","E","?","E","R","BOSS","R","$","E","BOSS"],"items_purchased_type":["Card","Relic","Card","Card","Relic","Card","Relic","Relic","Relic","Potion","Card"],"build_version":"2020-12-22","purchased_purges":0,"victory":true,"max_hp_per_floor":[72,72,72,72,72,72,72,72,72,72,72,72,72,72,72,72,72,72,72,72,72,72,72,72,72,72,72,72,72,72,72,72,72,72,72,72,72,72,72,72,72,72,72,72,72,79,79,79,79,79,79,79,79,79,79],"relic_stats":{"Happy Flower":[1],"counters":[29,135],"Yang":[297],"PreservedInsect":531,"Juzu Bracelet":2,"War Paint":["Defend_P","EmptyBody"],"Cursed Key":1,"Nunchaku":[3],"Shuriken":[22],"MealTicket":0,"HandDrill":[2],"obtain_stats":[{"Vajra":31,"Yang":6,"Juzu Bracelet":27,"Sling":22,"Cursed Key":34,"Nunchaku":53,"Strawberry":46,"MealTicket":42,"Fusion Hammer":17,"Red Mask":30,"HandDrill":53,"InkBottle":9,"Happy Flower":54,"Damaru":25,"Oddly Smooth Stone":40,"PreservedInsect":4,"Omamori":13,"Frozen Egg 2":10,"War Paint":20,"Akabeko":23,"CaptainsWheel":45,"Anchor":48,"Shuriken":43,"Bag of Marbles":53,"PureWater":0},{"Vajra":17,"Yang":3,"Juzu Bracelet":15,"Sling":12,"Cursed Key":18,"Nunchaku":27,"Strawberry":25,"MealTicket":23,"Fusion Hammer":9,"Red Mask":16,"HandDrill":27,"InkBottle":4,"Happy Flower":28,"Damaru":14,"Oddly Smooth Stone":22,"PreservedInsect":2,"Omamori":7,"Frozen Egg 2":5,"War Paint":11,"Akabeko":13,"CaptainsWheel":24,"Anchor":26,"Shuriken":23,"Bag of Marbles":27,"PureWater":0},{"Vajra":81,"Yang":18,"Juzu Bracelet":76,"Sling":65,"Cursed Key":88,"Nunchaku":127,"Strawberry":117,"MealTicket":108,"Fusion Hammer":51,"Red Mask":78,"HandDrill":127,"InkBottle":22,"Happy Flower":130,"Damaru":72,"Oddly Smooth Stone":105,"PreservedInsect":8,"Omamori":34,"Frozen Egg 2":26,"War Paint":62,"Akabeko":68,"CaptainsWheel":112,"Anchor":120,"Shuriken":108,"Bag of Marbles":127,"PureWater":0}],"InkBottle":[49]},"card_choices":[{"not_picked":["PathToVictory","Crescendo"],"picked":"ThirdEye","floor":1.0},{"not_picked":["Study","WreathOfFlame"],"picked":"Meditate","floor":3.0},{"not_picked":["ClearTheMind","ThirdEye"],"picked":"EmptyBody","floor":6.0},{"not_picked":["SashWhip","JustLucky"],"picked":"Consecrate","floor":7.0},{"not_picked":["Crescendo","SandsOfTime"],"picked":"EmptyFist","floor":10.0},{"not_picked":["Halt","ThirdEye"],"picked":"CutThroughFate","floor":11.0},{"not_picked":["Brilliance","BowlingBash"],"picked":"Worship","floor":13.0},{"not_picked":["FearNoEvil","EmptyBody"],"picked":"WaveOfTheHand","floor":14.0},{"not_picked":["ConjureBlade","Brilliance"],"picked":"Scrawl","floor":16},{"not_picked":["JustLucky","PathToVictory+1"],"picked":"Protect","floor":18},{"not_picked":["PathToVictory","EmptyBody"],"picked":"WheelKick","floor":19},{"not_picked":["ClearTheMind+1","FlyingSleeves"],"picked":"Wallop","floor":21},{"not_picked":["MasterReality+1","CrushJoints","PathToVictory"],"picked":"SKIP","floor":23},{"not_picked":["PathToVictory","Halt","CarveReality"],"picked":"SKIP","floor":25},{"not_picked":["EmptyBody+1","ClearTheMind+1","Pray"],"picked":"SKIP","floor":27},{"not_picked":["EmptyBody+1","Pray"],"picked":"ClearTheMind+1","floor":27},{"not_picked":["DeceiveReality","Pray"],"picked":"Ragnarok","floor":30},{"not_picked":["SashWhip","Prostrate"],"picked":"Swivel","floor":31},{"not_picked":["DevaForm+1","Ragnarok"],"picked":"Devotion+1","floor":33},{"not_picked":["CutThroughFate+1","WaveOfTheHand+1"],"picked":"InnerPeace","floor":35},{"not_picked":["Prostrate+1","JustLucky+1","BowlingBash"],"picked":"SKIP","floor":36},{"not_picked":["Crescendo+1","ClearTheMind"],"picked":"FlurryOfBlows+1","floor":37},{"not_picked":["LessonLearned","FlyingSleeves+1","WaveOfTheHand+1"],"picked":"SKIP","floor":40},{"not_picked":["PathToVictory","EmptyBody+1"],"picked":"Fasting2+1","floor":42},{"not_picked":["SashWhip+1","WheelKick+1"],"picked":"FlurryOfBlows","floor":46},{"not_picked":["BattleHymn+1","InnerPeace"],"picked":"SpiritShield","floor":48},{"not_picked":["Evaluate","BowlingBash"],"picked":"ForeignInfluence+1","floor":54}],"player_experience":1103295,"relics_obtained":[{"floor":6.0,"key":"Yang"},{"floor":9.0,"key":"InkBottle"},{"floor":10.0,"key":"Frozen Egg 2"},{"floor":13.0,"key":"Omamori"},{"floor":23,"key":"Akabeko"},{"floor":25,"key":"Damaru"},{"floor":27,"key":"Juzu Bracelet"},{"floor":30,"key":"Red Mask"},{"floor":31,"key":"Vajra"},{"floor":40,"key":"Oddly Smooth Stone"},{"floor":42,"key":"MealTicket"},{"floor":43,"key":"Shuriken"},{"floor":45,"key":"CaptainsWheel"},{"floor":46,"key":"Strawberry"},{"floor":48,"key":"Anchor"},{"floor":54,"key":"Happy Flower"}],"event_choices":[{"cards_removed":["Strike_P"],"damage_healed":0.0,"max_hp_gain":0.0,"max_hp_loss":0.0,"gold_gain":0.0,"event_name":"Golden Wing","player_choice":"Card Removal","floor":2.0,"gold_loss":0.0,"damage_taken":7.0},{"damage_healed":0.0,"max_hp_gain":0.0,"max_hp_loss":0.0,"gold_gain":0.0,"event_name":"Match and Keep!","player_choice":"0 cards matched","floor":5.0,"gold_loss":0.0,"damage_taken":0.0,"cards_obtained":[]},{"damage_healed":0,"gold_gain":0,"player_choice":"Stole Relic","damage_taken":0,"relics_obtained":["War Paint"],"max_hp_gain":0,"max_hp_loss":0,"event_name":"Addict","floor":20,"gold_loss":0,"cards_obtained":["Shame"]},{"damage_healed":0,"gold_gain":0,"cards_transformed":["Strike_P","Defend_P"],"player_choice":"Became Test Subject","damage_taken":0,"max_hp_gain":0,"max_hp_loss":0,"event_name":"Drug Dealer","floor":24,"gold_loss":0,"cards_obtained":["LessonLearned","Evaluate"]},{"cards_removed":["Strike_P"],"damage_healed":0,"gold_gain":0,"player_choice":"Offered Basic","damage_taken":0,"max_hp_gain":0,"max_hp_loss":0,"event_name":"Bonfire Elementals","floor":28,"gold_loss":0},{"damage_healed":0,"gold_gain":0,"player_choice":"Fought Bandits","damage_taken":0,"max_hp_gain":0,"max_hp_loss":0,"event_name":"Masked Bandits","floor":30,"gold_loss":0},{"cards_removed":["Consecrate"],"damage_healed":0,"gold_gain":0,"player_choice":"Removed Attack","damage_taken":0,"max_hp_gain":0,"max_hp_loss":0,"event_name":"Falling","floor":38,"gold_loss":0},{"damage_healed":0,"gold_gain":222,"player_choice":"Wore Mask","damage_taken":0,"max_hp_gain":0,"max_hp_loss":0,"event_name":"Tomb of Lord Red Mask","floor":39,"gold_loss":0},{"damage_healed":0,"gold_gain":0,"player_choice":"Memory 1","damage_taken":0,"max_hp_gain":0,"max_hp_loss":0,"event_name":"SensoryStone","floor":41,"gold_loss":0},{"cards_removed":["Strike_P"],"damage_healed":0,"gold_gain":0,"player_choice":"Purged","damage_taken":0,"max_hp_gain":0,"max_hp_loss":0,"event_name":"Purifier","floor":44,"gold_loss":0},{"damage_healed":0,"gold_gain":0,"player_choice":"Fight","damage_taken":0,"max_hp_gain":0,"max_hp_loss":0,"event_name":"Mysterious Sphere","floor":45,"gold_loss":0},{"damage_healed":0,"gold_gain":0,"player_choice":"2 cards matched","damage_taken":0,"max_hp_gain":0,"max_hp_loss":0,"event_name":"Match and Keep!","floor":47,"gold_loss":0,"cards_obtained":["Eruption","Crescendo"]}],"is_beta":false,"boss_relics":[{"not_picked":["SacredBark","Velvet Choker"],"picked":"Fusion Hammer"},{"not_picked":["Snecko Eye","Busted Crown"],"picked":"Cursed Key"}],"items_purged_floors":[],"is_endless":false,"potions_floor_spawned":[3,6,10,14,19,23,27,37,40,42,54],"ascension_level":5}}