{"host":"s229x1smnerk6mew","time":1613802367,"event":{"mods":["BaseMod","Bestiary","Minty Spire (QoL Compilation)","Relic Stats"],"gold_per_floor":[115,115,62,62,62,95,95,152,179,195,225,150,169,187,187,187,187],"floor_reached":16,"language":"ENG","playtime":382,"items_purged":[],"score":266,"play_id":"7635a294-f740-450e-ad77-75d97035d497","local_time":"20210220172607","is_ascension_mode":true,"campfire_choices":[{"data":"Anger","floor":7,"key":"SMITH"},{"data":"Armaments","floor":15,"key":"SMITH"}],"circlet_count":0,"master_deck":["AscendersBane","Strike_R","Strike_R","Strike_R","Defend_R+1","Defend_R","Defend_R+1","Defend_R+1","Bash","Sword Boomerang+1","Sever Soul","Anger+1","Iron Wave","Spot Weakness","Twin Strike","Thunderclap","Armaments+1"],"relics":["Burning Blood","NeowsBlessing","Bronze Scales","War Paint","Mercury Hourglass","Ancient Tea Set","Paper Frog"],"acts_visited":["Exordium"],"potions_floor_usage":[16],"damage_taken":[{"damage":0,"enemies":"Jaw Worm","floor":1,"turns":1},{"damage":0,"enemies":"Lagavulin","floor":6,"turns":1},{"damage":0,"enemies":"3 Sentries","floor":8,"turns":2},{"damage":2,"enemies":"Small Slimes","floor":10,"turns":3},{"damage":6,"enemies":"Gremlin Nob","floor":11,"turns":3},{"damage":0,"enemies":"2 Louse","floor":13,"turns":1},{"damage":0,"enemies":"Large Slime","floor":14,"turns":2},{"damage":48,"enemies":"Slime Boss","floor":16,"turns":5}],"seed_played":"-9118356154644909312","potions_obtained":[{"floor":8,"key":"Dexterity Potion"},{"floor":11,"key":"Explosive Potion"}],"is_trial":false,"path_per_floor":["M","?","$","?","?","E","R","?","T","M","E","?","M","M","R","B"],"character_chosen":"IRONCLAD","items_purchased":["Anger"],"campfire_rested":0,"item_purchase_floors":[3],"current_hp_per_floor":[74,74,74,39,16,22,22,28,28,32,32,32,38,44,44,0,0],"gold":187,"neow_bonus":"THREE_ENEMY_KILL","is_daily":false,"chose_seed":false,"campfire_upgraded":2,"win_rate":0.0,"timestamp":1613802367,"path_taken":["M","?","$","?","?","E","R","?","T","M","E","?","M","M","R","BOSS"],"items_purchased_type":["Card"],"build_version":"2020-12-22","purchased_purges":0,"victory":false,"max_hp_per_floor":[75,75,75,75,75,75,75,75,75,75,75,75,75,75,75,75,75],"relic_stats":{"counters":[8,18],"Bronze Scales":[12],"War Paint":["Defend_R","Defend_R"],"obtain_stats":[{"NeowsBlessing":0,"Bronze Scales":4,"War Paint":6,"Ancient Tea Set":9,"Burning Blood":0,"Mercury Hourglass":8,"Paper Frog":11},{"NeowsBlessing":0,"Bronze Scales":1,"War Paint":2,"Ancient Tea Set":3,"Burning Blood":0,"Mercury Hourglass":3,"Paper Frog":5},{"NeowsBlessing":0,"Bronze Scales":1,"War Paint":2,"Ancient Tea Set":4,"Burning Blood":0,"Mercury Hourglass":4,"Paper Frog":10}],"Burning Blood":42,"Mercury Hourglass":[51]},"card_choices":[{"not_picked":["Perfected Strike","Warcry"],"picked":"Sword Boomerang","floor":1},{"not_picked":["Rupture","Wild Strike"],"picked":"Iron Wave","floor":6},{"not_picked":["Infernal Blade","Second Wind"],"picked":"Spot Weakness","floor":8},{"not_picked":["Havoc","Body Slam"],"picked":"Twin Strike","floor":10},{"not_picked":["Dark Embrace","Carnage"],"picked":"Thunderclap","floor":11},{"not_picked":["Heavy Blade","Hemokinesis","Entrench"],"picked":"SKIP","floor":13},{"not_picked":["Pommel Strike","Anger"],"picked":"Armaments","floor":14}],"player_experience":2076469,"relics_obtained":[{"floor":6,"key":"War Paint"},{"floor":8,"key":"Mercury Hourglass"},{"floor":9,"key":"Ancient Tea Set"},{"floor":11,"key":"Paper Frog"}],"event_choices":[{"damage_healed":0,"gold_gain":0,"cards_transformed":["Strike_R"],"player_choice":"Change","damage_taken":0,"max_hp_gain":0,"max_hp_loss":0,"event_name":"Living Wall","floor":2,"gold_loss":0,"cards_obtained":["Sever Soul"]},{"damage_healed":0,"gold_gain":0,"player_choice":"Success","damage_taken":35,"relics_obtained":["Bronze Scales"],"max_hp_gain":0,"max_hp_loss":0,"event_name":"Scrap Ooze","floor":4,"gold_loss":0},{"damage_healed":0,"gold_gain":0,"player_choice":"Entered Light","damage_taken":23,"max_hp_gain":0,"max_hp_loss":0,"event_name":"Shining Light","floor":5,"gold_loss":0,"cards_upgraded":["Defend_R","Sword Boomerang"]},{"damage_healed":0,"gold_gain":30,"player_choice":"Searched \u00273\u0027 times","damage_taken":0,"max_hp_gain":0,"max_hp_loss":0,"event_name":"Dead Adventurer","floor":8,"gold_loss":0},{"cards_removed":["Strike_R"],"damage_healed":0,"gold_gain":0,"player_choice":"Card Removal","damage_taken":0,"max_hp_gain":0,"max_hp_loss":0,"event_name":"The Cleric","floor":12,"gold_loss":75}],"is_beta":false,"boss_relics":[],"items_purged_floors":[],"is_endless":false,"potions_floor_spawned":[8,11],"killed_by":"Slime Boss","ascension_level":20}}