{"host":"d6oxvn0vsgxeumax","time":1613848021,"event":{"mods":["BaseMod","Better Altar","Better Match","Better Note","Better Sensory Stone","Better Skull","Better Third Choice","BetterRewards","Bossed Relics","Colored Map","Colored Powertips","Defuse TimeMaze Blight","Downfall","Hubris","Infinite Spire","Minty Spire (QoL Compilation)","Relic Sorter","Replay The Spire","Shop Mod","Spicy Shops","Spire Arcade","StSLib","The Bug Knight","Uncapped"],"gold_per_floor":[123,51,48,48,109,235,235,272,272,272,325,325,458,458,458,578,578,681,789,451,451,451,451,500,547,472,582,105,105,105,295,295,402,402,507,101,101,147,283,307,307,356,451,566,566,665],"floor_reached":51,"language":"ENG","playtime":1458,"items_purged":["Doubt","Hallucinations","Voices","Strike_R"],"score":1302,"play_id":"7c289250-9184-4a96-b802-69c928043ea9","local_time":"20210220130701","is_ascension_mode":true,"campfire_choices":[{"data":"Sword Boomerang","floor":7,"key":"SMITH"},{"data":"Bloodletting","floor":10,"key":"SMITH"},{"floor":15,"key":"REST"},{"data":"Rupture","floor":24,"key":"SMITH"},{"data":"Limit Break","floor":32,"key":"SMITH"},{"data":"Blood for Blood","floor":40,"key":"SMITH"},{"data":"ReplayTheSpireMod:Muscle Training","floor":49,"key":"SMITH"}],"circlet_count":0,"master_deck":["Strike_R","Strike_R","Defend_R","Defend_R","Combust+1","Blood for Blood+1","Sword Boomerang+1","Blood for Blood+1","Bloodletting+1","infinitespire:OneForAll+1","Immolate","Massacre","Rupture+1","Blood for Blood","Combust+1","Limit Break+1","Reaper","Blood for Blood+1","champ:FanOfKnives","ReplayTheSpireMod:Muscle Training+1"],"relics":["Burning Blood","ReplayTheSpireMod:Ring of Challenge","hubris:Teleporter","Letter Opener","Ring of Searing","Membership Card","Vajra","hubris:TenFootPole","Replay:Bandana","MerchantsRug","Blood Vial","hubris:OldNail","hexamod:BolsterEngine","Brimstone","CaptainsWheel","Tiny Chest","Replay:Ringing Soul","Slimebound:PreparedRelic","King of Hearts","Chameleon Ring","hubris:DisguiseKit","Replay:WaspNest","hubris:SlimyHat","Mummified Hand","Orichalcum","ReplayFunnel","hubris:Zylophone","Akabeko","Centennial Puzzle","Runic Dome","MealTicket","Chemical X","Slimebound:StickyStick","sneckomod:BlankCard","Medical Kit","infinitespire:Midas Blood","infinitespire:CheckeredPen","Happy Flower","The Courier","Potion Belt","hubris:AstralHammer","CeramicFish"],"acts_visited":["Exordium","TheCity","TheBeyond"],"potions_floor_usage":[6,13,30],"damage_taken":[{"damage":1,"enemies":"Cultist","floor":1,"turns":2},{"damage":32,"enemies":"3 Sentries","floor":6,"turns":4},{"damage":3,"enemies":"Gremlin Nob","floor":8,"turns":2},{"damage":18,"enemies":"Lagavulin","floor":11,"turns":3},{"damage":13,"enemies":"3 Sentries","floor":13,"turns":5},{"damage":8,"enemies":"Slime Boss","floor":16,"turns":2},{"damage":42,"enemies":"Shell Parasite","floor":18,"turns":4},{"damage":6,"enemies":"Chosen","floor":19,"turns":3},{"damage":5,"enemies":"Snecko","floor":28,"turns":3},{"damage":9,"enemies":"Champ","floor":33,"turns":3},{"damage":20,"enemies":"3 Darklings","floor":35,"turns":3},{"damage":18,"enemies":"Orb Walker","floor":37,"turns":2},{"damage":10,"enemies":"Writhing Mass","floor":41,"turns":2},{"damage":32,"enemies":"R_Hoarder","floor":42,"turns":3},{"damage":7,"enemies":"Nemesis","floor":45,"turns":3},{"damage":3,"enemies":"Jaw Worm Horde","floor":47,"turns":1},{"damage":10,"enemies":"R_Hoarder","floor":48,"turns":2},{"damage":14,"enemies":"Awakened One","floor":50,"turns":3}],"seed_played":"1972430219948188326","potions_obtained":[{"floor":1,"key":"champ:CounterPotion"},{"floor":11,"key":"LiquidMemories"},{"floor":18,"key":"EssenceOfSteel"},{"floor":25,"key":"EntropicBrew"},{"floor":47,"key":"LiquidMemories"}],"is_trial":false,"path_per_floor":["M","$","$","?","?","E","R","E","T","R","E","?","E","?","R","B",null,"M","M","$","?","T","R","?","T","?","M","$","T","R","B",null,"M","?","M","$","R","M","E","T","T","E","M","E","R","B",null],"character_chosen":"IRONCLAD","items_purchased":["Membership Card","Vajra","hubris:TenFootPole","Replay:Bandana","MerchantsRug","Blood Vial","Combust","Blood for Blood","Guide Book","hubris:OldNail","hexamod:BolsterEngine","Life Link","Brimstone","CaptainsWheel","DollysMirror","Replay:WaspNest","Rupture","hubris:Teleporter","hubris:SlimyHat","Blood for Blood","Limit Break","Pear","hubris:Zylophone","Akabeko","Chemical X","Slimebound:StickyStick","sneckomod:BlankCard","Medical Kit","infinitespire:Midas Blood","Blood for Blood"],"campfire_rested":1,"item_purchase_floors":[0,0,0,0,0,0,0,0,0,0,0,0,2,3,3,20,20,20,20,20,30,30,30,30,39,39,39,39,39,39],"current_hp_per_floor":[60,60,60,60,60,34,34,39,39,39,32,35,30,30,49,52,72,39,41,44,44,44,44,32,32,32,35,48,48,48,50,97,97,97,85,100,100,99,75,75,75,76,84,82,82,76],"gold":665,"neow_bonus":"","is_daily":false,"chose_seed":false,"campfire_upgraded":6,"win_rate":0.0,"timestamp":1613848021,"path_taken":["M","?","$","?","?","E","R","E","T","R","E","?","E","?","R","BOSS","M","M","$","?","?","R","?","T","?","?","$","?","R","BOSS","M","?","?","?","R","M","E","T","?","E","M","E","R","BOSS"],"items_purchased_type":["Relic","Relic","Relic","Relic","Relic","Relic","Card","Card","Relic","Relic","Relic","Card","Relic","Relic","Relic","Relic","Card","Relic","Relic","Card","Card","Relic","Relic","Relic","Relic","Relic","Relic","Relic","Relic","Card"],"build_version":"2020-12-22","purchased_purges":4,"victory":true,"max_hp_per_floor":[60,60,60,60,60,60,60,60,60,60,63,66,66,66,66,69,72,75,75,78,78,78,78,81,81,81,81,94,94,94,97,97,97,97,97,100,100,103,103,103,103,103,106,106,106,106],"card_choices":[{"not_picked":["Iron Wave","Run Through"],"picked":"Sword Boomerang","floor":1},{"not_picked":["Wild Strike","Heavy Blade"],"picked":"Bloodletting","floor":6},{"not_picked":["ReplayTheSpireMod:Strike From Hell","Second Wind","hubris:SharpeningStone"],"picked":"SKIP","floor":8},{"not_picked":["ReplayTheSpireMod:LeadingStrike","Life Link"],"picked":"infinitespire:OneForAll","floor":11},{"not_picked":["Metallicize","Rampage","Thunderclap"],"picked":"SKIP","floor":13},{"not_picked":["Demonic Infusion","Corruption"],"picked":"Immolate","floor":16},{"not_picked":["Clash+1","Heavy Blade"],"picked":"Massacre","floor":18},{"not_picked":["Havoc","Inflame","Cleave"],"picked":"SKIP","floor":19},{"not_picked":["Armaments+1","Perfected Strike","champ:Backstep"],"picked":"Combust+1","floor":25},{"not_picked":["Berserk","Sentinel+1","Carnage","champ:Duel"],"picked":"SKIP","floor":28},{"not_picked":["Bludgeon","Demonic Infusion","champ:Devastate"],"picked":"Reaper","floor":33},{"not_picked":["Shrug It Off+1","Dark Embrace+1","hubris:ReadiedAction+1","champ:PerfectedStrike"],"picked":"SKIP","floor":35},{"not_picked":["Anger","True Grit","Warcry","champ:GutPunch"],"picked":"SKIP","floor":37},{"not_picked":["Shrug It Off+1","Cleave+1","Clash+1"],"picked":"champ:FanOfKnives","floor":41},{"not_picked":["Replay:Undeath\u0027s Touch","Dark Embrace+1","Disarm+1","champ:DefensiveShout"],"picked":"SKIP","floor":42},{"not_picked":["Cleave+1","hubris:SharpeningStone+1","Run Through","champ:SetATrap"],"picked":"SKIP","floor":45},{"not_picked":["Replay:Undeath\u0027s Touch+1","Blood for Blood+1","champ:SetATrap"],"picked":"ReplayTheSpireMod:Muscle Training","floor":47},{"not_picked":["Rage+1","hubris:CleavingFinish+1","Massacre","champ:DefensiveShout"],"picked":"SKIP","floor":48}],"player_experience":1138009,"relics_obtained":[{"floor":4,"key":"Ring of Searing"},{"floor":4,"key":"ReplayTheSpireMod:Ring of Challenge"},{"floor":6,"key":"Bottled Flame"},{"floor":8,"key":"Tiny Chest"},{"floor":9,"key":"Replay:Ringing Soul"},{"floor":11,"key":"Slimebound:PreparedRelic"},{"floor":13,"key":"King of Hearts"},{"floor":13,"key":"Chameleon Ring"},{"floor":19,"key":"hubris:DisguiseKit"},{"floor":23,"key":"Mummified Hand"},{"floor":25,"key":"Orichalcum"},{"floor":26,"key":"ReplayFunnel"},{"floor":31,"key":"Letter Opener"},{"floor":33,"key":"Centennial Puzzle"},{"floor":37,"key":"MealTicket"},{"floor":42,"key":"infinitespire:CheckeredPen"},{"floor":43,"key":"Happy Flower"},{"floor":44,"key":"The Courier"},{"floor":45,"key":"Potion Belt"},{"floor":47,"key":"hubris:AstralHammer"},{"floor":48,"key":"CeramicFish"}],"event_choices":[{"damage_healed":0,"gold_gain":61,"player_choice":"Gained Gold","damage_taken":0,"max_hp_gain":0,"max_hp_loss":0,"event_name":"Golden Wing","floor":5,"gold_loss":0},{"damage_healed":0,"gold_gain":0,"player_choice":"Ignored","damage_taken":0,"max_hp_gain":0,"max_hp_loss":0,"event_name":"betterNote:BetterNote","floor":21,"gold_loss":0,"cards_obtained":["ReplayTheSpireMod:Book of Names"]},{"cards_removed":["Sickly"],"damage_healed":0,"gold_gain":0,"player_choice":"Gave Gold","damage_taken":0,"max_hp_gain":0,"max_hp_loss":0,"event_name":"Beggar","floor":27,"gold_loss":75},{"cards_removed":["Strike_R"],"damage_healed":0,"gold_gain":0,"player_choice":"Offered Basic","damage_taken":0,"max_hp_gain":0,"max_hp_loss":0,"event_name":"Bonfire Elementals","floor":36,"gold_loss":0}],"is_beta":false,"boss_relics":[{"not_picked":["hubris:VirtuousBlindfold","hubris:GrandSneckoEye"],"picked":"Kintsugi"},{"not_picked":["Electric Blood","Snecko Eye"],"picked":"Runic Dome"}],"items_purged_floors":[0,20,20,30],"is_endless":false,"potions_floor_spawned":[1,11,18,35,42,47],"ascension_level":1}}