{"host":"v54ek091sdz7ha6h","time":1613832601,"event":{"mods":["BaseMod","Colored Map","Colored Powertips","DeckTracker","Highlight Path","KOR Keyword Fix","Minty Spire (QoL Compilation)","Random Character Button","Rare Cards Sparkle","Relic Stats","StSLib","SuperFastMode","everything is the same but u backflip on backflip"],"gold_per_floor":[109,34,34,54,54,54,25,25,49,83,27,53,53,53,53,134,134,145,154,154,174,99,99,125,166,191,225,225,51,92,120,120,197,197,225,225,225],"floor_reached":36,"language":"KOR","playtime":912,"items_purged":["Defend_P"],"score":998,"play_id":"27db238e-42d6-4881-8cdd-7c11d332ee76","local_time":"20210220235001","is_ascension_mode":true,"campfire_choices":[{"data":"Apotheosis","floor":6.0,"key":"SMITH"},{"data":"Eruption","floor":8.0,"key":"SMITH"},{"data":"Vigilance","floor":13.0,"key":"SMITH"},{"floor":15.0,"key":"RECALL"},{"data":"Vault","floor":23.0,"key":"SMITH"},{"data":"Collect","floor":28.0,"key":"SMITH"},{"data":"Devotion","floor":32.0,"key":"SMITH"}],"circlet_count":0,"master_deck":["AscendersBane","Strike_P","Strike_P","Defend_P","Defend_P","Eruption+1","Vigilance+1","Apotheosis+1","JustLucky","EmptyBody","FlurryOfBlows","CrushJoints","JustLucky","Vault+1","FlurryOfBlows","Indignation+1","Collect+1","Study+1","Prostrate+1","Devotion+1","Evaluate+1","Prostrate+1","ThirdEye+1"],"relics":["HolyWater","CeramicFish","Gambling Chip","InkBottle","SacredBark","Mummified Hand","Damaru","Toxic Egg 2","Gremlin Horn"],"acts_visited":["Exordium","TheCity","TheBeyond"],"potions_floor_usage":[36],"damage_taken":[{"damage":0.0,"enemies":"Cultist","floor":1.0,"turns":3.0},{"damage":2.0,"enemies":"Jaw Worm","floor":4.0,"turns":4.0},{"damage":7.0,"enemies":"Lagavulin","floor":10.0,"turns":4.0},{"damage":0.0,"enemies":"Gremlin Nob","floor":12.0,"turns":2.0},{"damage":27.0,"enemies":"Hexaghost","floor":16.0,"turns":9.0},{"damage":0.0,"enemies":"Chosen","floor":18.0,"turns":2.0},{"damage":0.0,"enemies":"2 Thieves","floor":21.0,"turns":3.0},{"damage":0.0,"enemies":"Centurion and Healer","floor":24.0,"turns":4.0},{"damage":0.0,"enemies":"Book of Stabbing","floor":25.0,"turns":4.0},{"damage":0.0,"enemies":"Gremlin Leader","floor":27.0,"turns":4.0},{"damage":11.0,"enemies":"Book of Stabbing","floor":30.0,"turns":3.0},{"damage":10.0,"enemies":"Cultist and Chosen","floor":31.0,"turns":4.0},{"damage":24.0,"enemies":"Collector","floor":33.0,"turns":7.0},{"damage":0.0,"enemies":"3 Shapes","floor":35.0,"turns":2.0},{"damage":49,"enemies":"3 Darklings","floor":36,"turns":5}],"seed_played":"-6401178096364770099","potions_obtained":[{"floor":1.0,"key":"SneckoOil"},{"floor":12.0,"key":"AttackPotion"},{"floor":21.0,"key":"PowerPotion"},{"floor":24.0,"key":"Swift Potion"},{"floor":31.0,"key":"Strength Potion"},{"floor":35.0,"key":"SkillPotion"}],"is_trial":false,"path_per_floor":["M","$","?","M","?","R","$","R","T","E","$","E","R","T","R","B",null,"M","?","?","M","?","R","M","E","T","E","R","$","E","M","R","B",null,"M","M"],"character_chosen":"WATCHER","items_purchased":["CrushJoints","Fire Potion","Prostrate+1","Devotion"],"campfire_rested":0,"item_purchase_floors":[7,11,29,29],"current_hp_per_floor":[61,61,61,59,59,59,59,59,59,52,52,52,52,52,52,25,53,53,53,53,53,53,53,53,53,53,53,53,53,42,32,32,8,49,49,0,0],"gold":225,"neow_bonus":"RANDOM_COLORLESS_2","is_daily":false,"chose_seed":false,"campfire_upgraded":6,"win_rate":0.0,"timestamp":1613832601,"path_taken":["M","?","?","?","?","R","?","R","T","E","?","E","R","?","R","BOSS","M","?","?","M","?","R","M","E","T","E","R","$","E","M","R","BOSS","M","M"],"items_purchased_type":["Card","Potion","Card","Card"],"build_version":"2020-12-22","purchased_purges":1,"victory":false,"max_hp_per_floor":[62,62,62,62,62,62,62,62,62,62,62,62,62,62,62,62,62,62,62,62,62,62,62,62,62,62,62,62,62,62,62,62,62,62,62,62,62],"relic_stats":{"Gremlin Horn":[7,7],"counters":[15,60],"Mummified Hand":[13],"CeramicFish":99,"Gambling Chip":[43],"obtain_stats":[{"Gremlin Horn":30,"Mummified Hand":25,"CeramicFish":9,"Gambling Chip":12,"SacredBark":17,"Damaru":26,"HolyWater":34,"PureWater":0,"Toxic Egg 2":27,"InkBottle":14},{"Gremlin Horn":11,"Mummified Hand":9,"CeramicFish":2,"Gambling Chip":4,"SacredBark":5,"Damaru":9,"HolyWater":13,"PureWater":0,"Toxic Egg 2":10,"InkBottle":4},{"Gremlin Horn":42,"Mummified Hand":35,"CeramicFish":7,"Gambling Chip":13,"SacredBark":22,"Damaru":35,"HolyWater":53,"PureWater":0,"Toxic Egg 2":39,"InkBottle":13}],"InkBottle":[27]},"card_choices":[{"not_picked":["Secret Weapon","Mayhem"],"picked":"Apotheosis","floor":0.0},{"not_picked":["ReachHeaven","CutThroughFate"],"picked":"JustLucky","floor":1.0},{"not_picked":["Wireheading","ClearTheMind"],"picked":"EmptyBody","floor":4.0},{"not_picked":["PathToVictory","WreathOfFlame"],"picked":"JustLucky","floor":10.0},{"not_picked":["Devotion","Meditate","WreathOfFlame"],"picked":"SKIP","floor":12.0},{"not_picked":["Establishment","Omniscience"],"picked":"Vault","floor":16.0},{"not_picked":["Prostrate","JustLucky","ClearTheMind"],"picked":"SKIP","floor":18.0},{"not_picked":["Meditate","ThirdEye"],"picked":"Indignation+1","floor":21.0},{"not_picked":["ClearTheMind","EmptyFist"],"picked":"Collect","floor":24.0},{"not_picked":["Swivel","EmptyMind"],"picked":"Study+1","floor":25.0},{"not_picked":["Conclude","EmptyFist","Meditate+1"],"picked":"SKIP","floor":27.0},{"not_picked":["Crescendo+1","LikeWater+1"],"picked":"Evaluate+1","floor":30.0},{"not_picked":["Evaluate+1","Halt+1"],"picked":"Prostrate+1","floor":31.0},{"not_picked":["FlurryOfBlows","JustLucky"],"picked":"ThirdEye+1","floor":35.0}],"player_experience":1479819,"relics_obtained":[{"floor":9.0,"key":"CeramicFish"},{"floor":12.0,"key":"Gambling Chip"},{"floor":14.0,"key":"InkBottle"},{"floor":25.0,"key":"Mummified Hand"},{"floor":26.0,"key":"Damaru"},{"floor":27.0,"key":"Toxic Egg 2"},{"floor":30.0,"key":"Gremlin Horn"}],"event_choices":[{"cards_removed":["Defend_P"],"damage_healed":0.0,"max_hp_gain":0.0,"max_hp_loss":0.0,"gold_gain":0.0,"event_name":"Purifier","player_choice":"Purged","floor":3.0,"gold_loss":0.0,"damage_taken":0.0},{"damage_healed":0.0,"max_hp_gain":0.0,"max_hp_loss":0.0,"gold_gain":0.0,"event_name":"Match and Keep!","player_choice":"1 cards matched","floor":5.0,"gold_loss":0.0,"damage_taken":0.0,"cards_obtained":["FlurryOfBlows"]},{"damage_healed":0.0,"max_hp_gain":0.0,"max_hp_loss":0.0,"gold_gain":0.0,"event_name":"The Library","player_choice":"Read","floor":19.0,"gold_loss":0.0,"damage_taken":0.0,"cards_obtained":["FlurryOfBlows"]},{"cards_removed":["Strike_P"],"damage_healed":0.0,"max_hp_gain":0.0,"max_hp_loss":0.0,"gold_gain":0.0,"event_name":"Back to Basics","player_choice":"Elegance","floor":20.0,"gold_loss":0.0,"damage_taken":0.0},{"cards_removed":["Strike_P"],"damage_healed":0.0,"max_hp_gain":0.0,"max_hp_loss":0.0,"gold_gain":0.0,"event_name":"Beggar","player_choice":"Gave Gold","floor":22.0,"gold_loss":75.0,"damage_taken":0.0}],"is_beta":false,"boss_relics":[{"not_picked":["Coffee Dripper","Snecko Eye"],"picked":"SacredBark"},{"not_picked":["SlaversCollar","Empty Cage"],"picked":"HolyWater"}],"items_purged_floors":[2],"is_endless":false,"potions_floor_spawned":[1,12,18,21,24,31,35],"killed_by":"3 Darklings","ascension_level":20}}