{"host":"spd19cimorv47raq","time":1613837109,"event":{"mods":["AchievementEnabler","BaseMod","Colored Map","DeckTracker","Keyboard Shortcuts","Minty Spire (QoL Compilation)","Quick Restart","StSLib","SuperFastMode"],"gold_per_floor":[114,134,134,84,9,35,45,60,83,117,126,144,44,81,81,190,190,205,220,243,243,271,314,343,377,377,377,377,410,610,624,624,732,732,745,763,785,802,373,373,406,406,430,430,446,487,85,45,54,54],"floor_reached":51,"language":"KOR","playtime":2118,"items_purged":["Strike_R","Strike_R","Defend_R"],"score":837,"play_id":"b62805c1-b543-4823-a66e-7e5b96fc070a","local_time":"20210221010509","is_ascension_mode":false,"campfire_choices":[{"floor":11.0,"key":"REST"},{"data":"Immolate","floor":15.0,"key":"SMITH"},{"data":"Bludgeon","floor":27.0,"key":"SMITH"},{"data":"Disarm","floor":32.0,"key":"SMITH"},{"data":"Brutality","floor":40.0,"key":"SMITH"},{"data":"Uppercut","floor":42.0,"key":"SMITH"},{"data":"Fiend Fire","floor":44.0,"key":"SMITH"},{"floor":49,"key":"REST"}],"circlet_count":0,"master_deck":["Defend_R+1","Defend_R+1","Defend_R","Bash","Clothesline","Fire Breathing","Uppercut+1","Metallicize","Seeing Red","Immolate+1","Battle Trance","Bludgeon+1","Disarm+1","Evolve","Ghostly Armor","Dropkick+1","Fiend Fire+1","Body Slam+1","Brutality+1","Shrug It Off","Second Wind","Intimidate","Bloodletting","Ghostly Armor+1","Finesse","Armaments+1"],"relics":["Burning Blood","NeowsBlessing","Anchor","CeramicFish","Dream Catcher","Torii","Busted Crown","Paper Frog","War Paint","HornCleat","Gremlin Horn","InkBottle","Runic Pyramid","CaptainsWheel","Orrery","Centennial Puzzle","Vajra","Bottled Lightning","Bag of Preparation"],"acts_visited":["Exordium","TheCity","TheBeyond"],"potions_floor_usage":[46,46,50,50],"damage_taken":[{"damage":0.0,"enemies":"Small Slimes","floor":1.0,"turns":1.0},{"damage":0.0,"enemies":"Jaw Worm","floor":2.0,"turns":1.0},{"damage":0.0,"enemies":"3 Sentries","floor":6.0,"turns":2.0},{"damage":0.0,"enemies":"2 Louse","floor":7.0,"turns":4.0},{"damage":16.0,"enemies":"Lots of Slimes","floor":8.0,"turns":5.0},{"damage":60.0,"enemies":"Lagavulin","floor":10.0,"turns":13.0},{"damage":1.0,"enemies":"Exordium Thugs","floor":12.0,"turns":4.0},{"damage":1.0,"enemies":"3 Sentries","floor":14.0,"turns":4.0},{"damage":24.0,"enemies":"Hexaghost","floor":16.0,"turns":12.0},{"damage":2.0,"enemies":"Shell Parasite","floor":18.0,"turns":6.0},{"damage":0.0,"enemies":"Chosen","floor":19.0,"turns":3.0},{"damage":3.0,"enemies":"Snake Plant","floor":20.0,"turns":3.0},{"damage":2.0,"enemies":"Snecko","floor":22.0,"turns":4.0},{"damage":4.0,"enemies":"Gremlin Leader","floor":23.0,"turns":4.0},{"damage":1.0,"enemies":"3 Cultists","floor":24.0,"turns":3.0},{"damage":4.0,"enemies":"Book of Stabbing","floor":25.0,"turns":4.0},{"damage":2.0,"enemies":"Slavers","floor":29.0,"turns":4.0},{"damage":1.0,"enemies":"Chosen and Byrds","floor":31.0,"turns":3.0},{"damage":20.0,"enemies":"Collector","floor":33.0,"turns":5.0},{"damage":0.0,"enemies":"Orb Walker","floor":35.0,"turns":2.0},{"damage":1.0,"enemies":"3 Shapes","floor":36.0,"turns":2.0},{"damage":2.0,"enemies":"3 Darklings","floor":37.0,"turns":4.0},{"damage":0.0,"enemies":"Jaw Worm Horde","floor":38.0,"turns":2.0},{"damage":8.0,"enemies":"Reptomancer","floor":41.0,"turns":3.0},{"damage":3,"enemies":"Writhing Mass","floor":45,"turns":3},{"damage":88,"enemies":"Giant Head","floor":46,"turns":9},{"damage":14,"enemies":"Time Eater","floor":50,"turns":11}],"seed_played":"7210650357121069425","potions_obtained":[{"floor":2.0,"key":"DistilledChaos"},{"floor":7.0,"key":"Ancient Potion"},{"floor":12.0,"key":"ColorlessPotion"},{"floor":16.0,"key":"CultistPotion"},{"floor":18.0,"key":"Weak Potion"},{"floor":24.0,"key":"GamblersBrew"},{"floor":25.0,"key":"ColorlessPotion"},{"floor":29.0,"key":"PowerPotion"},{"floor":31.0,"key":"DistilledChaos"},{"floor":36.0,"key":"Weak Potion"},{"floor":41.0,"key":"Regen Potion"},{"floor":45,"key":"BloodPotion"},{"floor":46,"key":"Strength Potion"},{"floor":48,"key":"LiquidMemories"}],"is_trial":false,"path_per_floor":["M","M","?","?","$","E","M","M","T","E","R","M","$","E","R","B",null,"M","M","M","?","M","E","M","E","T","R","T","E","?","M","R","B",null,"M","M","M","M","$","R","E","R","T","R","M","E","$","?","R","B",null],"character_chosen":"IRONCLAD","items_purchased":["CaptainsWheel","Orrery","Bloodletting","Bag of Preparation","ColorlessPotion","Finesse"],"campfire_rested":2,"item_purchase_floors":[39,39,39,47,47,47],"current_hp_per_floor":[80,80,80,80,80,80,80,70,70,16,40,45,45,50,50,32,80,80,80,80,80,80,80,80,80,80,80,80,80,80,80,80,66,80,80,80,80,80,80,80,78,78,78,78,80,14,14,14,38,45],"gold":54,"neow_bonus":"THREE_ENEMY_KILL","is_daily":false,"chose_seed":false,"campfire_upgraded":6,"win_rate":0.0,"timestamp":1613837109,"path_taken":["M","M","?","?","$","E","M","M","T","E","R","M","$","E","R","BOSS","M","M","M","?","?","E","M","E","T","R","?","E","?","M","R","BOSS","M","?","M","?","$","R","E","R","T","R","M","E","$","?","R","BOSS"],"items_purchased_type":["Relic","Relic","Card","Relic","Potion","Card"],"build_version":"2020-12-22","purchased_purges":3,"victory":true,"max_hp_per_floor":[80,80,80,80,80,80,80,80,80,80,80,80,80,80,80,80,80,80,80,80,80,80,80,80,80,80,80,80,80,80,80,80,80,80,80,80,80,80,80,80,80,80,80,80,80,80,80,80,80,80],"card_choices":[{"not_picked":["Armaments","Thunderclap"],"picked":"Clothesline","floor":1.0},{"not_picked":["Burning Pact","Anger"],"picked":"Fire Breathing","floor":2.0},{"not_picked":["Berserk","Clash"],"picked":"Uppercut","floor":6.0},{"not_picked":["Warcry","Anger","Clash"],"picked":"SKIP","floor":7.0},{"not_picked":["Headbutt","Thunderclap"],"picked":"Metallicize","floor":8.0},{"not_picked":["Anger","Body Slam"],"picked":"Seeing Red","floor":10.0},{"not_picked":["Power Through","True Grit"],"picked":"Immolate","floor":11.0},{"not_picked":["Combust","Flex","Pommel Strike"],"picked":"SKIP","floor":12.0},{"not_picked":["Clash","Pummel"],"picked":"Battle Trance","floor":14.0},{"not_picked":["Impervious","Brutality"],"picked":"Bludgeon","floor":16.0},{"not_picked":["Anger+1"],"picked":"SKIP","floor":18.0},{"not_picked":["Sword Boomerang"],"picked":"SKIP","floor":19.0},{"not_picked":[],"picked":"Disarm","floor":20.0},{"not_picked":[],"picked":"Evolve","floor":22.0},{"not_picked":[],"picked":"Ghostly Armor","floor":23.0},{"not_picked":[],"picked":"Dropkick+1","floor":24.0},{"not_picked":["Flex+1"],"picked":"SKIP","floor":25.0},{"not_picked":["Warcry"],"picked":"SKIP","floor":29.0},{"not_picked":["Dropkick"],"picked":"SKIP","floor":31.0},{"not_picked":[],"picked":"Fiend Fire","floor":33.0},{"not_picked":["Wild Strike"],"picked":"SKIP","floor":35.0},{"not_picked":["Clothesline+1"],"picked":"SKIP","floor":36.0},{"not_picked":[],"picked":"Body Slam+1","floor":37.0},{"not_picked":["Anger+1"],"picked":"SKIP","floor":38.0},{"not_picked":[],"picked":"Brutality","floor":39.0},{"not_picked":[],"picked":"Shrug It Off","floor":39.0},{"not_picked":[],"picked":"Second Wind","floor":39.0},{"not_picked":[],"picked":"Intimidate","floor":39.0},{"not_picked":["Havoc+1"],"picked":"SKIP","floor":41.0},{"not_picked":["Havoc+1"],"picked":"SKIP","floor":41.0},{"not_picked":["Warcry"],"picked":"SKIP","floor":45},{"not_picked":[],"picked":"Ghostly Armor+1","floor":46},{"not_picked":[],"picked":"Armaments+1","floor":49}],"player_experience":887181,"relics_obtained":[{"floor":6.0,"key":"Anchor"},{"floor":9.0,"key":"CeramicFish"},{"floor":10.0,"key":"Dream Catcher"},{"floor":14.0,"key":"Torii"},{"floor":23.0,"key":"Paper Frog"},{"floor":25.0,"key":"War Paint"},{"floor":26.0,"key":"HornCleat"},{"floor":28.0,"key":"Gremlin Horn"},{"floor":29.0,"key":"InkBottle"},{"floor":41.0,"key":"Centennial Puzzle"},{"floor":43.0,"key":"Vajra"},{"floor":46,"key":"Bottled Lightning"}],"event_choices":[{"cards_removed":["Strike_R"],"damage_healed":0.0,"max_hp_gain":0.0,"max_hp_loss":0.0,"gold_gain":0.0,"event_name":"Living Wall","player_choice":"Forget","floor":3.0,"gold_loss":0.0,"damage_taken":0.0},{"cards_removed":["Strike_R"],"damage_healed":0.0,"max_hp_gain":0.0,"max_hp_loss":0.0,"gold_gain":0.0,"event_name":"The Cleric","player_choice":"Card Removal","floor":4.0,"gold_loss":50.0,"damage_taken":0.0},{"cards_removed":["Strike_R"],"damage_healed":0.0,"max_hp_gain":0.0,"max_hp_loss":0.0,"gold_gain":0.0,"event_name":"Bonfire Elementals","player_choice":"Offered Basic","floor":21.0,"gold_loss":0.0,"damage_taken":0.0},{"damage_healed":0.0,"max_hp_gain":0.0,"max_hp_loss":0.0,"gold_gain":200.0,"event_name":"Wheel of Change","player_choice":"Gold","floor":30.0,"gold_loss":0.0,"damage_taken":0.0},{"damage_healed":0,"gold_gain":0,"player_choice":"Bought 3 Potions","damage_taken":0,"max_hp_gain":0,"max_hp_loss":0,"event_name":"The Woman in Blue","floor":48,"gold_loss":0}],"is_beta":false,"boss_relics":[{"not_picked":["Tiny House","Black Star"],"picked":"Busted Crown"},{"not_picked":["SacredBark","Mark of Pain"],"picked":"Runic Pyramid"}],"items_purged_floors":[5,13,47],"is_endless":false,"potions_floor_spawned":[2,7,12,16,18,24,25,29,31,36,41,45,46],"ascension_level":0}}