{"host":"2l5k2wp87eek7qja","time":1613783944,"event":{"mods":["BaseMod","Colored Map","Minty Spire (QoL Compilation)","Relic Stats"],"gold_per_floor":[110,110,82,157,157,189,189,214,238,238,256,256,41,72,72,150,150,164,164,164,164,210,210,210],"floor_reached":23,"language":"ENG","playtime":487,"items_purged":["Strike_G"],"score":552,"play_id":"6a128c67-0d65-4280-8f80-c1b4fa08afb0","local_time":"20210220031904","is_ascension_mode":true,"campfire_choices":[{"data":"Glass Knife","floor":7,"key":"SMITH"},{"data":"Cloak And Dagger","floor":10,"key":"SMITH"},{"data":"Blade Dance","floor":12,"key":"SMITH"},{"data":"Caltrops","floor":15,"key":"SMITH"}],"circlet_count":0,"master_deck":["AscendersBane","Strike_G+1","Strike_G+1","Defend_G","Defend_G","Defend_G","Defend_G","Survivor","Neutralize","Cloak And Dagger+1","Poisoned Stab","Glass Knife+1","Blade Dance+1","Caltrops+1","A Thousand Cuts","Flechettes","Well Laid Plans","Deadly Poison"],"relics":["Ring of the Snake","NeowsBlessing","Smiling Mask","Girya","Whetstone","Akabeko","InkBottle","Runic Pyramid","Incense Burner"],"acts_visited":["Exordium","TheCity"],"potions_floor_usage":[14,16,23],"damage_taken":[{"damage":0,"enemies":"2 Louse","floor":1,"turns":1},{"damage":0,"enemies":"Gremlin Nob","floor":6,"turns":1},{"damage":0,"enemies":"Lagavulin","floor":8,"turns":1},{"damage":0,"enemies":"Small Slimes","floor":11,"turns":2},{"damage":0,"enemies":"Gremlin Nob","floor":14,"turns":2},{"damage":29,"enemies":"Hexaghost","floor":16,"turns":9},{"damage":1,"enemies":"3 Byrds","floor":18,"turns":5},{"damage":72,"enemies":"Slavers","floor":23,"turns":4}],"seed_played":"-2307814750402238347","potions_obtained":[{"floor":1,"key":"Poison Potion"},{"floor":11,"key":"AttackPotion"},{"floor":18,"key":"Block Potion"}],"is_trial":false,"path_per_floor":["M","?","$","?","?","E","R","E","T","R","M","R","$","E","R","B",null,"M","?","T","?","T","E"],"character_chosen":"THE_SILENT","items_purchased":["Poisoned Stab","Akabeko"],"campfire_rested":0,"item_purchase_floors":[3,13],"current_hp_per_floor":[59,64,64,53,53,53,53,53,53,53,53,53,53,53,53,24,59,58,58,58,58,58,0,0],"gold":210,"neow_bonus":"THREE_ENEMY_KILL","is_daily":false,"chose_seed":false,"campfire_upgraded":4,"win_rate":0.0,"timestamp":1613783944,"path_taken":["M","?","$","?","?","E","R","E","T","R","?","R","$","E","R","BOSS","M","?","?","?","?","E"],"items_purchased_type":["Card","Relic"],"build_version":"2020-12-22","purchased_purges":1,"victory":false,"max_hp_per_floor":[66,71,71,71,71,71,71,71,71,71,71,71,71,71,71,71,71,71,71,71,71,71,71,71],"relic_stats":{"counters":[8,25],"Whetstone":["Strike_G","Strike_G"],"Smiling Mask":25,"obtain_stats":[{"Girya":8,"NeowsBlessing":0,"Incense Burner":20,"Whetstone":9,"Smiling Mask":6,"Akabeko":13,"InkBottle":14,"Ring of the Snake":0,"Runic Pyramid":17},{"Girya":3,"NeowsBlessing":0,"Incense Burner":7,"Whetstone":3,"Smiling Mask":2,"Akabeko":4,"InkBottle":5,"Ring of the Snake":0,"Runic Pyramid":6},{"Girya":3,"NeowsBlessing":0,"Incense Burner":21,"Whetstone":3,"Smiling Mask":2,"Akabeko":5,"InkBottle":7,"Ring of the Snake":0,"Runic Pyramid":16}],"InkBottle":[7],"Ring of the Snake":[16]},"card_choices":[{"not_picked":["Blur","Tactician"],"picked":"Cloak And Dagger","floor":1},{"not_picked":["Distraction","Backstab"],"picked":"Glass Knife","floor":6},{"not_picked":["Masterful Stab","Dagger Throw","Poisoned Stab"],"picked":"SKIP","floor":8},{"not_picked":["Dodge and Roll","PiercingWail"],"picked":"Blade Dance","floor":11},{"not_picked":["Blade Dance","Escape Plan"],"picked":"Caltrops","floor":14},{"not_picked":["Tools of the Trade","Storm of Steel"],"picked":"A Thousand Cuts","floor":16},{"not_picked":["Poisoned Stab","Blade Dance"],"picked":"Flechettes","floor":18}],"player_experience":827788,"relics_obtained":[{"floor":6,"key":"Smiling Mask"},{"floor":8,"key":"Girya"},{"floor":9,"key":"Whetstone"},{"floor":14,"key":"InkBottle"},{"floor":20,"key":"Incense Burner"}],"event_choices":[{"damage_healed":0,"gold_gain":0,"player_choice":"Donut","damage_taken":0,"max_hp_gain":5,"max_hp_loss":0,"event_name":"Big Fish","floor":2,"gold_loss":0},{"damage_healed":0,"gold_gain":75,"player_choice":"Gather Gold","damage_taken":11,"max_hp_gain":0,"max_hp_loss":0,"event_name":"World of Goop","floor":4,"gold_loss":0},{"cards_removed":["Strike_G"],"damage_healed":0,"gold_gain":0,"player_choice":"Purged","damage_taken":0,"max_hp_gain":0,"max_hp_loss":0,"event_name":"Purifier","floor":5,"gold_loss":0},{"damage_healed":0,"gold_gain":0,"player_choice":"Ignored","damage_taken":0,"max_hp_gain":0,"max_hp_loss":0,"event_name":"Vampires","floor":19,"gold_loss":0},{"damage_healed":0,"gold_gain":0,"cards_transformed":["Strike_G","Defend_G"],"player_choice":"Became Test Subject","damage_taken":0,"max_hp_gain":0,"max_hp_loss":0,"event_name":"Drug Dealer","floor":21,"gold_loss":0,"cards_obtained":["Well Laid Plans","Deadly Poison"]}],"is_beta":false,"boss_relics":[{"not_picked":["Ring of the Serpent","Philosopher\u0027s Stone"],"picked":"Runic Pyramid"}],"items_purged_floors":[13],"is_endless":false,"potions_floor_spawned":[1,11,18],"killed_by":"Slavers","ascension_level":20}}