{"host":"hd6x97p58c0rxspr","time":1613839767,"event":{"mods":["AchievementEnabler","Aspiration","Bard","BaseMod","Better Note","Better Skull","BetterRewards","Colored Powertips","Conspire","Downfall","Energized Spire","Halation","Hermit","Hubris","Infinite Spire","Jorbs\u0027s Wanderer Trilogy","Marisa????????","Marked Mod","Minty Spire (QoL Compilation)","Permanent Neow","Replay The Spire","Shop Mod","Spicy Shops","StSLib","The Animator","The Blue Laboratory","The Cursed","The Hierophant","The Runesmith","Wandering Minibosses"],"gold_per_floor":[117,117,136,136,136,168,168,198,259,74,94,113,139,139,139,241,241,261,50,50,69,85,111,111,139,139,139,164,174,174,185,185,280,280,291,304,304,304],"floor_reached":37,"language":"ENG","playtime":3246,"items_purged":["Decay"],"score":512,"play_id":"6c4bc9ca-7631-48e3-8a18-1b3d8eb0fee6","local_time":"20210220104927","is_ascension_mode":false,"campfire_choices":[{"floor":7,"key":"REST"},{"data":"hubris:DuctTapeCard","floor":15,"key":"SMITH"},{"floor":24,"key":"REST"},{"data":"Reflex","floor":27,"key":"SMITH"},{"floor":32,"key":"REST"}],"circlet_count":0,"master_deck":["Strike_G","Strike_G","Strike_G","Strike_G","Strike_G","Defend_G","Defend_G","Defend_G","Defend_G","Defend_G","Survivor","Quick Slash","hubris:SlightOfHand","Caltrops","hubris:DuctTapeCard+2","Acrobatics","Prepared","Blade Dance","Blade Dance","Outmaneuver","After Image","hubris:Sniper","Tactician","Flying Knee","Accuracy","conspire:DoublingDagger","Dash","ReplayTheSpireMod:From All Sides","Reflex+1","Dagger Throw","ReplayTheSpireMod:Shiv Toss+1","Heel Hook+1","Acrobatics","champ:StrikeOfGenius","Runesmith:UnstableHammer","champ:ShieldWall"],"relics":["Ring of the Snake","halation:PinkSoulGem","GremlinMask","hubris:DuctTape","MawBank","halation:AfternoonTea","ReplayTheSpireMod:CursedCoin","halation:SelfBoilingWater","Vajra","halation:EternalFortune","Ring of Chaos","InkBottle","Pen Nib","Replay:Bottled Snecko","Art of War","PrismaticShard","aspiration:RitualDagger"],"acts_visited":["Exordium","TheCity","TheBeyond"],"potions_floor_usage":[8,16,16,22,28,33,37],"damage_taken":[{"damage":0,"enemies":"Cultist","floor":1,"turns":3},{"damage":0,"enemies":"conspire:RoseBush","floor":3,"turns":4},{"damage":33,"enemies":"Lagavulin","floor":6,"turns":13},{"damage":0,"enemies":"Gremlin Nob","floor":8,"turns":3},{"damage":2,"enemies":"Small Slimes","floor":11,"turns":5},{"damage":0,"enemies":"Gremlin Gang","floor":12,"turns":5},{"damage":8,"enemies":"Slime Boss","floor":16,"turns":9},{"damage":11,"enemies":"conspire:FuzzyDice","floor":18,"turns":6},{"damage":2,"enemies":"Spheric Guardian","floor":21,"turns":4},{"damage":10,"enemies":"conspire:HollyBat","floor":22,"turns":6},{"damage":21,"enemies":"Replay:Snechameleon","floor":23,"turns":7},{"damage":0,"enemies":"conspire:SneckoGhost","floor":25,"turns":6},{"damage":15,"enemies":"Replay:Snechameleon","floor":28,"turns":7},{"damage":24,"enemies":"Shelled Parasite and Fungi","floor":29,"turns":4},{"damage":20,"enemies":"Snake Plant","floor":31,"turns":4},{"damage":17,"enemies":"conspire:MysteriousRune","floor":33,"turns":6},{"damage":69,"enemies":"3 Darklings","floor":35,"turns":6},{"damage":9,"enemies":"Orb Walker","floor":36,"turns":3},{"damage":90,"enemies":"Orin","floor":37,"turns":8}],"seed_played":"-7243392584969638382","potions_obtained":[{"floor":1,"key":"BlessingOfTheForge"},{"floor":8,"key":"Cursed Concoction"},{"floor":11,"key":"Dexterity Potion"},{"floor":18,"key":"sneckomod:MuddlingPotion"},{"floor":21,"key":"infinitespire:BlackPotion"},{"floor":23,"key":"blueLaboratory:RememoryPotion"},{"floor":35,"key":"Fire Potion"}],"is_trial":false,"path_per_floor":["M","?","M","?","?","E","R","E","T","$","M","M","T","?","R","B",null,"M","$","?","M","M","E","R","E","T","R","E","M","?","M","R","B",null,"M","M","?"],"character_chosen":"THE_SILENT","items_purchased":["ReplayTheSpireMod:CursedCoin","halation:SelfBoilingWater","Blade Dance","Tactician","Flying Knee","Accuracy"],"campfire_rested":3,"item_purchase_floors":[10,10,10,19,19,19],"current_hp_per_floor":[70,70,70,52,52,19,40,40,40,40,38,38,38,41,41,33,73,62,62,62,60,53,32,54,69,69,69,54,30,22,2,24,22,76,7,76,0,0],"gold":304,"neow_bonus":"THREE_CARDS","is_daily":false,"chose_seed":false,"campfire_upgraded":2,"win_rate":0.0,"timestamp":1613839767,"path_taken":["M","?","M","?","?","E","R","E","T","$","?","M","?","?","R","BOSS","M","$","?","M","M","E","R","E","T","R","E","?","?","M","R","BOSS","M","M","?"],"items_purchased_type":["Relic","Relic","Card","Card","Card","Card"],"build_version":"2020-12-22","purchased_purges":1,"victory":false,"max_hp_per_floor":[70,70,70,70,70,70,70,70,70,70,70,70,70,73,73,73,73,73,73,73,73,76,76,76,76,76,76,76,76,76,76,76,76,76,76,76,76,76],"card_choices":[{"not_picked":["Choke","Backflip"],"picked":"Quick Slash","floor":0},{"not_picked":["PiercingWail","Choke"],"picked":"hubris:SlightOfHand","floor":1},{"not_picked":["Bane","Sucker Punch"],"picked":"Caltrops","floor":3},{"not_picked":["infinitespire:Oblivion","infinitespire:Execution"],"picked":"infinitespire:Fortify","floor":4},{"not_picked":["ReplayTheSpireMod:Tripwire","aspiration:Lunge"],"picked":"Acrobatics","floor":6},{"not_picked":["Dagger Spray","Crippling Poison"],"picked":"Prepared","floor":8},{"not_picked":["Dodge and Roll","Dagger Spray"],"picked":"Blade Dance","floor":11},{"not_picked":["Dodge and Roll","hubris:SlightOfHand"],"picked":"Outmaneuver","floor":12},{"not_picked":["Die Die Die","A Thousand Cuts"],"picked":"After Image","floor":16},{"not_picked":["Blade Dance","Underhanded Strike+1"],"picked":"hubris:Sniper","floor":18},{"not_picked":["Dagger Throw","Dagger Spray"],"picked":"conspire:DoublingDagger","floor":21},{"not_picked":["Outmaneuver","Dodge and Roll"],"picked":"Dash","floor":22},{"not_picked":["Dodge and Roll","Bane"],"picked":"ReplayTheSpireMod:From All Sides","floor":23},{"not_picked":["ReplayTheSpireMod:Exploit Weakness+1","All Out Attack"],"picked":"Reflex","floor":25},{"not_picked":["Draining Mist","Dash"],"picked":"Dagger Throw","floor":28},{"not_picked":["Slice","Sucker Punch+1"],"picked":"ReplayTheSpireMod:Shiv Toss+1","floor":29},{"not_picked":["Slice","Backflip"],"picked":"Heel Hook+1","floor":30},{"not_picked":["TheCursedMod:HellfireBreathing","Slice"],"picked":"Acrobatics","floor":31},{"not_picked":["Unload","animator:ChaikaTrabant"],"picked":"champ:StrikeOfGenius","floor":33},{"not_picked":["Runesmith:ShiftingStrike+1","animator:Gluttony"],"picked":"Runesmith:UnstableHammer","floor":35},{"not_picked":["hierophant:ThreeLashes","Runesmith:RuneHurl"],"picked":"champ:ShieldWall","floor":36}],"player_experience":873631,"relics_obtained":[{"floor":6,"key":"hubris:DuctTape"},{"floor":8,"key":"MawBank"},{"floor":9,"key":"halation:AfternoonTea"},{"floor":13,"key":"Vajra"},{"floor":22,"key":"halation:EternalFortune"},{"floor":23,"key":"InkBottle"},{"floor":25,"key":"Pen Nib"},{"floor":26,"key":"Replay:Bottled Snecko"},{"floor":28,"key":"Art of War"},{"floor":30,"key":"PrismaticShard"}],"event_choices":[{"damage_healed":0,"gold_gain":0,"player_choice":"Trade","damage_taken":0,"relics_obtained":["GremlinMask"],"max_hp_gain":0,"max_hp_loss":0,"event_name":"FaceTrader","floor":5,"gold_loss":0},{"damage_healed":0,"gold_gain":0,"player_choice":"Ignored","damage_taken":0,"max_hp_gain":0,"max_hp_loss":0,"event_name":"betterNote:BetterNote","floor":20,"gold_loss":0,"cards_obtained":["Delirium"]},{"damage_healed":0,"gold_gain":0,"player_choice":"Fight","damage_taken":0,"max_hp_gain":0,"max_hp_loss":0,"event_name":"OrinTheCat","floor":37,"gold_loss":0}],"is_beta":false,"boss_relics":[{"not_picked":["hubris:CrackedHourglass","halation:LoveArrow"],"picked":"Ring of Chaos"},{"not_picked":["Runesmith:UraniumAnvil","Busted Crown"],"picked":"aspiration:RitualDagger"}],"items_purged_floors":[10],"is_endless":false,"potions_floor_spawned":[1,8,11,18,21,23,35],"killed_by":"Orin","ascension_level":0}}