{"host":"x730sfaw5rd1mxd8","time":1613787738,"event":{"mods":["BaseMod","BetterRewards","Colored Powertips","Downfall","Highlight Path","Minty Spire (QoL Compilation)","Relic Sorter","Relic Stats","Replay The Spire","StSLib"],"gold_per_floor":[99,119,137,147,157,183,229,29,29,60,72,57,57,73,93,190,190,90,105,125,110,122,140,163,163,163,193,203,303,303,321,334,435,435,435,435,446,315,333,349,349,99,116,116,143,143,160,171,186,186,186,216,49,49,49,49,49,49],"floor_reached":56,"language":"ENG","playtime":5179,"items_purged":[],"score":842,"play_id":"3abfe699-1bf9-40b1-801a-d824d754c905","local_time":"20210219212218","is_ascension_mode":false,"campfire_choices":[{"data":"Guardian:TwinSlam","floor":1,"key":"SMITH"},{"data":"Guardian:CurlUp","floor":8,"key":"SMITH"},{"floor":13,"key":"RECALL"},{"data":"Guardian:StasisStrike","floor":18,"key":"SMITH"},{"data":"Guardian:RefractedBeam","floor":26,"key":"SMITH"},{"floor":30,"key":"REST"},{"data":"Guardian:FierceBash","floor":35,"key":"SMITH"},{"floor":44,"key":"REST"},{"floor":54,"key":"REST"}],"circlet_count":0,"master_deck":["Guardian:Strike_Guardian","Guardian:Strike_Guardian","Guardian:Defend_Guardian","Guardian:Defend_Guardian","Guardian:Defend_Guardian","Guardian:Defend_Guardian","Guardian:CurlUp+1","Guardian:TwinSlam+1","Guardian:Incinerate","Guardian:ShieldSpikes","Guardian:ShieldSpikes","Guardian:FloatingOrbs+1","Guardian:Repulse+1","Guardian:EvasiveProtocol+1","Guardian:FloatingOrbs+1","Guardian:StasisStrike+1","Guardian:Planning+1","Guardian:RefractedBeam+1","Guardian:FierceBash+1","Guardian:Incinerate+1","Guardian:StasisField","Guardian:BodySlam+1","J.A.X.","Guardian:TimeCapacitor+1","Guardian:FastForward","AbeCurse","Guardian:SpikerProtocol+1","Guardian:Gem_Lightblue","Guardian:Gem_Cyan","Guardian:Gem_Crimson","Guardian:TemporalStrike+1","Guardian:TimeSifter+1","Guardian:PolyBeam+1","Guardian:FastForward","expansioncontent:Hexaburn+1","Replay:SS_forest_2+1"],"relics":["Snecko Heart","Frozen Egg 2","downfall:HeartBlessingGreen","downfall:HeartBlessingBlue","ReplayTheSpireMod:Lightbulb","Velvet Choker","downfall:HeartBlessingRed","Replay:Wax Seal","Incense Burner","MutagenicStrength","Abe\u0027s Treasure","Guardian:SackOfGems","PreservedInsect","Bottled Flame","Orichalcum"],"acts_visited":["Exordium","TheCity","TheBeyond","TheEnding"],"potions_floor_usage":[10,16,50,50,50,50,55,55,55],"damage_taken":[{"damage":6,"enemies":"Jaw Worm","floor":2,"turns":3},{"damage":1,"enemies":"Cultist","floor":3,"turns":3},{"damage":5,"enemies":"Small Slimes","floor":4,"turns":3},{"damage":2,"enemies":"Blue Slaver","floor":5,"turns":4},{"damage":16,"enemies":"Gremlin Nob","floor":6,"turns":5},{"damage":0,"enemies":"3 Sentries","floor":10,"turns":9},{"damage":6,"enemies":"Gremlin Gang","floor":11,"turns":5},{"damage":0,"enemies":"downfall:FleeingMerchant","floor":12,"turns":4},{"damage":0,"enemies":"downfall:LooterAlt","floor":14,"turns":3},{"damage":0,"enemies":"Lots of Slimes","floor":15,"turns":5},{"damage":18,"enemies":"SI_SHIV_ARCHETYPE","floor":16,"turns":15},{"damage":0,"enemies":"3 Byrds","floor":19,"turns":5},{"damage":0,"enemies":"Chosen","floor":20,"turns":5},{"damage":0,"enemies":"downfall:FleeingMerchant","floor":21,"turns":4},{"damage":7,"enemies":"3 Cultists","floor":22,"turns":6},{"damage":11,"enemies":"Centurion and Healer","floor":23,"turns":7},{"damage":12,"enemies":"Book of Stabbing","floor":27,"turns":5},{"damage":4,"enemies":"Chosen and Byrds","floor":28,"turns":4},{"damage":1,"enemies":"downfall:Augmenter","floor":29,"turns":5},{"damage":3,"enemies":"Sentry and Sphere","floor":31,"turns":3},{"damage":12,"enemies":"Snake Plant","floor":32,"turns":4},{"damage":46,"enemies":"WA_ARCHETYPE_CALM","floor":33,"turns":8},{"damage":5,"enemies":"Orb Walker","floor":37,"turns":3},{"damage":3,"enemies":"downfall:FleeingMerchant","floor":38,"turns":4},{"damage":3,"enemies":"3 Darklings","floor":39,"turns":3},{"damage":3,"enemies":"Spire Growth","floor":40,"turns":3},{"damage":3,"enemies":"downfall:FleeingMerchant","floor":42,"turns":4},{"damage":30,"enemies":"Writhing Mass","floor":43,"turns":5},{"damage":14,"enemies":"Giant Head","floor":45,"turns":5},{"damage":0,"enemies":"Transient","floor":47,"turns":5},{"damage":16,"enemies":"4 Shapes","floor":48,"turns":4},{"damage":15,"enemies":"Writhing Mass","floor":49,"turns":4},{"damage":3,"enemies":"IC_BLOCK_ARCHETYPE","floor":50,"turns":7},{"damage":41,"enemies":"downfall:CharBossMerchant","floor":52,"turns":5},{"damage":0,"enemies":"downfall:NeowBoss","floor":55,"turns":16},{"damage":93,"enemies":"downfall:NeowBossFinal","floor":56,"turns":11}],"seed_played":"5670646232988213158","potions_obtained":[{"floor":2,"key":"Dexterity Potion"},{"floor":6,"key":"AttackPotion"},{"floor":9,"key":"hexamod:SoulburnPotion"},{"floor":10,"key":"Guardian:AcceleratePotion"},{"floor":11,"key":"sneckomod:MuddlingPotion"},{"floor":16,"key":"Elixir"},{"floor":23,"key":"DistilledChaos"},{"floor":27,"key":"Doom Potion"},{"floor":39,"key":"Strength Potion"},{"floor":43,"key":"EntropicBrew"}],"is_trial":false,"path_per_floor":["R","M","M","M","M","E","T","R","?","E","M","$","R","M","M","B",null,"R","M","M","$","M","M","T","?","R","E","M","?","R","M","M","B",null,"R","?","M","$","M","M","T","$","M","R","E","?","M","M","M","B",null,"E","$","R","B","B"],"character_chosen":"GUARDIAN","items_purchased":["Guardian:Gem_Red","Guardian:Gem_Yellow","Guardian:TimeSifter+1","Guardian:PolyBeam+1","Guardian:FastForward","PreservedInsect","expansioncontent:Hexaburn","Replay:SS_forest_2","Regen Potion"],"campfire_rested":3,"item_purchase_floors":[38,38,42,42,42,42,42,53,53],"current_hp_per_floor":[80,74,73,68,66,50,50,60,60,60,54,54,54,54,54,36,90,90,90,90,90,83,72,72,72,72,60,56,55,82,79,67,21,90,90,90,85,82,79,76,76,73,43,70,56,56,56,40,25,22,90,49,49,76,90,0,0,0],"gold":49,"neow_bonus":"BOSS_RELIC","is_daily":false,"chose_seed":false,"campfire_upgraded":5,"win_rate":0.0,"timestamp":1613787738,"path_taken":["R","M","M","M","M","E","T","R","?","E","M","$","R","?","M","BOSS","R","M","M","$","M","M","T","?","R","E","M","?","R","M","M","BOSS","R","?","M","$","?","M","T","$","M","R","E","?","?","M","M","BOSS","E","$","R","BOSS","BOSS"],"items_purchased_type":["Card","Card","Card","Card","Card","Relic","Card","Card","Potion"],"build_version":"2020-12-22","purchased_purges":0,"victory":false,"max_hp_per_floor":[80,80,80,80,80,80,80,90,90,90,90,90,90,90,90,90,90,90,90,90,90,90,90,90,90,90,90,90,90,90,90,90,90,90,90,90,90,90,90,90,90,90,90,90,90,90,90,90,90,90,90,90,90,90,90,90,90,90],"relic_stats":{"counters":[36,194],"PreservedInsect":200,"Orichalcum":[30],"obtain_stats":[{"Snecko Heart":0,"downfall:HeartBlessingRed":18,"Guardian:ModeShifter":0,"Velvet Choker":17,"downfall:HeartBlessingGreen":8,"Guardian:SackOfGems":41,"PreservedInsect":42,"Incense Burner":27,"Frozen Egg 2":6,"Orichalcum":52,"Bottled Flame":45,"downfall:HeartBlessingBlue":8,"MutagenicStrength":29,"Replay:Wax Seal":25,"ReplayTheSpireMod:Lightbulb":10,"Abe\u0027s Treasure":34},{"Snecko Heart":0,"downfall:HeartBlessingRed":11,"Guardian:ModeShifter":0,"Velvet Choker":11,"downfall:HeartBlessingGreen":5,"Guardian:SackOfGems":26,"PreservedInsect":27,"Incense Burner":17,"Frozen Egg 2":5,"Orichalcum":34,"Bottled Flame":29,"downfall:HeartBlessingBlue":5,"MutagenicStrength":19,"Replay:Wax Seal":16,"ReplayTheSpireMod:Lightbulb":6,"Abe\u0027s Treasure":22},{"Snecko Heart":0,"downfall:HeartBlessingRed":59,"Guardian:ModeShifter":0,"Velvet Choker":59,"downfall:HeartBlessingGreen":18,"Guardian:SackOfGems":128,"PreservedInsect":132,"Incense Burner":91,"Frozen Egg 2":18,"Orichalcum":167,"Bottled Flame":142,"downfall:HeartBlessingBlue":18,"MutagenicStrength":100,"Replay:Wax Seal":86,"ReplayTheSpireMod:Lightbulb":27,"Abe\u0027s Treasure":115}]},"card_choices":[{"not_picked":["Guardian:Recover","Guardian:PiercingHide"],"picked":"Guardian:Gem_White","floor":2},{"not_picked":["Guardian:TemporalShield","Guardian:Gem_Green"],"picked":"Guardian:Incinerate","floor":3},{"not_picked":["Guardian:VentSteam","Guardian:Gem_Green"],"picked":"Guardian:ShieldSpikes","floor":4},{"not_picked":["Guardian:Gem_Lightblue","Guardian:VentSteam"],"picked":"Guardian:ShieldSpikes","floor":5},{"not_picked":["Guardian:Recover","Guardian:CrystalBeam"],"picked":"Guardian:Gem_Purple","floor":6},{"not_picked":["Guardian:WalkerClaw","Guardian:TimeBomb"],"picked":"Guardian:FloatingOrbs+1","floor":10},{"not_picked":["Guardian:HyperBeam_Guardian","Guardian:VentSteam"],"picked":"Guardian:Repulse+1","floor":11},{"not_picked":["Guardian:HyperBeam_Guardian","Guardian:ExploitGems"],"picked":"Guardian:EvasiveProtocol+1","floor":12},{"not_picked":["Guardian:Gem_Red","Guardian:Suspension"],"picked":"Guardian:FloatingOrbs+1","floor":14},{"not_picked":["Guardian:PiercingHide","Guardian:PrimingBeam","Guardian:VentSteam"],"picked":"SKIP","floor":15},{"not_picked":["Guardian:ConstructionForm+1","Guardian:FierceBash"],"picked":"Guardian:StasisStrike","floor":16},{"not_picked":["Guardian:Reroute+1","Guardian:GuardianWhirl+1"],"picked":"Guardian:Gem_Yellow","floor":19},{"not_picked":["Guardian:Gem_Lightblue","Guardian:ShieldCharger","Guardian:Gem_Red"],"picked":"SKIP","floor":20},{"not_picked":["Guardian:VentSteam","Guardian:ShieldCharger+1"],"picked":"Guardian:Planning+1","floor":21},{"not_picked":["Guardian:Gem_Fragmented","Guardian:Gem_Green","Guardian:Gem_Cyan"],"picked":"SKIP","floor":22},{"not_picked":["Guardian:PrimingBeam","Guardian:Preprogram"],"picked":"Guardian:RefractedBeam","floor":23},{"not_picked":["Guardian:RollAttack","Guardian:FloatingOrbs+1"],"picked":"Guardian:FierceBash","floor":27},{"not_picked":["Guardian:TemporalStrike","Guardian:Reroute","Guardian:BronzeArmor"],"picked":"SKIP","floor":28},{"not_picked":["Guardian:ChargeCore","Guardian:DonusPower"],"picked":"Guardian:Incinerate+1","floor":29},{"not_picked":[],"picked":"J.A.X.","floor":29},{"not_picked":["Guardian:BronzeOrb","Guardian:Gem_Blue"],"picked":"Guardian:TimeCapacitor+1","floor":31},{"not_picked":["Guardian:CrystalBeam","Guardian:Gem_Purple","Guardian:ChargeCore"],"picked":"SKIP","floor":32},{"not_picked":["Guardian:Gem_Orange","Guardian:HyperBeam_Guardian"],"picked":"Guardian:FastForward","floor":33},{"not_picked":["Guardian:PrimingBeam+1","Guardian:VentSteam","Guardian:TimeCapacitor+1"],"picked":"SKIP","floor":37},{"not_picked":["Guardian:PiercingHide+1","Guardian:RollAttack"],"picked":"Guardian:SpikerProtocol+1","floor":38},{"not_picked":["Guardian:Incinerate+1","Guardian:Gem_Green","Guardian:TemporalShield"],"picked":"SKIP","floor":39},{"not_picked":["Guardian:Gem_Yellow","Guardian:Preprogram+1","Guardian:ShieldCharger+1"],"picked":"SKIP","floor":40},{"not_picked":["Guardian:CrystalBeam","Guardian:Gem_Green"],"picked":"Guardian:TemporalStrike+1","floor":42},{"not_picked":["Guardian:Gem_Yellow","Guardian:CrystalBeam","Guardian:Suspension+1"],"picked":"SKIP","floor":43},{"not_picked":["Guardian:BronzeOrb","Guardian:TimeBomb","Guardian:Recover"],"picked":"SKIP","floor":45},{"not_picked":["Guardian:Gem_Red","Guardian:Preprogram+1","Guardian:GuardianWhirl"],"picked":"SKIP","floor":47},{"not_picked":["Guardian:Gem_Lightblue","Guardian:EvasiveProtocol+1","Guardian:Repulse+1"],"picked":"SKIP","floor":48},{"not_picked":["Guardian:GuardianWhirl+1","Guardian:Suspension+1","Guardian:TimeBomb"],"picked":"SKIP","floor":49},{"not_picked":["Guardian:Gem_Crimson","Guardian:Suspension","Guardian:TemporalStrike+1"],"picked":"SKIP","floor":52}],"player_experience":4223122,"relics_obtained":[{"floor":6,"key":"Frozen Egg 2"},{"floor":10,"key":"ReplayTheSpireMod:Lightbulb"},{"floor":27,"key":"Incense Burner"},{"floor":29,"key":"MutagenicStrength"},{"floor":41,"key":"Guardian:SackOfGems"},{"floor":45,"key":"Bottled Flame"},{"floor":52,"key":"Orichalcum"}],"event_choices":[{"damage_healed":0,"gold_gain":0,"player_choice":"Got Potions","damage_taken":0,"max_hp_gain":0,"max_hp_loss":0,"event_name":"Lab","floor":9,"gold_loss":0}],"is_beta":false,"boss_relics":[{"not_picked":["bronze:MakeshiftBattery","Replay:Wanted Poster"],"picked":"Velvet Choker"},{"not_picked":["Replay:Bronze Core","Empty Cage"],"picked":"Abe\u0027s Treasure"}],"items_purged_floors":[],"is_endless":false,"potions_floor_spawned":[2,6,10,11,16,22,23,27,29,39,43,45,47],"killed_by":"downfall:NeowBossFinal","ascension_level":0}}