{"host":"test","time":1613841632,"event":{"mods":["BaseMod","Colored Map","Colored Powertips","Minty Spire (QoL Compilation)","Relic Stats","StSLib","ojb\u0027s Better Paths Mod","ojb\u0027s Info Mod"],"gold_per_floor":[119,119,134,134,150,150,176,176,176,176,187,219,230,248,248,326,326,339,5,17,17,27,59,2,2,29,29,29,46,65,92,92,169,169,185,185,204,204,219,219,253,26,81,96,96,112,131,157,157,157,157,157,157,19,48,48],"floor_reached":57,"language":"JPN","playtime":3863,"items_purged":["Pain","Strike_B+1"],"score":2728,"play_id":"adf58355-d091-47b0-bd52-907a7a60337e","local_time":"20210221022032","is_ascension_mode":true,"campfire_choices":[{"data":"Consume","floor":6.0,"key":"SMITH"},{"data":"Doom and Gloom","floor":8.0,"key":"SMITH"},{"data":"Sweeping Beam","floor":10.0,"key":"SMITH"},{"floor":15.0,"key":"REST"},{"floor":25,"key":"REST"},{"data":"Static Discharge","floor":27,"key":"SMITH"},{"floor":32,"key":"REST"},{"data":"Biased Cognition","floor":40,"key":"SMITH"},{"floor":49,"key":"RECALL"},{"data":"Hologram","floor":53,"key":"SMITH"}],"circlet_count":0,"master_deck":["AscendersBane","Strike_B+1","Strike_B+1","Strike_B+1","Defend_B+1","Defend_B+1","Defend_B+1","Defend_B+1","Zap","Dualcast","Consume+1","Doom and Gloom+1","Sweeping Beam+1","Self Repair","Capacitor","Coolheaded","Multi-Cast","BootSequence","Core Surge","Hologram+1","Loop","Ball Lightning","Barrage","Static Discharge+1","Coolheaded","Conserve Battery","Reinforced Body+1","Biased Cognition+1","Sunder","Coolheaded+1","Capacitor","All For One","Recycle+1","Stack","Defragment","Aggregate+1"],"relics":["SacredBark","WarpedTongs","Mummified Hand","Blood Vial","Smiling Mask","Nuclear Battery","Gremlin Horn","Ancient Tea Set","CultistMask","Art of War","Snecko Eye","Pear","Nunchaku","Regal Pillow","Centennial Puzzle"],"acts_visited":["Exordium","TheCity","TheBeyond","TheEnding"],"potions_floor_usage":[23,23,31,33,41,47,56],"damage_taken":[{"damage":13.0,"enemies":"Small Slimes","floor":1.0,"turns":5.0},{"damage":3.0,"enemies":"2 Louse","floor":3.0,"turns":3.0},{"damage":2.0,"enemies":"Cultist","floor":5.0,"turns":4.0},{"damage":8.0,"enemies":"Lagavulin","floor":7.0,"turns":5.0},{"damage":19.0,"enemies":"Lots of Slimes","floor":11.0,"turns":3.0},{"damage":25.0,"enemies":"3 Sentries","floor":12.0,"turns":5.0},{"damage":11.0,"enemies":"Exordium Wildlife","floor":13.0,"turns":3.0},{"damage":9.0,"enemies":"Looter","floor":14.0,"turns":4.0},{"damage":36.0,"enemies":"The Guardian","floor":16.0,"turns":11.0},{"damage":21.0,"enemies":"Spheric Guardian","floor":18.0,"turns":5.0},{"damage":7,"enemies":"Shell Parasite","floor":20,"turns":6},{"damage":20,"enemies":"Cultist and Chosen","floor":22,"turns":6},{"damage":12,"enemies":"Gremlin Leader","floor":23,"turns":6},{"damage":18,"enemies":"Snake Plant","floor":29,"turns":3},{"damage":4,"enemies":"Centurion and Healer","floor":30,"turns":5},{"damage":28,"enemies":"Slavers","floor":31,"turns":4},{"damage":45,"enemies":"Automaton","floor":33,"turns":8},{"damage":0,"enemies":"3 Shapes","floor":35,"turns":3},{"damage":4,"enemies":"3 Darklings","floor":37,"turns":3},{"damage":20,"enemies":"Transient","floor":39,"turns":6},{"damage":9,"enemies":"Reptomancer","floor":41,"turns":6},{"damage":11,"enemies":"Jaw Worm Horde","floor":44,"turns":4},{"damage":7,"enemies":"4 Shapes","floor":46,"turns":5},{"damage":10,"enemies":"3 Darklings","floor":47,"turns":3},{"damage":10,"enemies":"Giant Head","floor":48,"turns":7},{"damage":23,"enemies":"Time Eater","floor":50,"turns":11},{"damage":15,"enemies":"Donu and Deca","floor":51,"turns":11},{"damage":35,"enemies":"Shield and Spear","floor":55,"turns":6},{"damage":61,"enemies":"The Heart","floor":56,"turns":10}],"seed_played":"4427908449334444421","potions_obtained":[{"floor":1.0,"key":"SpeedPotion"},{"floor":3.0,"key":"SpeedPotion"},{"floor":5.0,"key":"PowerPotion"},{"floor":12.0,"key":"AttackPotion"},{"floor":29,"key":"FocusPotion"},{"floor":33,"key":"Fruit Juice"},{"floor":37,"key":"Explosive Potion"},{"floor":44,"key":"EssenceOfSteel"},{"floor":47,"key":"CultistPotion"},{"floor":48,"key":"FairyPotion"}],"is_trial":false,"path_per_floor":["M","?","M","?","M","R","E","R","T","R","M","E","M","M","R","B",null,"M","$","M","?","M","E","$","R","T","R","?","M","M","E","R","B",null,"M","?","M","T","M","R","E","$","T","M","?","M","M","E","R","B","B",null,"R","$","E","B",null],"character_chosen":"DEFECT","items_purchased":["SteroidPotion","EssenceOfSteel","Loop","Ball Lightning","Turbo","Explosive Potion","Capacitor","All For One","Defragment"],"campfire_rested":3,"item_purchase_floors":[19,19,19,19,19,24,42,42,54],"current_hp_per_floor":[51,51,48,48,46,46,38,38,38,38,31,18,16,16,37,10,56,44,44,46,46,38,35,35,56,56,56,56,40,45,26,47,14,57,69,69,71,81,68,68,68,68,68,66,66,68,77,76,76,62,59,83,83,83,57,64],"gold":48,"neow_bonus":"BOSS_RELIC","is_daily":false,"chose_seed":true,"campfire_upgraded":6,"win_rate":0.0,"timestamp":1613841632,"path_taken":["M","?","M","?","M","R","E","R","T","R","?","E","?","M","R","BOSS","M","$","M","?","M","E","$","R","T","R","?","M","?","E","R","BOSS","M","?","M","?","M","R","E","$","T","M","?","M","?","E","R","BOSS","BOSS","R","$","E","BOSS"],"items_purchased_type":["Potion","Potion","Card","Card","Card","Potion","Card","Card","Card"],"build_version":"2020-12-18","purchased_purges":2,"victory":true,"max_hp_per_floor":[71,71,71,71,71,71,71,71,71,71,71,71,71,71,71,71,71,71,71,71,71,71,71,71,71,71,71,71,71,71,71,71,71,71,71,71,71,81,81,81,81,81,81,81,81,81,91,91,91,91,91,91,91,91,91,91],"relic_stats":{"Blood Vial":48,"Nunchaku":[8],"Regal Pillow":0,"Centennial Puzzle":[3],"Gremlin Horn":[24,24],"counters":[29,161],"Mummified Hand":[159],"Snecko Eye":[154,130,128,145],"Art of War":[14],"Smiling Mask":75,"obtain_stats":[{"Regal Pillow":48,"Pear":38,"Gremlin Horn":23,"SacredBark":0,"Smiling Mask":12,"Ancient Tea Set":26,"WarpedTongs":4,"Nuclear Battery":17,"Blood Vial":9,"Nunchaku":41,"Centennial Puzzle":55,"Mummified Hand":7,"Snecko Eye":34,"CultistMask":28,"Art of War":31,"Cracked Core":0},{"Regal Pillow":25,"Pear":19,"Gremlin Horn":13,"SacredBark":0,"Smiling Mask":6,"Ancient Tea Set":13,"WarpedTongs":2,"Nuclear Battery":9,"Blood Vial":4,"Nunchaku":21,"Centennial Puzzle":28,"Mummified Hand":4,"Snecko Eye":17,"CultistMask":13,"Art of War":16,"Cracked Core":0},{"Regal Pillow":123,"Pear":92,"Gremlin Horn":66,"SacredBark":0,"Smiling Mask":25,"Ancient Tea Set":66,"WarpedTongs":8,"Nuclear Battery":43,"Blood Vial":17,"Nunchaku":104,"Centennial Puzzle":151,"Mummified Hand":17,"Snecko Eye":86,"CultistMask":66,"Art of War":78,"Cracked Core":0}],"WarpedTongs":[148]},"card_choices":[{"not_picked":["Doom and Gloom","White Noise"],"picked":"Consume","floor":1.0},{"not_picked":["Turbo","Aggregate"],"picked":"Doom and Gloom","floor":3.0},{"not_picked":["Hologram","Sunder"],"picked":"Sweeping Beam","floor":5.0},{"not_picked":["Hello World","Barrage"],"picked":"Self Repair","floor":7.0},{"not_picked":["Rip and Tear","Go for the Eyes"],"picked":"Capacitor","floor":11.0},{"not_picked":["Rip and Tear","Compile Driver"],"picked":"Coolheaded","floor":12.0},{"not_picked":["Redo","Lockon"],"picked":"Multi-Cast","floor":13.0},{"not_picked":["Stack","Redo"],"picked":"BootSequence","floor":14.0},{"not_picked":["Multi-Cast","Reboot"],"picked":"Core Surge","floor":16.0},{"not_picked":["Self Repair","Streamline"],"picked":"Hologram","floor":18.0},{"not_picked":["Rebound+1","Blizzard"],"picked":"Barrage","floor":20},{"not_picked":["Redo","Rebound"],"picked":"Static Discharge","floor":22},{"not_picked":["Core Surge","Streamline"],"picked":"Coolheaded","floor":23},{"not_picked":["Barrage","Coolheaded"],"picked":"Conserve Battery","floor":29},{"not_picked":["Gash+1","Genetic Algorithm","Consume"],"picked":"SKIP","floor":30},{"not_picked":["Steam","Stack"],"picked":"Reinforced Body+1","floor":31},{"not_picked":["All For One","Rainbow"],"picked":"Biased Cognition","floor":33},{"not_picked":["Gash","Sweeping Beam"],"picked":"Sunder","floor":35},{"not_picked":["Recycle+1","Skim"],"picked":"Coolheaded+1","floor":37},{"not_picked":["Stack","Darkness+1","FTL"],"picked":"SKIP","floor":39},{"not_picked":["Storm","Barrage","Redo"],"picked":"SKIP","floor":41},{"not_picked":["Heatsinks","Redo","Consume"],"picked":"SKIP","floor":44},{"not_picked":["Storm","Gash+1"],"picked":"Recycle+1","floor":46},{"not_picked":["Reinforced Body+1","BootSequence"],"picked":"Stack","floor":47},{"not_picked":["Steam","Blizzard+1","Ball Lightning"],"picked":"SKIP","floor":48},{"not_picked":["Double Energy","Scrape"],"picked":"Aggregate+1","floor":55}],"player_experience":2087862,"relics_obtained":[{"floor":7.0,"key":"Mummified Hand"},{"floor":9.0,"key":"Blood Vial"},{"floor":12.0,"key":"Smiling Mask"},{"floor":23,"key":"Gremlin Horn"},{"floor":26,"key":"Ancient Tea Set"},{"floor":31,"key":"Art of War"},{"floor":38,"key":"Pear"},{"floor":41,"key":"Nunchaku"},{"floor":48,"key":"Regal Pillow"},{"floor":55,"key":"Centennial Puzzle"}],"event_choices":[{"damage_healed":0.0,"max_hp_gain":0.0,"max_hp_loss":0.0,"gold_gain":0.0,"event_name":"Liars Game","player_choice":"Ignored","floor":2.0,"gold_loss":0.0,"damage_taken":0.0},{"damage_healed":0.0,"max_hp_gain":0.0,"max_hp_loss":0.0,"gold_gain":0.0,"event_name":"Accursed Blacksmith","player_choice":"Rummage","floor":4.0,"gold_loss":0.0,"damage_taken":0.0,"relics_obtained":["WarpedTongs"],"cards_obtained":["Pain"]},{"damage_healed":0,"gold_gain":0,"player_choice":"Simplicity","damage_taken":0,"max_hp_gain":0,"max_hp_loss":0,"event_name":"Back to Basics","floor":21,"gold_loss":0,"cards_upgraded":["Strike_B","Strike_B","Strike_B","Strike_B","Defend_B","Defend_B","Defend_B","Defend_B"]},{"damage_healed":0,"gold_gain":0,"player_choice":"Trade","damage_taken":0,"relics_obtained":["CultistMask"],"max_hp_gain":0,"max_hp_loss":0,"event_name":"FaceTrader","floor":28,"gold_loss":0},{"cards_removed":["Turbo"],"damage_healed":0,"gold_gain":0,"player_choice":"Removed Skill","damage_taken":0,"max_hp_gain":0,"max_hp_loss":0,"event_name":"Falling","floor":36,"gold_loss":0},{"damage_healed":0,"gold_gain":0,"player_choice":"Memory 1","damage_taken":0,"max_hp_gain":0,"max_hp_loss":0,"event_name":"SensoryStone","floor":45,"gold_loss":0}],"is_beta":true,"boss_relics":[{"not_picked":["Sozu","Empty Cage"],"picked":"Nuclear Battery"},{"not_picked":["Calling Bell","SlaversCollar"],"picked":"Snecko Eye"}],"items_purged_floors":[19,54],"is_endless":false,"potions_floor_spawned":[1,3,5,12,20,29,33,37,44,47,48],"ascension_level":20}}