{"host":"pgm1p3lvdjflie30","time":1613789376,"event":{"mods":["ATMod(阿瑾Mod)","AchievementEnabler","Act Like it!","Alarm Clock","Aspiration","BaseMod","Challenge The Spire","Colored Map","Colored Powertips","Conspire","Dark Map","Energized Spire","Gensokyo","GungeonMod","Hallownest","Hermit","HornydragonMod","Jedi Mod","Minty Spire (QoL Compilation)","MostiFishMod","Quarter Circle Forward PUNCH!","Quick Restart","Reimu（博???）","Relic Stats","Reliquary","Replay The Spire","Robot Space Explorer","Spicy Shops","StSLib","TestMod","The Blackbeard","The Bug Knight","The Cursed","The Hayseed","The IronCluck","The Jungle","The Marked","The Runesmith","Waifu the Spire","Yakumo Yukari mod","【功能Mod】混沌之?修复?丁","【?物卡牌】REMEMod","篝火指南"],"gold_per_floor":[114,114,126,126,141,141,541,541,541,556,556,590,475,487,487,561,561,577,595,595,595,609,609,622,647,647,678,8,8,46,63,63,157,157,176,336,156,169,217,217,217,217,217,5,36,36,67,82,82,82,82],"floor_reached":50,"language":"ZHS","playtime":3453,"items_purged":["Crippling Poison","Pride"],"score":1336,"play_id":"ad01f916-7ea8-4b51-9fe8-9ad4a2907ba7","local_time":"20210220104936","is_ascension_mode":true,"campfire_choices":[{"floor":6,"key":"RECALL"},{"data":"Perfected Strike","floor":8,"key":"SMITH"},{"data":"MostiFishMod:FrostNova","floor":11,"key":"SMITH"},{"data":"Defend_R","floor":15,"key":"PURGE"},{"floor":23,"key":"DIG"},{"floor":29,"key":"DIG"},{"floor":32,"key":"DIG"},{"floor":40,"key":"DIG"},{"floor":41,"key":"DIG"},{"floor":49,"key":"DIG"}],"circlet_count":0,"master_deck":["AscendersBane","Strike_R","Strike_R","Strike_R","Strike_R","Strike_R","Bash","MostiFishMod:FrostNova+1","MostiFishMod:WinterMarkForm","Perfected Strike+1","MostiFishMod:PoisonShield","Carnage","Wild Strike","Seeing Red","Flex","MostiFishMod:RainCloud","Spot Weakness","ReplayTheSpireMod:Strike From Hell","Twin Strike+1","conspire:ExplosiveBarrier+1","Replay:Undeath\u0027s Touch","ReplayTheSpireMod:LeadingStrike","Havoc","Pommel Strike","jedi:strikingstrike","Twin Strike","Sword Boomerang+1","Thunderclap","Clash+1","Limit Break","jedi:collectorstrike"],"relics":["Burning Blood","DaveBox","testmod-TestBox","REME_ComplimentaryCards","FrostBlade","testmod-TurbochargingSystem","aspiration:Nostalgia","m_SerpentRing","SynthV:TestCard","Ancient Tea Set","Odd Mushroom","Ooze Armor","Shovel","testmod-ConstraintPeriapt","DemoMod:ClearGuonStone","Blue Candle","jedi:crownofsimplicity","Kunai","HollowMod:JonisBlessing","reliquary:WeakTea","ImprovedEquipment","Mummified Hand","reliquary:SharkskinSheath","Replay:Drink Me","Hallownest:GodTamersBeastRelic","Hallownest:StagBellRelic1","DemoMod:GlassGuonStoneRelic","reliquary:Firecrackers","The Courier","AT_BellowingDragoncrestRing","SynthV","DaCapo","ReplayTheSpireMod:TigerMarble","testmod-BouquetWithThorns"],"acts_visited":["Hallownest:Greenpath","Hallownest:Greenpath","Hallownest:KingdomsEdge"],"potions_floor_usage":[16,16,22,25,27,31,36,39,48,50],"damage_taken":[{"damage":6.0,"enemies":"Hallownest:2_MossCreeps","floor":1.0,"turns":3.0},{"damage":2,"enemies":"Hallownest:monsterHuskGuard","floor":3,"turns":3},{"damage":0,"enemies":"Hallownest:monsterHuskWarrior","floor":5,"turns":2},{"damage":17,"enemies":"Hallownest:MossCreep_and_Mosskin","floor":10,"turns":3},{"damage":22,"enemies":"Hallownest:eliteCrystalGuardian","floor":12,"turns":4},{"damage":8,"enemies":"Hallownest:Guard_and_Warrior","floor":14,"turns":4},{"damage":4,"enemies":"Hallownest:BossBrokenVessel","floor":16,"turns":2},{"damage":10,"enemies":"theJungle:Flameango_and_Byrd","floor":18,"turns":2},{"damage":0,"enemies":"theJungle:GiantWrat","floor":19,"turns":2},{"damage":4,"enemies":"theJungle:JungleHuntersEncounter","floor":22,"turns":4},{"damage":2,"enemies":"theJungle:SlimyTreeVines","floor":24,"turns":2},{"damage":0,"enemies":"conspire:MimicChest","floor":25,"turns":1},{"damage":1,"enemies":"theJungle:Cassacara","floor":27,"turns":2},{"damage":0,"enemies":"Snake Plant","floor":30,"turns":2},{"damage":0,"enemies":"Snake Plant","floor":31,"turns":1},{"damage":17,"enemies":"theJungle:TotemBoss","floor":33,"turns":5},{"damage":0,"enemies":"Hallownest:3_Siblings","floor":35,"turns":5},{"damage":0,"enemies":"Hallownest:3_Siblings","floor":36,"turns":2},{"damage":1,"enemies":"Hallownest:3_Siblings","floor":36,"turns":4},{"damage":21,"enemies":"Hallownest:3_Siblings","floor":36,"turns":6},{"damage":0,"enemies":"Hallownest:3_Siblings","floor":36,"turns":2},{"damage":0,"enemies":"Hallownest:2_Littles","floor":38,"turns":3},{"damage":16,"enemies":"Hallownest:Shield_Sturdy","floor":39,"turns":4},{"damage":0,"enemies":"Hallownest:StalkingDevout","floor":45,"turns":1},{"damage":0,"enemies":"Hallownest:eliteHiveKnight","floor":47,"turns":3},{"damage":0,"enemies":"Hallownest:Xero_Hu_Marmu","floor":48,"turns":2},{"damage":22,"enemies":"Hallownest:BossHollowKnight","floor":50,"turns":2}],"seed_played":"-2692160871603912998","potions_obtained":[{"floor":12,"key":"jedi:StrikingPotion"},{"floor":14,"key":"FearPotion"},{"floor":16,"key":"Fire Potion"},{"floor":24,"key":"Languid Potion"},{"floor":25,"key":"Dexterity Potion"},{"floor":31,"key":"BloodPotion"},{"floor":33,"key":"jedi:wingpotion"},{"floor":35,"key":"Swift Potion"},{"floor":38,"key":"REME_GoldPotion"},{"floor":39,"key":"TheSimpletonMod:MoonshinePotion"},{"floor":47,"key":"GrandPatriotsElixir:ReiMu"},{"floor":48,"key":"Explosive Potion"}],"is_trial":false,"path_per_floor":["M","?","M","?","M","R","?","R","T","M","R","E","?","M","R_BF","B",null,"M","M","?","?","M","R","M","?","T","E","$","R","?","M","R","B",null,"M","?","?","M","M","R","R","?","T","$","E","$","E","M","R_BF","B"],"character_chosen":"IRONCLAD","items_purchased":["Kunai","HollowMod:JonisBlessing","reliquary:WeakTea","SynthV"],"campfire_rested":0,"item_purchase_floors":[28,28,28,44],"current_hp_per_floor":[69,69,74,74,75,75,75,75,75,64,64,49,49,48,48,50,69,66,72,46,31,33,33,38,44,44,49,49,49,49,64,64,47,55,55,33,33,33,17,17,17,17,17,17,17,17,17,17,17,0,0],"gold":82,"neow_bonus":"NOSTALGIA","is_daily":false,"chose_seed":false,"campfire_upgraded":2,"win_rate":0.0,"timestamp":1613789376,"path_taken":["M","?","?","?","M","R","?","R","T","?","R","E","?","M","R_BF","BOSS","M","M","?","?","?","R","M","?","T","E","$","R","?","?","R","BOSS","M","?","?","?","?","R","R","?","T","$","E","?","E","M","R_BF","BOSS"],"items_purchased_type":["Relic","Relic","Relic","Relic"],"build_version":"2020-12-22","purchased_purges":2,"victory":false,"max_hp_per_floor":[75,75,75,75,75,75,75,75,75,75,75,75,75,75,75,75,75,75,75,75,75,75,75,75,75,75,75,75,75,75,75,75,75,57,57,57,57,57,57,57,57,57,57,57,57,57,57,57,57,57,57],"relic_stats":{"Shovel":6,"counters":[27,76],"Mummified Hand":[4],"Blue Candle":[10],"Kunai":[34],"obtain_stats":[{"Hallownest:StagBellRelic1":37,"AT_ATBox":0,"DaveBox":0,"SynthV":44,"reliquary:Firecrackers":40,"DemoMod:GlassGuonStoneRelic":5,"Ancient Tea Set":12,"Hallownest:GodTamersBeastRelic":36,"testmod-BouquetWithThorns":49,"Burning Blood":0,"Shovel":20,"Mummified Hand":30,"DaCapo":45,"Kunai":28,"DemoMod:ClearGuonStone":25,"Replay:Drink Me":34,"m_SerpentRing":0,"reliquary:SharkskinSheath":32,"testmod-TestBox":0,"aspiration:Nostalgia":0,"Blue Candle":26,"ImprovedEquipment":29,"DemoMod:WeirdEgg":32,"HollowMod:JonisBlessing":28,"The Courier":41,"testmod-TurbochargingSystem":0,"jedi:crownofsimplicity":27,"reliquary:WeakTea":28,"Odd Mushroom":13,"testmod-ConstraintPeriapt":23,"FrostBlade":0,"SynthV:TestCard":1,"AT_BellowingDragoncrestRing":43,"Ooze Armor":17,"ReplayTheSpireMod:TigerMarble":47,"REME_ComplimentaryCards":0},{"Hallownest:StagBellRelic1":21,"AT_ATBox":0,"DaveBox":0,"SynthV":23,"reliquary:Firecrackers":23,"DemoMod:GlassGuonStoneRelic":3,"Ancient Tea Set":5,"Hallownest:GodTamersBeastRelic":21,"testmod-BouquetWithThorns":26,"Burning Blood":0,"Shovel":9,"Mummified Hand":14,"DaCapo":24,"Kunai":13,"DemoMod:ClearGuonStone":12,"Replay:Drink Me":16,"m_SerpentRing":0,"reliquary:SharkskinSheath":15,"testmod-TestBox":0,"aspiration:Nostalgia":0,"Blue Candle":12,"ImprovedEquipment":13,"DemoMod:WeirdEgg":15,"HollowMod:JonisBlessing":13,"The Courier":23,"testmod-TurbochargingSystem":0,"jedi:crownofsimplicity":13,"reliquary:WeakTea":13,"Odd Mushroom":5,"testmod-ConstraintPeriapt":10,"FrostBlade":0,"SynthV:TestCard":1,"AT_BellowingDragoncrestRing":23,"Ooze Armor":7,"ReplayTheSpireMod:TigerMarble":25,"REME_ComplimentaryCards":0},{"Hallownest:StagBellRelic1":61,"AT_ATBox":0,"DaveBox":0,"SynthV":68,"reliquary:Firecrackers":68,"DemoMod:GlassGuonStoneRelic":8,"Ancient Tea Set":15,"Hallownest:GodTamersBeastRelic":61,"testmod-BouquetWithThorns":74,"Burning Blood":0,"Shovel":25,"Mummified Hand":36,"DaCapo":69,"Kunai":34,"DemoMod:ClearGuonStone":32,"Replay:Drink Me":42,"m_SerpentRing":0,"reliquary:SharkskinSheath":37,"testmod-TestBox":0,"aspiration:Nostalgia":0,"Blue Candle":32,"ImprovedEquipment":34,"DemoMod:WeirdEgg":37,"HollowMod:JonisBlessing":34,"The Courier":68,"testmod-TurbochargingSystem":0,"jedi:crownofsimplicity":34,"reliquary:WeakTea":34,"Odd Mushroom":15,"testmod-ConstraintPeriapt":29,"FrostBlade":0,"SynthV:TestCard":3,"AT_BellowingDragoncrestRing":68,"Ooze Armor":21,"ReplayTheSpireMod:TigerMarble":72,"REME_ComplimentaryCards":0}],"Burning Blood":72},"card_choices":[{"not_picked":["Clash","Heavy Blade"],"picked":"Perfected Strike","floor":1},{"not_picked":["Flame Barrier","Heavy Blade","jedi:hate","Flex"],"picked":"Carnage","floor":3},{"not_picked":["Choke","Heavy Blade","Cleave","Clothesline"],"picked":"MostiFishMod:FlyOverUtopia","floor":5},{"not_picked":["Offering","Heavy Blade","Body Slam","MostiFishMod:BrandingRite"],"picked":"Wild Strike","floor":10},{"not_picked":["Warcry","ReplayTheSpireMod:Strike From Hell","Cleave","conspire:HitWhereItHurts"],"picked":"Seeing Red","floor":12},{"not_picked":["Endless Agony","Warcry","Thunderclap","Clash"],"picked":"Flex","floor":14},{"not_picked":["Venomology","Limit Break","Offering","Replay:Many Hands"],"picked":"MostiFishMod:RainCloud","floor":16},{"not_picked":["True Grit","Shrug It Off","Dark Embrace","Intimidate+1"],"picked":"Spot Weakness","floor":18},{"not_picked":["Sword Boomerang","Massacre","Evolve","Headbutt"],"picked":"ReplayTheSpireMod:Strike From Hell","floor":19},{"not_picked":["Pommel Strike","Armaments","True Grit","Heavy Blade+1"],"picked":"Twin Strike+1","floor":22},{"not_picked":["AT_DiedThrough","Shockwave","Clash","jedi:MakeshiftSword+1"],"picked":"conspire:ExplosiveBarrier+1","floor":24},{"not_picked":["MostiFishMod:FireWorks","Intimidate","Disarm","True Grit"],"picked":"Replay:Undeath\u0027s Touch","floor":25},{"not_picked":["Rage+1","AT_IchimonjiDouble","Whirlwind","Sword Boomerang+1"],"picked":"ReplayTheSpireMod:LeadingStrike","floor":27},{"not_picked":["AT_BodySlamDance","Shrug It Off","Armaments","Intimidate"],"picked":"Havoc","floor":30},{"not_picked":["ReplayTheSpireMod:Stacked","Thunderclap","Clash","Shrug It Off"],"picked":"Pommel Strike","floor":31},{"not_picked":["AT_Dispersion","Immolate","conspire:HitWhereItHurts","Barricade"],"picked":"jedi:strikingstrike","floor":33},{"not_picked":["REME_Cut+1","Clash","ReplayTheSpireMod:Strike From Hell","jedi:fear"],"picked":"Twin Strike","floor":35},{"not_picked":["Replay:Undeath\u0027s Touch","Cleave+1","True Grit+1","Clothesline"],"picked":"Sword Boomerang+1","floor":38},{"not_picked":["MostiFishMod:#F4004","AT_BodySlamDance","jedi:MakeshiftSword","Battle Trance"],"picked":"Thunderclap","floor":39},{"not_picked":["Warcry","Armaments","MostiFishMod:BrandingRite+1","Sword Boomerang"],"picked":"Clash+1","floor":45},{"not_picked":["Ghostly Armor","Flex","jedi:controlledanger+1","Bloodletting"],"picked":"Limit Break","floor":47},{"not_picked":["Havoc+1","jedi:fear","Clash","ReplayTheSpireMod:Strike From Hell"],"picked":"jedi:collectorstrike","floor":48}],"player_experience":555291,"relics_obtained":[{"floor":1,"key":"SynthV:TestCard"},{"floor":12,"key":"Ancient Tea Set"},{"floor":23,"key":"testmod-ConstraintPeriapt"},{"floor":25,"key":"DemoMod:ClearGuonStone"},{"floor":26,"key":"Blue Candle"},{"floor":27,"key":"jedi:crownofsimplicity"},{"floor":29,"key":"ImprovedEquipment"},{"floor":30,"key":"Mummified Hand"},{"floor":32,"key":"DemoMod:WeirdEgg"},{"floor":40,"key":"reliquary:Firecrackers"},{"floor":41,"key":"The Courier"},{"floor":43,"key":"AT_BellowingDragoncrestRing"},{"floor":45,"key":"DaCapo"},{"floor":47,"key":"ReplayTheSpireMod:TigerMarble"},{"floor":49,"key":"testmod-BouquetWithThorns"}],"event_choices":[{"damage_healed":0,"gold_gain":0,"player_choice":"Ignored","damage_taken":0,"max_hp_gain":0,"max_hp_loss":0,"event_name":"?自己的盒子","floor":4,"gold_loss":0},{"damage_healed":0,"gold_gain":400,"player_choice":"Sell","damage_taken":0,"max_hp_gain":0,"max_hp_loss":0,"event_name":"恩洛斯的?子","floor":7,"relics_lost":["AT_ATBox"],"gold_loss":0}],"is_beta":false,"boss_relics":[{"not_picked":["conspire:SeveredTorchhead","AT_MortalBlade"],"picked":"Ooze Armor"},{"not_picked":["conspire:RoyalGoblet","aspiration:MobileForge"],"picked":"Replay:Drink Me"}],"items_purged_floors":[28,44],"is_endless":false,"potions_floor_spawned":[12,14,16,24,25,31,33,35,36,38,39,47,48],"killed_by":"Hallownest:BossHollowKnight","ascension_level":19}}