{"host":"80x1ozqd5wpd4nvo","time":1613781983,"event":{"mods":["2.2 Compatiblity","Act Like it!","Aspiration","BaseMod","Better Altar","Better Match","Better Note","Better Sensory Stone","Better Skull","Better Third Choice","BetterRewards","Card Forge","Custom Start","DNKmod","Defuse TimeMaze Blight","Dota2Spire","Energized Spire","Friendly Minions","GifTheSpireLib","Hubris","Infinite Spire","Jedi Mod","Minty Spire (QoL Compilation)","MostiFishMod","Permanent Neow","Poor People Problems","Ruina","Shop Mod","Spicy Shops","StSLib","The Blue Laboratory","The Bug Knight","??????REMEMod"],"gold_per_floor":[1219,1219,1238,1238,1253,1253,421,421,421,503,522,553,628,642,642,737,737,753,766,691,691,711,711,711,711,711,824,438,465,527,546,546,648,648,667,667,667,680,695,722,734,803,803,821,848,848,867,886,886,886,936,936,269,304,304],"floor_reached":56,"language":"ENG","playtime":7209,"items_purged":["HollowMod:NailStrikeStart"],"score":1793,"play_id":"5c3b4921-2243-4048-b858-949c54611aec","local_time":"20210220014623","is_ascension_mode":true,"campfire_choices":[{"data":"HollowMod:ChannelNail","floor":6,"key":"SMITH"},{"data":"HollowMod:NewJinnsSoul","floor":8,"key":"SMITH"},{"data":"HollowMod:FocusHealStart","floor":15,"key":"SMITH"},{"data":"HollowMod:PaleKingsBlessing","floor":23,"key":"SMITH"},{"data":"HollowMod:PogoStrike","floor":25,"key":"SMITH"},{"data":"HollowMod:NewGlowingWomb","floor":32,"key":"SMITH"},{"floor":46,"key":"RECALL"},{"data":"HollowMod:SlysStrikes","floor":49,"key":"SMITH"},{"data":"HollowMod:AwokenDreamNail","floor":52,"key":"SMITH"}],"circlet_count":0,"master_deck":["HollowMod:NailStrikeStart","HollowMod:NailStrikeStart","HollowMod:QuickDashStart","HollowMod:QuickDashStart","HollowMod:QuickDashStart","HollowMod:QuickDashStart","HollowMod:FocusHealStart+1","HollowMod:PogoStrike+1","HollowMod:PaleKingsBlessing+1","HollowMod:NewJinnsSoul+1","HollowMod:DashSlash","HollowMod:ChannelNail+1","HollowMod:SoulVessel","HollowMod:MonarchWings+1","HollowMod:NewJinnsSoul+1","Trip+1","HollowMod:DashSlash","HollowMod:MawleksShell+1","HollowMod:PerfectDash+1","HollowMod:LifebloodCocoon+1","HollowMod:Weaversong","HollowMod:CloakDash+1","HollowMod:HuntersJournal+1","jedi:BattleThirst","HollowMod:MantisMark+1","HollowMod:GoodIntentions+1","HollowMod:DoubleDash+1","HollowMod:SoulEater","HollowMod:CrystalDash+1","HollowMod:AwokenDreamNail+1","HollowMod:NewGlowingWomb+1","HollowMod:SlysStrikes+1","HollowMod:CycloneSlash","infinitespire:Execution+1","HollowMod:MantisMark+1","HollowMod:LifebloodCore+1","REME_ShortnessOfBreath+1","HollowMod:CoiledNail"],"relics":["HollowMod:VesselMask","Hammer of Thor","Seething Fire","Anvil of the Gods","REME_ComplimentaryCards","DaveBox","SynthV:TestCard","hubris:MobiusCoin","Toxic Egg 2","hubris:EmptyBottle","ImprovedEquipment","Letter Opener","Ancient Tea Set","PatriotShield","DianDianMeat","infinitespire:PuzzleCube","Lantern","BirthdayGift-Tetrahedron","SynthV","Orichalcum","Mummified Hand","Dota2Spire:Bloodstone","hubris:Towel","Dota2Spire:EtherealBlade","Sundial","Dota2Spire:Satanic","Sling","aspiration:Nostalgia","Cracked Core","Pen Nib"],"acts_visited":["Exordium","Exordium","TheBeyond","TheEnding"],"potions_floor_usage":[10,12,16,31,31,41,41,50,50,55],"damage_taken":[{"damage":0,"enemies":"Jaw Worm","floor":1,"turns":3},{"damage":0,"enemies":"Small Slimes","floor":3,"turns":2},{"damage":1,"enemies":"Cultist","floor":5,"turns":3},{"damage":19,"enemies":"Gremlin Nob","floor":10,"turns":4},{"damage":4,"enemies":"Looter","floor":11,"turns":2},{"damage":0,"enemies":"3 Sentries","floor":12,"turns":4},{"damage":0,"enemies":"Gremlin Gang","floor":14,"turns":3},{"damage":8,"enemies":"The Guardian","floor":16,"turns":12},{"damage":0,"enemies":"ruina:BadWolf","floor":18,"turns":4},{"damage":0,"enemies":"ruina:2_Scarecrows","floor":19,"turns":3},{"damage":15,"enemies":"ruina:Nos_and_Bat","floor":22,"turns":4},{"damage":0,"enemies":"ruina:3_Scarecrows","floor":27,"turns":4},{"damage":0,"enemies":"ruina:ServantOfWrath","floor":29,"turns":3},{"damage":0,"enemies":"ruina:Woodsman","floor":30,"turns":1},{"damage":0,"enemies":"ruina:QueenOfHate","floor":31,"turns":2},{"damage":2,"enemies":"ruina:Red_and_Wolf","floor":33,"turns":9},{"damage":0,"enemies":"Orb Walker","floor":35,"turns":2},{"damage":2,"enemies":"3 Shapes","floor":38,"turns":2},{"damage":0,"enemies":"Sphere and 2 Shapes","floor":39,"turns":3},{"damage":0,"enemies":"Nightmare","floor":40,"turns":1},{"damage":2,"enemies":"4 Shapes","floor":41,"turns":2},{"damage":3,"enemies":"Spire Growth","floor":42,"turns":2},{"damage":0,"enemies":"Transient","floor":44,"turns":5},{"damage":0,"enemies":"Giant Head","floor":45,"turns":4},{"damage":0,"enemies":"Maw","floor":47,"turns":1},{"damage":0,"enemies":"3 Darklings","floor":48,"turns":2},{"damage":2,"enemies":"Time Eater","floor":50,"turns":6},{"damage":0,"enemies":"Shield and Spear","floor":54,"turns":2},{"damage":4,"enemies":"The Heart","floor":55,"turns":4}],"seed_played":"962452767498160860","potions_obtained":[{"floor":1,"key":"FearPotion"},{"floor":3,"key":"Explosive Potion"},{"floor":12,"key":"FairyPotion"},{"floor":14,"key":"blueLaboratory:SavagePotion"},{"floor":33,"key":"Ancient Potion"},{"floor":38,"key":"blueLaboratory:FruitPunch"},{"floor":42,"key":"blueLaboratory:PyrophylliteBrew"}],"is_trial":false,"path_per_floor":["M","?","M","?","M","R","$","R","T","E","M","E","?","M","R","B",null,"M","M","?","?","M","R","?","R","T","M","$","E","M","M","R","B",null,"M","?","?","M","M","NM","M","M","T","M","E","R","M","M","R","B",null,"R","$","E","B",null],"character_chosen":"THE_BUGKNIGHT","items_purchased":["hubris:MobiusCoin","Toxic Egg 2","HollowMod:SoulVessel","HollowMod:MonarchWings+1","HollowMod:NewJinnsSoul+1","Trip+1","hubris:EmptyBottle","HollowMod:DoubleDash+1","BirthdayGift-Tetrahedron","SynthV","Orichalcum","Energy Potion","HollowMod:SoulEater","Dota2Spire:Satanic","Sling","aspiration:Nostalgia","REME_ShortnessOfBreath+1","blueLaboratory:FrostheartPotion","HollowMod:CoiledNail"],"campfire_rested":0,"item_purchase_floors":[7,7,7,7,7,7,7,28,28,28,28,28,28,53,53,53,53,53,53],"current_hp_per_floor":[100,100,100,100,99,99,99,99,99,80,79,88,78,81,81,92,100,100,100,100,100,95,95,73,73,73,81,88,93,99,112,112,136,136,145,145,120,130,136,142,155,167,167,170,170,170,170,182,182,182,182,182,209,209,205],"gold":304,"neow_bonus":"TRANSFORM_CARD","is_daily":false,"chose_seed":false,"campfire_upgraded":8,"win_rate":0.0,"timestamp":1613781983,"path_taken":["M","?","M","?","?","R","$","R","T","E","M","E","?","M","R","BOSS","M","?","?","?","?","R","?","R","T","?","$","E","M","M","R","BOSS","M","?","?","M","M","NM","M","M","T","M","E","R","M","M","R","BOSS","R","$","E","BOSS"],"items_purchased_type":["Relic","Relic","Card","Card","Card","Card","Relic","Card","Relic","Relic","Relic","Potion","Card","Relic","Relic","Relic","Card","Potion","Card"],"build_version":"2020-12-22","purchased_purges":1,"victory":true,"max_hp_per_floor":[100,100,100,100,100,100,100,100,100,100,100,100,100,100,100,100,100,100,100,100,100,101,101,101,101,101,103,110,115,121,128,128,136,136,145,145,155,155,155,155,159,170,170,170,170,170,170,182,182,182,182,182,209,209,209],"card_choices":[{"not_picked":["HollowMod:InfectedCysts","HollowMod:ShadowDash"],"picked":"HollowMod:NewJinnsSoul","floor":1},{"not_picked":["HollowMod:SharpenedNail","HollowMod:NewGlowingWomb","HollowMod:GoodIntentions","HollowMod:RecoilStrike"],"picked":"HollowMod:DashSlash","floor":3},{"not_picked":["HollowMod:PaleKingsBlessing","HollowMod:HeavyBlow","HollowMod:InfectedAttack","HollowMod:NewLittleFool"],"picked":"HollowMod:ChannelNail","floor":5},{"not_picked":["HollowMod:SharpenedShadows","HollowMod:ShadowDash+1","HollowMod:BrokenVessel","HollowMod:SoulShaman+1"],"picked":"HollowMod:DashSlash","floor":10},{"not_picked":["HollowMod:LifebloodCocoon+1","HollowMod:RecoilStrike","HollowMod:LuriensSpire+1","HollowMod:InfectedCysts"],"picked":"HollowMod:MawleksShell+1","floor":11},{"not_picked":["HollowMod:VengefulVoid","HollowMod:ShadowDash+1","HollowMod:DashSlash","HollowMod:InfectionAssault"],"picked":"HollowMod:PerfectDash+1","floor":12},{"not_picked":["HollowMod:DescendingDark","HollowMod:MawleksShell+1","HollowMod:ElderbugsWisdom","HollowMod:NewJinnsSoul+1"],"picked":"HollowMod:LifebloodCocoon+1","floor":14},{"not_picked":["HollowMod:PureVessel","HollowMod:LifebloodCore+1","HollowMod:VoidDash+1","HollowMod:NewInfectedGuardian+1"],"picked":"HollowMod:Weaversong","floor":16},{"not_picked":["HollowMod:HowlingWraiths+1","HollowMod:FastStrike","HollowMod:NewGlowingWomb","HollowMod:PerfectDash+1"],"picked":"HollowMod:CloakDash+1","floor":18},{"not_picked":["HollowMod:SiblingsSouls+1","HollowMod:NewLittleFool","HollowMod:CornifersMapStart+1","HollowMod:GreatSlash+1"],"picked":"HollowMod:HuntersJournal+1","floor":19},{"not_picked":["HollowMod:BrokenVessel","HollowMod:InfectedAttack","HollowMod:VengefulVoid+1","HollowMod:AbyssShriek+1"],"picked":"HollowMod:MantisMark+1","floor":22},{"not_picked":["HollowMod:SoulSplash+1","HollowMod:NewGlowingWomb","HollowMod:VengefulSpirit+1","HollowMod:MantisMark+1"],"picked":"HollowMod:GoodIntentions+1","floor":27},{"not_picked":["HollowMod:VengefulSpirit","HollowMod:MothsMistake","HollowMod:FastStrike+1","HollowMod:WraithStrike"],"picked":"HollowMod:CrystalDash+1","floor":29},{"not_picked":["HollowMod:SharpenedShadows","HollowMod:GrimmsGift+1","HollowMod:VengefulSpirit","HollowMod:TaintedHusks+1"],"picked":"HollowMod:AwokenDreamNail","floor":30},{"not_picked":["HollowMod:GoodIntentions+1","HollowMod:DungDefenderAura+1","HollowMod:SharpenedShadows+1","HollowMod:LuriensSpire+1"],"picked":"HollowMod:NewGlowingWomb","floor":31},{"not_picked":["HollowMod:AwokenDreamNail","HollowMod:RadiancesLament+1","HollowMod:Hiveblood+1","HollowMod:PaleKingsBlessing+1"],"picked":"HollowMod:SlysStrikes","floor":33},{"not_picked":["HollowMod:PerfectDash+1","HollowMod:ShapeofUnn+1","HollowMod:SharpenedShadows","HollowMod:SoulSplash+1"],"picked":"HollowMod:CycloneSlash","floor":35},{"not_picked":["infinitespire:FinalStrike","hubris:InfiniteBlow+10"],"picked":"infinitespire:Execution","floor":37},{"not_picked":["HollowMod:ShadowDash+1","HollowMod:SoulVessel+1","HollowMod:MawleksShell+1","HollowMod:DescendingDark","HollowMod:SharpenedNail"],"picked":"SKIP","floor":38},{"not_picked":["HollowMod:ShapeofUnn","HollowMod:InfectionAssault","HollowMod:DungDefenderAura+1","HollowMod:GreatSlash","HollowMod:AwokenDreamNail"],"picked":"SKIP","floor":39},{"not_picked":["HollowMod:ZotesMagnificence","HollowMod:CycloneSlash+1","HollowMod:BlackTendrils+1","HollowMod:NewLittleFool","HollowMod:SiblingsShadow+1"],"picked":"SKIP","floor":40},{"not_picked":["HollowMod:DescendingDark+1","HollowMod:TaintedHusks+1","HollowMod:HerrahsAnger+1","HollowMod:InfectedCysts+1","HollowMod:DoubleDash+1"],"picked":"SKIP","floor":41},{"not_picked":["HollowMod:MonomonsArchive+1","HollowMod:PureNailStrike+1","HollowMod:RecoilStrike","HollowMod:BlackTendrils+1"],"picked":"HollowMod:MantisMark+1","floor":42},{"not_picked":["HollowMod:MonomonsArchive+1","HollowMod:SoulStrike","HollowMod:CycloneSlash+1","HollowMod:WraithStrike","HollowMod:NewJinnsSoul+1"],"picked":"SKIP","floor":44},{"not_picked":["HollowMod:VengefulSpirit+1","HollowMod:RadiancesLament+1","HollowMod:InfectionAssault","HollowMod:HeavyBlow+1","HollowMod:SharpenedShadows"],"picked":"SKIP","floor":45},{"not_picked":["HollowMod:BlackTendrils","HollowMod:MonarchWings+1","HollowMod:NewLittleFool+1","HollowMod:InfectedAttack+1","HollowMod:TaintedHusks+1"],"picked":"SKIP","floor":47},{"not_picked":["HollowMod:CornifersMapStart+1","HollowMod:SiblingsSouls+1","HollowMod:CloakDash+1","HollowMod:WraithStrike+1"],"picked":"HollowMod:LifebloodCore+1","floor":48},{"not_picked":["HollowMod:DesolateDive","HollowMod:NewJinnsSoul+1","HollowMod:MawleksShell+1","HollowMod:WhiteLadysBlessing","HollowMod:SoulStrike"],"picked":"SKIP","floor":54}],"player_experience":281906,"relics_obtained":[{"floor":1,"key":"SynthV:TestCard"},{"floor":9,"key":"ImprovedEquipment"},{"floor":10,"key":"Letter Opener"},{"floor":12,"key":"Ancient Tea Set"},{"floor":26,"key":"Lantern"},{"floor":29,"key":"Mummified Hand"},{"floor":40,"key":"Dota2Spire:EtherealBlade"},{"floor":45,"key":"Sundial"},{"floor":54,"key":"Pen Nib"}],"event_choices":[{"damage_healed":0,"gold_gain":0,"player_choice":"Cursed","damage_taken":0,"max_hp_gain":0,"max_hp_loss":0,"event_name":"Wheel of Change","floor":4,"gold_loss":0,"cards_obtained":["Decay"]},{"damage_healed":0,"gold_gain":75,"player_choice":"Touch","damage_taken":10,"max_hp_gain":0,"max_hp_loss":0,"event_name":"FaceTrader","floor":13,"gold_loss":0},{"damage_healed":0,"gold_gain":0,"player_choice":"2","damage_taken":0,"max_hp_gain":0,"max_hp_loss":0,"event_name":"betterMatch:BetterMatch","floor":20,"gold_loss":0,"cards_obtained":[]},{"damage_healed":0,"gold_gain":0,"player_choice":"RE ","damage_taken":24,"relics_obtained":["infinitespire:PuzzleCube"],"max_hp_gain":0,"max_hp_loss":0,"event_name":"betterSkull:BetterSkull","floor":24,"gold_loss":0,"cards_upgraded":[]}],"is_beta":false,"boss_relics":[{"not_picked":["REME_DuelDisc","hubris:Stopwatch"],"picked":"PatriotShield"},{"not_picked":["RhineFirstAidKit","hubris:TerracottaHorce"],"picked":"Dota2Spire:Bloodstone"}],"items_purged_floors":[53],"is_endless":false,"potions_floor_spawned":[1,3,12,14,18,29,33,35,38,42,45,47,54],"ascension_level":2}}