{"host":"xr2w6q7a088fu8w2","time":1613811365,"event":{"mods":["AchievementEnabler","BaseMod","Colored Powertips","Good Game Mod","Mimic Mod","Minty Spire (QoL Compilation)","MostiFishMod","Reliquary","StSLib","UnlockEverythingMod"],"gold_per_floor":[113,38,38,113,124,124,142,142,142,155,105,125,25,57,57,154,154,167,182,182,200,75,101,101,114,137,147,107,107,107,107],"floor_reached":30,"language":"ZHS","playtime":1108,"items_purged":["Defend_G","Strike_G","Defend_G"],"score":350,"play_id":"de1bb7c3-6080-49bd-bbb5-783cfb07c140","local_time":"20210220165605","daily_mods":["Red Cards","Green Cards","Blue Cards","Purple Cards","Colorless Cards","Heirloom","Time Dilation"],"is_ascension_mode":false,"campfire_choices":[{"data":"Poisoned Stab","floor":6,"key":"SMITH"},{"data":"Flex","floor":8,"key":"SMITH"},{"data":"Cleave","floor":15,"key":"SMITH"},{"data":"Bane","floor":24,"key":"SMITH"},{"data":"Survivor","floor":29,"key":"SMITH"}],"circlet_count":0,"master_deck":["Strike_G","Strike_G","Strike_G","Strike_G","Defend_G","Defend_G","Defend_G","Survivor+1","Neutralize+1","Poisoned Stab+1","Deflect+1","Flex+1","Cleave+1","Strike_G","Bane+1","MostiFishMod:OneDayCity","Beam Cell+1"],"relics":["Ring of the Snake","REME:ComplimentaryCards","DaveBox","JellyFishMachine","Prayer Wheel","SynthV:TestCard","reliquary:RadioactivePellet","reliquary:HotPoker","Orichalcum","Coffee Dripper","Turnip","Tiny Chest"],"acts_visited":["Exordium","TheCity"],"potions_floor_usage":[14,14,25],"damage_taken":[{"damage":1,"enemies":"Cultist","floor":1,"turns":5},{"damage":0,"enemies":"2 Louse","floor":5,"turns":3},{"damage":0,"enemies":"Small Slimes","floor":7,"turns":2},{"damage":0,"enemies":"Blue Slaver","floor":10,"turns":3},{"damage":0,"enemies":"Lots of Slimes","floor":12,"turns":2},{"damage":6,"enemies":"3 Sentries","floor":14,"turns":6},{"damage":36,"enemies":"The Guardian","floor":16,"turns":9},{"damage":0,"enemies":"Chosen","floor":18,"turns":4},{"damage":13,"enemies":"Shell Parasite","floor":19,"turns":5},{"damage":24,"enemies":"Snake Plant","floor":21,"turns":5},{"damage":29,"enemies":"Book of Stabbing","floor":23,"turns":5},{"damage":0,"enemies":"Snecko","floor":25,"turns":2},{"damage":6,"enemies":"Shelled Parasite and Fungi","floor":27,"turns":2},{"damage":15,"enemies":"Snake Plant","floor":30,"turns":1}],"seed_played":"5626721917124606841","potions_obtained":[{"floor":5,"key":"SteroidPotion"},{"floor":10,"key":"PowerPotion"},{"floor":23,"key":"DuplicationPotion"}],"is_trial":true,"path_per_floor":["M","$","T","?","M","R","M","R","T","M","?","M","$","E","R","B",null,"M","M","?","M","$","E","R","M","T","M","?","R","M"],"character_chosen":"THE_SILENT","items_purchased":[],"campfire_rested":0,"item_purchase_floors":[],"current_hp_per_floor":[69,69,69,58,58,58,58,58,58,58,58,58,58,52,52,16,70,70,57,70,46,46,17,17,17,17,11,11,11,0,0],"gold":107,"neow_bonus":"","is_daily":false,"chose_seed":false,"campfire_upgraded":5,"win_rate":0.0,"timestamp":1613811365,"path_taken":["M","$","?","?","M","R","M","R","T","M","?","M","$","E","R","BOSS","M","M","?","M","$","E","R","M","T","M","?","R","M"],"items_purchased_type":[],"build_version":"2020-12-22","purchased_purges":3,"victory":false,"max_hp_per_floor":[70,70,70,70,70,70,70,70,70,70,70,70,70,70,70,70,70,70,70,70,70,70,70,70,70,70,70,70,70,70,70],"card_choices":[{"not_picked":["Purity","Sword Boomerang","MostiFishMod:Clarity"],"picked":"SKIP","floor":1},{"not_picked":["Bloodletting","Sever Soul","Clash"],"picked":"SKIP","floor":1},{"not_picked":["Concentrate","Quick Slash","FlurryOfBlows","Ball Lightning"],"picked":"Poisoned Stab","floor":5},{"not_picked":["Leap","Footwork","Adaptation","JustLucky"],"picked":"Deflect","floor":5},{"not_picked":["Iron Wave","Catalyst","Cloak And Dagger","Study"],"picked":"Flex","floor":7},{"not_picked":["Coolheaded","Infernal Blade","Redo","WaveOfTheHand","Demon Form"],"picked":"SKIP","floor":7},{"not_picked":["Deadly Poison","Infinite Blades","FTL","Ghostly Armor"],"picked":"Cleave","floor":10},{"not_picked":["ClearTheMind","Metallicize","Devotion","True Grit","Fire Breathing"],"picked":"SKIP","floor":10},{"not_picked":["Escape Plan","FlurryOfBlows","Poisoned Stab","Flex","Leg Sweep"],"picked":"SKIP","floor":12},{"not_picked":["Blur","Feel No Pain","BowlingBash","Armaments","Blade Dance"],"picked":"SKIP","floor":12},{"not_picked":["Perfected Strike","Blur","Scrawl","Accuracy","MostiFishMod:GatherIntelligence"],"picked":"SKIP","floor":14},{"not_picked":["Sever Soul","Dagger Spray","Eviscerate+1","Catalyst","Loop"],"picked":"SKIP","floor":18},{"not_picked":["TalkToTheHand","Impatience+1","Warcry","Uppercut","BowlingBash"],"picked":"SKIP","floor":18},{"not_picked":["Sever Soul","Dagger Spray","Eviscerate+1","Catalyst","Loop"],"picked":"SKIP","floor":18},{"not_picked":["TalkToTheHand","Impatience+1","Warcry","Uppercut","BowlingBash"],"picked":"SKIP","floor":18},{"not_picked":["Dropkick","BowlingBash","FlyingSleeves+1","Protect","Turbo+1"],"picked":"SKIP","floor":19},{"not_picked":["FollowUp","Sever Soul","Dodge and Roll+1","Devotion","Twin Strike"],"picked":"SKIP","floor":19},{"not_picked":["Crescendo","Twin Strike+1","Concentrate","Bandage Up"],"picked":"Bane","floor":21},{"not_picked":["WreathOfFlame+1","Hologram","Clash","FearNoEvil+1","Redo"],"picked":"SKIP","floor":21},{"not_picked":["Armaments","Doom and Gloom+1","Hello World","MostiFishMod:ScryFuture"],"picked":"MostiFishMod:OneDayCity","floor":23},{"not_picked":["Dodge and Roll+1","Halt","Heavy Blade+1","Evaluate"],"picked":"Beam Cell+1","floor":25},{"not_picked":["Riddle With Holes","Cold Snap","Limit Break","Evaluate","True Grit"],"picked":"SKIP","floor":25},{"not_picked":["Gash","Ball Lightning","Expertise+1","Dark Shackles+1","Leap"],"picked":"SKIP","floor":27},{"not_picked":["Shrug It Off","MostiFishMod:Speedup","Study","Power Through","Scrape+1"],"picked":"SKIP","floor":27}],"player_experience":127371,"relics_obtained":[{"floor":1,"key":"SynthV:TestCard"},{"floor":3,"key":"reliquary:RadioactivePellet"},{"floor":9,"key":"reliquary:HotPoker"},{"floor":14,"key":"Orichalcum"},{"floor":23,"key":"Turnip"},{"floor":26,"key":"Tiny Chest"}],"event_choices":[{"damage_healed":0,"gold_gain":75,"player_choice":"Gather Gold","damage_taken":11,"max_hp_gain":0,"max_hp_loss":0,"event_name":"World of Goop","floor":4,"gold_loss":0},{"damage_healed":23,"gold_gain":0,"player_choice":"Heal","damage_taken":0,"max_hp_gain":0,"max_hp_loss":0,"event_name":"The Library","floor":20,"gold_loss":0},{"damage_healed":0,"gold_gain":0,"player_choice":"Upgraded Two","damage_taken":0,"max_hp_gain":0,"max_hp_loss":0,"event_name":"Designer","floor":28,"gold_loss":40,"cards_upgraded":["Neutralize","Deflect"]}],"is_beta":false,"boss_relics":[{"not_picked":["reliquary:WritOfMandamus","HoveringKite"],"picked":"Coffee Dripper"}],"items_purged_floors":[2,13,22],"is_endless":true,"potions_floor_spawned":[5,10,23],"killed_by":"Snake Plant","ascension_level":0}}