{"host":"56xwnffi6e9z5l58","time":1613794780,"event":{"mods":["Aspiration","BaseMod","Better Match","Better Note","Better Sensory Stone","BetterRewards","Colored Map","Colored Powertips","Conspire","Downfall","GifTheSpireLib","Hermit","Highlight Path","Hubris","Infinite Spire","Key Reminder","Minty Spire (QoL Compilation)","Permanent Neow","Quick Restart","Rare Cards Sparkle","Replay The Spire","StSLib","Stuff the Spire","SuperFastMode","Unceasing Turn Reminder"],"gold_per_floor":[99,115,128,144,160,160,184,219,219,239,239,249,249,51,65,166,166,166,179,179,197,182,200,225,225,225,225],"floor_reached":25,"language":"ENG","playtime":782,"items_purged":["bronze:Strike"],"score":205,"play_id":"5fe8a1a1-7ec0-4442-bd01-530eccf2f2f4","local_time":"20210220121940","is_ascension_mode":false,"campfire_choices":[{"data":"bronze:Replicate","floor":1,"key":"SMITH"},{"data":"bronze:Library","floor":6,"key":"SMITH"},{"floor":11,"key":"REST"},{"data":"bronze:HyperBeam","floor":13,"key":"SMITH"},{"data":"bronze:InfiniteBeams","floor":18,"key":"SMITH"}],"circlet_count":0,"master_deck":["bronze:Strike","bronze:Strike","bronze:Strike","bronze:Defend","bronze:Defend","bronze:Defend","bronze:Defend","bronze:Replicate+1","bronze:Goto","bronze:HyperBeam+1","bronze:Branch","bronze:Repair","bronze:Library+1","bronze:ItsAFeature","bronze:DelayedSlice","bronze:Frontload","bronze:Fortify","bronze:InfiniteBeams+1","bronze:FollowUp","bronze:ShipIt","bronze:FineTuning","bronze:ClassDefault","bronze:CloningBeam","bronze:CutThrough+1"],"relics":["bronze:BronzeCore","StuffTheSpire:Barrel","Guardian:PocketSentry","Centennial Puzzle","Philosopher\u0027s Stone","aspiration:HiddenCompartment"],"acts_visited":["Exordium","TheCity"],"potions_floor_usage":[14,16,25],"damage_taken":[{"damage":5,"enemies":"Jaw Worm","floor":2,"turns":4},{"damage":2,"enemies":"Small Slimes","floor":3,"turns":4},{"damage":2,"enemies":"Cultist","floor":4,"turns":4},{"damage":0,"enemies":"Large Slime","floor":5,"turns":4},{"damage":3,"enemies":"Lagavulin","floor":8,"turns":7},{"damage":12,"enemies":"Exordium Thugs","floor":10,"turns":6},{"damage":2,"enemies":"Blue Slaver","floor":12,"turns":3},{"damage":1,"enemies":"downfall:FleeingMerchant","floor":14,"turns":4},{"damage":3,"enemies":"Large Slime","floor":15,"turns":4},{"damage":7,"enemies":"WA_ARCHETYPE_RETAIN","floor":16,"turns":5},{"damage":13,"enemies":"3 Byrds","floor":19,"turns":4},{"damage":11,"enemies":"Spheric Guardian","floor":21,"turns":4},{"damage":15,"enemies":"downfall:FleeingMerchant","floor":22,"turns":4},{"damage":21,"enemies":"Shelled Parasite and Fungi","floor":23,"turns":5},{"damage":27,"enemies":"Slavers","floor":25,"turns":3}],"seed_played":"-8669034800074902431","potions_obtained":[{"floor":2,"key":"LiquidBronze"},{"floor":3,"key":"bronze:BurnAndBuffPotion"},{"floor":10,"key":"Regen Potion"},{"floor":15,"key":"Strength Potion"}],"is_trial":false,"path_per_floor":["R","M","M","M","M","R","T","E","?","M","R","M","R","$","M","B",null,"R_BF","M","?","M","$","M","T","E"],"character_chosen":"THE_AUTOMATON","items_purchased":["bronze:Fortify","bronze:InfiniteBeams"],"campfire_rested":1,"item_purchase_floors":[14,14],"current_hp_per_floor":[70,65,63,68,68,68,68,67,25,20,41,46,46,52,56,67,70,70,64,64,53,38,25,25,0,0,0],"gold":225,"neow_bonus":"ONE_RANDOM_RARE_CARD","is_daily":false,"chose_seed":false,"campfire_upgraded":4,"win_rate":0.0,"timestamp":1613794780,"path_taken":["R","M","M","M","M","R","T","E","?","M","R","M","R","$","M","BOSS","R_BF","M","?","M","$","M","T","E"],"items_purchased_type":["Card","Card"],"build_version":"2020-12-22","purchased_purges":1,"victory":false,"max_hp_per_floor":[70,70,70,70,70,70,70,70,70,70,70,70,70,70,70,70,70,70,70,70,70,70,70,70,70,70,70],"card_choices":[{"not_picked":["bronze:ClassDefault","bronze:DigitalCarnage"],"picked":"bronze:Branch","floor":2},{"not_picked":["bronze:InfiniteBeams","bronze:FineTuning"],"picked":"bronze:Repair","floor":3},{"not_picked":["bronze:Separator","bronze:BugBarrage","bronze:WildBeam"],"picked":"SKIP","floor":4},{"not_picked":["bronze:BuggyMess","bronze:Flail"],"picked":"bronze:Library","floor":5},{"not_picked":["bronze:Turbo","bronze:Iterate"],"picked":"bronze:ItsAFeature","floor":8},{"not_picked":["bronze:Branch","bronze:WhirlingStrike"],"picked":"bronze:DelayedSlice","floor":10},{"not_picked":["bronze:WildBeam","bronze:DigitalCarnage"],"picked":"bronze:Frontload","floor":12},{"not_picked":["bronze:Separator","bronze:Invalidate","bronze:Shield"],"picked":"SKIP","floor":14},{"not_picked":["bronze:Philosophize","bronze:Shell"],"picked":"bronze:FollowUp","floor":15},{"not_picked":["bronze:TinkerersToolbox","bronze:Library"],"picked":"bronze:ShipIt","floor":16},{"not_picked":["bronze:Deprecate","bronze:Overload"],"picked":"bronze:FineTuning","floor":19},{"not_picked":["bronze:FollowUp","bronze:BitShift"],"picked":"bronze:ClassDefault","floor":21},{"not_picked":["bronze:Deprecate","bronze:Invalidate"],"picked":"bronze:CloningBeam","floor":22},{"not_picked":["bronze:DelayedSlice+1","bronze:Frontload"],"picked":"bronze:CutThrough+1","floor":23}],"player_experience":1050644,"relics_obtained":[{"floor":7,"key":"StuffTheSpire:Barrel"},{"floor":8,"key":"Guardian:PocketSentry"},{"floor":24,"key":"aspiration:HiddenCompartment"}],"event_choices":[{"damage_healed":0,"gold_gain":0,"player_choice":"Success","damage_taken":42,"relics_obtained":["Centennial Puzzle"],"max_hp_gain":0,"max_hp_loss":0,"event_name":"Scrap Ooze","floor":9,"gold_loss":0},{"cards_removed":["bronze:Strike"],"damage_healed":0,"gold_gain":0,"player_choice":"Give","damage_taken":0,"max_hp_gain":0,"max_hp_loss":0,"event_name":"betterNote:BetterNote","floor":20,"gold_loss":0,"cards_obtained":["bronze:Strike"]}],"is_beta":false,"boss_relics":[{"not_picked":["aspiration:SilentSkillbook","Tiny House"],"picked":"Philosopher\u0027s Stone"}],"items_purged_floors":[14],"is_endless":false,"potions_floor_spawned":[2,3,10,12,15],"killed_by":"Slavers","ascension_level":0}}