{"host":"p48otulg9rbkrcsk","time":1613836862,"event":{"mods":["BaseMod","Colored Map","Downfall","Minty Spire (QoL Compilation)","Quick Restart","StSLib","The Administrix","The Animator","[功能]功能增强和修复MOD"],"gold_per_floor":[224,234,125,141,152,197,100,100,179,194,194,55,55,95,95,191,191,214,214,140,140,47,47,47,47,47,47,14,34,34,44,44,143,143,158,174,71,83,97,97,113,140,140,140,61,61,73,73,73,73,73,73,519,581,636,636,636,470,545,545,545],"floor_reached":60,"language":"ZHS","playtime":5119,"items_purged":["animator:Defend","animator:Defend","animator:Strike","animator:Strike","animator:Strike","animator:Strike_Konosuba","animator:Defend_Konosuba","animator:Darkness","animator:Rimuru","animator:Albedo","animator:Raven+1","animator:SuzuneAmano","animator:Vanir"],"score":809,"play_id":"8f9a41cb-529d-425c-9ea8-7f47fd900643","local_time":"20210221000102","is_ascension_mode":false,"campfire_choices":[{"data":"animator:Ara","floor":8.0,"key":"SMITH"},{"data":"animator:Sloth","floor":13.0,"key":"SMITH"},{"data":"animator:Raven","floor":15.0,"key":"SMITH"},{"floor":23.0,"key":"RECALL"},{"data":"animator:Elsword","floor":25.0,"key":"SMITH"},{"data":"animator:Kazuma","floor":27.0,"key":"SMITH"},{"data":"animator:Kira","floor":30.0,"key":"SMITH"},{"data":"animator:Millim","floor":32.0,"key":"SMITH"},{"floor":40.0,"key":"REST"},{"data":"animator:Kyubey","floor":44.0,"key":"SMITH"},{"data":"animator:Millim+1","floor":46.0,"key":"SMITH"},{"data":"animator:Millim+2","floor":49.0,"key":"SMITH"},{"data":"animator:Chung","floor":52.0,"key":"SMITH"}],"circlet_count":0,"master_deck":["animator:Kazuma+1","animator:Ara+1","animator:Sloth+1","animator:Hans+1","animator:Elsword+1","animator:Kira+1","animator:Millim+7","animator:Hans+1","animator:Chung+1","animator:Kyubey+1","animator:Chung+1","animator:Benimaru+1","animator:MadokaKaname+1","animator:Benimaru+1","animator:Mitsurugi+1","animator:MisaKurobane+1","animator:GazelDwargon"],"relics":["animator:TheWolleyCore","animator:AncientMedallion"],"acts_visited":["Exordium","TheCity","TheBeyond","TheEnding","EYB:TheUnnamedReign"],"potions_floor_usage":[59,59,59,60],"damage_taken":[{"damage":3.0,"enemies":"Cultist","floor":1.0,"turns":5.0},{"damage":4.0,"enemies":"2 Louse","floor":2.0,"turns":4.0},{"damage":1.0,"enemies":"Small Slimes","floor":4.0,"turns":3.0},{"damage":0.0,"enemies":"3 Louse","floor":5.0,"turns":3.0},{"damage":61.0,"enemies":"Lagavulin","floor":6.0,"turns":13.0},{"damage":0.0,"enemies":"Blue Slaver","floor":10.0,"turns":2.0},{"damage":0.0,"enemies":"3 Sentries","floor":14.0,"turns":6.0},{"damage":0.0,"enemies":"Slime Boss","floor":16.0,"turns":7.0},{"damage":0.0,"enemies":"2 Thieves","floor":18.0,"turns":4.0},{"damage":14.0,"enemies":"Shell Parasite","floor":29.0,"turns":3.0},{"damage":4.0,"enemies":"Snecko","floor":31.0,"turns":4.0},{"damage":38.0,"enemies":"Collector","floor":33.0,"turns":7.0},{"damage":12.0,"enemies":"Orb Walker","floor":35.0,"turns":3.0},{"damage":44.0,"enemies":"3 Darklings","floor":36.0,"turns":5.0},{"damage":17.0,"enemies":"Sphere and 2 Shapes","floor":38.0,"turns":5.0},{"damage":0.0,"enemies":"Maw","floor":39.0,"turns":7.0},{"damage":17.0,"enemies":"Jaw Worm Horde","floor":41.0,"turns":3.0},{"damage":33.0,"enemies":"Reptomancer","floor":42.0,"turns":6.0},{"damage":28.0,"enemies":"3 Darklings","floor":47.0,"turns":4.0},{"damage":62.0,"enemies":"Time Eater","floor":50.0,"turns":13.0},{"damage":13,"enemies":"animator:UNNAMED_HAT","floor":54,"turns":9},{"damage":0,"enemies":"animator:UNNAMED_CULTIST_1","floor":55,"turns":7},{"damage":48,"enemies":"animator:LARGE_WISP","floor":59,"turns":6},{"damage":82,"enemies":"animator:UNNAMED_CULTIST_2","floor":60,"turns":5}],"seed_played":"-2697773838897730419","potions_obtained":[{"floor":2.0,"key":"SpeedPotion"},{"floor":2.0,"key":"SpeedPotion"},{"floor":2.0,"key":"GamblersBrew"},{"floor":14.0,"key":"Energy Potion"},{"floor":14.0,"key":"SteroidPotion"},{"floor":33.0,"key":"animator:GrowthPotion"},{"floor":54,"key":"animator:FalseLifePotion"},{"floor":55,"key":"animator:FalseLifePotion"},{"floor":55,"key":"animator:FalseLifePotion"},{"floor":59,"key":"animator:FalseLifePotion"}],"is_trial":false,"path_per_floor":["M","M","$","M","M","E","$","R","T","M","?","$","R","E","R","B",null,"M","?","$","?","$","R","?","R","T","R","$","M","R","M","R","B",null,"M","M","$","M","M","R","M","E","T","R","$","R","M","?","R","B",null,"R","??","M","M","T","?","$","M","M"],"character_chosen":"THE_ANIMATOR","items_purchased":["Lantern","animator:ColorlessFragment","Akabeko","Calipers","TheAbacus","Ornamental Fan","TwistedFunnel","TungstenRod","Juzu Bracelet","Centennial Puzzle","animator:HallowedScabbard","Orrery","animator:Kira","animator:Kyubey","Pantograph","animator:OldCoffin","OrangePellets","animator:AncientMedallion","animator:AncientMedallion","animator:AncientMedallion","animator:GazelDwargon"],"campfire_rested":1,"item_purchase_floors":[3,3,3,7,7,12,12,12,20,20,22,22,28,37,37,45,45,58,58,58,58],"current_hp_per_floor":[63,62,62,63,65,6,6,6,6,8,8,8,8,10,10,13,68,68,57,72,72,73,73,73,73,73,73,73,63,63,59,59,31,73,66,32,47,37,37,59,49,27,27,27,42,42,27,27,27,6,75,75,98,85,92,92,92,92,53,0,0],"gold":545,"neow_bonus":"HUNDRED_GOLD","is_daily":false,"chose_seed":false,"campfire_upgraded":11,"win_rate":0.0,"timestamp":1613836862,"path_taken":["M","M","$","M","M","E","$","R","T","M","?","$","R","E","R","BOSS","M","?","$","?","$","R","?","R","T","R","$","M","R","M","R","BOSS","M","M","$","M","M","R","M","E","T","R","$","R","M","?","R","BOSS","R","??","M","M","T","?","$","M","M"],"items_purchased_type":["Relic","Relic","Relic","Relic","Relic","Relic","Relic","Relic","Relic","Relic","Relic","Relic","Card","Card","Relic","Relic","Relic","Relic","Relic","Relic","Card"],"build_version":"2020-12-22","purchased_purges":13,"victory":false,"max_hp_per_floor":[66,67,67,67,67,67,67,67,67,67,67,67,67,67,67,68,68,68,73,73,73,73,73,73,73,73,73,73,73,73,73,73,73,73,74,74,74,74,74,74,74,75,75,75,75,75,75,75,75,75,75,75,98,98,98,98,98,98,98,98,98],"card_choices":[{"not_picked":["animator:SilverFang","animator:Kazuma"],"picked":"animator:Ara","floor":1.0},{"not_picked":["animator:Entoma","animator:Tatsumaki"],"picked":"animator:Raven","floor":2.0},{"not_picked":["animator:SayakaMiki","animator:Vanir"],"picked":"animator:Sloth","floor":4.0},{"not_picked":["animator:Kazuma","animator:Demiurge","animator:Geryuganshoop"],"picked":"SKIP","floor":5.0},{"not_picked":["animator:Vanir","animator:Verdia"],"picked":"animator:Darkness","floor":6.0},{"not_picked":["animator:SilverFang","animator:SuzuneAmano","animator:IrohaTamaki"],"picked":"SKIP","floor":10.0},{"not_picked":["animator:Cocytus","animator:ElricAlphonse"],"picked":"animator:SuzuneAmano","floor":14.0},{"not_picked":["animator:Rimuru","animator:Albedo"],"picked":"animator:Hans","floor":16.0},{"not_picked":["animator:Ara","animator:Chung"],"picked":"animator:Elsword","floor":18.0},{"not_picked":["animator:Hakurou+1","animator:Ciel"],"picked":"animator:Ara","floor":18.0},{"not_picked":["animator:Chris","animator:Sonic"],"picked":"animator:Millim","floor":29.0},{"not_picked":["animator:MaesHughes","animator:Gluttony","animator:IrohaTamaki"],"picked":"SKIP","floor":29.0},{"not_picked":["animator:Kaijin+1","animator:Millim","animator:HomuraAkemi"],"picked":"SKIP","floor":31.0},{"not_picked":["animator:Raven","animator:Melzalgald+1","animator:ElricEdward"],"picked":"SKIP","floor":31.0},{"not_picked":["animator:Greed+1","animator:Elesis"],"picked":"animator:Rimuru","floor":33.0},{"not_picked":["animator:Laby+1","animator:Raven"],"picked":"animator:Chung","floor":35.0},{"not_picked":["animator:Shion+1","animator:Geryuganshoop","animator:OrikoMikuni+1"],"picked":"SKIP","floor":35.0},{"not_picked":["animator:Shuna+1","animator:Scar+1","animator:Chung"],"picked":"SKIP","floor":36.0},{"not_picked":["animator:Kazuma+1","animator:SuzuneAmano+1","animator:MumenRider+1"],"picked":"SKIP","floor":36.0},{"not_picked":["animator:Laby+1","animator:Millim+1","animator:IrohaTamaki"],"picked":"SKIP","floor":38.0},{"not_picked":["animator:WinryRockbell+1","animator:Ciel+1","animator:Shuna"],"picked":"SKIP","floor":38.0},{"not_picked":["animator:Lu","animator:Aisha"],"picked":"animator:Chung","floor":39.0},{"not_picked":["animator:Ciel+1","animator:SilverFang","animator:Pride+1"],"picked":"SKIP","floor":39.0},{"not_picked":["animator:Ara","animator:Verdia"],"picked":"animator:Benimaru+1","floor":41.0},{"not_picked":["animator:Kazuma","animator:Benimaru+1","animator:ElricAlphonse+1"],"picked":"SKIP","floor":41.0},{"not_picked":["animator:SayakaMiki","animator:MamiTomoe+1"],"picked":"animator:MadokaKaname","floor":42.0},{"not_picked":["animator:MaesHughes+1","animator:Laby+1"],"picked":"animator:Benimaru+1","floor":47.0},{"not_picked":["animator:Lu","animator:Chung"],"picked":"animator:Mitsurugi+1","floor":54},{"not_picked":["animator:Laby","animator:Elsword","animator:Genos"],"picked":"SKIP","floor":55},{"not_picked":["animator:Kagari","animator:NononJakuzure"],"picked":"animator:MisaKurobane","floor":57},{"not_picked":["animator:Shalltear","animator:Sonic","animator:Gluttony+1"],"picked":"SKIP","floor":59}],"player_experience":186513,"relics_obtained":[{"floor":6.0,"key":"animator:ShionDessert"},{"floor":9.0,"key":"Sundial"},{"floor":14.0,"key":"Prayer Wheel"},{"floor":17.0,"key":"MealTicket"},{"floor":17.0,"key":"Frozen Egg 2"},{"floor":17.0,"key":"Champion Belt"},{"floor":26.0,"key":"Gremlin Horn"},{"floor":42.0,"key":"Bag of Preparation"},{"floor":53.0,"key":"animator:TheWolleyCore"},{"floor":53.0,"key":"animator:AncientMedallion"},{"floor":56,"key":"animator:AncientMedallion"}],"event_choices":[{"damage_healed":0.0,"max_hp_gain":5.0,"max_hp_loss":0.0,"gold_gain":0.0,"event_name":"Forgotten Altar","player_choice":"Shed Blood","floor":19.0,"gold_loss":0.0,"damage_taken":17.0},{"damage_healed":0.0,"max_hp_gain":0.0,"max_hp_loss":0.0,"gold_gain":0.0,"event_name":"Beggar","player_choice":"Ignored","floor":21.0,"gold_loss":0.0,"damage_taken":0.0},{"damage_healed":0.0,"max_hp_gain":0.0,"max_hp_loss":0.0,"gold_gain":0.0,"cards_transformed":["animator:Aqua","animator:Ara"],"event_name":"Drug Dealer","player_choice":"Became Test Subject","floor":24.0,"gold_loss":0.0,"damage_taken":0.0,"cards_obtained":["animator:Vanir","animator:Albedo"]},{"damage_healed":0.0,"max_hp_gain":0.0,"max_hp_loss":0.0,"gold_gain":0.0,"event_name":"Tomb of Lord Red Mask","player_choice":"Ignored","floor":48.0,"gold_loss":0.0,"damage_taken":0.0},{"damage_healed":0,"gold_gain":0,"player_choice":"Memory 1","damage_taken":0,"max_hp_gain":0,"max_hp_loss":0,"event_name":"SensoryStone","floor":57,"gold_loss":0}],"is_beta":false,"boss_relics":[{"not_picked":["bronze:MakeshiftBattery","animator:CrumblingOrb"],"picked":"Calling Bell"},{"not_picked":["Velvet Choker","Runic Dome"],"picked":"Pandora\u0027s Box"}],"items_purged_floors":[3,3,3,7,7,20,20,20,37,37,37,37,37],"is_endless":false,"potions_floor_spawned":[2,2,2,5,14,14,16,18,18,33,36,38,39,41,41,42,47,54,55,55,59],"killed_by":"animator:UNNAMED_CULTIST_2","ascension_level":0}}