{"host":"hf83sijwe64ts2lm","time":1613787384,"event":{"mods":["2.2 Compatiblity","BaseMod","Better Altar","Better Match","Better Note","Better Sensory Stone","Better Skull","Better Third Choice","Colored Map","Colored Powertips","Highlight Path","Hubris","Infinite Spire","Minty Spire (QoL Compilation)","Quick Restart","Rare Cards Sparkle","Relic Stats","Reliquary","Replay The Spire","Shop Mod","Spicy Shops","Spire Arcade","StSLib","Thieving Mod"],"gold_per_floor":[115,115,65,65,85,116,116,159,159,192,212,212,212,232,232,351,351,375,4,29,47,47,47,47,47,125,125,165,165,180,194,194,327,327,367,415,458,458,21,21,21,57,57,86,86,112,135,135,135],"floor_reached":48,"language":"ENG","playtime":1204,"items_purged":[],"score":991,"play_id":"8dc95fbf-5029-45c6-be99-6b35eda85a0e","local_time":"20210219211624","is_ascension_mode":true,"campfire_choices":[{"floor":7.0,"key":"RECALL"},{"floor":12.0,"key":"REST"},{"data":"Midas Touch","floor":15.0,"key":"SMITH"},{"data":"Mind Blast","floor":23.0,"key":"SMITH"},{"data":"infinitespire:DeathsTouch","floor":27.0,"key":"SMITH"},{"floor":29.0,"key":"REST"},{"data":"Limit Break","floor":41,"key":"SMITH"}],"circlet_count":0,"master_deck":["Strike_R+1","Strike_R+1","Strike_R+1","Strike_R+1","Strike_R+1","Defend_R+1","Defend_R+1","Defend_R+1","Defend_R+1","Bash","Wild Strike","Injury","Midas Touch+1","Mind Blast+1","Poisoned Strike","Injury","Inflame","infinitespire:OneForAll","Ghostly Armor+1","ReplayTheSpireMod:Strike From Hell","Ghostly Armor+1","Sickly","Sword Boomerang","Bludgeon","Spot Weakness","Doubt","Swift Strike","infinitespire:DeathsTouch+1","Parasite","Seeing Red+1","Heavy Blade","Reaper","ReplayReversal+1","Iron Wave+1","ReplayTheSpireMod:LeadingStrike+1","Limit Break+1","Uppercut","Evolve","hubris:Despair","Feel No Pain+1","Demon Form","Rampage"],"relics":["Black Blood","NeowsBlessing","hubris:Icosahedron","ReplayTheSpireMod:ShopPack","Golden Idol","Ancient Tea Set","Meat on the Bone","Pear","ReplayTheSpireMod:Ring of Collecting","Ring of Misfortune","Cursed Key","reliquary:Tamtam","reliquary:JackalopeAntler","reliquary:GummyVitamins","TheAbacus","ReplayTheSpireMod:Ring of Exchange","infinitespire:ShieldingShard","Replay:Bottled Eggs","infinitespire:EvilPickle","Pantograph","hubris:Towel","Replay:Multitool","Ring of Fury","reliquary:PartyBalloon"],"acts_visited":["Exordium","TheCity","TheBeyond"],"potions_floor_usage":[46,46,47,48],"damage_taken":[{"damage":0.0,"enemies":"Jaw Worm","floor":1.0,"turns":1.0},{"damage":0.0,"enemies":"2 Louse","floor":5.0,"turns":1.0},{"damage":0.0,"enemies":"3 Sentries","floor":6.0,"turns":2.0},{"damage":20.0,"enemies":"Replay:BlueRogue","floor":8.0,"turns":5.0},{"damage":51.0,"enemies":"Lagavulin","floor":10.0,"turns":5.0},{"damage":0.0,"enemies":"Small Slimes","floor":11.0,"turns":3.0},{"damage":0.0,"enemies":"Looter","floor":14.0,"turns":3.0},{"damage":59.0,"enemies":"The Guardian","floor":16.0,"turns":13.0},{"damage":13.0,"enemies":"Shell Parasite","floor":18.0,"turns":5.0},{"damage":8.0,"enemies":"2 Thieves","floor":21.0,"turns":3.0},{"damage":18.0,"enemies":"Slavers","floor":28.0,"turns":2.0},{"damage":10.0,"enemies":"Snecko","floor":30.0,"turns":3.0},{"damage":0.0,"enemies":"Sentry and Sphere","floor":31.0,"turns":3.0},{"damage":38.0,"enemies":"Pondfish","floor":33.0,"turns":8.0},{"damage":21.0,"enemies":"3 Darklings","floor":35.0,"turns":5.0},{"damage":7,"enemies":"Orb Walker","floor":36,"turns":3},{"damage":0,"enemies":"4 Shapes","floor":37,"turns":4},{"damage":9,"enemies":"R_Hoarder","floor":42,"turns":5},{"damage":0,"enemies":"3 Darklings","floor":44,"turns":4},{"damage":44,"enemies":"Maw","floor":46,"turns":6},{"damage":32,"enemies":"4 Shapes","floor":47,"turns":4},{"damage":94,"enemies":"Giant Head","floor":48,"turns":7}],"seed_played":"-1527158058275951741","potions_obtained":[{"floor":6.0,"key":"Fruit Juice"},{"floor":10.0,"key":"GamblersBrew"},{"floor":14.0,"key":"Elixir"},{"floor":20.0,"key":"BloodPotion"},{"floor":21.0,"key":"PowerPotion"},{"floor":32.0,"key":"ElixirPotion"},{"floor":32.0,"key":"Cursed Concoction"},{"floor":33.0,"key":"FearPotion"},{"floor":37,"key":"BloodPotion"},{"floor":46,"key":"Weak Potion"},{"floor":47,"key":"SteroidPotion"}],"is_trial":false,"path_per_floor":["M","?","$","?","M","E","R","E","T","E","M","R","?","M","R","B",null,"M","$","?","M","?","R","?","AVR","T","R","E","R","M","M","R_BF","B",null,"M","M","M","?","$","?","R","E","T","M","?","M","M","E"],"character_chosen":"IRONCLAD","items_purchased":["ReplayTheSpireMod:ShopPack","reliquary:Tamtam","reliquary:JackalopeAntler","Swift Strike","Limit Break","Pantograph","Uppercut"],"campfire_rested":2,"item_purchase_floors":[3,19,19,19,39,39,39],"current_hp_per_floor":[80,80,80,80,80,85,85,71,71,48,54,82,82,88,88,54,85,78,78,78,76,76,76,76,76,76,76,64,92,88,95,95,63,87,90,95,95,95,95,95,95,95,95,95,95,95,75,0,0],"gold":135,"neow_bonus":"THREE_ENEMY_KILL","is_daily":false,"chose_seed":false,"campfire_upgraded":4,"win_rate":0.0,"timestamp":1613787384,"path_taken":["M","?","$","?","M","E","R","E","T","E","M","R","?","M","R","BOSS","M","$","?","M","?","R","?","AVR","T","R","E","R","M","M","R_BF","BOSS","M","M","M","?","$","?","R","E","T","M","?","M","M","E"],"items_purchased_type":["Relic","Relic","Relic","Card","Card","Relic","Card"],"build_version":"2020-12-22","purchased_purges":0,"victory":false,"max_hp_per_floor":[80,80,80,80,80,85,85,85,85,95,95,95,95,95,95,95,95,95,95,95,95,95,95,95,95,95,95,95,95,95,95,95,95,95,95,95,95,95,95,95,95,95,95,95,95,95,95,95,95],"relic_stats":{"TheAbacus":[6],"counters":[22,95],"Golden Idol":141,"Pantograph":0,"Black Blood":102,"Cursed Key":2,"obtain_stats":[{"ReplayTheSpireMod:Ring of Exchange":26,"reliquary:PartyBalloon":43,"Black Blood":34,"Replay:Multitool":42,"reliquary:Tamtam":19,"Ancient Tea Set":6,"Cursed Key":17,"Burning Blood":0,"hubris:Icosahedron":2,"TheAbacus":25,"infinitespire:ShieldingShard":26,"Pantograph":39,"Replay:Bottled Eggs":28,"Pear":10,"NeowsBlessing":0,"Golden Idol":4,"hubris:Towel":40,"reliquary:JackalopeAntler":19,"infinitespire:EvilPickle":33,"ReplayTheSpireMod:Ring of Collecting":13,"Ring of Misfortune":13,"reliquary:GummyVitamins":20,"Ring of Fury":43,"ReplayTheSpireMod:ShopPack":3,"Meat on the Bone":8},{"ReplayTheSpireMod:Ring of Exchange":10,"reliquary:PartyBalloon":18,"Black Blood":14,"Replay:Multitool":18,"reliquary:Tamtam":9,"Ancient Tea Set":3,"Cursed Key":8,"Burning Blood":0,"hubris:Icosahedron":1,"TheAbacus":10,"infinitespire:ShieldingShard":10,"Pantograph":17,"Replay:Bottled Eggs":11,"Pear":5,"NeowsBlessing":0,"Golden Idol":1,"hubris:Towel":17,"reliquary:JackalopeAntler":9,"infinitespire:EvilPickle":14,"ReplayTheSpireMod:Ring of Collecting":6,"Ring of Misfortune":6,"reliquary:GummyVitamins":9,"Ring of Fury":18,"ReplayTheSpireMod:ShopPack":1,"Meat on the Bone":4},{"ReplayTheSpireMod:Ring of Exchange":41,"reliquary:PartyBalloon":74,"Black Blood":57,"Replay:Multitool":74,"reliquary:Tamtam":38,"Ancient Tea Set":4,"Cursed Key":33,"Burning Blood":0,"hubris:Icosahedron":1,"TheAbacus":41,"infinitespire:ShieldingShard":41,"Pantograph":69,"Replay:Bottled Eggs":43,"Pear":14,"NeowsBlessing":0,"Golden Idol":1,"hubris:Towel":69,"reliquary:JackalopeAntler":38,"infinitespire:EvilPickle":57,"ReplayTheSpireMod:Ring of Collecting":17,"Ring of Misfortune":17,"reliquary:GummyVitamins":38,"Ring of Fury":74,"ReplayTheSpireMod:ShopPack":1,"Meat on the Bone":9}],"Meat on the Bone":24},"card_choices":[{"not_picked":["Run Through","ReplayReversal"],"picked":"Wild Strike","floor":1.0},{"not_picked":["ReplayTheSpireMod:Necrogeddon","ReplayTheSpireMod:Brewmster"],"picked":"Midas Touch","floor":3.0},{"not_picked":["Dark Shackles","hubris:Ssssneak"],"picked":"Mind Blast","floor":3.0},{"not_picked":["hubris:Insight","Secret Technique"],"picked":"Poisoned Strike","floor":3.0},{"not_picked":["Perfected Strike","Clash"],"picked":"Inflame","floor":5.0},{"not_picked":["Headbutt","Clash"],"picked":"infinitespire:OneForAll","floor":6.0},{"not_picked":["Flame Barrier","Seeing Red"],"picked":"Ghostly Armor","floor":8.0},{"not_picked":["Corruption","hubris:ReadiedAction"],"picked":"ReplayTheSpireMod:Strike From Hell","floor":10.0},{"not_picked":["Blood for Blood","hubris:ReadiedAction"],"picked":"Ghostly Armor","floor":11.0},{"not_picked":["Warcry","True Grit"],"picked":"Sword Boomerang","floor":14.0},{"not_picked":["Brutality","Eclipse"],"picked":"Bludgeon","floor":16.0},{"not_picked":["Fire Breathing","Uppercut"],"picked":"Spot Weakness","floor":18.0},{"not_picked":["Wild Strike+1","Clash"],"picked":"Heavy Blade","floor":21.0},{"not_picked":["Fire Breathing","Combust","Run Through"],"picked":"SKIP","floor":28.0},{"not_picked":["Shrug It Off","Havoc"],"picked":"Seeing Red+1","floor":30.0},{"not_picked":["Rupture","Run Through+1"],"picked":"Heavy Blade","floor":31.0},{"not_picked":["Bludgeon","Juggernaut"],"picked":"Reaper","floor":33.0},{"not_picked":["Body Slam+1","Pummel"],"picked":"ReplayReversal+1","floor":35.0},{"not_picked":["Cleave+1","Dual Wield"],"picked":"Iron Wave+1","floor":36},{"not_picked":["Wild Strike","Shrug It Off+1"],"picked":"ReplayTheSpireMod:LeadingStrike+1","floor":37},{"not_picked":["hubris:StunningStrike","Twin Strike"],"picked":"Evolve","floor":42},{"not_picked":["Havoc","Anger"],"picked":"Feel No Pain+1","floor":44},{"not_picked":["Thunderclap+1","Pummel"],"picked":"Demon Form","floor":46},{"not_picked":["hubris:ReadiedAction+1","Abandon"],"picked":"Rampage","floor":47}],"player_experience":186174,"relics_obtained":[{"floor":6.0,"key":"Ancient Tea Set"},{"floor":8.0,"key":"Meat on the Bone"},{"floor":10.0,"key":"Pear"},{"floor":13.0,"key":"ReplayTheSpireMod:Ring of Collecting"},{"floor":13.0,"key":"Ring of Misfortune"},{"floor":20.0,"key":"reliquary:GummyVitamins"},{"floor":26.0,"key":"ReplayTheSpireMod:Ring of Exchange"},{"floor":26.0,"key":"infinitespire:ShieldingShard"},{"floor":28.0,"key":"Replay:Bottled Eggs"},{"floor":42,"key":"Replay:Multitool"},{"floor":43,"key":"Ring of Fury"},{"floor":43,"key":"reliquary:PartyBalloon"}],"event_choices":[{"damage_healed":0.0,"max_hp_gain":0.0,"max_hp_loss":0.0,"gold_gain":0.0,"event_name":"Golden Idol","player_choice":"Take Wound","floor":4.0,"gold_loss":0.0,"damage_taken":0.0,"relics_obtained":["Golden Idol"],"cards_obtained":["Injury"]},{"damage_healed":0.0,"max_hp_gain":0.0,"max_hp_loss":9.0,"gold_gain":0.0,"event_name":"betterThird:BetterWriting","player_choice":"Simplicity","floor":22.0,"gold_loss":0.0,"damage_taken":0.0},{"damage_healed":0.0,"max_hp_gain":0.0,"max_hp_loss":0.0,"gold_gain":0.0,"event_name":"Fountain of Cleansing","player_choice":"Ignored","floor":24.0,"gold_loss":0.0,"damage_taken":0.0},{"cards_removed":["Heavy Blade"],"damage_healed":0,"gold_gain":0,"player_choice":"Removed Attack","damage_taken":0,"max_hp_gain":0,"max_hp_loss":0,"event_name":"Falling","floor":38,"gold_loss":0},{"damage_healed":0,"gold_gain":0,"player_choice":"Ignored","damage_taken":0,"max_hp_gain":0,"max_hp_loss":0,"event_name":"Tomb of Lord Red Mask","floor":45,"gold_loss":0}],"is_beta":false,"boss_relics":[{"not_picked":["Replay:Bronze Core","Ring of Chaos"],"picked":"Cursed Key"},{"not_picked":["Busted Crown","Orrery"],"picked":"Black Blood"}],"items_purged_floors":[],"is_endless":false,"potions_floor_spawned":[6,10,14,21,28,33,37,46,47],"killed_by":"Giant Head","ascension_level":5}}