{"host":"leaz4ay2evvu5l18","time":1613852989,"event":{"mods":["BaseMod","Colored Map","Downfall","Minty Spire (QoL Compilation)","StSLib"],"gold_per_floor":[99,116,134,134,153,199,199,215,215,13,13,24,9,19,31,31,31,31],"floor_reached":16,"language":"ENG","playtime":1187,"items_purged":["Regret"],"score":99,"play_id":"5d0e4dbf-34aa-442a-b1d2-d1cf6d4e55b0","local_time":"20210220202949","is_ascension_mode":true,"campfire_choices":[{"data":"Slimebound:Tackle","floor":1,"key":"SMITH"},{"data":"Slimebound:DisruptingSlam","floor":9,"key":"SMITH"},{"data":"Slimebound:Grow","floor":11,"key":"SMITH"}],"circlet_count":0,"master_deck":["Slimebound:Strike_Slimebound","Slimebound:Strike_Slimebound","Slimebound:Strike_Slimebound","Slimebound:Tackle+1","Slimebound:Defend_Slimebound","Slimebound:Defend_Slimebound","Slimebound:Defend_Slimebound","Slimebound:Defend_Slimebound","Slimebound:Split","Slimebound:CorrosiveSpit","Slimebound:Grow+1","Slimebound:BestDefense","Slimebound:Tackle+1","Slimebound:ComboTackle","Clumsy","Slimebound:DisruptingSlam+1","Slimebound:GoopTackle","Slimebound:SplitLeeching","expansioncontent:YouAreMine","Slimebound:GoopTackle","Slimebound:Dissolve"],"relics":["Cursed Key","Art of War","Calipers"],"acts_visited":["Exordium"],"potions_floor_usage":[13,16],"damage_taken":[{"damage":0,"enemies":"Cultist","floor":2,"turns":4},{"damage":0,"enemies":"Small Slimes","floor":3,"turns":3},{"damage":7,"enemies":"Jaw Worm","floor":5,"turns":3},{"damage":23,"enemies":"Exordium Thugs","floor":8,"turns":4},{"damage":19,"enemies":"downfall:FleeingMerchant","floor":10,"turns":4},{"damage":3,"enemies":"Lots of Slimes","floor":12,"turns":4},{"damage":3,"enemies":"downfall:FleeingMerchant","floor":13,"turns":4},{"damage":0,"enemies":"downfall:LooterAlt","floor":14,"turns":2},{"damage":0,"enemies":"Blue Slaver","floor":15,"turns":3},{"damage":24,"enemies":"DF_ARCHETYPE_STREAMLINE","floor":16,"turns":3}],"seed_played":"351292734260009807","potions_obtained":[{"floor":5,"key":"Energy Potion"},{"floor":12,"key":"BlessingOfTheForge"},{"floor":14,"key":"SpeedPotion"}],"is_trial":false,"path_per_floor":["R","M","M","?","M","T","T","M","R","$","R","M","$","M","M","B"],"character_chosen":"SLIMEBOUND","items_purchased":["Slimebound:SplitLeeching","expansioncontent:YouAreMine"],"campfire_rested":0,"item_purchase_floors":[10,10],"current_hp_per_floor":[65,65,65,65,58,58,58,35,35,16,16,13,10,10,10,0,0,0],"gold":31,"neow_bonus":"BOSS_RELIC","is_daily":false,"chose_seed":false,"campfire_upgraded":3,"win_rate":0.0,"timestamp":1613852989,"path_taken":["R","M","?","?","?","?","T","M","R","?","R","M","$","?","M","BOSS"],"items_purchased_type":["Card","Card"],"build_version":"2020-12-22","purchased_purges":1,"victory":false,"max_hp_per_floor":[65,65,65,65,65,65,65,65,65,65,65,65,65,65,65,65,65,65],"card_choices":[{"not_picked":["Slimebound:ComboTackle","Slimebound:SplitAcid"],"picked":"Slimebound:Grow","floor":2},{"not_picked":["Slimebound:GrowthPunch","Slimebound:RollThrough"],"picked":"Slimebound:BestDefense","floor":3},{"not_picked":["Slimebound:SamplingLick","Slimebound:Gluttony"],"picked":"Slimebound:ComboTackle","floor":5},{"not_picked":["Slimebound:LeechingTouch","Slimebound:Equalize"],"picked":"Slimebound:DisruptingSlam","floor":8},{"not_picked":["Slimebound:SlimeBarrage","Slimebound:BestDefense"],"picked":"Slimebound:GoopTackle","floor":10},{"not_picked":["Slimebound:Darklings","Slimebound:HauntingLick"],"picked":"Slimebound:GoopTackle","floor":12},{"not_picked":["Slimebound:SlimeBrawl","Slimebound:LeechingTouch"],"picked":"Slimebound:Dissolve","floor":13},{"not_picked":["Slimebound:RainOfGoop","Slimebound:LeadByExample","Slimebound:ComboTackle"],"picked":"SKIP","floor":14},{"not_picked":["Slimebound:Repurpose","Slimebound:ComboTackle","Slimebound:SlimeBrawl"],"picked":"SKIP","floor":15}],"player_experience":852380,"relics_obtained":[{"floor":6,"key":"Art of War"},{"floor":7,"key":"Calipers"}],"event_choices":[],"is_beta":false,"boss_relics":[],"items_purged_floors":[10],"is_endless":false,"potions_floor_spawned":[5,12,14],"killed_by":"DF_ARCHETYPE_STREAMLINE","ascension_level":1}}