{"host":"szkvl4ugkslb15zj","time":1613801707,"event":{"mods":["AchievementEnabler","BaseMod","Block Reminder","Card Forge","Colored Map","Colored Powertips","Duelist Mod","GifTheSpireLib","Hero for Fun","HololiveMod","Marisa????????","Minty Spire (QoL Compilation)","Quick Restart","Rare Cards Sparkle","StSLib","The Animator","The Bug Knight","The Cursed","The Exalted","The Gatherer","The Judge","The Mystic","The Poker Player","The Runesmith","The Senshi","The Servant 0.9.4"],"gold_per_floor":[82,100,113,45,58,58,88,119,145,145,160,160,184,205,205,323,323,340,340,340,34,60,60,100,100,100,119,119,138,138,148,148,284,284,308,327,347,153,187,224,224,224,241],"floor_reached":44,"language":"ENG","playtime":2137,"items_purged":[],"score":1022,"play_id":"583ba8e3-863b-41c3-b8b3-4f5bad5c4721","local_time":"20210219221507","is_ascension_mode":true,"campfire_choices":[{"data":"Hololive_CallHoshimachiSuisei","floor":6.0,"key":"SMITH"},{"data":"Hololive_Yoholoon","floor":10.0,"key":"SMITH"},{"data":"Hololive_HighAtkLowDef","floor":15.0,"key":"SMITH"},{"data":"Hololive_IdolExercise","floor":23,"key":"SMITH"},{"data":"Hololive_Spy","floor":30,"key":"SMITH"},{"data":"Hololive_CallYogiri","floor":32,"key":"SMITH"},{"data":"Hololive_CallAkaiHaato","floor":41,"key":"SMITH"}],"circlet_count":0,"master_deck":["Hololive_CallNatsuiroMatsuri","Hololive_CallAkaiHaato+1","Hololive_CallNekomataOkayu","Hololive_CallSpadeEcho","Hololive_CallYogiri+1","Hololive_FlyingPonyTail","Hololive_Strike+1","Hololive_Strike+1","Hololive_Defend+1","Hololive_Defend+1","Hololive_CallHoshimachiSuisei+1","Hololive_CallMurasakiShion","Hololive_Drill","Hololive_CallShiroganeNoel","Hololive_Yoholoon+1","Hololive_HighAtkLowDef+1","Hololive_CallSakuraMiko","Hololive_CallKiryuuCoco","Hololive_Psychosis","Hololive_StrengthChampion","Hololive_CallTokoyamiTowa","Hololive_IdolExercise+1","Hololive_Rebound","Hololive_CallAkaiHaato","Hololive_LuckPotion","Hololive_CallUsadaPekora","Hololive_Spy+1","Hololive_SoulCatcher+1","Hololive_DDD","Hololive_CallOzoraSubaru","Hololive_CallYozoraMel","Hololive_StrengthChampion+1","Hololive_CallHoushouMarine","Hololive_OvertimeWork+1","Hololive_CallRoboco+1"],"relics":["Hololive_TheStar","Hammer of Thor","Seething Fire","Anvil of the Gods","HollowMod:LifeEnderRelic","Happy Flower","Black Star","Enchiridion","Toy Ornithopter","Medical Kit","Centennial Puzzle","Lantern","StoneCalendar","Busted Crown","ClockworkSouvenir","Gremlin Horn","Regal Pillow"],"acts_visited":["Exordium","TheCity","TheBeyond"],"potions_floor_usage":[43,43,43],"damage_taken":[{"damage":0.0,"enemies":"Cultist","floor":1.0,"turns":3.0},{"damage":0.0,"enemies":"Jaw Worm","floor":2.0,"turns":2.0},{"damage":0.0,"enemies":"Small Slimes","floor":3.0,"turns":2.0},{"damage":0.0,"enemies":"Blue Slaver","floor":5.0,"turns":2.0},{"damage":0.0,"enemies":"Gremlin Nob","floor":7.0,"turns":2.0},{"damage":0.0,"enemies":"Large Slime","floor":8.0,"turns":4.0},{"damage":0.0,"enemies":"Looter","floor":11.0,"turns":2.0},{"damage":0.0,"enemies":"Exordium Thugs","floor":13.0,"turns":2.0},{"damage":0.0,"enemies":"Exordium Wildlife","floor":14.0,"turns":3.0},{"damage":0,"enemies":"Hexaghost","floor":16,"turns":4},{"damage":0,"enemies":"3 Byrds","floor":18,"turns":2},{"damage":0,"enemies":"Chosen","floor":22,"turns":3},{"damage":0,"enemies":"Book of Stabbing","floor":24,"turns":3},{"damage":0,"enemies":"Centurion and Healer","floor":27,"turns":3},{"damage":0,"enemies":"Snake Plant","floor":29,"turns":2},{"damage":0,"enemies":"Snecko","floor":31,"turns":2},{"damage":0,"enemies":"Champ","floor":33,"turns":6},{"damage":0,"enemies":"3 Darklings","floor":35,"turns":4},{"damage":0,"enemies":"Orb Walker","floor":36,"turns":3},{"damage":0,"enemies":"4 Shapes","floor":37,"turns":3},{"damage":0,"enemies":"3 Darklings","floor":39,"turns":3},{"damage":0,"enemies":"Giant Head","floor":40,"turns":4},{"damage":1,"enemies":"Awakened One","floor":43,"turns":7}],"seed_played":"-4086354221569333051","potions_obtained":[{"floor":8.0,"key":"LiquidBronze"},{"floor":11.0,"key":"Weak Potion"},{"floor":13.0,"key":"FearPotion"},{"floor":14.0,"key":"Dexterity Potion"},{"floor":29,"key":"CultistPotion"}],"is_trial":false,"path_per_floor":["M","M","M","$","M","R","E","M","T","R","M","?","M","M","R","B",null,"M","?","?","$","M","R","E","?","T","M","$","M","R","M","R","B",null,"M","M","M","$","M","E","R","?","B",null],"character_chosen":"Hololive_HololiveCharacter","items_purchased":["Hololive_Yoholoon","Toy Ornithopter","Medical Kit","ClockworkSouvenir","Hololive_CallHoushouMarine"],"campfire_rested":0,"item_purchase_floors":[4,21,21,38,38],"current_hp_per_floor":[35,35,35,35,35,35,35,35,35,35,35,35,35,35,35,35,35,35,35,19,19,19,19,19,19,19,19,19,19,19,19,19,19,35,35,35,35,35,35,35,35,35,34],"gold":241,"neow_bonus":"THREE_CARDS","is_daily":false,"chose_seed":false,"campfire_upgraded":7,"win_rate":0.0,"timestamp":1613801707,"path_taken":["M","M","?","?","M","R","E","M","T","R","M","?","M","M","R","BOSS","M","?","?","$","M","R","E","?","T","M","$","M","R","M","R","BOSS","M","M","M","$","M","E","R","?","BOSS"],"items_purchased_type":["Card","Relic","Relic","Relic","Card"],"build_version":"2020-12-22","purchased_purges":0,"victory":true,"max_hp_per_floor":[35,35,35,35,35,35,35,35,35,35,35,35,35,35,35,35,35,35,35,35,35,35,35,35,35,35,35,35,35,35,35,35,35,35,35,35,35,35,35,35,35,35,35],"card_choices":[{"not_picked":["Hololive_CocoNews","Hololive_Psychosis"],"picked":"Hololive_CallHoshimachiSuisei","floor":0.0},{"not_picked":["Hololive_Sequa","Hololive_Trident","Hololive_HuntDinosaur"],"picked":"Hololive_CallMurasakiShion","floor":1.0},{"not_picked":["Hololive_FlyingPonyTail","Hololive_OvertimeWork","Hololive_Rebound"],"picked":"Hololive_Drill","floor":2.0},{"not_picked":["Hololive_CallAyundaRisu","Hololive_LuckPotion","Hololive_FlyingPonyTail"],"picked":"Hololive_CallShiroganeNoel","floor":3.0},{"not_picked":["Hololive_Breathe","Hololive_HuntDinosaur","Hololive_LuckPotion"],"picked":"Hololive_HighAtkLowDef","floor":5.0},{"not_picked":["Hololive_Trident","Hololive_ManjiGathering","Hololive_FlyingPonyTail"],"picked":"Hololive_CallSakuraMiko","floor":7.0},{"not_picked":["Hololive_HuntDinosaur","Hololive_Sequa","Hololive_Rebound"],"picked":"Hololive_CallKiryuuCoco","floor":8.0},{"not_picked":["Hololive_Drill","Hololive_StrengthChampion","Hololive_FlyingPonyTail"],"picked":"Hololive_Psychosis","floor":11.0},{"not_picked":["Hololive_HuntDinosaur","Hololive_LuckPotion","Hololive_CallArtia"],"picked":"Hololive_StrengthChampion","floor":13.0},{"not_picked":["Hololive_Breathe","Hololive_Psychosis","Hololive_Watashimo"],"picked":"Hololive_CallTokoyamiTowa","floor":14.0},{"not_picked":["Hololive_AWSL","Hololive_Nanodesu","Hololive_DiamondStrike"],"picked":"Hololive_IdolExercise","floor":16},{"not_picked":["Hololive_Sequa","Hololive_Drill+1","Hololive_CallAkaiHaato"],"picked":"Hololive_Rebound","floor":18},{"not_picked":["Hololive_CallSpadeEcho","Hololive_CallAiraniIofifteen","Hololive_Breathe"],"picked":"Hololive_CocoNews","floor":22},{"not_picked":["Hololive_CocoNews","Hololive_Psychosis","Hololive_RevenueBasedLive"],"picked":"Hololive_OvertimeWork","floor":24},{"not_picked":["Hololive_CallYuzukiChoco","Hololive_Psychosis+1","Hololive_HuntDinosaur"],"picked":"Hololive_CallUsadaPekora","floor":27},{"not_picked":["Hololive_Drill","Hololive_StrengthChampion+1","Hololive_HuntDinosaur"],"picked":"Hololive_Spy","floor":29},{"not_picked":["Hololive_CallAiraniIofifteen+1","Hololive_AWSL","Hololive_CallAyundaRisu+1"],"picked":"Hololive_SoulCatcher+1","floor":31},{"not_picked":["Hololive_FlareMind","Hololive_Recruit","Hololive_ASMR"],"picked":"Hololive_DDD","floor":33},{"not_picked":["Hololive_FlareMind"],"picked":"Hololive_CallOzoraSubaru","floor":35},{"not_picked":["Hololive_Drill"],"picked":"Hololive_CallYozoraMel","floor":36},{"not_picked":["Hololive_OvertimeWork+1"],"picked":"Hololive_StrengthChampion+1","floor":37},{"not_picked":["Hololive_Teleport"],"picked":"Hololive_OvertimeWork+1","floor":39},{"not_picked":["Hololive_RevenueBasedLive"],"picked":"Hololive_CallRoboco+1","floor":40}],"player_experience":337727,"relics_obtained":[{"floor":7.0,"key":"HollowMod:LifeEnderRelic"},{"floor":9.0,"key":"Happy Flower"},{"floor":20,"key":"Enchiridion"},{"floor":24,"key":"Centennial Puzzle"},{"floor":24,"key":"Lantern"},{"floor":26,"key":"StoneCalendar"},{"floor":40,"key":"Gremlin Horn"},{"floor":40,"key":"Regal Pillow"}],"event_choices":[{"damage_healed":0.0,"max_hp_gain":0.0,"max_hp_loss":0.0,"gold_gain":0.0,"event_name":"The Cleric","player_choice":"Leave","floor":12.0,"gold_loss":0.0,"damage_taken":0.0},{"damage_healed":0,"gold_gain":0,"player_choice":"Simplicity","damage_taken":0,"max_hp_gain":0,"max_hp_loss":0,"event_name":"Back to Basics","floor":19,"gold_loss":0,"cards_upgraded":["Hololive_Strike","Hololive_Strike","Hololive_Defend","Hololive_Defend"]},{"damage_healed":0,"gold_gain":0,"player_choice":"Obtained Book","damage_taken":16,"max_hp_gain":0,"max_hp_loss":0,"event_name":"Cursed Tome","floor":20,"gold_loss":0},{"damage_healed":0,"gold_gain":0,"cards_transformed":["Hololive_OvertimeWork","Hololive_CocoNews"],"player_choice":"Became Test Subject","damage_taken":0,"max_hp_gain":0,"max_hp_loss":0,"event_name":"Drug Dealer","floor":25,"gold_loss":0,"cards_obtained":["Hololive_CallAkaiHaato","Hololive_LuckPotion"]},{"damage_healed":0,"gold_gain":0,"player_choice":"Took Portal","damage_taken":0,"max_hp_gain":0,"max_hp_loss":0,"event_name":"SecretPortal","floor":42,"gold_loss":0}],"is_beta":false,"boss_relics":[{"not_picked":["Bromod:ArcaneBarrier","Calling Bell"],"picked":"Black Star"},{"not_picked":["SacredBark","Runesmith:UraniumAnvil"],"picked":"Busted Crown"}],"items_purged_floors":[],"is_endless":false,"potions_floor_spawned":[8,11,13,14,18,29,31,37,39,40],"ascension_level":4}}