{"host":"krw8kyiy0um8ye49","time":1613857619,"event":{"mods":["BaseMod","Minty Spire (QoL Compilation)","StSLib","The Runesmith"],"gold_per_floor":[116,191,46,46,61,61,89,108,132,157,176,176,188,204,204,303,303,323,323,40,40,1,1,34,49,74,74,88,7,37,109,109,210,210,223,223,253,265,265],"floor_reached":38,"language":"ENG","playtime":2221,"items_purged":[],"score":574,"play_id":"ff7ac978-c6bb-4966-9521-a4e1a227e568","local_time":"20210220224659","is_ascension_mode":true,"campfire_choices":[{"data":"Runesmith:CraftFirestone","floor":6,"key":"SMITH"},{"data":"Runesmith:PoweredAnvil","floor":12,"key":"SMITH"},{"floor":15,"key":"REST"},{"data":"Runesmith:BackupBattery+1","floor":23,"key":"SMITH"},{"data":"Runesmith:MetallurgicalResearch","floor":32,"key":"SMITH"}],"circlet_count":0,"master_deck":["Runesmith:Strike_RS+1","Runesmith:Strike_RS+1","Runesmith:Strike_RS","Runesmith:Strike_RS","Runesmith:Defend_RS","Runesmith:Defend_RS","Runesmith:Defend_RS","Runesmith:Defend_RS","Runesmith:CraftFirestone+1","Runesmith:Fortify","Runesmith:RuneHurl","Runesmith:Refine","Runesmith:EarthShield","Runesmith:CraftProtectio","Runesmith:Prism","Runesmith:PoweredAnvil+1","Runesmith:Reinforce","Runesmith:RunicBlueprint","Runesmith:MetallurgicalResearch+1","Runesmith:BackupBattery+2","Runesmith:Permafrost+1","Runesmith:Firestorm+1","Runesmith:FieryHammer","Runesmith:EnergizedChisel+1","Runesmith:LithiumIon+1","Runesmith:Duplicate"],"relics":["Runesmith:BrokenRuby","NeowsBlessing","Tiny Chest","Omamori","Nunchaku","Whetstone","Bag of Preparation","Coffee Dripper","Eternal Feather","Frozen Egg 2","Unceasing Top","Strawberry","Sundial","Matryoshka","Calling Bell","PreservedInsect","InkBottle","Incense Burner","MawBank"],"acts_visited":["Exordium","TheCity","TheBeyond"],"potions_floor_usage":[10,14,24,33,35,35],"damage_taken":[{"damage":0,"enemies":"Jaw Worm","floor":1,"turns":1},{"damage":0,"enemies":"2 Louse","floor":5,"turns":1},{"damage":2,"enemies":"3 Sentries","floor":7,"turns":2},{"damage":0,"enemies":"Cultist","floor":8,"turns":4},{"damage":16,"enemies":"Gremlin Nob","floor":10,"turns":4},{"damage":10,"enemies":"Gremlin Gang","floor":11,"turns":5},{"damage":1,"enemies":"Exordium Thugs","floor":13,"turns":4},{"damage":0,"enemies":"Exordium Wildlife","floor":14,"turns":5},{"damage":0,"enemies":"The Guardian","floor":16,"turns":19},{"damage":0,"enemies":"3 Byrds","floor":18,"turns":6},{"damage":33,"enemies":"Book of Stabbing","floor":24,"turns":5},{"damage":7,"enemies":"Chosen","floor":25,"turns":6},{"damage":0,"enemies":"Snecko","floor":28,"turns":9},{"damage":25,"enemies":"Gremlin Leader","floor":30,"turns":9},{"damage":0,"enemies":"Automaton","floor":33,"turns":11},{"damage":35,"enemies":"3 Darklings","floor":35,"turns":7},{"damage":30,"enemies":"Orb Walker","floor":37,"turns":5},{"damage":19,"enemies":"Writhing Mass","floor":38,"turns":1}],"seed_played":"7644458303272229950","potions_obtained":[{"floor":1,"key":"Energy Potion"},{"floor":5,"key":"FairyPotion"},{"floor":7,"key":"PowerPotion"},{"floor":11,"key":"Ancient Potion"},{"floor":14,"key":"SteroidPotion"},{"floor":18,"key":"Explosive Potion"},{"floor":25,"key":"SteroidPotion"},{"floor":28,"key":"DuplicationPotion"},{"floor":33,"key":"SkillPotion"}],"is_trial":false,"path_per_floor":["M","?","$","?","M","R","E","M","T","E","M","R","M","M","R","B",null,"M","T","$","T","$","R","E","M","T","?","M","$","E","T","R","B",null,"M","?","M","M"],"character_chosen":"RUNESMITH_CLASS","items_purchased":["Tiny Chest","Frozen Egg 2","Runesmith:Permafrost+1","Runesmith:Firestorm+1","Runesmith:LithiumIon+1"],"campfire_rested":1,"item_purchase_floors":[3,20,20,22,29],"current_hp_per_floor":[70,59,59,34,34,34,32,32,32,16,6,6,5,5,26,26,70,70,70,70,70,70,70,37,30,37,62,62,62,37,37,52,52,77,42,42,12,0,0],"gold":265,"neow_bonus":"THREE_ENEMY_KILL","is_daily":false,"chose_seed":false,"campfire_upgraded":4,"win_rate":0.0,"timestamp":1613857619,"path_taken":["M","?","?","?","?","R","E","M","T","E","M","R","M","?","R","BOSS","M","?","$","?","?","R","E","M","T","?","M","$","E","?","R","BOSS","M","?","M","?"],"items_purchased_type":["Relic","Relic","Card","Card","Card"],"build_version":"2020-12-22","purchased_purges":0,"victory":false,"max_hp_per_floor":[70,70,70,70,70,70,70,70,70,70,70,70,70,70,70,70,70,70,70,70,70,70,70,70,70,77,77,77,77,77,77,77,77,77,77,77,77,77,77],"card_choices":[{"not_picked":["Runesmith:ChaoticBlast","Runesmith:UnstableHammer"],"picked":"Runesmith:RuneHurl","floor":1},{"not_picked":["Runesmith:Overpower","Runesmith:HammerThrow"],"picked":"Runesmith:Refine","floor":5},{"not_picked":["Runesmith:MakeshiftArmor","Runesmith:Electrocute"],"picked":"Runesmith:EarthShield","floor":7},{"not_picked":["Runesmith:Permafrost","Runesmith:HeatExchange"],"picked":"Runesmith:CraftProtectio","floor":8},{"not_picked":["Runesmith:UnstableHammer","Runesmith:Empowerment"],"picked":"Runesmith:Prism","floor":10},{"not_picked":["Runesmith:Firewall","Runesmith:Retool"],"picked":"Runesmith:PoweredAnvil","floor":11},{"not_picked":["Runesmith:CraftMagma","Runesmith:HeatExchange"],"picked":"Runesmith:Reinforce","floor":13},{"not_picked":["Runesmith:ChargedHammer","Runesmith:HammerThrow"],"picked":"Runesmith:RunicBlueprint","floor":14},{"not_picked":["Runesmith:CraftMedicinae","Runesmith:CraftIndustria"],"picked":"Runesmith:MetallurgicalResearch","floor":16},{"not_picked":["Runesmith:CraftReservo+1","Runesmith:RuneHurl"],"picked":"Runesmith:BackupBattery+1","floor":18},{"not_picked":["Runesmith:CraftVitae","Runesmith:RuneHurl","Runesmith:UnstableHammer"],"picked":"SKIP","floor":24},{"not_picked":["Runesmith:CraftProtectio","Runesmith:CraftSpiculum"],"picked":"Runesmith:FieryHammer","floor":25},{"not_picked":["Runesmith:BackupBattery+1","Runesmith:MakeshiftArmor+1"],"picked":"Runesmith:EnergizedChisel+1","floor":28},{"not_picked":["Runesmith:MetallurgicalResearch","Runesmith:ChiselStab","Runesmith:Refine"],"picked":"SKIP","floor":30},{"not_picked":["Runesmith:Supernova","Runesmith:UnlimitedPower+1"],"picked":"Runesmith:Duplicate","floor":33},{"not_picked":["Runesmith:Attraction+1","Runesmith:Refine","Runesmith:StaticCage"],"picked":"SKIP","floor":35},{"not_picked":["Runesmith:UnstableHammer","Runesmith:CraftVitae+1","Runesmith:EnergizedChisel+1"],"picked":"SKIP","floor":37}],"player_experience":213005,"relics_obtained":[{"floor":7,"key":"Nunchaku"},{"floor":9,"key":"Whetstone"},{"floor":10,"key":"Bag of Preparation"},{"floor":19,"key":"Eternal Feather"},{"floor":24,"key":"Unceasing Top"},{"floor":26,"key":"Strawberry"},{"floor":30,"key":"Sundial"},{"floor":31,"key":"Matryoshka"},{"floor":34,"key":"PreservedInsect"},{"floor":34,"key":"InkBottle"},{"floor":34,"key":"Incense Burner"}],"event_choices":[{"damage_healed":0,"gold_gain":75,"player_choice":"Gather Gold","damage_taken":11,"max_hp_gain":0,"max_hp_loss":0,"event_name":"World of Goop","floor":2,"gold_loss":0},{"damage_healed":0,"gold_gain":0,"player_choice":"Success","damage_taken":25,"relics_obtained":["Omamori"],"max_hp_gain":0,"max_hp_loss":0,"event_name":"Scrap Ooze","floor":4,"gold_loss":0},{"damage_healed":25,"gold_gain":0,"player_choice":"Heal","damage_taken":0,"max_hp_gain":0,"max_hp_loss":0,"event_name":"The Library","floor":27,"gold_loss":0},{"damage_healed":0,"gold_gain":0,"player_choice":"Gave Potion","damage_taken":0,"relics_obtained":["MawBank"],"max_hp_gain":0,"max_hp_loss":0,"event_name":"WeMeetAgain","floor":36,"gold_loss":0}],"is_beta":false,"boss_relics":[{"not_picked":["Velvet Choker","Runesmith:PocketReactor"],"picked":"Coffee Dripper"},{"not_picked":["Philosopher\u0027s Stone","Runesmith:CoreCrystal"],"picked":"Calling Bell"}],"items_purged_floors":[],"is_endless":false,"potions_floor_spawned":[1,5,7,11,14,18,25,28,33],"killed_by":"Writhing Mass","ascension_level":2}}