{"host":"fbdlh90rovbiajun","time":1613850000,"event":{"mods":["AchievementEnabler","BaseMod","Colored Map","Keyboard Shortcuts","Minty Spire (QoL Compilation)","SuperFastMode"],"gold_per_floor":[115,115,125,50,0,28,28,62,87,87,87,87,117,137,137,240,240,255,268,303,303,303],"floor_reached":21,"language":"KOR","playtime":655,"items_purged":["Strike_P"],"score":306,"play_id":"01b3e1cb-8743-40e6-8511-2d6c728767bc","local_time":"20210221044000","is_ascension_mode":true,"campfire_choices":[{"data":"Eruption","floor":7,"key":"SMITH"},{"data":"Adaptation","floor":11,"key":"SMITH"},{"data":"InnerPeace","floor":15,"key":"SMITH"}],"circlet_count":0,"master_deck":["Strike_P","Strike_P","Strike_P","Defend_P","Defend_P","Eruption+1","Vigilance","Adaptation+1","InnerPeace+1"],"relics":["PureWater","NeowsBlessing","Regal Pillow","Toy Ornithopter","Vajra","Lantern","Black Star","Red Mask"],"acts_visited":["Exordium","TheCity"],"potions_floor_usage":[8,8,16,16],"damage_taken":[{"damage":0.0,"enemies":"Jaw Worm","floor":1.0,"turns":1.0},{"damage":0,"enemies":"Small Slimes","floor":3,"turns":1},{"damage":0,"enemies":"Lagavulin","floor":6,"turns":1},{"damage":23,"enemies":"Gremlin Nob","floor":8,"turns":4},{"damage":0,"enemies":"Lagavulin","floor":13,"turns":3},{"damage":0,"enemies":"2 Louse","floor":14,"turns":2},{"damage":26,"enemies":"The Guardian","floor":16,"turns":8},{"damage":7,"enemies":"Chosen","floor":18,"turns":3},{"damage":37,"enemies":"3 Byrds","floor":19,"turns":4},{"damage":0,"enemies":"Masked Bandits","floor":20,"turns":2},{"damage":21,"enemies":"Snecko","floor":21,"turns":4}],"seed_played":"-8500431993750590786","potions_obtained":[{"floor":1.0,"key":"Block Potion"},{"floor":3,"key":"SpeedPotion"},{"floor":6,"key":"SteroidPotion"},{"floor":8,"key":"AttackPotion"},{"floor":19,"key":"Fire Potion"}],"is_trial":false,"path_per_floor":["M","?","M","$","?","E","R","E","T","$","R","?","E","M","R","B",null,"M","M","?","M"],"character_chosen":"WATCHER","items_purchased":[],"campfire_rested":0,"item_purchase_floors":[],"current_hp_per_floor":[72,72,72,72,72,72,72,49,49,49,49,49,49,49,49,33,62,55,18,18,0,0],"gold":303,"neow_bonus":"THREE_ENEMY_KILL","is_daily":false,"chose_seed":false,"campfire_upgraded":3,"win_rate":0.0,"timestamp":1613850000,"path_taken":["M","?","M","$","?","E","R","E","T","?","R","?","E","?","R","BOSS","M","M","?","M"],"items_purchased_type":[],"build_version":"2020-12-22","purchased_purges":1,"victory":false,"max_hp_per_floor":[72,72,72,72,72,72,72,72,72,72,72,72,72,72,72,72,72,72,72,72,72,72],"card_choices":[{"not_picked":["Conclude","InnerPeace"],"picked":"Adaptation","floor":1.0},{"not_picked":["PathToVictory","Collect"],"picked":"InnerPeace","floor":3},{"not_picked":["Evaluate","JustLucky","WreathOfFlame"],"picked":"SKIP","floor":6},{"not_picked":["JustLucky","PathToVictory","ThirdEye"],"picked":"SKIP","floor":8},{"not_picked":["Wireheading","BattleHymn","ThirdEye"],"picked":"SKIP","floor":13},{"not_picked":["Worship","Conclude","BowlingBash"],"picked":"SKIP","floor":14},{"not_picked":["EmptyMind+1","Protect+1","CutThroughFate"],"picked":"SKIP","floor":18},{"not_picked":["Evaluate","SashWhip","CrushJoints"],"picked":"SKIP","floor":19}],"player_experience":114488,"relics_obtained":[{"floor":6,"key":"Regal Pillow"},{"floor":8,"key":"Toy Ornithopter"},{"floor":9,"key":"Vajra"},{"floor":13,"key":"Lantern"},{"floor":20,"key":"Red Mask"}],"event_choices":[{"cards_removed":["Defend_P"],"damage_healed":0,"gold_gain":0,"player_choice":"Forget","damage_taken":0,"max_hp_gain":0,"max_hp_loss":0,"event_name":"Living Wall","floor":2,"gold_loss":0},{"cards_removed":["Defend_P"],"damage_healed":0,"gold_gain":0,"player_choice":"Card Removal","damage_taken":0,"max_hp_gain":0,"max_hp_loss":0,"event_name":"The Cleric","floor":5,"gold_loss":50},{"damage_healed":0,"gold_gain":0,"player_choice":"Ignored","damage_taken":0,"max_hp_gain":0,"max_hp_loss":0,"event_name":"Liars Game","floor":12,"gold_loss":0},{"damage_healed":0,"gold_gain":0,"player_choice":"Fought Bandits","damage_taken":0,"max_hp_gain":0,"max_hp_loss":0,"event_name":"Masked Bandits","floor":20,"gold_loss":0}],"is_beta":false,"boss_relics":[{"not_picked":["Fusion Hammer","Busted Crown"],"picked":"Black Star"}],"items_purged_floors":[4],"is_endless":false,"potions_floor_spawned":[1,3,6,8,19],"killed_by":"Snecko","ascension_level":5}}