{"host":"dh4nu8nelr2izibb","time":1613864634,"event":{"mods":["BaseMod","Better Skull","Better Third Choice","Card Filter","Card Forge","Curses Come First","Displayed Cursed Tome","HololiveMod","Marisa????????","Minty Spire (QoL Compilation)","Poor People Problems","Quick Restart","Relic Filter","Reliquary","StSLib","The Servant 0.9.4","WarShipGirlsR/????R mod","Yakumo Yukari mod"],"gold_per_floor":[211,230,17,30,47,77,88,88,137,50,50,85,101,101,101,176,176,188,168,183,133,46,46,60,60,60,10,10,28,59,79,79,152,152,152],"floor_reached":34,"language":"ENG","playtime":1068,"items_purged":["Strike_G","Strike_G"],"score":891,"play_id":"add3735f-445b-4c75-ac17-31e4d5e4d701","local_time":"20210220184354","is_ascension_mode":true,"campfire_choices":[{"data":"All Out Attack","floor":8.0,"key":"SMITH"},{"data":"Cloak And Dagger","floor":11.0,"key":"SMITH"},{"floor":15.0,"key":"REST"},{"data":"Accuracy","floor":23.0,"key":"SMITH"},{"data":"Infinite Blades","floor":25.0,"key":"SMITH"},{"data":"Burst","floor":28.0,"key":"SMITH"},{"data":"Accuracy","floor":32,"key":"SMITH"}],"circlet_count":0,"master_deck":["AscendersBane","Strike_G","Defend_G","Defend_G","Defend_G","Defend_G","Survivor","Neutralize+1","Blade Dance","Deflect","Flying Knee","Underhanded Strike","Prepared","PiercingWail","Backflip","All Out Attack+1","Cloak And Dagger+1","Accuracy+1","Glass Knife+1","Quick Slash","Burst+1","Dagger Throw+1","Infinite Blades+1","Backflip","Leg Sweep","Terror","Blade Dance","Accuracy+1"],"relics":["Ring of the Snake","Hammer of Thor","Seething Fire","Anvil of the Gods","Mummified Hand","Bronze Scales","Toy Ornithopter","Busted Crown","Smiling Mask","Potion Belt","HoveringKite"],"acts_visited":["Exordium","TheCity","TheBeyond"],"potions_floor_usage":[],"damage_taken":[{"damage":0.0,"enemies":"Small Slimes","floor":1.0,"turns":4.0},{"damage":4.0,"enemies":"Jaw Worm","floor":2.0,"turns":5.0},{"damage":0.0,"enemies":"2 Louse","floor":4.0,"turns":2.0},{"damage":3.0,"enemies":"Looter","floor":5.0,"turns":3.0},{"damage":17.0,"enemies":"Gremlin Nob","floor":6.0,"turns":4.0},{"damage":0.0,"enemies":"2 Fungi Beasts","floor":7.0,"turns":4.0},{"damage":4.0,"enemies":"3 Sentries","floor":12.0,"turns":6.0},{"damage":0.0,"enemies":"Lots of Slimes","floor":13.0,"turns":1.0},{"damage":0.0,"enemies":"Slime Boss","floor":16.0,"turns":7.0},{"damage":0.0,"enemies":"3 Byrds","floor":18.0,"turns":2.0},{"damage":19.0,"enemies":"Shell Parasite","floor":20.0,"turns":4.0},{"damage":0.0,"enemies":"Snake Plant","floor":24.0,"turns":3.0},{"damage":0,"enemies":"Chosen and Byrds","floor":29,"turns":3},{"damage":0,"enemies":"Gremlin Leader","floor":30,"turns":3},{"damage":7,"enemies":"Sentry and Sphere","floor":31,"turns":3},{"damage":12,"enemies":"Collector","floor":33,"turns":5}],"seed_played":"5160661111483155946","potions_obtained":[{"floor":2.0,"key":"Swift Potion"},{"floor":5.0,"key":"SpeedPotion"},{"floor":6.0,"key":"Block Potion"},{"floor":13.0,"key":"GamblersBrew"},{"floor":20.0,"key":"Block Potion"},{"floor":30,"key":"Block Potion"},{"floor":31,"key":"Swift Potion"},{"floor":33,"key":"Weak Potion"}],"is_trial":false,"path_per_floor":["M","M","$","M","M","E","M","R","T","$","R","E","M","?","R","B",null,"M","?","M","?","$","R","M","R","T","$","R","M","E","M","R","B",null],"character_chosen":"THE_SILENT","items_purchased":["Flying Knee","Underhanded Strike","Prepared","Accuracy","Terror"],"campfire_rested":1,"item_purchase_floors":[3,3,3,10,22],"current_hp_per_floor":[59,55,55,55,52,35,35,35,35,35,35,31,31,31,50,60,65,65,65,46,46,46,46,51,51,51,51,51,51,51,44,44,32,58,58],"gold":152,"neow_bonus":"HUNDRED_GOLD","is_daily":false,"chose_seed":false,"campfire_upgraded":6,"win_rate":0.0,"timestamp":1613864634,"path_taken":["M","M","$","M","M","E","M","R","T","$","R","E","M","?","R","BOSS","M","?","M","?","$","R","M","R","T","$","R","?","E","M","R","BOSS"],"items_purchased_type":["Card","Card","Card","Card","Card"],"build_version":"2020-12-22","purchased_purges":2,"victory":false,"max_hp_per_floor":[66,66,66,66,66,66,66,66,66,66,66,66,66,66,66,66,66,66,66,66,66,66,66,66,66,66,66,66,66,66,66,66,66,66,66],"card_choices":[{"not_picked":["Backstab","Quick Slash"],"picked":"Blade Dance","floor":1.0},{"not_picked":["Outmaneuver","Underhanded Strike"],"picked":"Deflect","floor":2.0},{"not_picked":["Infinite Blades","Sucker Punch"],"picked":"PiercingWail","floor":4.0},{"not_picked":["Expertise","Choke"],"picked":"Backflip","floor":5.0},{"not_picked":["Flying Knee","Acrobatics"],"picked":"All Out Attack","floor":6.0},{"not_picked":["Bane","Escape Plan"],"picked":"Cloak And Dagger","floor":7.0},{"not_picked":["Deflect","Riddle With Holes"],"picked":"Glass Knife","floor":12.0},{"not_picked":["Setup","PiercingWail"],"picked":"Quick Slash","floor":13.0},{"not_picked":["Glass Knife","Doppelganger"],"picked":"Burst","floor":16.0},{"not_picked":[],"picked":"Dagger Throw+1","floor":18.0},{"not_picked":[],"picked":"Infinite Blades","floor":19.0},{"not_picked":[],"picked":"Backflip","floor":19.0},{"not_picked":[],"picked":"Leg Sweep","floor":20.0},{"not_picked":["Deadly Poison"],"picked":"SKIP","floor":24.0},{"not_picked":[],"picked":"Blade Dance","floor":29},{"not_picked":[],"picked":"Accuracy","floor":30},{"not_picked":["Bane+1"],"picked":"SKIP","floor":31}],"player_experience":1195677,"relics_obtained":[{"floor":6.0,"key":"Mummified Hand"},{"floor":9.0,"key":"Bronze Scales"},{"floor":12.0,"key":"Toy Ornithopter"},{"floor":26.0,"key":"Smiling Mask"},{"floor":30,"key":"Potion Belt"}],"event_choices":[{"damage_healed":0.0,"max_hp_gain":0.0,"max_hp_loss":0.0,"gold_gain":0.0,"event_name":"Living Wall","player_choice":"Grow","floor":14.0,"gold_loss":0.0,"damage_taken":0.0,"cards_upgraded":["Glass Knife"]},{"damage_healed":0.0,"max_hp_gain":0.0,"max_hp_loss":0.0,"gold_gain":0.0,"event_name":"The Joust","player_choice":"Bet on Murderer","floor":21.0,"gold_loss":50.0,"damage_taken":0.0}],"is_beta":false,"boss_relics":[{"not_picked":["Pandora\u0027s Box","reliquary:RustamsPendant"],"picked":"Busted Crown"},{"not_picked":["Coffee Dripper","Velvet Choker"],"picked":"HoveringKite"}],"items_purged_floors":[3,27],"is_endless":false,"potions_floor_spawned":[2,5,6,13,20,30,31,33],"ascension_level":19}}