{"host":"z42sc0n2dozsmk72","time":1613820937,"event":{"mods":["AchievementEnabler","BaseMod","Colored Map","Curses Come First","Highlight Path","Minty Spire (QoL Compilation)","Permanent Neow","Quick Restart","Relic Stats","Shop Mod","StSLib","egg","slay the spire mod where everything is the same but ironclad has a cowboy hat"],"gold_per_floor":[114,125,50,66,39,39,68,93,132,144,191,203,226,254,266,377,389,421,450,481,507,534,546,592,604,616,659,684,67,78,93,93,195,195,205,205,223,23,23,23,36,36,36,46,46,74,84,103,103,103,103,103,0,25,25],"floor_reached":56,"language":"ENG","playtime":4391,"items_purged":["Strike_R","Strike_R","Clumsy"],"score":1706,"play_id":"6f45b5dd-ef6f-4e57-8f0b-6f8536d8d0fe","local_time":"20210221003535","is_ascension_mode":true,"campfire_choices":[{"data":"Armaments","floor":6.0,"key":"SMITH"},{"data":"Entrench","floor":10.0,"key":"SMITH"},{"data":"Barricade","floor":12.0,"key":"SMITH"},{"data":"True Grit","floor":15.0,"key":"SMITH"},{"data":"Seeing Red","floor":23.0,"key":"SMITH"},{"data":"True Grit","floor":25.0,"key":"SMITH"},{"data":"Entrench","floor":32.0,"key":"SMITH"},{"data":"True Grit","floor":40.0,"key":"SMITH"},{"data":"Body Slam","floor":42.0,"key":"SMITH"},{"floor":49.0,"key":"RECALL"},{"data":"Strike_R","floor":52.0,"key":"PURGE"}],"circlet_count":0,"master_deck":["Strike_R","Strike_R+1","Defend_R","Defend_R","Defend_R","Defend_R","Bash","Barricade+1","Metallicize","Body Slam+1","Armaments+1","Entrench+1","Seeing Red+1","Entrench+1","True Grit+1","Reaper","Body Slam+1","True Grit+1","Body Slam+1","Feel No Pain+1","Shrug It Off","Offering","True Grit+1","Berserk+1","Body Slam+1","Dark Shackles","Shrug It Off","Dark Embrace+1"],"relics":["Burning Blood","MawBank","Akabeko","Whetstone","Runic Pyramid","Frozen Egg 2","InkBottle","Blood Vial","Bird Faced Urn","Sling","Cursed Key","Peace Pipe","Toy Ornithopter"],"acts_visited":["Exordium","TheCity","TheBeyond","TheEnding"],"potions_floor_usage":[55,55,55],"damage_taken":[{"damage":6.0,"enemies":"Cultist","floor":1.0,"turns":3.0},{"damage":17.0,"enemies":"Small Slimes","floor":2.0,"turns":7.0},{"damage":6.0,"enemies":"Jaw Worm","floor":4.0,"turns":6.0},{"damage":22.0,"enemies":"3 Sentries","floor":7.0,"turns":14.0},{"damage":26.0,"enemies":"2 Fungi Beasts","floor":8.0,"turns":5.0},{"damage":0.0,"enemies":"Lagavulin","floor":11.0,"turns":7.0},{"damage":11.0,"enemies":"Looter","floor":13.0,"turns":2.0},{"damage":17.0,"enemies":"Red Slaver","floor":14.0,"turns":5.0},{"damage":0.0,"enemies":"Hexaghost","floor":16.0,"turns":10.0},{"damage":3.0,"enemies":"Shell Parasite","floor":18.0,"turns":8.0},{"damage":1.0,"enemies":"Spheric Guardian","floor":19.0,"turns":7.0},{"damage":1.0,"enemies":"Snecko","floor":20.0,"turns":9.0},{"damage":16.0,"enemies":"Centurion and Healer","floor":21.0,"turns":7.0},{"damage":17.0,"enemies":"Shelled Parasite and Fungi","floor":22.0,"turns":6.0},{"damage":35.0,"enemies":"Book of Stabbing","floor":24.0,"turns":10.0},{"damage":25.0,"enemies":"Slavers","floor":27.0,"turns":9.0},{"damage":0.0,"enemies":"Snecko","floor":28.0,"turns":6.0},{"damage":24.0,"enemies":"Snake Plant","floor":30.0,"turns":4.0},{"damage":0.0,"enemies":"3 Cultists","floor":31.0,"turns":4.0},{"damage":0.0,"enemies":"Automaton","floor":33.0,"turns":6.0},{"damage":6.0,"enemies":"3 Darklings","floor":35.0,"turns":4.0},{"damage":21.0,"enemies":"3 Shapes","floor":37.0,"turns":6.0},{"damage":31.0,"enemies":"Transient","floor":41.0,"turns":5.0},{"damage":18.0,"enemies":"Maw","floor":44.0,"turns":5.0},{"damage":8.0,"enemies":"Giant Head","floor":46.0,"turns":6.0},{"damage":6.0,"enemies":"4 Shapes","floor":47.0,"turns":6.0},{"damage":7.0,"enemies":"Jaw Worm Horde","floor":48.0,"turns":4.0},{"damage":27.0,"enemies":"Awakened One","floor":50.0,"turns":8.0},{"damage":58,"enemies":"Shield and Spear","floor":54,"turns":5},{"damage":26,"enemies":"The Heart","floor":55,"turns":7}],"seed_played":"-6219982352995794259","potions_obtained":[{"floor":1.0,"key":"SpeedPotion"},{"floor":2.0,"key":"EssenceOfSteel"},{"floor":4.0,"key":"Regen Potion"},{"floor":11.0,"key":"Strength Potion"},{"floor":24.0,"key":"Energy Potion"},{"floor":27.0,"key":"Ancient Potion"},{"floor":28.0,"key":"Explosive Potion"},{"floor":30.0,"key":"Block Potion"},{"floor":31.0,"key":"ColorlessPotion"},{"floor":41.0,"key":"ColorlessPotion"},{"floor":48.0,"key":"GamblersBrew"},{"floor":54,"key":"Regen Potion"}],"is_trial":false,"path_per_floor":["M","M","$","M","$","R","E","M","T","R","E","R","M","M","R","B",null,"M","M","M","M","M","R","E","R","T","E","M","$","M","M","R","B",null,"M","T","M","$","$","R","M","R","T","M","?","E","M","M","R","B",null,"R","$","E","B",null],"character_chosen":"IRONCLAD","items_purchased":["Armaments","Feel No Pain+1","Bird Faced Urn","Sling","Berserk+1","HeartOfIron"],"campfire_rested":0,"item_purchase_floors":[5,29,29,29,38,53],"current_hp_per_floor":[72,61,61,61,61,61,45,25,25,25,31,31,26,15,15,21,59,69,72,72,72,65,65,44,44,44,37,50,50,43,72,72,72,72,72,72,72,72,72,72,55,55,55,64,54,69,72,72,72,60,69,69,69,38,69],"gold":25,"neow_bonus":"THREE_RARE_CARDS","is_daily":false,"chose_seed":false,"campfire_upgraded":9,"win_rate":0.0,"timestamp":1613820935,"path_taken":["M","M","?","M","$","R","E","M","T","R","E","R","?","M","R","BOSS","M","M","M","M","M","R","E","R","T","E","?","$","M","M","R","BOSS","M","?","M","?","$","R","M","R","T","M","?","E","M","M","R","BOSS","R","$","E","BOSS"],"items_purchased_type":["Card","Card","Relic","Relic","Card","Potion"],"build_version":"2020-12-22","purchased_purges":3,"victory":true,"max_hp_per_floor":[72,72,72,72,72,72,72,72,72,72,72,72,72,72,72,72,72,72,72,72,72,72,72,72,72,72,72,72,72,72,72,72,72,72,72,72,72,72,72,72,72,72,72,72,72,72,72,72,72,72,72,72,72,72,72],"relic_stats":{"Blood Vial":16,"Peace Pipe":1,"counters":[30,191],"Bird Faced Urn":[67],"Whetstone":["Strike_R","Body Slam"],"MawBank":264,"Cursed Key":1,"obtain_stats":[{"Whetstone":11,"Frozen Egg 2":24,"MawBank":7,"Sling":29,"Cursed Key":34,"Burning Blood":0,"Akabeko":9,"Blood Vial":27,"Peace Pipe":46,"Bird Faced Urn":29,"InkBottle":26,"Toy Ornithopter":54,"Runic Pyramid":17},{"Whetstone":6,"Frozen Egg 2":15,"MawBank":4,"Sling":17,"Cursed Key":20,"Burning Blood":0,"Akabeko":5,"Blood Vial":16,"Peace Pipe":25,"Bird Faced Urn":17,"InkBottle":15,"Toy Ornithopter":29,"Runic Pyramid":9},{"Whetstone":42,"Frozen Egg 2":106,"MawBank":30,"Sling":121,"Cursed Key":135,"Burning Blood":0,"Akabeko":35,"Blood Vial":115,"Peace Pipe":161,"Bird Faced Urn":121,"InkBottle":106,"Toy Ornithopter":184,"Runic Pyramid":59}],"Burning Blood":131,"InkBottle":[37],"Toy Ornithopter":15},"card_choices":[{"not_picked":["Berserk","Feed"],"picked":"Barricade","floor":0.0},{"not_picked":["Cleave","Twin Strike"],"picked":"Metallicize","floor":1.0},{"not_picked":["Searing Blow","Iron Wave"],"picked":"Body Slam","floor":2.0},{"not_picked":["Rampage","Blood for Blood","Dark Embrace"],"picked":"SKIP","floor":4.0},{"not_picked":["Reckless Charge","Bloodletting"],"picked":"Entrench","floor":7.0},{"not_picked":["Thunderclap","Anger"],"picked":"Seeing Red","floor":8.0},{"not_picked":["Searing Blow","Perfected Strike","Immolate"],"picked":"SKIP","floor":11.0},{"not_picked":["Pommel Strike","Clash"],"picked":"Entrench","floor":13.0},{"not_picked":["Heavy Blade","Anger"],"picked":"True Grit","floor":14.0},{"not_picked":["Immolate","Juggernaut"],"picked":"Reaper","floor":16.0},{"not_picked":["Flex","Power Through+1"],"picked":"Body Slam","floor":18.0},{"not_picked":["Heavy Blade","Clothesline+1"],"picked":"True Grit","floor":19.0},{"not_picked":["Heavy Blade","Pommel Strike","Rupture+1"],"picked":"SKIP","floor":20.0},{"not_picked":["Flex","Whirlwind","Dropkick"],"picked":"SKIP","floor":21.0},{"not_picked":["Iron Wave","Uppercut","Corruption"],"picked":"SKIP","floor":22.0},{"not_picked":["Sever Soul","Wild Strike+1","Hemokinesis"],"picked":"SKIP","floor":24.0},{"not_picked":["Dropkick","Cleave","Sword Boomerang"],"picked":"SKIP","floor":27.0},{"not_picked":["Clothesline","Uppercut"],"picked":"Body Slam+1","floor":28.0},{"not_picked":["Cleave","Evolve+1","Shrug It Off"],"picked":"SKIP","floor":30.0},{"not_picked":["Cleave","Evolve+1"],"picked":"Shrug It Off","floor":30.0},{"not_picked":["Cleave+1","Second Wind","Pommel Strike+1"],"picked":"SKIP","floor":31.0},{"not_picked":["Reaper","Bludgeon"],"picked":"Offering","floor":33.0},{"not_picked":["Thunderclap","Fire Breathing+1","Armaments+1"],"picked":"SKIP","floor":35.0},{"not_picked":["Cleave","Twin Strike"],"picked":"True Grit","floor":37.0},{"not_picked":["Reckless Charge","Sword Boomerang"],"picked":"Body Slam+1","floor":41.0},{"not_picked":["Pommel Strike+1","Iron Wave","Cleave"],"picked":"SKIP","floor":44.0},{"not_picked":["Secret Weapon","Mayhem+1"],"picked":"Dark Shackles","floor":45.0},{"not_picked":["Havoc","Cleave"],"picked":"Shrug It Off","floor":46.0},{"not_picked":["Hemokinesis","Cleave+1"],"picked":"Dark Embrace+1","floor":47.0},{"not_picked":["Cleave","Clothesline","Thunderclap+1"],"picked":"SKIP","floor":48.0},{"not_picked":["Body Slam","Headbutt+1","Spot Weakness"],"picked":"SKIP","floor":54}],"player_experience":977610,"relics_obtained":[{"floor":7.0,"key":"MawBank"},{"floor":9.0,"key":"Akabeko"},{"floor":11.0,"key":"Whetstone"},{"floor":24.0,"key":"Frozen Egg 2"},{"floor":26.0,"key":"InkBottle"},{"floor":27.0,"key":"Blood Vial"},{"floor":46.0,"key":"Peace Pipe"},{"floor":54,"key":"Toy Ornithopter"}],"event_choices":[{"damage_healed":0.0,"max_hp_gain":0.0,"max_hp_loss":0.0,"gold_gain":0.0,"event_name":"SensoryStone","player_choice":"Memory 3","floor":45.0,"gold_loss":0.0,"damage_taken":10.0}],"is_beta":false,"boss_relics":[{"not_picked":["Philosopher\u0027s Stone","Black Star"],"picked":"Runic Pyramid"},{"not_picked":["SacredBark","Pandora\u0027s Box"],"picked":"Cursed Key"}],"items_purged_floors":[3,29,38],"is_endless":false,"potions_floor_spawned":[1,2,4,11,13,24,27,28,30,31,41,46,48,54],"ascension_level":7}}