{"host":"5tzvto3beate6p8b","time":1613853300,"event":{"mods":["BaseMod","Colored Map","Minty Spire (QoL Compilation)","StSLib","SuperFastMode"],"gold_per_floor":[109,123,139,139,139,139,165,3,3,3,3,21,21,36,36,110,110,126,70,70,87,101,101,136,136,136,136,0,0,0,0,0,71,71,90,110,24,43,43,43],"floor_reached":39,"language":"JPN","playtime":1762,"items_purged":[],"score":774,"play_id":"d7edee42-c570-4fc8-9bd9-ec977f124765","local_time":"20210221053500","is_ascension_mode":true,"campfire_choices":[{"data":"1","floor":6,"key":"LIFT"},{"data":"Sunder","floor":10,"key":"SMITH"},{"data":"Beam Cell","floor":13,"key":"SMITH"},{"data":"Defragment","floor":15,"key":"SMITH"},{"data":"Biased Cognition","floor":23,"key":"SMITH"},{"data":"Chill","floor":25,"key":"SMITH"},{"data":"2","floor":30,"key":"LIFT"},{"floor":32,"key":"REST"}],"circlet_count":0,"master_deck":["AscendersBane","Zap","Dualcast","Steam Power","Beam Cell+1","Hologram","Steam Power","Sunder+1","Self Repair+1","Defragment+1","Coolheaded","Thunder Strike","Darkness","Barrage","Biased Cognition+1","Chill+1","Amplify","Blizzard","Stack","Rainbow","Double Energy","Conserve Battery","Defragment+1","Rip and Tear","Leap","Glacier","Electrodynamics","Coolheaded","Reinforced Body","Conserve Battery+1","Parasite"],"relics":["Cracked Core","Girya","Blood Vial","Letter Opener","Pandora\u0027s Box","Bronze Scales","Juzu Bracelet","Philosopher\u0027s Stone"],"acts_visited":["Exordium","TheCity","TheBeyond"],"potions_floor_usage":[16,21,22,24,33,33,36,39],"damage_taken":[{"damage":2,"enemies":"2 Louse","floor":1,"turns":2},{"damage":2,"enemies":"Jaw Worm","floor":2,"turns":3},{"damage":0,"enemies":"Cultist","floor":3,"turns":3},{"damage":37,"enemies":"3 Sentries","floor":7,"turns":8},{"damage":14,"enemies":"Red Slaver","floor":12,"turns":3},{"damage":7,"enemies":"Exordium Wildlife","floor":14,"turns":3},{"damage":24,"enemies":"The Guardian","floor":16,"turns":12},{"damage":8,"enemies":"Spheric Guardian","floor":18,"turns":4},{"damage":0,"enemies":"3 Byrds","floor":21,"turns":3},{"damage":11,"enemies":"Cultist and Chosen","floor":22,"turns":6},{"damage":53,"enemies":"Book of Stabbing","floor":24,"turns":7},{"damage":51,"enemies":"Automaton","floor":33,"turns":10},{"damage":12,"enemies":"3 Darklings","floor":35,"turns":4},{"damage":0,"enemies":"Orb Walker","floor":36,"turns":2},{"damage":38,"enemies":"Spire Growth","floor":38,"turns":6},{"damage":31,"enemies":"Writhing Mass","floor":39,"turns":3}],"seed_played":"296621962381728659","potions_obtained":[{"floor":1,"key":"SpeedPotion"},{"floor":7,"key":"Explosive Potion"},{"floor":21,"key":"Block Potion"},{"floor":22,"key":"BlessingOfTheForge"},{"floor":33,"key":"LiquidMemories"},{"floor":35,"key":"Explosive Potion"}],"is_trial":false,"path_per_floor":["M","M","M","?","?","R","E","$","T","R","?","M","R","M","R","B",null,"M","$","?","M","M","R","E","R","T","?","$","?","R","?","R","B",null,"M","M","$","M","M"],"character_chosen":"DEFECT","items_purchased":["Sunder","Self Repair","Conserve Battery","LiquidMemories","Swift Potion","Reinforced Body"],"campfire_rested":1,"item_purchase_floors":[8,8,19,28,28,37],"current_hp_per_floor":[62,60,60,60,60,60,23,23,23,23,23,21,21,26,26,14,52,56,56,56,64,63,63,31,31,31,31,31,31,31,31,50,11,51,51,53,53,27,0,0],"gold":43,"neow_bonus":"ONE_RARE_RELIC","is_daily":false,"chose_seed":false,"campfire_upgraded":5,"win_rate":0.0,"timestamp":1613853300,"path_taken":["M","M","M","?","?","R","E","$","T","R","?","?","R","M","R","BOSS","M","$","?","M","M","R","E","R","T","?","$","?","R","?","R","BOSS","M","M","$","M","M"],"items_purchased_type":["Card","Card","Card","Potion","Potion","Card"],"build_version":"2020-12-22","purchased_purges":0,"victory":false,"max_hp_per_floor":[64,64,64,64,64,64,64,64,64,64,64,64,64,64,64,64,64,64,64,64,64,64,64,64,64,64,64,64,64,64,64,64,64,64,64,64,64,64,64,64],"card_choices":[{"not_picked":["Skim","Turbo"],"picked":"Steam Power","floor":1},{"not_picked":["Doom and Gloom","Genetic Algorithm"],"picked":"Beam Cell","floor":2},{"not_picked":["Chaos","Coolheaded"],"picked":"Hologram","floor":3},{"not_picked":["Double Energy","Stack"],"picked":"Steam Power","floor":7},{"not_picked":["Steam","Coolheaded"],"picked":"Defragment","floor":12},{"not_picked":["Streamline","Lockon"],"picked":"Coolheaded","floor":14},{"not_picked":["Fission","Multi-Cast"],"picked":"Thunder Strike","floor":16},{"not_picked":["Redo","Darkness"],"picked":"Double Energy","floor":18},{"not_picked":["Go for the Eyes","Recycle"],"picked":"Rip and Tear","floor":21},{"not_picked":["Cold Snap","Turbo"],"picked":"Leap","floor":22},{"not_picked":["Meteor Strike","Redo","Streamline"],"picked":"SKIP","floor":24},{"not_picked":["Multi-Cast","Meteor Strike"],"picked":"Electrodynamics","floor":33},{"not_picked":["Redo","Streamline"],"picked":"Coolheaded","floor":35},{"not_picked":["Gash","Redo","Reprogram"],"picked":"SKIP","floor":36},{"not_picked":["Storm","Streamline"],"picked":"Conserve Battery+1","floor":38}],"player_experience":823545,"relics_obtained":[{"floor":7,"key":"Blood Vial"},{"floor":9,"key":"Letter Opener"},{"floor":24,"key":"Bronze Scales"},{"floor":26,"key":"Juzu Bracelet"}],"event_choices":[{"damage_healed":0,"gold_gain":0,"player_choice":"Ignored","damage_taken":0,"max_hp_gain":0,"max_hp_loss":0,"event_name":"Liars Game","floor":4,"gold_loss":0},{"damage_healed":0,"gold_gain":0,"player_choice":"Ignored","damage_taken":0,"max_hp_gain":0,"max_hp_loss":0,"event_name":"Golden Idol","floor":5,"gold_loss":0},{"damage_healed":0,"gold_gain":0,"player_choice":"Grow","damage_taken":0,"max_hp_gain":0,"max_hp_loss":0,"event_name":"Living Wall","floor":11,"gold_loss":0,"cards_upgraded":["Self Repair"]},{"damage_healed":0,"gold_gain":0,"player_choice":"Copied","damage_taken":0,"max_hp_gain":0,"max_hp_loss":0,"event_name":"Duplicator","floor":20,"gold_loss":0,"cards_obtained":["Defragment"]},{"damage_healed":0,"gold_gain":0,"player_choice":"Read","damage_taken":0,"max_hp_gain":0,"max_hp_loss":0,"event_name":"The Library","floor":27,"gold_loss":0,"cards_obtained":["Glacier"]},{"damage_healed":0,"gold_gain":0,"player_choice":"Ignored","damage_taken":0,"max_hp_gain":0,"max_hp_loss":0,"event_name":"Ghosts","floor":29,"gold_loss":0}],"is_beta":false,"boss_relics":[{"not_picked":["Snecko Eye","Coffee Dripper"],"picked":"Pandora\u0027s Box"},{"not_picked":["Sozu","Calling Bell"],"picked":"Philosopher\u0027s Stone"}],"items_purged_floors":[],"is_endless":false,"potions_floor_spawned":[1,7,14,21,22,33,35],"killed_by":"Writhing Mass","ascension_level":19}}