{"host":"w1l5t0a1l2lkq6my","time":1613800265,"event":{"mods":["100% Spire Juice","Bartender","BaseMod","KinomotoSakuraMod(ñÿîVñ{?)","Lobotomy","LobotomyExtend","Magitek Elite","MarisaÅiñ∂âJÅ@ñÇóùçπÅj","Minty Spire (QoL Compilation)","StSLib","The Gatherer","The Senshi","Yuyuko"],"gold_per_floor":[111,111,111,111,136,136,151,182,182,195,195,219,233,247,247,378,378,399,399,415,415,415,415,435,435,435,454,434,258,258,169,169,297,297,233,233,233],"floor_reached":36,"language":"ENG","playtime":2025,"items_purged":[],"score":416,"play_id":"8e355103-4dc5-427c-85e3-4c261cc4c1ca","local_time":"20210219225105","is_ascension_mode":false,"campfire_choices":[],"circlet_count":0,"master_deck":["SpecialBullet","SpecialBullet","SpecialBullet","SpecialBullet","SpecialBullet","SpecialBullet","SpecialBullet","InformationCode","HereticApostle","ControlCode","Heaven","Regret_ego","WhiteNight","Amita","CrimsonScar","GreedKing","Moonlight","Twilight","OldLady","SpecialBullet","SpiderBud","GoldRush","SpecialBullet","OSAHOGD","CherryBlossom+1","DisciplinaryCode","Freischutz","TT2Protocol","TheSmile","BlackArmy","Soda","Enlightenment","SummonCall","RecordCode","QueenBee"],"relics":["CogitoBucket","LetterFromLob","Golden Idol","Pocketwatch","Darkstone Periapt","LuminousBracelet","Coffee Dripper","Power_Wrist","TreeSap","Strawberry","Pantograph","Medical Kit","SlaversCollar","AtMidnight","FleshIdol"],"acts_visited":["Exordium","TheCity","TheBeyond"],"potions_floor_usage":[33,35,35,36],"damage_taken":[{"damage":7,"enemies":"2 Louse","floor":1,"turns":2},{"damage":0,"enemies":"Cultist","floor":5,"turns":3},{"damage":11,"enemies":"Jaw Worm","floor":7,"turns":2},{"damage":55,"enemies":"3 Sentries","floor":8,"turns":7},{"damage":10,"enemies":"Exordium Thugs","floor":10,"turns":3},{"damage":34,"enemies":"3 Louse","floor":12,"turns":4},{"damage":0,"enemies":"Red Slaver","floor":13,"turns":2},{"damage":0,"enemies":"Large Slime","floor":14,"turns":4},{"damage":46,"enemies":"The Guardian","floor":16,"turns":8},{"damage":18,"enemies":"2 Thieves","floor":18,"turns":3},{"damage":16,"enemies":"Chosen","floor":20,"turns":6},{"damage":4,"enemies":"Snecko","floor":24,"turns":3},{"damage":0,"enemies":"3 Cultists","floor":27,"turns":1},{"damage":12,"enemies":"Centurion and Healer","floor":28,"turns":3},{"damage":65,"enemies":"Automaton","floor":33,"turns":7},{"damage":37,"enemies":"Orb Walker","floor":35,"turns":5},{"damage":29,"enemies":"3 Darklings","floor":36,"turns":2}],"seed_played":"716204514816056229","potions_obtained":[{"floor":1,"key":"Explosive Potion"},{"floor":4,"key":"GamblersBrew"},{"floor":4,"key":"Energy Potion"},{"floor":16,"key":"AttackPotion"},{"floor":27,"key":"BlessingOfTheForge"},{"floor":33,"key":"DuplicationPotion"}],"is_trial":false,"path_per_floor":["M","?","?","?","M","R","M","E","T","M","?","M","M","M","R","B",null,"M","?","M","?","?","R","M","R","T","M","M","$","R","$","R","B",null,"M","M"],"character_chosen":"Angela","items_purchased":["Medical Kit","Soda","Enlightenment"],"campfire_rested":0,"item_purchase_floors":[29,29,31],"current_hp_per_floor":[63,63,65,65,65,65,54,44,44,62,62,56,70,85,85,46,46,61,61,75,75,75,75,88,88,88,88,76,76,76,76,76,28,28,26,0,0],"gold":233,"neow_bonus":"TRANSFORM_CARD","is_daily":false,"chose_seed":false,"campfire_upgraded":0,"win_rate":0.0,"timestamp":1613800265,"path_taken":["M","?","?","?","?","R","M","E","T","M","?","M","M","M","R","BOSS","M","?","?","?","?","R","M","R","T","M","M","$","R","?","R","BOSS","M","M"],"items_purchased_type":["Relic","Card","Card"],"build_version":"2020-12-22","purchased_purges":0,"victory":false,"max_hp_per_floor":[70,65,65,65,65,65,65,65,65,65,70,85,85,85,85,75,75,75,75,75,88,88,88,88,88,88,88,88,88,88,88,88,88,88,88,88,88],"card_choices":[{"not_picked":["CherryBlossom","Horn"],"picked":"SKIP","floor":1},{"not_picked":["Penitence"],"picked":"Regret_ego","floor":5},{"not_picked":["SpiderBud","BeautyBeast"],"picked":"WhiteNight","floor":7},{"not_picked":["SomewhereSpear"],"picked":"Amita","floor":7},{"not_picked":["Beak"],"picked":"CrimsonScar","floor":8},{"not_picked":["VoidDream","BeautyBeast"],"picked":"GreedKing","floor":10},{"not_picked":["Noise"],"picked":"Moonlight","floor":10},{"not_picked":["Noise"],"picked":"Twilight","floor":12},{"not_picked":["ShyLook","Rudolta"],"picked":"OldLady","floor":13},{"not_picked":["Loneliness","Moonlight"],"picked":"SKIP","floor":13},{"not_picked":["Gaze","Tough"],"picked":"SKIP","floor":14},{"not_picked":["Gaze","Tough"],"picked":"SKIP","floor":14},{"not_picked":["MHz","BigBadWolf"],"picked":"SpiderBud","floor":16},{"not_picked":["Twilight"],"picked":"GoldRush","floor":16},{"not_picked":["ShyLook","GalaxyChild"],"picked":"OSAHOGD","floor":18},{"not_picked":["Lantern"],"picked":"CherryBlossom+1","floor":18},{"not_picked":["CENSORED_ego","Ecstasy"],"picked":"SKIP","floor":20},{"not_picked":["Variant","LittlePrince"],"picked":"Freischutz","floor":24},{"not_picked":["Penitence","SomewhereSpear"],"picked":"SKIP","floor":24},{"not_picked":["FourthMatchFlame"],"picked":"TheSmile","floor":27},{"not_picked":["Funeral","CherryBlossoms"],"picked":"BlackArmy","floor":28},{"not_picked":["Laetitia_ego","Beak+1"],"picked":"SKIP","floor":28},{"not_picked":["BeautyBeast","NakedNest"],"picked":"QueenBee","floor":33},{"not_picked":["Moonlight","GreenStem"],"picked":"SKIP","floor":35}],"player_experience":136866,"relics_obtained":[{"floor":1,"key":"LetterFromLob"},{"floor":8,"key":"Pocketwatch"},{"floor":9,"key":"Darkstone Periapt"},{"floor":26,"key":"Pantograph"},{"floor":35,"key":"AtMidnight"}],"event_choices":[{"damage_healed":0,"gold_gain":0,"player_choice":"Lose Max HP","damage_taken":0,"relics_obtained":["Golden Idol"],"max_hp_gain":0,"max_hp_loss":5,"event_name":"Golden Idol","floor":2,"gold_loss":0},{"damage_healed":0,"gold_gain":0,"player_choice":"Got Potions","damage_taken":0,"max_hp_gain":0,"max_hp_loss":0,"event_name":"Lab","floor":4,"gold_loss":0},{"damage_healed":0,"gold_gain":0,"player_choice":"Donut","damage_taken":0,"max_hp_gain":5,"max_hp_loss":0,"event_name":"Big Fish","floor":11,"gold_loss":0},{"damage_healed":0,"gold_gain":0,"player_choice":"Gave Potion","damage_taken":0,"relics_obtained":["Power_Wrist"],"max_hp_gain":0,"max_hp_loss":0,"event_name":"WeMeetAgain","floor":19,"gold_loss":0},{"damage_healed":0,"gold_gain":0,"player_choice":"Opened","damage_taken":0,"relics_obtained":["Strawberry"],"max_hp_gain":0,"max_hp_loss":0,"event_name":"The Mausoleum","floor":21,"gold_loss":0,"cards_obtained":["Writhe"]},{"cards_removed":["Writhe"],"damage_healed":0,"gold_gain":0,"player_choice":"Elegance","damage_taken":0,"max_hp_gain":0,"max_hp_loss":0,"event_name":"Back to Basics","floor":22,"gold_loss":0}],"is_beta":false,"boss_relics":[{"not_picked":["Ectoplasm","Black Star"],"picked":"Coffee Dripper"},{"not_picked":["Snecko Eye","Velvet Choker"],"picked":"SlaversCollar"}],"items_purged_floors":[],"is_endless":false,"potions_floor_spawned":[1,7,12,16,18,27,33],"killed_by":"3 Darklings","ascension_level":0}}