{"host":"89iuq2p5kwriuwfq","time":1613853827,"event":{"mods":["BaseMod","Curses Come First","Custom Start","Minty Spire (QoL Compilation)","Permanent Neow","StSLib"],"gold_per_floor":[109,384,399,66,16,50,108,138,219,219,219,236,264,264,264,358,358,383,427,442,465,365,408,423,423,505,548,8,8,32,63,63,156,156,179,63,78,15,35,69,69,69,115,153,3,26,51,72,72,72],"floor_reached":51,"language":"ENG","playtime":2508,"items_purged":["Regret","Strike_P","Strike_P","Defend_P+1"],"score":1785,"play_id":"c034c0af-414a-498c-a401-0fe4a496583d","local_time":"20210220204347","is_ascension_mode":true,"campfire_choices":[{"data":"Vigilance","floor":11,"key":"SMITH"},{"data":"Tantrum","floor":15,"key":"SMITH"},{"floor":25,"key":"REST"},{"data":"FlurryOfBlows","floor":29,"key":"SMITH"},{"data":"Scrawl","floor":32,"key":"SMITH"},{"data":"Adaptation","floor":42,"key":"SMITH"},{"data":"Strike_P+1","floor":49,"key":"PURGE"}],"circlet_count":0,"master_deck":["AscendersBane","Strike_P+1","Defend_P+1","Defend_P+1","Eruption+1","Vigilance+1","Wallop+1","CutThroughFate+1","InnerPeace+1","Tantrum+1","WheelKick+1","FlurryOfBlows+1","FlurryOfBlows+1","Vengeance+1","SpiritShield+1","LessonLearned+1","Meditate+1","EmptyFist+1","Scrawl+1","Protect+1","FlurryOfBlows+1","Adaptation+1","FearNoEvil+1"],"relics":["PureWater","Damaru","Ancient Tea Set","Shuriken","Lantern","Orichalcum","Golden Idol","VioletLotus","Red Mask","Bag of Preparation","Bottled Flame","The Courier","Oddly Smooth Stone","Gremlin Horn","Bag of Marbles","Bronze Scales","Toy Ornithopter","Busted Crown","DollysMirror","Happy Flower","Vajra","Peace Pipe"],"acts_visited":["Exordium","TheCity","TheBeyond"],"potions_floor_usage":[6,16,23,33],"damage_taken":[{"damage":0,"enemies":"Small Slimes","floor":1,"turns":3},{"damage":2,"enemies":"Cultist","floor":3,"turns":3},{"damage":0,"enemies":"Gremlin Nob","floor":6,"turns":2},{"damage":0,"enemies":"Gremlin Nob","floor":7,"turns":2},{"damage":35,"enemies":"Lagavulin","floor":8,"turns":3},{"damage":3,"enemies":"2 Louse","floor":12,"turns":2},{"damage":0,"enemies":"Gremlin Nob","floor":13,"turns":3},{"damage":3,"enemies":"The Guardian","floor":16,"turns":6},{"damage":16,"enemies":"2 Thieves","floor":18,"turns":3},{"damage":9,"enemies":"Masked Bandits","floor":19,"turns":3},{"damage":2,"enemies":"Shell Parasite","floor":20,"turns":5},{"damage":2,"enemies":"Slavers","floor":23,"turns":4},{"damage":0,"enemies":"3 Cultists","floor":24,"turns":4},{"damage":0,"enemies":"Gremlin Leader","floor":27,"turns":4},{"damage":0,"enemies":"Snake Plant","floor":30,"turns":2},{"damage":0,"enemies":"Book of Stabbing","floor":31,"turns":2},{"damage":6,"enemies":"Automaton","floor":33,"turns":6},{"damage":0,"enemies":"Orb Walker","floor":35,"turns":1},{"damage":0,"enemies":"3 Darklings","floor":37,"turns":2},{"damage":0,"enemies":"Maw","floor":39,"turns":4},{"damage":0,"enemies":"Giant Head","floor":40,"turns":3},{"damage":0,"enemies":"Reptomancer","floor":44,"turns":1},{"damage":0,"enemies":"Spire Growth","floor":46,"turns":2},{"damage":0,"enemies":"3 Darklings","floor":47,"turns":2},{"damage":0,"enemies":"Maw","floor":48,"turns":4},{"damage":0,"enemies":"Awakened One","floor":50,"turns":3}],"seed_played":"-6757384488291466833","potions_obtained":[{"floor":1,"key":"SteroidPotion"},{"floor":12,"key":"BottledMiracle"},{"floor":13,"key":"DistilledChaos"},{"floor":19,"key":"Explosive Potion"},{"floor":24,"key":"Block Potion"},{"floor":33,"key":"FearPotion"},{"floor":46,"key":"Ancient Potion"},{"floor":48,"key":"BottledMiracle"}],"is_trial":false,"path_per_floor":["M","?","M","$","?","E","?","E","T","?","R","M","E","?","R","B",null,"M","?","M","T","$","E","M","R","T","E","$","R","M","E","R","B",null,"M","$","M","$","M","E","?","R","T","E","$","M","M","M","R","B",null],"character_chosen":"WATCHER","items_purchased":["Damaru","InnerPeace","Tantrum","Gremlin Horn","Bag of Marbles","Bronze Scales","DollysMirror","Adaptation","FearNoEvil"],"campfire_rested":1,"item_purchase_floors":[4,4,4,28,28,28,36,38,45],"current_hp_per_floor":[61,61,59,59,59,59,59,24,24,46,46,43,43,26,26,23,57,41,32,30,30,30,28,28,48,48,48,48,48,48,48,48,47,63,63,63,63,63,63,63,63,63,63,63,63,63,63,63,63,63],"gold":72,"neow_bonus":"UPGRADE_CARD","is_daily":false,"chose_seed":false,"campfire_upgraded":5,"win_rate":0.0,"timestamp":1613853827,"path_taken":["M","?","?","$","?","E","?","E","T","?","R","M","E","?","R","BOSS","M","?","M","?","$","E","M","R","T","E","?","R","?","E","R","BOSS","M","?","M","$","M","E","?","R","T","E","?","M","M","?","R","BOSS"],"items_purchased_type":["Relic","Card","Card","Relic","Relic","Relic","Relic","Card","Card"],"build_version":"2020-12-22","purchased_purges":4,"victory":true,"max_hp_per_floor":[68,68,68,68,68,68,68,68,68,68,68,68,68,68,68,68,68,68,68,68,68,68,68,68,68,68,68,68,68,68,68,68,68,68,68,68,68,68,68,68,68,68,68,68,68,68,68,68,68,68],"card_choices":[{"not_picked":["WindmillStrike","ClearTheMind"],"picked":"Wallop","floor":1},{"not_picked":["PathToVictory","WreathOfFlame"],"picked":"CutThroughFate","floor":3},{"not_picked":["WreathOfFlame","CrushJoints"],"picked":"WheelKick","floor":6},{"not_picked":["Pray","ConjureBlade"],"picked":"FlurryOfBlows","floor":7},{"not_picked":["Prostrate","SignatureMove"],"picked":"FlurryOfBlows","floor":8},{"not_picked":["CrushJoints","Perseverance"],"picked":"Vengeance","floor":12},{"not_picked":["Conclude","Nirvana"],"picked":"SpiritShield","floor":13},{"not_picked":["Brilliance","Blasphemy"],"picked":"LessonLearned","floor":16},{"not_picked":["Prostrate","Evaluate"],"picked":"Meditate","floor":18},{"not_picked":["Prostrate+1","CarveReality"],"picked":"LikeWater+1","floor":19},{"not_picked":["BattleHymn+1","Consecrate"],"picked":"EmptyFist+1","floor":20},{"not_picked":["Consecrate","Alpha","BowlingBash+1"],"picked":"SKIP","floor":23},{"not_picked":["Crescendo","JustLucky","BowlingBash"],"picked":"SKIP","floor":24},{"not_picked":["EmptyBody","Wireheading"],"picked":"Scrawl","floor":27},{"not_picked":["Consecrate","CutThroughFate","Conclude"],"picked":"SKIP","floor":30},{"not_picked":["FollowUp","WreathOfFlame","Wish"],"picked":"SKIP","floor":31},{"not_picked":[],"picked":"Protect+1","floor":35},{"not_picked":["FlyingSleeves+1"],"picked":"SKIP","floor":37},{"not_picked":["Worship+1"],"picked":"SKIP","floor":39},{"not_picked":["BowlingBash"],"picked":"SKIP","floor":40},{"not_picked":["PathToVictory"],"picked":"SKIP","floor":44},{"not_picked":["Consecrate"],"picked":"SKIP","floor":46},{"not_picked":["Conclude"],"picked":"SKIP","floor":47},{"not_picked":["BowlingBash+1"],"picked":"SKIP","floor":48}],"player_experience":753376,"relics_obtained":[{"floor":6,"key":"Ancient Tea Set"},{"floor":8,"key":"Lantern"},{"floor":13,"key":"Orichalcum"},{"floor":19,"key":"Red Mask"},{"floor":21,"key":"Bag of Preparation"},{"floor":23,"key":"Bottled Flame"},{"floor":26,"key":"The Courier"},{"floor":27,"key":"Oddly Smooth Stone"},{"floor":31,"key":"Toy Ornithopter"},{"floor":40,"key":"Happy Flower"},{"floor":43,"key":"Vajra"},{"floor":44,"key":"Peace Pipe"}],"event_choices":[{"damage_healed":0,"gold_gain":275,"player_choice":"Desecrate","damage_taken":0,"max_hp_gain":0,"max_hp_loss":0,"event_name":"Golden Shrine","floor":2,"gold_loss":0,"cards_obtained":["Regret"]},{"cards_removed":["Defend_P"],"damage_healed":0,"gold_gain":0,"player_choice":"Card Removal","damage_taken":0,"max_hp_gain":0,"max_hp_loss":0,"event_name":"The Cleric","floor":5,"gold_loss":50},{"damage_healed":0,"gold_gain":0,"player_choice":"Searched \u00272\u0027 times","damage_taken":0,"relics_obtained":["Shuriken"],"max_hp_gain":0,"max_hp_loss":0,"event_name":"Dead Adventurer","floor":7,"gold_loss":0},{"damage_healed":22,"gold_gain":0,"player_choice":"Banana","damage_taken":0,"max_hp_gain":0,"max_hp_loss":0,"event_name":"Big Fish","floor":10,"gold_loss":0},{"damage_healed":0,"gold_gain":0,"player_choice":"Take Damage","damage_taken":17,"relics_obtained":["Golden Idol"],"max_hp_gain":0,"max_hp_loss":0,"event_name":"Golden Idol","floor":14,"gold_loss":0},{"damage_healed":0,"gold_gain":0,"player_choice":"Fought Bandits","damage_taken":0,"max_hp_gain":0,"max_hp_loss":0,"event_name":"Masked Bandits","floor":19,"gold_loss":0},{"cards_removed":["LikeWater"],"damage_healed":0,"gold_gain":0,"player_choice":"Removed Power","damage_taken":0,"max_hp_gain":0,"max_hp_loss":0,"event_name":"Falling","floor":41,"gold_loss":0}],"is_beta":false,"boss_relics":[{"not_picked":["Black Star","Tiny House"],"picked":"VioletLotus"},{"not_picked":["Pandora\u0027s Box","Fusion Hammer"],"picked":"Busted Crown"}],"items_purged_floors":[4,22,28,45],"is_endless":false,"potions_floor_spawned":[1,12,13,19,20,24,33,40,44,46,48],"ascension_level":14}}