{"host":"p9fmk1zxjhqthrxg","time":1613849075,"event":{"mods":["BaseMod","Bestiary","Colored Map","Colored Powertips","Highlight Path","Minty Spire (QoL Compilation)","Random Character Button","Rare Cards Sparkle","StSLib"],"gold_per_floor":[133,143,143,34,47,74,74,88,138,138,149,166,166,182,182,281,281,301,30,45,45,45,45],"floor_reached":22,"language":"ENG","playtime":1333,"items_purged":[],"score":188,"play_id":"a11c860e-5d44-425e-a0ea-bc15d7e20a9d","local_time":"20210220132435","is_ascension_mode":false,"campfire_choices":[{"floor":7,"key":"REST"},{"data":"Magnetism","floor":10,"key":"SMITH"},{"floor":15,"key":"REST"}],"circlet_count":0,"master_deck":["Strike_B+1","Strike_B+1","Strike_B+1","Strike_B+1","Defend_B+1","Defend_B+1","Defend_B+1","Defend_B+1","Zap","Dualcast","Writhe","Magnetism+1","Melter","Fusion","Hello World","Melter","Skim","Cold Snap","Rebound","Sweeping Beam","Stack","Purity","Streamline","Core Surge","Streamline","Self Repair","Self Repair","Reinforced Body","Go for the Eyes+1"],"relics":["Cracked Core","FaceOfCleric","The Courier","Ancient Tea Set","Busted Crown","MealTicket"],"acts_visited":["Exordium","TheCity"],"potions_floor_usage":[16,16,22],"damage_taken":[{"damage":10,"enemies":"Cultist","floor":1,"turns":4},{"damage":3,"enemies":"Small Slimes","floor":2,"turns":2},{"damage":16,"enemies":"2 Louse","floor":5,"turns":3},{"damage":25,"enemies":"Lagavulin","floor":6,"turns":6},{"damage":14,"enemies":"Exordium Thugs","floor":8,"turns":4},{"damage":11,"enemies":"3 Louse","floor":11,"turns":3},{"damage":7,"enemies":"Blue Slaver","floor":12,"turns":3},{"damage":11,"enemies":"Lots of Slimes","floor":14,"turns":3},{"damage":21,"enemies":"Hexaghost","floor":16,"turns":10},{"damage":5,"enemies":"Spheric Guardian","floor":18,"turns":3},{"damage":56,"enemies":"3 Byrds","floor":20,"turns":7},{"damage":46,"enemies":"Shelled Parasite and Fungi","floor":22,"turns":5}],"seed_played":"-5360775610961593160","potions_obtained":[{"floor":1,"key":"Block Potion"},{"floor":2,"key":"Strength Potion"},{"floor":16,"key":"Fruit Juice"}],"is_trial":false,"path_per_floor":["M","M","?","$","M","E","R","M","T","R","M","M","?","M","R","B",null,"M","$","M","?","M"],"character_chosen":"DEFECT","items_purchased":["Hello World","Melter","MealTicket","Self Repair","Self Repair","Reinforced Body"],"campfire_rested":2,"item_purchase_floors":[4,4,19,19,19,19],"current_hp_per_floor":[65,62,62,62,47,23,46,33,33,33,23,17,17,7,31,16,87,83,83,42,42,0,0],"gold":45,"neow_bonus":"RANDOM_COLORLESS_2","is_daily":false,"chose_seed":false,"campfire_upgraded":1,"win_rate":0.0,"timestamp":1613849075,"path_taken":["M","?","?","?","M","E","R","M","T","R","M","?","?","?","R","BOSS","M","$","M","?","M"],"items_purchased_type":["Card","Card","Relic","Card","Card","Card"],"build_version":"2020-12-22","purchased_purges":0,"victory":false,"max_hp_per_floor":[75,75,75,75,76,77,77,78,78,78,79,80,80,81,81,87,87,88,88,89,89,89,89],"card_choices":[{"not_picked":["The Bomb","Violence"],"picked":"Magnetism","floor":0},{"not_picked":["Loop","Stack"],"picked":"Melter","floor":1},{"not_picked":["Turbo","Ball Lightning"],"picked":"Fusion","floor":2},{"not_picked":["Storm","Undo"],"picked":"Skim","floor":5},{"not_picked":["Turbo","Hologram"],"picked":"Cold Snap","floor":6},{"not_picked":["Steam","Go for the Eyes"],"picked":"Rebound","floor":8},{"not_picked":["Beam Cell","Turbo"],"picked":"Sweeping Beam","floor":11},{"not_picked":["Scrape","Compile Driver"],"picked":"Stack","floor":12},{"not_picked":["Leap","Storm"],"picked":"Streamline","floor":14},{"not_picked":["Fission","Biased Cognition"],"picked":"Core Surge","floor":16},{"not_picked":[],"picked":"Streamline","floor":18},{"not_picked":[],"picked":"Go for the Eyes+1","floor":20}],"player_experience":139528,"relics_obtained":[{"floor":6,"key":"The Courier"},{"floor":9,"key":"Ancient Tea Set"}],"event_choices":[{"damage_healed":0,"gold_gain":0,"player_choice":"Trade","damage_taken":0,"relics_obtained":["FaceOfCleric"],"max_hp_gain":0,"max_hp_loss":0,"event_name":"FaceTrader","floor":3,"gold_loss":0},{"damage_healed":0,"gold_gain":0,"player_choice":"1 cards matched","damage_taken":0,"max_hp_gain":0,"max_hp_loss":0,"event_name":"Match and Keep!","floor":13,"gold_loss":0,"cards_obtained":["Purity"]},{"damage_healed":0,"gold_gain":0,"player_choice":"Simplicity","damage_taken":0,"max_hp_gain":0,"max_hp_loss":0,"event_name":"Back to Basics","floor":21,"gold_loss":0,"cards_upgraded":["Strike_B","Strike_B","Strike_B","Strike_B","Defend_B","Defend_B","Defend_B","Defend_B"]}],"is_beta":false,"boss_relics":[{"not_picked":["SlaversCollar","Astrolabe"],"picked":"Busted Crown"}],"items_purged_floors":[],"is_endless":false,"potions_floor_spawned":[1,2,16],"killed_by":"Shelled Parasite and Fungi","ascension_level":0}}