{"host":"4gr5irrdjh39ysed","time":1613848696,"event":{"mods":["AchievementEnabler","BaseMod","Colored Map","Downfall","Hermit","Minty Spire (QoL Compilation)","Random Character Button","StSLib","The Construct","The Cursed","The Disciple","The Hierophant","The Mystic","The Necromancer","The Runesmith"],"gold_per_floor":[218,234,250,260,275,310,322,336,336,336,348,348,368,383,383,484,484,501,521,540,107,121,121,149,162,162,177,205,205,223,238,238,339,339,352,101,101,116,136,169,169,204,204,222,97,113,113,113,113,113,113,113,113,138,138],"floor_reached":56,"language":"ENG","playtime":3703,"items_purged":["Runesmith:Defend_RS","Runesmith:Defend_RS","downfall:Icky"],"score":1308,"play_id":"d4858342-c1eb-43b0-a03d-bc1cd0ee6442","local_time":"20210220121816","is_ascension_mode":true,"campfire_choices":[{"floor":12,"key":"RECALL"},{"data":"Runesmith:ArcReactor","floor":15,"key":"SMITH"},{"floor":23,"key":"DIG"},{"floor":29,"key":"DIG"},{"floor":32,"key":"DIG"},{"floor":41,"key":"DIG"},{"floor":49,"key":"DIG"},{"floor":52,"key":"DIG"}],"circlet_count":0,"master_deck":["Runesmith:Strike_RS","Runesmith:Strike_RS","Runesmith:Strike_RS","Runesmith:Strike_RS","Runesmith:Defend_RS","Runesmith:CraftFirestone","Runesmith:Fortify+1","Runesmith:ChiselStab","Runesmith:Attraction","Runesmith:CraftIncendium","Runesmith:ArcReactor+1","Runesmith:RuneHurl","Runesmith:Attraction","Runesmith:Retool","Runesmith:Refine+1","Runesmith:EnergizedChisel","Runesmith:Empowerment","Runesmith:Empowerment","Runesmith:CreatorForm","Runesmith:FrozenChisel","Runesmith:OneForEveryone+1","Runesmith:ChargedHammer","Runesmith:HeatExchange+1","Runesmith:HammerTime","Runesmith:HammerAndChisel","Runesmith:LastStand","Runesmith:HeatedChisel","Runesmith:BackupBattery+1","Runesmith:UnlimitedPower","Runesmith:Electrocute","Runesmith:CraftSpiculum","Runesmith:LithiumIon","Runesmith:HammerThrow","Runesmith:CraftObretio","Runesmith:HeatedChisel+1","Runesmith:HammerThrow+1","Runesmith:NegativeSpace","Madness","Madness","Runesmith:RuneHurl+1"],"relics":["Runesmith:BrokenRuby","Anchor","Cursed Key","Shovel","Nunchaku","Blue Candle","Bird Faced Urn","Mercury Hourglass","Turnip","Fusion Hammer","Regal Pillow","Pear","Thread and Needle","War Paint","Ice Cream","Mango","Pantograph","Letter Opener"],"acts_visited":["Exordium","TheCity","TheBeyond","TheEnding"],"potions_floor_usage":[6,16,19,27,40,50,55,55],"damage_taken":[{"damage":8,"enemies":"Small Slimes","floor":1,"turns":3},{"damage":9,"enemies":"Cultist","floor":2,"turns":4},{"damage":11,"enemies":"Jaw Worm","floor":3,"turns":2},{"damage":13,"enemies":"2 Fungi Beasts","floor":4,"turns":3},{"damage":41,"enemies":"Gremlin Gang","floor":5,"turns":4},{"damage":39,"enemies":"Lagavulin","floor":6,"turns":6},{"damage":3,"enemies":"Red Slaver","floor":7,"turns":4},{"damage":19,"enemies":"Exordium Thugs","floor":8,"turns":4},{"damage":8,"enemies":"3 Louse","floor":11,"turns":3},{"damage":3,"enemies":"Red Slaver","floor":13,"turns":2},{"damage":3,"enemies":"Large Slime","floor":14,"turns":4},{"damage":37,"enemies":"Slime Boss","floor":16,"turns":7},{"damage":27,"enemies":"Shell Parasite","floor":18,"turns":6},{"damage":10,"enemies":"Chosen","floor":19,"turns":5},{"damage":8,"enemies":"Snecko","floor":20,"turns":5},{"damage":15,"enemies":"Chosen and Byrds","floor":22,"turns":5},{"damage":53,"enemies":"Slavers","floor":24,"turns":5},{"damage":38,"enemies":"3 Cultists","floor":25,"turns":4},{"damage":36,"enemies":"Shelled Parasite and Fungi","floor":27,"turns":5},{"damage":51,"enemies":"Book of Stabbing","floor":28,"turns":5},{"damage":40,"enemies":"Centurion and Healer","floor":30,"turns":4},{"damage":19,"enemies":"Cultist and Chosen","floor":31,"turns":4},{"damage":72,"enemies":"Collector","floor":33,"turns":8},{"damage":42,"enemies":"3 Darklings","floor":35,"turns":4},{"damage":3,"enemies":"Orb Walker","floor":38,"turns":2},{"damage":31,"enemies":"Sphere and 2 Shapes","floor":39,"turns":5},{"damage":89,"enemies":"Giant Head","floor":40,"turns":9},{"damage":30,"enemies":"Reptomancer","floor":42,"turns":5},{"damage":36,"enemies":"Jaw Worm Horde","floor":44,"turns":4},{"damage":26,"enemies":"Maw","floor":46,"turns":7},{"damage":111,"enemies":"Donu and Deca","floor":50,"turns":8},{"damage":109,"enemies":"Shield and Spear","floor":54,"turns":6},{"damage":344,"enemies":"The Heart","floor":55,"turns":9}],"seed_played":"293944070983949870","potions_obtained":[{"floor":3,"key":"DistilledChaos"},{"floor":4,"key":"GamblersBrew"},{"floor":6,"key":"Regen Potion"},{"floor":13,"key":"SpeedPotion"},{"floor":16,"key":"PowerPotion"},{"floor":22,"key":"FearPotion"},{"floor":28,"key":"hexamod:SoulburnPotion"},{"floor":38,"key":"BlessingOfTheForge"},{"floor":46,"key":"Weak Potion"}],"is_trial":false,"path_per_floor":["M","M","M","M","M","E","M","M","T","?","M","R","M","M","R","B",null,"M","M","M","$","M","R","E","M","T","M","E","R","M","M","R","B",null,"M","$","?","M","M","E","R","E","T","M","$","M","?","$","R","B",null,"R","$","E","B",null],"character_chosen":"RUNESMITH_CLASS","items_purchased":["Shovel","Runesmith:ChargedHammer","Runesmith:CraftSpiculum","Runesmith:LithiumIon"],"campfire_rested":0,"item_purchase_floors":[21,21,36,36],"current_hp_per_floor":[2062,2053,2042,2029,1988,1949,1946,1927,1927,1927,1919,1919,1916,1913,1913,1891,2070,2043,2033,2025,2025,2010,2010,1957,1919,1919,1883,1832,1832,1794,1777,1777,1709,2070,2032,2032,2032,2029,2006,1935,1935,1913,1913,1883,1883,1865,1605,1605,1619,1516,2094,2094,2094,1989,1680],"gold":138,"neow_bonus":"HUNDRED_GOLD","is_daily":false,"chose_seed":false,"campfire_upgraded":1,"win_rate":0.0,"timestamp":1613848696,"path_taken":["M","M","M","M","M","E","M","M","T","?","M","R","M","M","R","BOSS","M","M","M","$","M","R","E","M","T","?","E","R","M","M","R","BOSS","M","$","?","M","M","E","R","E","T","M","$","?","?","$","R","BOSS","R","$","E","BOSS"],"items_purchased_type":["Relic","Card","Card","Card"],"build_version":"2020-12-22","purchased_purges":3,"victory":true,"max_hp_per_floor":[2070,2070,2070,2070,2070,2070,2070,2070,2070,2070,2070,2070,2070,2070,2070,2070,2070,2070,2070,2070,2070,2070,2070,2070,2070,2070,2070,2070,2070,2070,2070,2070,2070,2070,2070,2070,2070,2070,2070,2080,2080,2080,2080,2080,2080,2080,2080,2080,2094,2094,2094,2094,2094,2094,2094],"card_choices":[{"not_picked":["Runesmith:Grindstone","Runesmith:StaticCage"],"picked":"Runesmith:ChiselStab","floor":1},{"not_picked":["Runesmith:EnergizedChisel","Runesmith:EarthShield"],"picked":"Runesmith:Attraction","floor":2},{"not_picked":["Runesmith:LithiumIon","Runesmith:Repurpose"],"picked":"Runesmith:CraftIncendium","floor":3},{"not_picked":["Runesmith:CraftProtectio","Runesmith:EnergizedChisel"],"picked":"Runesmith:ArcReactor","floor":4},{"not_picked":["Runesmith:MakeshiftArmor","Runesmith:UnstableHammer"],"picked":"Runesmith:RuneHurl","floor":5},{"not_picked":["Runesmith:Repurpose","Runesmith:Grindstone"],"picked":"Runesmith:Attraction","floor":6},{"not_picked":["Runesmith:RuneHurl","Runesmith:CraftMagma"],"picked":"Runesmith:Retool","floor":7},{"not_picked":["Runesmith:Overpower","Runesmith:BackupBattery"],"picked":"Runesmith:Refine","floor":8},{"not_picked":["Runesmith:PoweredAnvil","Runesmith:Grindstone"],"picked":"Runesmith:EnergizedChisel","floor":11},{"not_picked":["Runesmith:CraftProtectio","Runesmith:PoweredAnvil"],"picked":"Runesmith:Empowerment","floor":13},{"not_picked":["Runesmith:StaticCage","Runesmith:HeatExchange"],"picked":"Runesmith:Empowerment","floor":14},{"not_picked":["Runesmith:Supernova","Runesmith:GenerateForcefield"],"picked":"Runesmith:CreatorForm","floor":16},{"not_picked":["Runesmith:CraftMagma","Runesmith:ShiftingStrike"],"picked":"Runesmith:FrozenChisel","floor":18},{"not_picked":["Runesmith:ShiftingStrike+1","Runesmith:HeatExchange+1"],"picked":"Runesmith:OneForEveryone+1","floor":19},{"not_picked":["Runesmith:ShiftingStrike","Runesmith:Terraform","Runesmith:RuneHurl+1"],"picked":"SKIP","floor":20},{"not_picked":["Runesmith:EarthShield","Runesmith:ChiselStab"],"picked":"Runesmith:HeatExchange+1","floor":22},{"not_picked":["Runesmith:Attraction","Runesmith:CraftVitae+1"],"picked":"Runesmith:HammerTime","floor":24},{"not_picked":["Runesmith:MakeshiftArmor","Runesmith:RuneHurl","Runesmith:Grindstone+1"],"picked":"SKIP","floor":25},{"not_picked":["Runesmith:HammerThrow","Runesmith:NanitesCloud"],"picked":"Runesmith:HammerAndChisel","floor":27},{"not_picked":["Runesmith:FrozenChisel","Runesmith:HeatedChisel+1"],"picked":"Runesmith:LastStand","floor":28},{"not_picked":["Runesmith:CraftProtectio","Runesmith:MakeshiftArmor"],"picked":"Runesmith:HeatedChisel","floor":30},{"not_picked":["Runesmith:Grindstone","Runesmith:HammerThrow"],"picked":"Runesmith:BackupBattery+1","floor":31},{"not_picked":["Runesmith:Duplicate","Runesmith:FissionHammer"],"picked":"Runesmith:UnlimitedPower","floor":33},{"not_picked":["Runesmith:NanitesCloud+1","Runesmith:ShiftingStrike"],"picked":"Runesmith:Electrocute","floor":35},{"not_picked":["Runesmith:Grindstone+1","Runesmith:WhiteBalance"],"picked":"Runesmith:HammerThrow","floor":38},{"not_picked":["Runesmith:Accelerate","Runesmith:LithiumIon"],"picked":"Runesmith:CraftObretio","floor":39},{"not_picked":["Runesmith:CraftReservo+1","Runesmith:HeatExchange+1"],"picked":"Runesmith:HeatedChisel+1","floor":40},{"not_picked":["Runesmith:CraftProtectio","Runesmith:Permafrost","Runesmith:UnlimitedPower"],"picked":"SKIP","floor":42},{"not_picked":["Runesmith:HeatExchange+1","Runesmith:ChiselStab"],"picked":"Runesmith:HammerThrow+1","floor":44},{"not_picked":["Runesmith:Prism","Runesmith:RuneHurl+1"],"picked":"Runesmith:NegativeSpace","floor":46},{"not_picked":["Runesmith:EnergizedChisel","Runesmith:StaticCage+1"],"picked":"Runesmith:RuneHurl+1","floor":54}],"player_experience":380630,"relics_obtained":[{"floor":6,"key":"Anchor"},{"floor":23,"key":"Nunchaku"},{"floor":24,"key":"Blue Candle"},{"floor":28,"key":"Bird Faced Urn"},{"floor":29,"key":"Mercury Hourglass"},{"floor":32,"key":"Turnip"},{"floor":40,"key":"Pear"},{"floor":41,"key":"Thread and Needle"},{"floor":42,"key":"War Paint"},{"floor":43,"key":"Ice Cream"},{"floor":49,"key":"Mango"},{"floor":52,"key":"Pantograph"},{"floor":54,"key":"Letter Opener"}],"event_choices":[{"cards_removed":["Runesmith:Defend_RS"],"damage_healed":0,"gold_gain":0,"player_choice":"Offered Basic","damage_taken":0,"max_hp_gain":0,"max_hp_loss":0,"event_name":"Bonfire Elementals","floor":10,"gold_loss":0},{"damage_healed":0,"gold_gain":0,"player_choice":"Gave Potion","damage_taken":0,"relics_obtained":["Regal Pillow"],"max_hp_gain":0,"max_hp_loss":0,"event_name":"WeMeetAgain","floor":37,"gold_loss":0},{"damage_healed":0,"gold_gain":0,"player_choice":"Embrace Madness","damage_taken":260,"max_hp_gain":0,"max_hp_loss":0,"event_name":"Winding Halls","floor":47,"gold_loss":0,"cards_obtained":["Madness","Madness"]}],"is_beta":false,"boss_relics":[{"not_picked":["Black Star","Runesmith:CoreCrystal"],"picked":"Cursed Key"},{"not_picked":["Tiny House","Velvet Choker"],"picked":"Fusion Hammer"}],"items_purged_floors":[21,36,45],"is_endless":false,"potions_floor_spawned":[3,4,6,13,14,16,22,25,28,30,31,33,35,38,46],"ascension_level":1}}