{"host":"121m0oxswv9tg9hk","time":1613859530,"event":{"mods":["BaseMod","Better Altar","Better Third Choice","Hermit","Hubris","Ironclad Rager","MarisaÅiñ∂âJÅ@ñÇóùçπÅj","Minty Spire (QoL Compilation)","Replay The Spire","StSLib","The Construct","The Mystic"],"gold_per_floor":[113,63,63,10,23,51,51,66,66,66,77,77,102,112,112,216,216,233,233,233,148,162,162,162],"floor_reached":23,"language":"ENG","playtime":1179,"items_purged":[],"score":291,"play_id":"1cda9658-d976-47fb-8a07-26984d41ef5f","local_time":"20210220231850","is_ascension_mode":true,"campfire_choices":[{"data":"mysticmod:Doublecast","floor":7,"key":"SMITH"},{"data":"Noxious Fumes","floor":12,"key":"SMITH"},{"floor":15,"key":"REST"}],"circlet_count":0,"master_deck":["mysticmod:Strike_Mystic","mysticmod:Strike_Mystic","mysticmod:Strike_Mystic","mysticmod:Defend_Mystic","mysticmod:Defend_Mystic","mysticmod:Defend_Mystic","mysticmod:Defend_Mystic","mysticmod:ArcaneDodge","mysticmod:ShockingGrasp","mysticmod:TomeOfSpells+1","mysticmod:Riposte","mysticmod:Probe","mysticmod:Doublecast+1","mysticmod:Snowball","Noxious Fumes+1","Escape Plan","mysticmod:Disintegrate","mysticmod:Alacrity+1","Accuracy"],"relics":["mysticmod:SpellBook","NeowsBlessing","hubris:GlazedTorus","hubris:DisguiseKit","Anchor","hubris:Zylophone","Black Star","betterThird:NestCultRelic","Replay:Rubber Ducky"],"acts_visited":["Exordium","TheCity"],"potions_floor_usage":[16,18],"damage_taken":[{"damage":0,"enemies":"2 Louse","floor":1,"turns":2},{"damage":0,"enemies":"Small Slimes","floor":5,"turns":1},{"damage":0,"enemies":"Gremlin Nob","floor":6,"turns":1},{"damage":0,"enemies":"Jaw Worm","floor":8,"turns":3},{"damage":0,"enemies":"Blue Slaver","floor":11,"turns":2},{"damage":36,"enemies":"Lagavulin","floor":13,"turns":7},{"damage":0,"enemies":"Looter","floor":14,"turns":2},{"damage":25,"enemies":"Fading Forest","floor":16,"turns":11},{"damage":1,"enemies":"3 Byrds","floor":18,"turns":4},{"damage":18,"enemies":"Shell Parasite","floor":22,"turns":5},{"damage":64,"enemies":"Gremlin Leader","floor":23,"turns":7}],"seed_played":"1003493240904829172","potions_obtained":[{"floor":6,"key":"LiquidBronze"},{"floor":14,"key":"Fire Potion"},{"floor":16,"key":"BlessingOfTheForge"}],"is_trial":false,"path_per_floor":["M","?","?","$","M","E","R","M","T","T","M","R","E","M","R","B",null,"M","?","?","?","M","E"],"character_chosen":"MYSTIC_CLASS","items_purchased":["mysticmod:Riposte"],"campfire_rested":1,"item_purchase_floors":[4],"current_hp_per_floor":[69,69,69,69,69,69,69,69,69,69,69,69,33,33,56,41,68,67,67,67,67,49,0,0],"gold":162,"neow_bonus":"THREE_ENEMY_KILL","is_daily":false,"chose_seed":false,"campfire_upgraded":2,"win_rate":0.0,"timestamp":1613859530,"path_taken":["M","?","?","$","M","E","R","M","T","?","M","R","E","M","R","BOSS","M","?","?","?","M","E"],"items_purchased_type":["Card"],"build_version":"2020-12-22","purchased_purges":0,"victory":false,"max_hp_per_floor":[77,77,77,77,77,77,77,77,77,77,77,77,77,77,77,77,77,77,77,77,77,77,77,77],"card_choices":[{"not_picked":["mysticmod:LightningBolt","mysticmod:Alacrity"],"picked":"mysticmod:TomeOfSpells","floor":1},{"not_picked":["mysticmod:LightningBolt","mysticmod:Daze"],"picked":"mysticmod:Probe","floor":5},{"not_picked":["mysticmod:Sideswipe","mysticmod:Probe"],"picked":"mysticmod:Doublecast","floor":6},{"not_picked":["mysticmod:ComponentsPouch","mysticmod:BladedDash"],"picked":"mysticmod:Snowball","floor":8},{"not_picked":["mysticmod:Alacrity","mysticmod:Sideswipe","mysticmod:TomeOfSpells"],"picked":"Noxious Fumes","floor":11},{"not_picked":["mysticmod:Snowball","mysticmod:CorrosiveTouch","mysticmod:Momentum"],"picked":"Escape Plan","floor":13},{"not_picked":["mysticmod:Daze","mysticmod:Riposte","mysticmod:PureInstinct","Distraction"],"picked":"SKIP","floor":14},{"not_picked":["mysticmod:Haste","mysticmod:GreaterInvisibility","Unload"],"picked":"mysticmod:Disintegrate","floor":16},{"not_picked":["mysticmod:Snowball","mysticmod:Grease","Sucker Punch"],"picked":"mysticmod:Alacrity+1","floor":18},{"not_picked":["mysticmod:BulkUp","mysticmod:BladeMaster","mysticmod:HeavyStrike+1"],"picked":"Accuracy","floor":22}],"player_experience":2582995,"relics_obtained":[{"floor":6,"key":"hubris:GlazedTorus"},{"floor":9,"key":"hubris:DisguiseKit"},{"floor":10,"key":"Anchor"},{"floor":13,"key":"hubris:Zylophone"}],"event_choices":[{"cards_removed":["mysticmod:Strike_Mystic"],"damage_healed":0,"gold_gain":0,"player_choice":"Card Removal","damage_taken":0,"max_hp_gain":0,"max_hp_loss":0,"event_name":"The Cleric","floor":2,"gold_loss":50},{"damage_healed":0,"gold_gain":0,"player_choice":"Ignored","damage_taken":0,"max_hp_gain":0,"max_hp_loss":0,"event_name":"Ghosts","floor":19,"gold_loss":0},{"damage_healed":0,"gold_gain":0,"player_choice":"Madness","damage_taken":0,"relics_obtained":["betterThird:NestCultRelic"],"max_hp_gain":0,"max_hp_loss":0,"event_name":"betterThird:BetterNest","floor":20,"gold_loss":0},{"damage_healed":0,"gold_gain":0,"player_choice":"Obtained Relic","damage_taken":0,"relics_obtained":["Replay:Rubber Ducky"],"max_hp_gain":0,"max_hp_loss":0,"event_name":"Addict","floor":21,"gold_loss":85}],"is_beta":false,"boss_relics":[{"not_picked":["hubris:BlackHole","Honey Jar"],"picked":"Black Star"}],"items_purged_floors":[],"is_endless":false,"potions_floor_spawned":[6,14,16],"killed_by":"Gremlin Leader","ascension_level":6}}