{"host":"6znluj278ovdbyb2","time":1613787669,"event":{"mods":["BaseMod","BetterRewards","Clockwork Mod","Highlight Path","Hubris","Infinite Spire","Marisa????????","Minty Spire (QoL Compilation)","Rare Cards Sparkle","Replay The Spire","StSLib","The Animator","The Bladedancer","The Cursed","The Disciple","The Mystic","The Necromancer","The Runesmith","The Servant 0.9.4"],"gold_per_floor":[115,174,186,186,201,235,235,318,318,162,178,178,193,255,255,351,351,368,384,404,404,454,539,539,567,642,642,658,670,670,686,686,791,791,801,801,801,851,851,929,941,1024,1024,1024,994,1023,1023,870,870,880,880,880,507,550,572,572],"floor_reached":55,"language":"ENG","playtime":2075,"items_purged":["Bash"],"score":1130,"play_id":"5326b956-7775-4899-97d1-f63172800ed0","local_time":"20210219212109","is_ascension_mode":true,"campfire_choices":[{"floor":7.0,"key":"REST"},{"floor":15.0,"key":"REST"},{"floor":24.0,"key":"REST"},{"floor":30.0,"key":"RECALL"},{"floor":44.0,"key":"REST"},{"floor":47.0,"key":"REST"},{"floor":49.0,"key":"REST"},{"data":"hubris:InfiniteBlow+57","floor":52.0,"key":"SMITH"}],"circlet_count":0,"master_deck":["hubris:InfiniteBlow+86","Strike_R","Strike_R","Strike_R","Strike_R","Strike_R","Defend_R","Defend_R","Defend_R","Defend_R","Perfected Strike","ReplayTheSpireMod:Strike From Hell","Searing Blow","Metallicize","Wild Strike","infinitespire:OneForAll","Entrench","Spot Weakness","Second Wind","Replay:Many Hands+1","Barricade","Disarm+1","Infernal Blade","Perfected Strike","infinitespire:FinalStrike","infinitespire:Punishment","Spot Weakness+1","Impervious","J.A.X.","ReplayTheSpireMod:Stacked","Feed","Armaments+1","Mind Blast","Enlightenment","Deep Breath","Anger","Entrench","Barricade","Shockwave+1","Cleave+1"],"relics":["Burning Blood","Calipers","hubris:MobiusCoin","Replay:Multitool","Thread and Needle","hubris:Zylophone","Sling","Counterbalance","SlaversCollar","hubris:Icosahedron","ClockworkSouvenir","Replay:Baseball","Girya","hubris:Backtick","Bottled Flame","Darkstone Periapt","Replay:Bandana","infinitespire:WardingShard","Boot","Brimstone","infinitespire:Satchel","Bag of Preparation"],"acts_visited":["Exordium","TheCity","TheBeyond","TheEnding"],"potions_floor_usage":[55,55,55],"damage_taken":[{"damage":4.0,"enemies":"2 Louse","floor":1.0,"turns":3.0},{"damage":5.0,"enemies":"Small Slimes","floor":3.0,"turns":3.0},{"damage":4.0,"enemies":"Jaw Worm","floor":5.0,"turns":2.0},{"damage":0.0,"enemies":"Lagavulin","floor":6.0,"turns":3.0},{"damage":22.0,"enemies":"3 Sentries","floor":8.0,"turns":6.0},{"damage":0.0,"enemies":"Exordium Thugs","floor":11.0,"turns":3.0},{"damage":0.0,"enemies":"Large Slime","floor":13.0,"turns":3.0},{"damage":4.0,"enemies":"3 Louse","floor":14.0,"turns":4.0},{"damage":0.0,"enemies":"Fading Forest","floor":16.0,"turns":2.0},{"damage":0.0,"enemies":"Chosen","floor":18.0,"turns":1.0},{"damage":27.0,"enemies":"2 Thieves","floor":19.0,"turns":4.0},{"damage":0.0,"enemies":"Cultist and Chosen","floor":20.0,"turns":4.0},{"damage":23.0,"enemies":"Slavers","floor":23.0,"turns":3.0},{"damage":0.0,"enemies":"Replay:Snechameleon","floor":25.0,"turns":2.0},{"damage":0.0,"enemies":"Sentry and Sphere","floor":28.0,"turns":1.0},{"damage":18.0,"enemies":"Chosen and Byrds","floor":29.0,"turns":4.0},{"damage":2.0,"enemies":"Cultist and Chosen","floor":31.0,"turns":5.0},{"damage":0.0,"enemies":"Champ","floor":33.0,"turns":5.0},{"damage":0.0,"enemies":"Orb Walker","floor":35.0,"turns":2.0},{"damage":35.0,"enemies":"Giant Head","floor":40.0,"turns":6.0},{"damage":16.0,"enemies":"3 Darklings","floor":41.0,"turns":4.0},{"damage":27.0,"enemies":"Nemesis","floor":42.0,"turns":2.0},{"damage":6.0,"enemies":"4 Shapes","floor":46.0,"turns":3.0},{"damage":63.0,"enemies":"Awakened One","floor":50.0,"turns":7.0},{"damage":16.0,"enemies":"Shield and Spear","floor":54.0,"turns":2.0},{"damage":73,"enemies":"The Heart","floor":55,"turns":4}],"seed_played":"6465163977580601258","potions_obtained":[{"floor":5.0,"key":"SkillPotion"},{"floor":13.0,"key":"Toxic Potion"},{"floor":14.0,"key":"FearPotion"},{"floor":18.0,"key":"ColorlessPotion"},{"floor":25.0,"key":"Strength Potion"},{"floor":28.0,"key":"Fire Potion"},{"floor":41.0,"key":"DuplicationPotion"},{"floor":45.0,"key":"ElixirPotion"},{"floor":45.0,"key":"SpeedPotion"}],"is_trial":false,"path_per_floor":["M","?","M","?","M","E","R","E","T","$","M","T","M","M","R","B",null,"M","M","M","?","AVR","E","R","E","T","?","M","M","R","M","R","B",null,"M","AVR","?","?","?","E","M","E","T","R","?","M","R","$","R","B",null,"R","$","E","B"],"character_chosen":"IRONCLAD","items_purchased":["Sling","Boot","Brimstone","infinitespire:Satchel"],"campfire_rested":6,"item_purchase_floors":[10,48,53,53],"current_hp_per_floor":[58,26,27,27,29,35,59,43,43,43,49,49,55,57,80,80,80,80,59,65,65,65,48,72,78,78,78,80,68,68,72,80,80,80,80,80,80,70,70,41,31,10,10,34,34,34,58,58,80,23,80,80,80,70,0,0],"gold":572,"neow_bonus":"ONE_RARE_RELIC","is_daily":false,"chose_seed":false,"campfire_upgraded":1,"win_rate":0.0,"timestamp":1613787669,"path_taken":["M","?","M","?","M","E","R","E","T","$","M","?","?","M","R","BOSS","M","M","M","?","AVR","E","R","E","T","?","M","M","R","M","R","BOSS","M","AVR","?","?","?","E","?","E","T","R","?","M","R","?","R","BOSS","R","$","E","BOSS"],"items_purchased_type":["Relic","Relic","Relic","Relic"],"build_version":"2020-12-22","purchased_purges":1,"victory":false,"max_hp_per_floor":[80,80,80,80,80,80,80,80,80,80,80,80,80,80,80,80,80,80,80,80,80,80,80,80,80,80,80,80,80,80,80,80,80,80,80,80,80,80,80,80,80,80,80,80,80,80,80,80,80,80,80,80,80,80,80,80],"card_choices":[{"not_picked":["Sword Boomerang","Cleave"],"picked":"Perfected Strike","floor":1.0},{"not_picked":["Replay:Undeath\u0027s Touch","Dropkick"],"picked":"ReplayTheSpireMod:Strike From Hell","floor":2.0},{"not_picked":["Warcry","Brutality"],"picked":"Searing Blow","floor":2.0},{"not_picked":["Flex","Armaments"],"picked":"Metallicize","floor":3.0},{"not_picked":["Whirlwind","ReplayTheSpireMod:Limb From Limb"],"picked":"Wild Strike","floor":5.0},{"not_picked":["Dual Wield","Defy Death"],"picked":"infinitespire:OneForAll","floor":6.0},{"not_picked":["Clash","Brutality"],"picked":"Entrench","floor":8.0},{"not_picked":["Flex","Anger"],"picked":"Spot Weakness","floor":11.0},{"not_picked":["Flex","Warcry"],"picked":"Second Wind","floor":13.0},{"not_picked":["Bloodletting","Clothesline"],"picked":"Replay:Many Hands","floor":14.0},{"not_picked":["Hemogenesis","Corruption"],"picked":"Barricade","floor":16.0},{"not_picked":["Cleave","Massacre"],"picked":"Disarm+1","floor":18.0},{"not_picked":["Headbutt","Warcry"],"picked":"Infernal Blade","floor":19.0},{"not_picked":["Carnage","Whirlwind"],"picked":"Perfected Strike","floor":20.0},{"not_picked":["ReplayTheSpireMod:Stacked","Battle Trance+1"],"picked":"Spot Weakness+1","floor":23.0},{"not_picked":["Replay:Undeath\u0027s Touch","Warcry"],"picked":"Impervious","floor":25.0},{"not_picked":["Clothesline","hubris:CleavingFinish","Replay:Undeath\u0027s Touch"],"picked":"SKIP","floor":28.0},{"not_picked":["Sword Boomerang+1","Iron Wave","Dark Embrace"],"picked":"SKIP","floor":29.0},{"not_picked":["hubris:CleavingFinish","Sword Boomerang"],"picked":"ReplayTheSpireMod:Stacked","floor":31.0},{"not_picked":["Immolate","Demonic Infusion"],"picked":"Feed","floor":33.0},{"not_picked":["Fire Breathing+1","Uppercut+1"],"picked":"Armaments+1","floor":35.0},{"not_picked":["hubris:Ssssneak","Deep Breath"],"picked":"Mind Blast","floor":38.0},{"not_picked":["Finesse","Trip"],"picked":"Enlightenment","floor":38.0},{"not_picked":["Transmutation","Discovery"],"picked":"Deep Breath","floor":38.0},{"not_picked":["Sever Soul+1","Iron Wave"],"picked":"Anger","floor":40.0},{"not_picked":["Sword Boomerang+1","Power Through"],"picked":"Entrench","floor":41.0},{"not_picked":["ReplayTheSpireMod:Strike From Hell","ReplayTheSpireMod:Muscle Training"],"picked":"Barricade","floor":42.0},{"not_picked":["Rage+1","Body Slam+1"],"picked":"Shockwave+1","floor":46.0},{"not_picked":["Searing Blow+1","Body Slam"],"picked":"Cleave+1","floor":54.0}],"player_experience":659085,"relics_obtained":[{"floor":2.0,"key":"hubris:MobiusCoin"},{"floor":6.0,"key":"Replay:Multitool"},{"floor":8.0,"key":"Thread and Needle"},{"floor":9.0,"key":"hubris:Zylophone"},{"floor":12.0,"key":"Counterbalance"},{"floor":23.0,"key":"Replay:Baseball"},{"floor":25.0,"key":"Girya"},{"floor":42.0,"key":"Replay:Bandana"},{"floor":43.0,"key":"infinitespire:WardingShard"},{"floor":54.0,"key":"Bag of Preparation"}],"event_choices":[{"damage_healed":0.0,"max_hp_gain":0.0,"max_hp_loss":0.0,"gold_gain":0.0,"event_name":"Drug Dealer","player_choice":"Obtain J.A.X.","floor":27.0,"gold_loss":0.0,"damage_taken":0.0,"cards_obtained":["J.A.X."]},{"damage_healed":0.0,"max_hp_gain":0.0,"max_hp_loss":0.0,"gold_gain":0.0,"event_name":"SensoryStone","player_choice":"Memory 3","floor":38.0,"gold_loss":0.0,"damage_taken":10.0},{"damage_healed":0.0,"max_hp_gain":0.0,"max_hp_loss":0.0,"gold_gain":0.0,"event_name":"Accursed Blacksmith","player_choice":"Forge","floor":39.0,"gold_loss":0.0,"damage_taken":0.0,"cards_upgraded":["hubris:InfiniteBlow"]},{"damage_healed":0.0,"max_hp_gain":0.0,"max_hp_loss":0.0,"gold_gain":0.0,"event_name":"The Woman in Blue","player_choice":"Bought 2 Potions","floor":45.0,"gold_loss":0.0,"damage_taken":0.0}],"is_beta":false,"boss_relics":[{"not_picked":["Runesmith:UraniumAnvil","hubris:VirtuousBlindfold"],"picked":"SlaversCollar"},{"not_picked":["Velvet Choker","Tiny House"],"picked":"hubris:Backtick"}],"items_purged_floors":[53],"is_endless":false,"potions_floor_spawned":[5,13,14,16,18,25,28,41],"killed_by":"The Heart","ascension_level":4}}