{"host":"mo324zvkdr1xwprd","time":1613857458,"event":{"mods":["A Penny For Your Troubles","BaseMod","Better Note","Better Third Choice","BetterRewards","Hermit","Highlight Path","Hubris","Minty Spire (QoL Compilation)","Quick Restart","Rare Cards Sparkle","Shop Mod","StSLib","The Cursed","The Hierophant","The Servant 0.9.4","Transform Curses"],"gold_per_floor":[25,36,53,73,22,22,52,52,133,152,162,195,195,212,212,286,286,297,310,330,343,258,608,608,624,624,624,657,129,159,177,177,251,251,266,266,266,266,281,306,320,320,320,320,346,209,242,260,260,261,261,261,10,43,43],"floor_reached":56,"language":"ENG","playtime":2610,"items_purged":[],"score":3272,"play_id":"493251d7-84c0-4a65-81c1-a2bc2e41f73c","local_time":"20210220214418","is_ascension_mode":true,"campfire_choices":[{"floor":6.0,"key":"REST"},{"data":"1","floor":8.0,"key":"LIFT"},{"data":"2","floor":15.0,"key":"LIFT"},{"data":"3","floor":24.0,"key":"LIFT"},{"data":"Demon Form","floor":27.0,"key":"SMITH"},{"data":"hubris:EnhanceAbility","floor":32,"key":"SMITH"},{"floor":42,"key":"RECALL"},{"data":"Immolate","floor":49,"key":"SMITH"},{"floor":52,"key":"REST"}],"circlet_count":0,"master_deck":["AscendersBane","Strike_R","Strike_R","Strike_R","Strike_R","Strike_R","Defend_R","Defend_R","Defend_R","Defend_R","Bash","Cleave","Cleave","Shrug It Off","Dark Embrace","Pommel Strike","Rage","Twin Strike","Secret Weapon","Flash of Steel","Feel No Pain","Flex","Uppercut","Iron Wave","Cleave","Demon Form+1","Pommel Strike","Sword Boomerang","Pommel Strike","Iron Wave","Thunderclap","Pommel Strike","Cleave","Immolate+1","Reckless Charge+1","Flex+1","Battle Trance","Heavy Blade","Exhume","Pommel Strike","Battle Trance","hubris:EnhanceAbility+1","Cleave+1","Carnage+1","Shrug It Off+1","Immolate+1","Heavy Blade+1","Thinking Ahead","Flash of Steel+1","Twin Strike+1","Twin Strike+1","Heavy Blade+1","Heavy Blade+1","Pommel Strike+1","hubris:CleavingFinish+1","hubris:CleavingFinish+1","Battle Trance+1","Seeing Red","Iron Wave+1"],"relics":["Burning Blood","Orrery","hubris:Metronome","hubris:PeanutButter","Incense Burner","Girya","FossilizedHelix","Calipers","Shuriken","Dead Branch","Potion Belt","Black Star","Kunai","Old Coin","Toy Ornithopter","Molten Egg 2","MealTicket","PreservedInsect","Frozen Eye","hubris:DeckOfHolding","Bronze Scales","Runic Cube","hubris:Icosahedron","Paper Frog","Bag of Marbles","Mummified Hand","hubris:Teleporter","hubris:TinFlute","Dream Catcher","Regal Pillow","Bird Faced Urn","Ornamental Fan"],"acts_visited":["Exordium","TheCity","TheBeyond","TheEnding"],"potions_floor_usage":[30,30,50,50,55],"damage_taken":[{"damage":0.0,"enemies":"2 Louse","floor":1.0,"turns":2.0},{"damage":0.0,"enemies":"Small Slimes","floor":2.0,"turns":3.0},{"damage":0.0,"enemies":"Jaw Worm","floor":3.0,"turns":1.0},{"damage":0.0,"enemies":"Exordium Wildlife","floor":4.0,"turns":2.0},{"damage":0.0,"enemies":"Lagavulin","floor":7.0,"turns":3.0},{"damage":0.0,"enemies":"Large Slime","floor":10.0,"turns":3.0},{"damage":0.0,"enemies":"Gremlin Gang","floor":11.0,"turns":1.0},{"damage":0.0,"enemies":"Gremlin Nob","floor":12.0,"turns":2.0},{"damage":0.0,"enemies":"2 Fungi Beasts","floor":14.0,"turns":1.0},{"damage":19.0,"enemies":"The Guardian","floor":16.0,"turns":6.0},{"damage":0.0,"enemies":"2 Thieves","floor":18.0,"turns":1.0},{"damage":0.0,"enemies":"3 Byrds","floor":19.0,"turns":2.0},{"damage":0.0,"enemies":"3 Cultists","floor":20.0,"turns":2.0},{"damage":0.0,"enemies":"Sentry and Sphere","floor":21.0,"turns":1.0},{"damage":0.0,"enemies":"Book of Stabbing","floor":23.0,"turns":4.0},{"damage":0.0,"enemies":"Cultist and Chosen","floor":25.0,"turns":3.0},{"damage":0.0,"enemies":"Slavers","floor":28.0,"turns":2.0},{"damage":0,"enemies":"Book of Stabbing","floor":30,"turns":1},{"damage":0,"enemies":"Snecko","floor":31,"turns":2},{"damage":58,"enemies":"Champ","floor":33,"turns":7},{"damage":0,"enemies":"Orb Walker","floor":35,"turns":1},{"damage":9,"enemies":"3 Shapes","floor":39,"turns":2},{"damage":0,"enemies":"Reptomancer","floor":40,"turns":5},{"damage":0,"enemies":"Sphere and 2 Shapes","floor":41,"turns":3},{"damage":0,"enemies":"Giant Head","floor":45,"turns":3},{"damage":0,"enemies":"Reptomancer","floor":47,"turns":2},{"damage":0,"enemies":"Maw","floor":48,"turns":4},{"damage":57,"enemies":"Donu and Deca","floor":50,"turns":7},{"damage":9,"enemies":"Shield and Spear","floor":54,"turns":3},{"damage":112,"enemies":"The Heart","floor":55,"turns":8}],"seed_played":"-8751077155877280446","potions_obtained":[{"floor":3.0,"key":"ColorlessPotion"},{"floor":10.0,"key":"BloodPotion"},{"floor":12.0,"key":"SpeedPotion"},{"floor":16.0,"key":"SpeedPotion"},{"floor":19.0,"key":"HeartOfIron"},{"floor":20.0,"key":"FearPotion"},{"floor":23.0,"key":"BlessingOfTheForge"},{"floor":28.0,"key":"AttackPotion"},{"floor":39,"key":"FairyPotion"},{"floor":41,"key":"ColorlessPotion"},{"floor":48,"key":"ColorlessPotion"}],"is_trial":false,"path_per_floor":["M","M","M","M","$","R","E","R","T","M","M","E","?","M","R","B",null,"M","M","M","M","?","E","R","M","T","R","E","$","E","M","R","B",null,"M","?","?","$","M","E","M","R","T","$","E","$","E","M","R","B",null,"R","$","E","B",null],"character_chosen":"IRONCLAD","items_purchased":["Orrery","hubris:Metronome","hubris:PeanutButter","Rage","Twin Strike","Secret Weapon","Flash of Steel","Girya","Feel No Pain","Uppercut","Sword Boomerang","Frozen Eye","FairyPotion","hubris:EnhanceAbility","Cleave+1","Pommel Strike+1","hubris:CleavingFinish+1","ColorlessPotion","FairyPotion","Seeing Red"],"campfire_rested":2,"item_purchase_floors":[0,0,0,0,0,0,0,0,0,0,5,29,29,29,29,46,46,53,53,53],"current_hp_per_floor":[27,33,39,45,45,67,73,73,73,75,75,75,80,80,80,80,80,80,80,80,80,80,80,80,80,80,80,80,80,80,80,80,28,67,73,73,68,80,77,80,80,80,80,80,80,80,80,80,80,39,70,80,80,77,25],"gold":43,"neow_bonus":"","is_daily":false,"chose_seed":false,"campfire_upgraded":3,"win_rate":0.0,"timestamp":1613857458,"path_taken":["M","M","M","M","$","R","E","R","T","M","M","E","?","M","R","BOSS","M","M","M","M","?","E","R","M","T","R","E","$","E","M","R","BOSS","M","?","?","?","?","E","M","R","T","$","E","$","E","M","R","BOSS","R","$","E","BOSS"],"items_purchased_type":["Relic","Relic","Relic","Card","Card","Card","Card","Relic","Card","Card","Card","Relic","Potion","Card","Card","Card","Card","Potion","Potion","Card"],"build_version":"2020-12-22","purchased_purges":0,"victory":true,"max_hp_per_floor":[75,75,75,75,75,75,75,75,75,75,75,75,80,80,80,80,80,80,80,80,80,80,80,80,80,80,80,80,80,80,80,80,80,80,80,80,80,80,80,80,80,80,80,80,80,80,80,80,80,80,80,80,80,80,80],"card_choices":[{"not_picked":["Flex","Blood for Blood"],"picked":"Cleave","floor":0.0},{"not_picked":["Perfected Strike","Bloodletting"],"picked":"Cleave","floor":0.0},{"not_picked":["Wild Strike","Headbutt"],"picked":"Shrug It Off","floor":0.0},{"not_picked":["Burning Pact","Brutality"],"picked":"Dark Embrace","floor":0.0},{"not_picked":["True Grit","Perfected Strike"],"picked":"Pommel Strike","floor":0.0},{"not_picked":["Clash","True Grit"],"picked":"Iron Wave","floor":1.0},{"not_picked":["Heavy Blade","Clash"],"picked":"Cleave","floor":2.0},{"not_picked":["hubris:CleavingFinish","Clash"],"picked":"Demon Form","floor":3.0},{"not_picked":["Body Slam","Bloodletting"],"picked":"Pommel Strike","floor":4.0},{"not_picked":["Sword Boomerang","Perfected Strike"],"picked":"Pommel Strike","floor":7.0},{"not_picked":["Fire Breathing","True Grit"],"picked":"Iron Wave","floor":10.0},{"not_picked":["Anger","hubris:ReadiedAction"],"picked":"Thunderclap","floor":11.0},{"not_picked":["Iron Wave","Dropkick"],"picked":"Pommel Strike","floor":12.0},{"not_picked":["Twin Strike","Flex"],"picked":"Cleave","floor":14.0},{"not_picked":["Berserk","Bludgeon"],"picked":"Immolate","floor":16.0},{"not_picked":["Dropkick","Clash"],"picked":"Reckless Charge+1","floor":18.0},{"not_picked":["Headbutt","Rampage"],"picked":"Flex+1","floor":19.0},{"not_picked":["Flex","Body Slam"],"picked":"Battle Trance","floor":20.0},{"not_picked":["Twin Strike","Wild Strike"],"picked":"Heavy Blade","floor":21.0},{"not_picked":["Armaments","Body Slam"],"picked":"Exhume","floor":23.0},{"not_picked":["Combust","Feel No Pain"],"picked":"Pommel Strike","floor":25.0},{"not_picked":["Havoc+1","Burning Pact"],"picked":"Battle Trance","floor":28.0},{"not_picked":["hubris:CleavingFinish+1","Bloodletting"],"picked":"Carnage+1","floor":30},{"not_picked":["Uppercut+1","Warcry"],"picked":"Shrug It Off+1","floor":31},{"not_picked":["Offering","Bludgeon+1"],"picked":"Immolate+1","floor":33},{"not_picked":["Flex+1","Wild Strike+1"],"picked":"Heavy Blade+1","floor":35},{"not_picked":["Metamorphosis","Discovery"],"picked":"Thinking Ahead","floor":37},{"not_picked":["Violence","Purity"],"picked":"Flash of Steel+1","floor":37},{"not_picked":["Shrug It Off","Headbutt+1"],"picked":"Twin Strike+1","floor":39},{"not_picked":["Immolate+1","Metallicize"],"picked":"Twin Strike+1","floor":40},{"not_picked":["Flame Barrier","Uppercut+1"],"picked":"Heavy Blade+1","floor":41},{"not_picked":["Ghostly Armor","Flex+1"],"picked":"Heavy Blade+1","floor":45},{"not_picked":["Hemokinesis+1","Clash+1","True Grit+1"],"picked":"SKIP","floor":47},{"not_picked":["Shrug It Off","Flex"],"picked":"hubris:CleavingFinish+1","floor":48},{"not_picked":["Clothesline+1","Combust"],"picked":"Battle Trance+1","floor":52},{"not_picked":["Seeing Red","Ghostly Armor"],"picked":"Iron Wave+1","floor":54}],"player_experience":775397,"relics_obtained":[{"floor":7.0,"key":"Dead Branch"},{"floor":12.0,"key":"Potion Belt"},{"floor":23.0,"key":"Old Coin"},{"floor":23.0,"key":"Toy Ornithopter"},{"floor":26.0,"key":"Molten Egg 2"},{"floor":28.0,"key":"MealTicket"},{"floor":28.0,"key":"PreservedInsect"},{"floor":30,"key":"hubris:DeckOfHolding"},{"floor":30,"key":"Bronze Scales"},{"floor":40,"key":"Paper Frog"},{"floor":40,"key":"Bag of Marbles"},{"floor":43,"key":"Mummified Hand"},{"floor":45,"key":"hubris:Teleporter"},{"floor":45,"key":"hubris:TinFlute"},{"floor":47,"key":"Dream Catcher"},{"floor":47,"key":"Regal Pillow"},{"floor":54,"key":"Bird Faced Urn"},{"floor":54,"key":"Ornamental Fan"}],"event_choices":[{"damage_healed":0.0,"max_hp_gain":5.0,"max_hp_loss":0.0,"gold_gain":0.0,"event_name":"Big Fish","player_choice":"Donut","floor":13.0,"gold_loss":0.0,"damage_taken":0.0},{"damage_healed":0.0,"max_hp_gain":0.0,"max_hp_loss":0.0,"gold_gain":0.0,"event_name":"Addict","player_choice":"Obtained Relic","floor":22.0,"gold_loss":85.0,"damage_taken":0.0,"relics_obtained":["Kunai"]},{"damage_healed":0,"gold_gain":0,"player_choice":"Memory 2","damage_taken":5,"max_hp_gain":0,"max_hp_loss":0,"event_name":"SensoryStone","floor":37,"gold_loss":0}],"is_beta":false,"boss_relics":[{"not_picked":["Pandora\u0027s Box","Cursed Key"],"picked":"Black Star"},{"not_picked":["Astrolabe","hubris:HollowSoul"],"picked":"Runic Cube"}],"items_purged_floors":[],"is_endless":false,"potions_floor_spawned":[3,10,11,12,16,19,20,23,28,39,41,48],"ascension_level":18}}