{"host":"72n3jwtrlpjobydj","time":1613793163,"event":{"mods":["AchievementEnabler","BaseMod","CapriCore","DeckTracker","Hermit","Koishi","KomeijiMod","Lobotomy","Marisa£¨Ùöéë¡¡Øª×âÞÞ£©","Minty Spire (QoL Compilation)","Permanent Neow","StSLib","SuperFastMode","The Cursed","The Hierophant","The Immortal"],"gold_per_floor":[110,125,141,66,66,66,66,66,66,81,116,116,150,82,82,186,186,152,52,52,0,19,19,52,69,69,69,100,100,112,128,128,232,232,243,243,243,260,57,87,87,101,101,101,119,137,169,14,14,14,14],"floor_reached":50,"language":"KOR","playtime":1637,"items_purged":["Strike_G","Strike_G"],"score":628,"play_id":"c3f2e90c-6851-4b25-abe3-3e7930fbc716","local_time":"20210220125243","is_ascension_mode":true,"campfire_choices":[{"floor":6,"key":"RECALL"},{"floor":12,"key":"REST"},{"floor":15,"key":"REST"},{"floor":23,"key":"REST"},{"floor":27,"key":"REST"},{"floor":32,"key":"REST"},{"floor":41,"key":"REST"},{"floor":44,"key":"REST"},{"floor":49,"key":"REST"}],"circlet_count":0,"master_deck":["Strike_G","Strike_G+1","Strike_G+1","Defend_G","Defend_G","Defend_G","Defend_G","Survivor","Neutralize","Cloak And Dagger+1","Cloak And Dagger","Cloak And Dagger","Accuracy","After Image","Deflect","Blade Dance","Accuracy+1","Blade Dance","Storm of Steel","Dodge and Roll","Dodge and Roll+1","Backflip","Deflect+1","Blade Dance","Parasite","Outmaneuver+1","Footwork+1","Blur+1","Backflip+1"],"relics":["Ring of the Snake","NeowsBlessing","Whetstone","Blue Candle","Philosopher\u0027s Stone","MutagenicStrength","Prayer Wheel","Bottled Tornado","Tingsha","Black Star","Vajra","Turnip","Snake Skull","Pen Nib","Art of War","Paper Crane","Bag of Marbles"],"acts_visited":["Exordium","TheCity","TheBeyond"],"potions_floor_usage":[13,16,24,33,33,33,38,45,47],"damage_taken":[{"damage":0,"enemies":"2 Louse","floor":1,"turns":1},{"damage":0,"enemies":"Cultist","floor":2,"turns":1},{"damage":0,"enemies":"Small Slimes","floor":3,"turns":1},{"damage":0,"enemies":"Blue Slaver","floor":10,"turns":4},{"damage":16,"enemies":"3 Sentries","floor":11,"turns":13},{"damage":37,"enemies":"Gremlin Nob","floor":13,"turns":6},{"damage":46,"enemies":"The Guardian","floor":16,"turns":17},{"damage":16,"enemies":"2 Thieves","floor":18,"turns":5},{"damage":10,"enemies":"3 Byrds","floor":22,"turns":5},{"damage":23,"enemies":"Book of Stabbing","floor":24,"turns":7},{"damage":0,"enemies":"Centurion and Healer","floor":25,"turns":5},{"damage":0,"enemies":"Gremlin Leader","floor":28,"turns":5},{"damage":12,"enemies":"Snake Plant","floor":30,"turns":2},{"damage":23,"enemies":"Shelled Parasite and Fungi","floor":31,"turns":3},{"damage":19,"enemies":"Champ","floor":33,"turns":11},{"damage":5,"enemies":"3 Shapes","floor":35,"turns":4},{"damage":15,"enemies":"3 Darklings","floor":38,"turns":4},{"damage":9,"enemies":"Nemesis","floor":40,"turns":5},{"damage":32,"enemies":"Writhing Mass","floor":42,"turns":5},{"damage":1,"enemies":"Transient","floor":45,"turns":5},{"damage":37,"enemies":"Spire Growth","floor":46,"turns":5},{"damage":1,"enemies":"Giant Head","floor":47,"turns":6},{"damage":60,"enemies":"Donu and Deca","floor":50,"turns":6}],"seed_played":"6141087663859306905","potions_obtained":[{"floor":3,"key":"GamblersBrew"},{"floor":11,"key":"ExcitationPotion"},{"floor":13,"key":"Regen Potion"},{"floor":22,"key":"CunningPotion"},{"floor":30,"key":"Swift Potion"},{"floor":31,"key":"EntropicBrew"},{"floor":33,"key":"DistilledChaos"},{"floor":46,"key":"BlessingOfTheForge"}],"is_trial":false,"path_per_floor":["M","M","M","$","?","R","?","$","T","M","E","R","E","$","R","B",null,"M","$","?","$","M","R","E","M","T","R","E","$","M","M","R","B",null,"M","?","?","M","$","E","R","M","T","R","M","M","E","$","R","B"],"character_chosen":"THE_SILENT","items_purchased":["Accuracy","Blade Dance","Blade Dance","Vajra","Bag of Marbles"],"campfire_rested":8,"item_purchase_floors":[14,21,39,39,48],"current_hp_per_floor":[70,70,70,70,70,70,70,70,70,70,54,70,33,33,54,23,70,54,54,54,54,44,65,42,42,42,63,63,63,51,28,49,30,70,65,65,65,50,50,41,62,30,30,51,50,13,12,12,33,0,0],"gold":14,"neow_bonus":"THREE_ENEMY_KILL","is_daily":false,"chose_seed":false,"campfire_upgraded":0,"win_rate":0.0,"timestamp":1613793163,"path_taken":["M","M","M","$","?","R","?","$","T","?","E","R","E","$","R","BOSS","M","$","?","$","M","R","E","M","T","R","E","$","M","M","R","BOSS","M","?","?","?","?","E","R","M","T","R","M","M","E","$","R","BOSS"],"items_purchased_type":["Card","Card","Card","Relic","Relic"],"build_version":"2020-12-22","purchased_purges":2,"victory":false,"max_hp_per_floor":[70,70,70,70,70,70,70,70,70,70,70,70,70,70,70,70,70,70,70,70,70,70,70,70,70,70,70,70,70,70,70,70,70,70,70,70,70,70,70,70,70,70,70,70,70,70,70,70,70,70,70],"card_choices":[{"not_picked":["Deflect","Flying Knee"],"picked":"Cloak And Dagger","floor":1},{"not_picked":["Bane","Heel Hook","Leg Sweep"],"picked":"SKIP","floor":2},{"not_picked":["Poisoned Stab","Slice"],"picked":"Cloak And Dagger","floor":3},{"not_picked":["Outmaneuver","Dagger Throw","Crippling Poison"],"picked":"SKIP","floor":10},{"not_picked":["Heel Hook","Well Laid Plans"],"picked":"Cloak And Dagger","floor":11},{"not_picked":["Quick Slash","Slice","Dagger Throw"],"picked":"SKIP","floor":13},{"not_picked":["Envenom","Tools of the Trade"],"picked":"After Image","floor":16},{"not_picked":["Quick Slash","PiercingWail+1"],"picked":"Deflect","floor":18},{"not_picked":["Flying Knee","Underhanded Strike","Well Laid Plans"],"picked":"SKIP","floor":22},{"not_picked":["Quick Slash","Dagger Spray+1"],"picked":"Accuracy+1","floor":24},{"not_picked":["Poisoned Stab","Dodge and Roll"],"picked":"Blade Dance","floor":25},{"not_picked":["Expertise","Slice","Poisoned Stab+1"],"picked":"SKIP","floor":25},{"not_picked":["Reflex+1","Calculated Gamble+1"],"picked":"Storm of Steel","floor":28},{"not_picked":["Deflect","Acrobatics"],"picked":"Dodge and Roll","floor":30},{"not_picked":["Cloak And Dagger+1","Eviscerate","Flying Knee"],"picked":"SKIP","floor":30},{"not_picked":["Acrobatics","Bane"],"picked":"Dodge and Roll+1","floor":31},{"not_picked":["Finisher+1","Slice+1","Riddle With Holes+1"],"picked":"SKIP","floor":31},{"not_picked":["Crippling Poison+1","Dagger Spray"],"picked":"Backflip","floor":35},{"not_picked":["Sucker Punch","Dagger Spray","Masterful Stab"],"picked":"SKIP","floor":35},{"not_picked":["Noxious Fumes+1","Cloak And Dagger"],"picked":"Deflect+1","floor":38},{"not_picked":["Backstab+1","Dagger Spray+1","Flying Knee+1"],"picked":"SKIP","floor":38},{"not_picked":["Catalyst","Prepared","Dagger Spray+1"],"picked":"SKIP","floor":40},{"not_picked":["Deadly Poison","Dagger Throw+1"],"picked":"Outmaneuver+1","floor":42},{"not_picked":["Deadly Poison","Reflex","Finisher"],"picked":"SKIP","floor":42},{"not_picked":["Escape Plan","Dodge and Roll"],"picked":"Footwork+1","floor":45},{"not_picked":["Tools of the Trade","Catalyst+1","Sucker Punch"],"picked":"SKIP","floor":45},{"not_picked":["Masterful Stab+1","PiercingWail+1"],"picked":"Blur+1","floor":46},{"not_picked":["Riddle With Holes","Sucker Punch+1"],"picked":"Backflip+1","floor":46},{"not_picked":["Noxious Fumes+1","Sucker Punch","Outmaneuver"],"picked":"SKIP","floor":47}],"player_experience":97612,"relics_obtained":[{"floor":11,"key":"Whetstone"},{"floor":13,"key":"Blue Candle"},{"floor":24,"key":"Prayer Wheel"},{"floor":26,"key":"Bottled Tornado"},{"floor":28,"key":"Tingsha"},{"floor":40,"key":"Turnip"},{"floor":40,"key":"Snake Skull"},{"floor":43,"key":"Pen Nib"},{"floor":47,"key":"Art of War"},{"floor":47,"key":"Paper Crane"}],"event_choices":[{"damage_healed":0,"gold_gain":0,"player_choice":"Grow","damage_taken":0,"max_hp_gain":0,"max_hp_loss":0,"event_name":"Living Wall","floor":5,"gold_loss":0,"cards_upgraded":["Cloak And Dagger"]},{"cards_removed":["Defend_G"],"damage_healed":0,"gold_gain":0,"player_choice":"Offered Basic","damage_taken":0,"max_hp_gain":0,"max_hp_loss":0,"event_name":"Bonfire Elementals","floor":7,"gold_loss":0},{"damage_healed":0,"gold_gain":0,"player_choice":"Inject Mutagens","damage_taken":0,"relics_obtained":["MutagenicStrength"],"max_hp_gain":0,"max_hp_loss":0,"event_name":"Drug Dealer","floor":20,"gold_loss":0},{"cards_removed":["Confused"],"damage_healed":0,"gold_gain":0,"player_choice":"Removed Curses","damage_taken":0,"max_hp_gain":0,"max_hp_loss":0,"event_name":"Fountain of Cleansing","floor":37,"gold_loss":0}],"is_beta":false,"boss_relics":[{"not_picked":["SlaversCollar","Cursed Key"],"picked":"Philosopher\u0027s Stone"},{"not_picked":["Coffee Dripper","Calling Bell"],"picked":"Black Star"}],"items_purged_floors":[4,19],"is_endless":false,"potions_floor_spawned":[3,11,13,22,30,31,33,35,46],"killed_by":"Donu and Deca","ascension_level":1}}