{"host":"onfdonezo2qmaex3","time":1613818096,"event":{"mods":["2.2 Compatiblity","AchievementEnabler","Act Like it!","Aspiration","BaseMod","Colored Powertips","Downfall","Friendly Minions","Gensokyo","Hallownest","Hermit","Highlight Path","Jorbs\u0027s Wanderer Trilogy","Marisa????????","Marked Mod","Minty Spire (QoL Compilation)","Quick Restart","Reliquary","Shop Mod","StSLib","The Disciple","The Hayseed","The Hierophant","The Marked","The Runesmith"],"gold_per_floor":[118,130,13,28,347,372,372],"floor_reached":6,"language":"ENG","playtime":327,"items_purged":[],"score":48,"play_id":"a19ea09f-6a3a-4185-babc-2aee3c6cff32","local_time":"20210220114816","is_ascension_mode":false,"campfire_choices":[],"circlet_count":0,"master_deck":["hermit:Strike_Hermit","hermit:Strike_Hermit","hermit:Strike_Hermit","hermit:Strike_Hermit","hermit:Defend_Hermit","hermit:Defend_Hermit","hermit:Defend_Hermit","hermit:Defend_Hermit","hermit:Snapshot","hermit:Covet","hermit:GhostlyPresence","Gensokyo:SummonPsychicCat"],"relics":["hermit:Momento","Gensokyo:Companionship","Toy Ornithopter"],"acts_visited":["Gensokyo:Gensokyo"],"potions_floor_usage":[6,6],"damage_taken":[{"damage":0,"enemies":"Gensokyo:3_Fairies","floor":1,"turns":3},{"damage":0,"enemies":"Gensokyo:2_Kodama","floor":2,"turns":4},{"damage":25,"enemies":"Gensokyo:Python","floor":4,"turns":5},{"damage":26,"enemies":"Gensokyo:CorruptedTreant","floor":5,"turns":6},{"damage":1,"enemies":"Gensokyo:Mamizou","floor":6,"turns":7}],"seed_played":"-808345735439681131","potions_obtained":[{"floor":2,"key":"Fire Potion"},{"floor":5,"key":"champ:CounterPotion"}],"is_trial":false,"path_per_floor":["M","M","COS","M","M","E"],"character_chosen":"HERMIT","items_purchased":[],"campfire_rested":0,"item_purchase_floors":[],"current_hp_per_floor":[82,82,82,57,31,30,30],"gold":372,"neow_bonus":"TEN_PERCENT_HP_BONUS","is_daily":false,"chose_seed":false,"campfire_upgraded":0,"win_rate":0.0,"timestamp":1613818096,"path_taken":["M","M","COS","M","M","E"],"items_purchased_type":[],"build_version":"2020-12-22","purchased_purges":0,"victory":false,"max_hp_per_floor":[82,82,82,82,82,82,82],"card_choices":[{"not_picked":["hermit:Feint","hermit:EyeOfTheStorm","hermit:Coalescence"],"picked":"SKIP","floor":1},{"not_picked":["hermit:TrackingShot","hermit:BodyArmor","hermit:BigShot"],"picked":"SKIP","floor":2},{"not_picked":["hermit:SprayPray","hermit:Virtue"],"picked":"hermit:GhostlyPresence","floor":4},{"not_picked":["hermit:Desperado","hermit:Vantage","hermit:EyeOfTheStorm"],"picked":"SKIP","floor":5}],"player_experience":215300,"relics_obtained":[{"floor":6,"key":"Toy Ornithopter"}],"event_choices":[],"is_beta":false,"boss_relics":[],"items_purged_floors":[],"is_endless":false,"potions_floor_spawned":[2,5],"killed_by":"Gensokyo:Mamizou","ascension_level":0}}