{"host":"b1k9tvirjqaexfiq","time":1613803991,"event":{"mods":["AchievementEnabler","Act Like it!","BaseMod","Bestiary","Better Third Choice","BetterRewards","Bossed Relics","CapriCore","Colored Powertips","Conspire","Curses Come First","Energized Spire","Filter the Spire","Highlight Path","Hubris","Infinite Spire","Luminous","Marisa????????","Marked Mod","Minty Spire (QoL Compilation)","Permanent Neow","Quick Restart","Rare Cards Sparkle","Reliquary","Replay The Spire","Ruina","Shop Mod","StSLib","The Animator","The Bug Knight","The Cursed","The Immortal","The Marked","The Servant 0.9.4","Together in Spire","Waifu the Spire","??????REMEMod"],"gold_per_floor":[110,17,32,50,14,41,41,41,41],"floor_reached":8,"language":"ENG","playtime":375,"items_purged":[],"score":62,"play_id":"67c743cb-36d2-4827-b914-c8592f9ee872","local_time":"20210220005311","is_ascension_mode":true,"campfire_choices":[{"floor":7,"key":"REST"}],"circlet_count":0,"master_deck":["Strike_S","Strike_S","Strike_S","Strike_S","Defend_S","Defend_S","Defend_S","Defend_S","KidneyShot","Exchange","Berserk","Duplication","DoubleEdge","Good Instincts","Revamp","Comet","ReturningBlade","SilverBlades"],"relics":["Uniform","REME_ComplimentaryCards","Mummified Hand"],"acts_visited":["Exordium"],"potions_floor_usage":[8],"damage_taken":[{"damage":10,"enemies":"Cultist","floor":1,"turns":5},{"damage":0,"enemies":"2 Louse","floor":3,"turns":3},{"damage":9,"enemies":"Jaw Worm","floor":4,"turns":2},{"damage":29,"enemies":"Lagavulin","floor":6,"turns":8},{"damage":37,"enemies":"3 Sentries","floor":8,"turns":6}],"seed_played":"2111007977919953658","potions_obtained":[{"floor":3,"key":"Explosive Potion"},{"floor":6,"key":"Swift Potion"}],"is_trial":false,"path_per_floor":["M","$","M","M","$","E","R","E"],"character_chosen":"THE_SERVANT","items_purchased":["Good Instincts","ReturningBlade"],"campfire_rested":1,"item_purchase_floors":[2,5],"current_hp_per_floor":[55,55,55,46,46,17,36,0,0],"gold":41,"neow_bonus":"ONE_RANDOM_RARE_CARD","is_daily":false,"chose_seed":false,"campfire_upgraded":0,"win_rate":0.0,"timestamp":1613803991,"path_taken":["M","$","M","?","?","E","R","E"],"items_purchased_type":["Card","Card"],"build_version":"2020-12-22","purchased_purges":0,"victory":false,"max_hp_per_floor":[65,65,65,65,65,65,65,65,65],"card_choices":[{"not_picked":["Defy","Unruled"],"picked":"DoubleEdge","floor":1},{"not_picked":["ShatteredReality","Reset"],"picked":"Revamp","floor":3},{"not_picked":["TimeWarp","MoonPhase"],"picked":"Comet","floor":4},{"not_picked":["Rewind","Replace"],"picked":"SilverBlades","floor":6}],"player_experience":93044,"relics_obtained":[{"floor":6,"key":"Mummified Hand"}],"event_choices":[],"is_beta":false,"boss_relics":[],"items_purged_floors":[],"is_endless":false,"potions_floor_spawned":[3,6],"killed_by":"3 Sentries","ascension_level":2}}