{"host":"i4d8tgqbnmcnjm0a","time":1613797180,"event":{"mods":["BaseMod","Keyboard Shortcuts","Minty Spire (QoL Compilation)"],"gold_per_floor":[364,384,559,16,30,50,50,75,75,88,38,38,64,76,76,76,76],"floor_reached":16,"language":"ENG","playtime":1060,"items_purged":["Doubt"],"score":146,"play_id":"9663e5a5-27a5-422b-a6bd-1a80a9aae5ab","local_time":"20210219235940","is_ascension_mode":true,"campfire_choices":[{"floor":7,"key":"REST"},{"floor":12,"key":"REST"},{"data":"Footwork","floor":15,"key":"SMITH"}],"circlet_count":0,"master_deck":["Strike_G","Strike_G","Strike_G","Strike_G","Strike_G","Defend_G","Defend_G","Defend_G","Defend_G","Survivor","Neutralize","Finisher","Flying Knee","Blur","Crippling Poison","Bullet Time","Footwork+1","Backflip"],"relics":["Ring of the Snake","Ninja Scroll","MealTicket","Regal Pillow","Ancient Tea Set","Bottled Tornado"],"acts_visited":["Exordium"],"potions_floor_usage":[16],"damage_taken":[{"damage":1,"enemies":"Jaw Worm","floor":1,"turns":7},{"damage":0,"enemies":"Small Slimes","floor":2,"turns":2},{"damage":0,"enemies":"2 Louse","floor":5,"turns":1},{"damage":0,"enemies":"Red Slaver","floor":6,"turns":1},{"damage":33,"enemies":"Lagavulin","floor":8,"turns":8},{"damage":0,"enemies":"Blue Slaver","floor":10,"turns":1},{"damage":7,"enemies":"3 Sentries","floor":13,"turns":10},{"damage":0,"enemies":"Looter","floor":14,"turns":1},{"damage":61,"enemies":"Hexaghost","floor":16,"turns":13}],"seed_played":"-3119756370259605129","potions_obtained":[{"floor":8,"key":"Dexterity Potion"},{"floor":13,"key":"Swift Potion"}],"is_trial":false,"path_per_floor":["M","M","?","$","M","M","R","E","T","M","?","R","E","M","R","B"],"character_chosen":"THE_SILENT","items_purchased":["Ninja Scroll","MealTicket","Blur"],"campfire_rested":2,"item_purchase_floors":[4,4,4],"current_hp_per_floor":[44,44,44,44,44,44,65,32,32,32,32,68,61,61,61,0,0],"gold":76,"neow_bonus":"TWO_FIFTY_GOLD","is_daily":false,"chose_seed":false,"campfire_upgraded":1,"win_rate":0.0,"timestamp":1613797180,"path_taken":["M","M","?","$","M","M","R","E","T","M","?","R","E","M","R","BOSS"],"items_purchased_type":["Relic","Relic","Card"],"build_version":"2020-12-22","purchased_purges":1,"victory":false,"max_hp_per_floor":[70,70,70,70,70,70,70,70,70,70,70,70,70,70,70,70,70],"card_choices":[{"not_picked":["Cloak And Dagger","Deflect"],"picked":"Finisher","floor":1},{"not_picked":["Outmaneuver","Catalyst"],"picked":"Flying Knee","floor":2},{"not_picked":["Blade Dance","Setup","Acrobatics"],"picked":"SKIP","floor":5},{"not_picked":["Backflip","Underhanded Strike"],"picked":"Crippling Poison","floor":6},{"not_picked":["Poisoned Stab","Unload"],"picked":"Bullet Time","floor":8},{"not_picked":["Underhanded Strike","Bane"],"picked":"Footwork","floor":10},{"not_picked":["Heel Hook","Blade Dance","Setup"],"picked":"SKIP","floor":13},{"not_picked":["Bane","Dagger Throw"],"picked":"Backflip","floor":14}],"player_experience":356381,"relics_obtained":[{"floor":8,"key":"Regal Pillow"},{"floor":9,"key":"Ancient Tea Set"},{"floor":13,"key":"Bottled Tornado"}],"event_choices":[{"damage_healed":0,"gold_gain":175,"player_choice":"AGREE","damage_taken":0,"max_hp_gain":0,"max_hp_loss":0,"event_name":"Liars Game","floor":3,"gold_loss":0,"cards_obtained":["Doubt"]},{"cards_removed":["Defend_G"],"damage_healed":0,"gold_gain":0,"player_choice":"Card Removal","damage_taken":0,"max_hp_gain":0,"max_hp_loss":0,"event_name":"The Cleric","floor":11,"gold_loss":50}],"is_beta":false,"boss_relics":[],"items_purged_floors":[4],"is_endless":false,"potions_floor_spawned":[8,13],"killed_by":"Hexaghost","ascension_level":6}}