{"host":"i0m6ffz3lpe3z1ky","time":1613831915,"event":{"mods":["Aspiration","BaseMod","Bestiary","BetterRewards","Colored Map","Conspire","Energized Spire","Highlight Path","Hubris","Ironclad Rager","Minty Spire (QoL Compilation)","Quick Restart","Reliquary","Shop Mod","Spicy Shops","StSLib","Thieving Mod"],"gold_per_floor":[110,185,185,196,158,193,208,228,228,260,210,59,59,72,72,170,170,188,202,202,27,56,56,66,66,66,66,76,110,122,122,219,219,230,230,244,268,168,183,183,213,213,541,541,553,126,143,143,143,143,143,21,47,47],"floor_reached":56,"language":"KOR","playtime":2412,"items_purged":["Strike_R","Bash"],"score":2191,"play_id":"4b8ffcb1-d458-47a0-a758-b296cc71f445","local_time":"20210220233835","is_ascension_mode":true,"campfire_choices":[{"data":"conspire:Banana","floor":15,"key":"SMITH"},{"floor":24,"key":"RECALL"},{"data":"Master of Strategy","floor":49,"key":"SMITH"},{"floor":52,"key":"REST"}],"circlet_count":0,"master_deck":["Defend_R","Defend_R+1","Defend_R","Defend_R","Corruption+1","Mayhem+1","Sadistic Nature+1","Shrug It Off","Fire Breathing+1","Mayhem+1","conspire:Banana+1","Master of Strategy+1","Sentinel","Mayhem+1","Barricade+1","Clumsy","Entrench","Body Slam+1","Seeing Red","Bane","Poisoned Stab","Poisoned Stab","Clumsy","conspire:Purge+1","Entrench+1","Panache+1"],"relics":["Burning Blood","Strawberry","Blood Vial","reliquary:Boomerang","reliquary:NewFriend","HandDrill","OrangePellets","Tiny Chest","Centennial Puzzle","Red Skull","reliquary:CitrusReamer","reliquary:Spinner","Juzu Bracelet","Mango","hubris:OldNail","reliquary:BrokenClock","PrismaticShard","Pantograph","Happy Flower","Question Card","reliquary:ExpiredCoupon","Chemical X","reliquary:Tamtam","aspiration:StickyExplosives_weak","Ancient Tea Set","MealTicket","Boot","reliquary:FingerTrap","hubris:ChampionShield","reliquary:RosewoodLute","reliquary:Bookmark","reliquary:Buckler","aspiration:HummingbirdHeart","Potion Belt","Vajra","conspire:TreasureMap","Frozen Eye","aspiration:Nostalgia","Ring of the Snake","aspiration:HatOfInfinitePower","reliquary:Stiletto","reliquary:PorcupineQuills","Frozen Egg 2","Darkstone Periapt","hubris:Reverence","Ornamental Fan","hubris:EmptyBottle","reliquary:PartyBalloon","Meat on the Bone","Regal Pillow","Unceasing Top","hubris:AstralHammer","ClockworkSouvenir","TheAbacus","Pear","Bronze Scales","hubris:DisguiseKit","Sling","hubris:TenFootPole","reliquary:Firecrackers","CaptainsWheel","aspiration:Lifesprig","Lee\u0027s Waffle","hubris:PeanutButter","Orichalcum","reliquary:TridentHead","reliquary:RoseTintedGlasses","Membership Card","aspiration:FrozenJewel","hubris:BundleOfHerbs","hubris:Teleporter","PreservedInsect","Kunai","reliquary:MedicineBall","Dead Branch","reliquary:Crutches","Pocketwatch","aspiration:SeaSaltIceCream","hubris:SlimyHat","Champion Belt","reliquary:WeakTea","aspiration:ChemicalBlood","Anchor","Medical Kit","Bag of Marbles","reliquary:SharkskinSheath","Paper Frog","conspire:DecoderRing","reliquary:Sideboard","Letter Opener","hubris:DeckOfHolding","Bag of Preparation","reliquary:FerryPass","hubris:ScarierMask","Bottled Tornado","Oddly Smooth Stone","aspiration:ArtOfWarUpgrade","Toxic Egg 2","aspiration:RitualStick","hubris:Metronome","reliquary:RustamsPendant","reliquary:TuningFork","Self Forming Clay","hubris:SphereOfDissonance","Old Coin","Shuriken","Lantern","Gremlin Horn","Thread and Needle"],"acts_visited":["Exordium","TheCity","TheBeyond","TheEnding"],"potions_floor_usage":[3,5,23,23],"damage_taken":[{"damage":0.0,"enemies":"Jaw Worm","floor":1.0,"turns":2.0},{"damage":0,"enemies":"Small Slimes","floor":4,"turns":3},{"damage":0,"enemies":"Lagavulin","floor":6,"turns":2},{"damage":0,"enemies":"Cultist","floor":7,"turns":2},{"damage":0,"enemies":"Blue Slaver","floor":8,"turns":3},{"damage":0,"enemies":"Gremlin Nob","floor":10,"turns":2},{"damage":0,"enemies":"Gremlin Gang","floor":14,"turns":1},{"damage":0,"enemies":"The Guardian","floor":16,"turns":3},{"damage":0,"enemies":"Spheric Guardian","floor":18,"turns":2},{"damage":0,"enemies":"Shell Parasite","floor":19,"turns":2},{"damage":0,"enemies":"conspire:Head Lice","floor":23,"turns":2},{"damage":0,"enemies":"Snake Plant","floor":25,"turns":2},{"damage":0,"enemies":"3 Cultists","floor":29,"turns":3},{"damage":0,"enemies":"Book of Stabbing","floor":30,"turns":2},{"damage":0,"enemies":"Shelled Parasite and Fungi","floor":31,"turns":2},{"damage":0,"enemies":"Champ","floor":33,"turns":3},{"damage":0,"enemies":"3 Shapes","floor":35,"turns":2},{"damage":0,"enemies":"Orb Walker","floor":37,"turns":2},{"damage":0,"enemies":"Writhing Mass","floor":40,"turns":2},{"damage":0,"enemies":"Reptomancer","floor":42,"turns":2},{"damage":0,"enemies":"Giant Head","floor":44,"turns":2},{"damage":0,"enemies":"Maw","floor":46,"turns":2},{"damage":0,"enemies":"Spire Growth","floor":48,"turns":2},{"damage":0,"enemies":"Awakened One","floor":50,"turns":3},{"damage":0,"enemies":"Shield and Spear","floor":54,"turns":1},{"damage":0,"enemies":"The Heart","floor":55,"turns":4}],"seed_played":"-2138312932744522605","potions_obtained":[{"floor":10,"key":"LiquidMemories"},{"floor":23,"key":"Fruit Juice"},{"floor":27,"key":"Block Potion"}],"is_trial":false,"path_per_floor":["M","?","$","M","$","E","M","M","T","E","?","$","?","M","R","B",null,"M","M","T","$","E","R","M","T","?","?","M","E","M","R","B",null,"M","?","M","T","NS","M","?","E","T","E","R","M","$","M","R","B",null,"R","$","E","B",null],"character_chosen":"IRONCLAD","items_purchased":["ThievingMod:ThievingPotion","ThievingMod:ThievingPotion","Bag of Preparation","reliquary:FerryPass","Bottled Tornado","Oddly Smooth Stone","Shuriken","Lantern","conspire:Purge+1","Entrench+1","Panache+1","Gremlin Horn"],"campfire_rested":1,"item_purchase_floors":[0,0,12,12,22,22,47,47,47,47,47,53],"current_hp_per_floor":[118,113,124,125,125,125,125,126,126,126,126,126,126,126,126,128,128,130,132,132,138,150,150,150,150,150,135,145,154,154,154,156,156,156,156,158,158,158,160,160,162,162,164,164,168,168,168,168,172,172,172,172,172,174],"gold":47,"neow_bonus":"","is_daily":false,"chose_seed":false,"campfire_upgraded":2,"win_rate":0.0,"timestamp":1613831915,"path_taken":["M","?","$","M","$","E","M","M","T","E","?","$","?","M","R","BOSS","M","M","?","$","E","R","M","T","?","?","M","E","M","R","BOSS","M","?","M","?","NS","M","?","E","T","E","R","M","$","M","R","BOSS","R","$","E","BOSS"],"items_purchased_type":["Potion","Potion","Relic","Relic","Relic","Relic","Relic","Relic","Card","Card","Card","Relic"],"build_version":"2020-12-22","purchased_purges":2,"victory":true,"max_hp_per_floor":[118,118,124,125,125,125,125,126,126,126,126,126,126,126,126,128,128,130,132,132,138,150,150,150,150,150,150,152,154,154,154,156,156,156,156,158,158,158,160,160,162,162,164,164,168,168,168,168,172,172,172,172,172,174],"card_choices":[{"not_picked":["Deflect","Pommel Strike","Sunder","Clash","Dagger Spray"],"picked":"SKIP","floor":1.0},{"not_picked":["Protect","PathToVictory","Anger","Redo","Prepared"],"picked":"SKIP","floor":4},{"not_picked":["Consume","Redo","Ghostly Armor","EmptyFist","Infinite Blades"],"picked":"SKIP","floor":6},{"not_picked":["Stack","Thunder Strike","hubris:ReadiedAction","Havoc","Blade Dance"],"picked":"SKIP","floor":7},{"not_picked":["ClearTheMind","Blind","Anger","Clothesline","hubris:SlightOfHand"],"picked":"SKIP","floor":8},{"not_picked":["hubris:CleavingFinish","Infernal Blade","Establishment+1","Turbo","Slice"],"picked":"SKIP","floor":10},{"not_picked":["hubris:CleavingFinish","Crescendo","FlyingSleeves","Underhanded Strike"],"picked":"Purity","floor":14},{"not_picked":["Tools of the Trade+1","hubris:StunningStrike","Berserk+1","Corpse Explosion"],"picked":"Reboot","floor":16},{"not_picked":["Headbutt","Backflip","Stack","Sucker Punch"],"picked":"Footwork+1","floor":18},{"not_picked":["Wild Strike","Undo","Hello World+1","True Grit+1","All Out Attack"],"picked":"SKIP","floor":19},{"not_picked":["FlyingSleeves","WheelKick","PiercingWail","Flechettes"],"picked":"Finesse","floor":23},{"not_picked":["Pray","Flex","Turbo","Deadly Poison","hubris:Sniper"],"picked":"SKIP","floor":25},{"not_picked":["JustLucky","FlurryOfBlows","Conserve Battery+1","conspire:PoisonWeapons"],"picked":"Crescendo+1","floor":29},{"not_picked":["Escape Plan+1","conspire:PoisonWeapons+1","Underhanded Strike","Jack Of All Trades+1"],"picked":"Wraith Form v2","floor":30},{"not_picked":["Fire Breathing+1","Coolheaded+1","Conclude","SandsOfTime","Backflip"],"picked":"SKIP","floor":31},{"not_picked":["Apotheosis+1","Die Die Die","Biased Cognition+1","Burst"],"picked":"Panache+1","floor":33},{"not_picked":["Evaluate+1","Dual Wield+1","Loop+1","Stack+1","Dash"],"picked":"SKIP","floor":35},{"not_picked":["ReachHeaven","FlurryOfBlows","Flash of Steel","Beam Cell+1","Flechettes"],"picked":"SKIP","floor":37},{"not_picked":["ReachHeaven","FlurryOfBlows","Flash of Steel","Beam Cell+1","Flechettes"],"picked":"SKIP","floor":37},{"not_picked":["WreathOfFlame+1","hubris:ReadiedAction+1","Worship+1","Weave","Leg Sweep"],"picked":"SKIP","floor":40},{"not_picked":["Flying Knee+1","Dagger Spray","Thunder Strike","Quick Slash+1","hubris:SlightOfHand"],"picked":"SKIP","floor":42},{"not_picked":["Underhanded Strike+1","Perfected Strike+1","Twin Strike+1","Steam+1","Dash"],"picked":"SKIP","floor":44},{"not_picked":["Carnage+1","Underhanded Strike+1","Stack+1","Acrobatics+1","Flying Knee"],"picked":"SKIP","floor":46},{"not_picked":["Crippling Poison+1","Twin Strike+1","Transmutation+1","Quick Slash","Cloak And Dagger"],"picked":"SKIP","floor":48},{"not_picked":["Clash","hubris:SlightOfHand+1","Sanctity+1","Leg Sweep"],"picked":"Footwork+1","floor":54}],"player_experience":397955,"relics_obtained":[{"floor":6,"key":"reliquary:Sideboard"},{"floor":9,"key":"Letter Opener"},{"floor":10,"key":"hubris:DeckOfHolding"},{"floor":23,"key":"Art of War"},{"floor":26,"key":"Toxic Egg 2"},{"floor":30,"key":"hubris:Metronome"},{"floor":38,"key":"reliquary:TuningFork"},{"floor":42,"key":"Self Forming Clay"},{"floor":43,"key":"hubris:SphereOfDissonance"},{"floor":44,"key":"Old Coin"},{"floor":54,"key":"Thread and Needle"}],"event_choices":[{"damage_healed":0.0,"max_hp_gain":0.0,"max_hp_loss":0.0,"gold_gain":75.0,"event_name":"World of Goop","player_choice":"Gather Gold","floor":2.0,"gold_loss":0.0,"damage_taken":11.0},{"cards_removed":["Strike_R"],"damage_healed":0,"gold_gain":0,"player_choice":"Card Removal","damage_taken":0,"max_hp_gain":0,"max_hp_loss":0,"event_name":"The Cleric","floor":11,"gold_loss":50},{"damage_healed":0,"gold_gain":0,"player_choice":"Got Potions","damage_taken":0,"max_hp_gain":0,"max_hp_loss":0,"event_name":"Lab","floor":27,"gold_loss":0},{"damage_healed":0,"gold_gain":0,"player_choice":"Leave","damage_taken":0,"max_hp_gain":0,"max_hp_loss":0,"event_name":"conspire:Investor","floor":36,"gold_loss":0}],"is_beta":false,"boss_relics":[{"not_picked":["aspiration:RunicSpoon","hubris:GrandSneckoEye"],"picked":"hubris:ScarierMask"},{"not_picked":["energizedSpire:DeadBattery","Black Star"],"picked":"reliquary:RustamsPendant"}],"items_purged_floors":[5,22],"is_endless":false,"potions_floor_spawned":[1,8,10,16,19,23,29,35,37,40,48],"ascension_level":2}}