{"host":"d7v3kvhe79blqf0r","time":1613800779,"event":{"mods":["ATMod(°¢èªMod)","Act Like it!","BaseMod","CapriCore","Dota2Spire","Downfall","Gensokyo","Koishi","Lobotomy","LobotomyExtend","Marisa£¨ìFÓê¡¡Ä§ÀíÉ³£©","Minty Spire (QoL Compilation)","MostiFishMod","Quick Restart","Replay The Spire","RumiaBox-Â¶Ã×æ«µÄÉñÃØºÐ×Ó","StSLib","The Alterego","The Immortal","UnlockEverythingMod","WarShipGirlsR/Õ½½¢ÉÙÅ®R mod","Yakumo Yukari mod","Youmu£¨»êÆÇÑýÃÎ£©","Yuyuko","¡¾ÒÅÎï¿¨ÅÆ¡¿REMEMod"],"gold_per_floor":[99,118,135,195,214,43,43,143,175,188,221,231,12,29,43,43,43,43],"floor_reached":16,"language":"ZHS","playtime":1958,"items_purged":["sneckomod:Defend"],"score":164,"play_id":"5bd448f3-94d2-4cf6-858a-a492ec5f0646","local_time":"20210220135939","is_ascension_mode":false,"campfire_choices":[],"circlet_count":0,"master_deck":["sneckomod:Strike","sneckomod:Strike","sneckomod:Defend","sneckomod:TailWhip","sneckomod:SnekBite","sneckomod:Unknown","Lamp+15","bronze:ChosenStrike","sneckomod:TrashToTreasure","sneckomod:UnknownUncommonPower","sneckomod:DiceCrush","sneckomod:SoulCleanse","sneckomod:WideSting","sneckomod:SoulDraw","sneckomod:Unknown1Cost","sneckomod:Unknown2Cost","sneckomod:UnknownDraw","sneckomod:UnknownX","sneckomod:UnknownUncommonAttack","sneckomod:UnendingSupply","sneckomod:UnendingSupply","sneckomod:MasterEye","sneckomod:Unknown0Cost"],"relics":["sneckomod:SneckoSoul","AT_ATBox","REME_ComplimentaryCards","DaveBox","MetatronsCube","Boot","Pen Nib","Nunchaku"],"acts_visited":["Exordium"],"potions_floor_usage":[16],"damage_taken":[{"damage":0.0,"enemies":"2 Louse","floor":2.0,"turns":2.0},{"damage":2.0,"enemies":"Small Slimes","floor":3.0,"turns":4.0},{"damage":12.0,"enemies":"Gremlin Nob","floor":4.0,"turns":3.0},{"damage":0.0,"enemies":"Cultist","floor":5.0,"turns":2.0},{"damage":0.0,"enemies":"downfall:FleeingMerchant","floor":6.0,"turns":4.0},{"damage":36.0,"enemies":"downfall:Heads","floor":8.0,"turns":6.0},{"damage":0.0,"enemies":"Gremlin Nob","floor":9.0,"turns":2.0},{"damage":0.0,"enemies":"Exordium Wildlife","floor":10.0,"turns":2.0},{"damage":31.0,"enemies":"3 Sentries","floor":11.0,"turns":6.0},{"damage":0.0,"enemies":"Large Slime","floor":12.0,"turns":1.0},{"damage":0.0,"enemies":"downfall:FleeingMerchant","floor":13.0,"turns":4.0},{"damage":7.0,"enemies":"downfall:LooterAlt","floor":14.0,"turns":2.0},{"damage":9.0,"enemies":"Red Slaver","floor":15.0,"turns":2.0},{"damage":13,"enemies":"IC_STATUS_ARCHETYPE","floor":16,"turns":2}],"seed_played":"-5737477593438548013","potions_obtained":[{"floor":2.0,"key":"Venom Potion"},{"floor":4.0,"key":"SpeedPotion"},{"floor":5.0,"key":"Fire Potion"},{"floor":11.0,"key":"REME_GoldPotion"},{"floor":15.0,"key":"SkillPotion"}],"is_trial":false,"path_per_floor":["R","M","M","?","M","$","T","?","E","M","E","M","$","M","M","B"],"character_chosen":"THE_SNECKO","items_purchased":["Pen Nib","sneckomod:UnendingSupply","REME_GoldPotion"],"campfire_rested":0,"item_purchase_floors":[6,13,13],"current_hp_per_floor":[99,99,97,85,85,85,85,49,49,49,18,18,18,11,2,0,0,0],"gold":43,"neow_bonus":"TEN_PERCENT_HP_BONUS","is_daily":false,"chose_seed":false,"campfire_upgraded":0,"win_rate":0.0,"timestamp":1613800779,"path_taken":["R","M","M","?","M","$","T","?","E","M","E","M","$","M","M","BOSS"],"items_purchased_type":["Relic","Card","Potion"],"build_version":"2020-12-22","purchased_purges":1,"victory":false,"max_hp_per_floor":[99,99,99,99,99,99,99,99,99,99,99,99,99,99,99,99,99,99],"card_choices":[{"not_picked":["sneckomod:DefensiveFlair","sneckomod:UnknownBlock"],"picked":"sneckomod:TrashToTreasure","floor":2.0},{"not_picked":["sneckomod:WideSting","sneckomod:QuickMove"],"picked":"sneckomod:UnknownUncommonPower","floor":3.0},{"not_picked":["sneckomod:UnknownBlock","sneckomod:MasterEye"],"picked":"sneckomod:DiceCrush","floor":4.0},{"not_picked":["sneckomod:IronFang","sneckomod:Nope"],"picked":"sneckomod:SoulCleanse","floor":5.0},{"not_picked":["sneckomod:UnknownDraw","sneckomod:UnlimitedRolls"],"picked":"sneckomod:WideSting","floor":6.0},{"not_picked":["sneckomod:TrashToTreasure","sneckomod:QuickMove"],"picked":"sneckomod:Unknown1Cost","floor":8.0},{"not_picked":["sneckomod:ImprovisedAttack","sneckomod:IronFang"],"picked":"sneckomod:Unknown2Cost","floor":9.0},{"not_picked":["sneckomod:DefensiveFlair","sneckomod:UnknownExhaust"],"picked":"sneckomod:UnknownDraw","floor":10.0},{"not_picked":["sneckomod:Unknown1Cost","sneckomod:UnknownStrike"],"picked":"sneckomod:UnknownX","floor":11.0},{"not_picked":["sneckomod:DangerNoodle","sneckomod:UnknownVulnerable"],"picked":"sneckomod:UnknownUncommonAttack","floor":12.0},{"not_picked":["sneckomod:WideSting","sneckomod:Restock"],"picked":"sneckomod:UnendingSupply","floor":13.0},{"not_picked":["sneckomod:SnakeSap","sneckomod:IronFang"],"picked":"sneckomod:MasterEye","floor":14.0},{"not_picked":["sneckomod:Unknown1Cost","sneckomod:UnknownExhaust"],"picked":"sneckomod:Unknown0Cost","floor":15.0}],"player_experience":102610,"relics_obtained":[{"floor":4.0,"key":"Boot"},{"floor":11.0,"key":"Nunchaku"}],"event_choices":[],"is_beta":false,"boss_relics":[],"items_purged_floors":[13],"is_endless":false,"potions_floor_spawned":[2,4,5,11,15],"killed_by":"IC_STATUS_ARCHETYPE","ascension_level":0}}