{"host":"mqhvlr3kpxebko0t","time":1613825141,"event":{"mods":["AchievementEnabler","BaseMod","Colored Map","Colored Powertips","KOR Keyword Fix","Keyboard Shortcuts","Minty Spire (QoL Compilation)","StSLib","SuperFastMode"],"gold_per_floor":[115,40,40,40,51,51,86,98,98,98,114,143,158,168,168,241,241,255,255,255,255,75,108,123,123,149,162,37,93,125,40,40,112,112,124,136,161,161,161,161],"floor_reached":39,"language":"KOR","playtime":1153,"items_purged":["Strike_B","Reprogram","Reprogram"],"score":886,"play_id":"7a7a5c48-a5ba-4f69-8e03-b4a7bf9fb35f","local_time":"20210220214541","is_ascension_mode":true,"campfire_choices":[{"data":"Zap","floor":6.0,"key":"SMITH"},{"data":"Go for the Eyes","floor":10.0,"key":"SMITH"},{"data":"White Noise","floor":15.0,"key":"SMITH"},{"data":"Turbo","floor":25.0,"key":"SMITH"},{"data":"Coolheaded","floor":32.0,"key":"SMITH"}],"circlet_count":0,"master_deck":["AscendersBane","Zap+1","Dualcast","Coolheaded+1","Sweeping Beam","Go for the Eyes+1","Hologram","Conserve Battery","White Noise+1","Electrodynamics","Double Energy","Core Surge","Reboot","Conserve Battery","Buffer","Self Repair","Compile Driver","Fission","Recycle","Turbo+1","Undo","Blizzard","Echo Form+1","FTL","Capacitor+1","Ball Lightning"],"relics":["Cracked Core","NeowsBlessing","Potion Belt","FossilizedHelix","InkBottle","White Beast Statue","Pandora\u0027s Box","Frozen Egg 2","Centennial Puzzle","MealTicket","Mummified Hand","Runic Pyramid","Torii"],"acts_visited":["Exordium","TheCity","TheBeyond"],"potions_floor_usage":[39],"damage_taken":[{"damage":0.0,"enemies":"2 Louse","floor":1.0,"turns":1.0},{"damage":0.0,"enemies":"Cultist","floor":5.0,"turns":1.0},{"damage":0.0,"enemies":"Lagavulin","floor":7.0,"turns":1.0},{"damage":9.0,"enemies":"Small Slimes","floor":8.0,"turns":3.0},{"damage":0.0,"enemies":"Red Slaver","floor":11.0,"turns":3.0},{"damage":9.0,"enemies":"3 Sentries","floor":12.0,"turns":7.0},{"damage":0.0,"enemies":"Blue Slaver","floor":13.0,"turns":3.0},{"damage":0.0,"enemies":"3 Louse","floor":14.0,"turns":4.0},{"damage":5.0,"enemies":"The Guardian","floor":16.0,"turns":16.0},{"damage":0.0,"enemies":"Chosen","floor":18.0,"turns":5.0},{"damage":7.0,"enemies":"Book of Stabbing","floor":23.0,"turns":7.0},{"damage":9.0,"enemies":"2 Thieves","floor":24.0,"turns":4.0},{"damage":20.0,"enemies":"Snake Plant","floor":27.0,"turns":5.0},{"damage":0.0,"enemies":"Centurion and Healer","floor":29.0,"turns":5.0},{"damage":0.0,"enemies":"Gremlin Leader","floor":30.0,"turns":5.0},{"damage":8.0,"enemies":"Automaton","floor":33.0,"turns":10.0},{"damage":0.0,"enemies":"3 Shapes","floor":35.0,"turns":5.0},{"damage":26.0,"enemies":"3 Darklings","floor":36.0,"turns":5.0},{"damage":0.0,"enemies":"Mind Bloom Boss Battle","floor":37.0,"turns":8.0},{"damage":10,"enemies":"Writhing Mass","floor":39,"turns":5}],"seed_played":"1016108106465933490","potions_obtained":[{"floor":5.0,"key":"Block Potion"},{"floor":8.0,"key":"LiquidMemories"},{"floor":13.0,"key":"FairyPotion"},{"floor":14.0,"key":"Explosive Potion"},{"floor":16.0,"key":"Energy Potion"},{"floor":18.0,"key":"AttackPotion"},{"floor":23.0,"key":"SpeedPotion"},{"floor":24.0,"key":"FairyPotion"},{"floor":27.0,"key":"ColorlessPotion"},{"floor":29.0,"key":"DistilledChaos"},{"floor":30.0,"key":"DuplicationPotion"},{"floor":33.0,"key":"Block Potion"},{"floor":35.0,"key":"EssenceOfSteel"},{"floor":36.0,"key":"FocusPotion"},{"floor":37.0,"key":"Fire Potion"}],"is_trial":false,"path_per_floor":["M","$","?","?","M","R","E","M","T","R","M","E","M","M","R","B",null,"M","?","?","?","$","E","M","R","T","M","$","M","E","?","R","B",null,"M","M","?","T","M"],"character_chosen":"DEFECT","items_purchased":["Recycle"],"campfire_rested":0,"item_purchase_floors":[22],"current_hp_per_floor":[64,64,53,53,53,53,53,44,44,44,44,35,35,35,35,30,61,61,61,61,61,61,61,59,59,59,46,46,53,60,60,60,59,68,71,52,59,59,49,49],"gold":161,"neow_bonus":"THREE_ENEMY_KILL","is_daily":false,"chose_seed":false,"campfire_upgraded":5,"win_rate":0.0,"timestamp":1613825141,"path_taken":["M","$","?","?","M","R","E","M","T","R","M","E","M","?","R","BOSS","M","?","?","?","$","E","M","R","T","M","$","?","E","?","R","BOSS","M","M","?","?","?"],"items_purchased_type":["Card"],"build_version":"2020-12-22","purchased_purges":3,"victory":false,"max_hp_per_floor":[71,71,71,71,71,71,71,71,71,71,71,71,71,71,71,71,71,71,71,71,71,71,71,71,71,71,71,71,71,71,71,71,71,71,71,71,71,71,71,71],"card_choices":[{"not_picked":["Loop","Leap"],"picked":"Coolheaded","floor":1.0},{"not_picked":["Barrage","Steam"],"picked":"Sweeping Beam","floor":5.0},{"not_picked":["Compile Driver","Heatsinks"],"picked":"Go for the Eyes","floor":7.0},{"not_picked":["Turbo","Scrape"],"picked":"Hologram","floor":8.0},{"not_picked":["Gash","Rebound","Sweeping Beam"],"picked":"SKIP","floor":11.0},{"not_picked":["Gash","Melter"],"picked":"Conserve Battery","floor":12.0},{"not_picked":["Fusion","Gash"],"picked":"White Noise","floor":13.0},{"not_picked":["Double Energy","Hologram","Reprogram"],"picked":"SKIP","floor":14.0},{"not_picked":["Hyperbeam","Machine Learning"],"picked":"Electrodynamics","floor":16.0},{"not_picked":["Streamline","Steam","Redo"],"picked":"SKIP","floor":18.0},{"not_picked":["Stack","Beam Cell","Conserve Battery"],"picked":"SKIP","floor":23.0},{"not_picked":["Scrape","Barrage"],"picked":"Turbo","floor":24.0},{"not_picked":["Rebound","Force Field","Redo"],"picked":"SKIP","floor":27.0},{"not_picked":["Barrage","Rip and Tear"],"picked":"Undo","floor":29.0},{"not_picked":["Stack","Reboot"],"picked":"Blizzard","floor":30.0},{"not_picked":["Rainbow","Amplify"],"picked":"Echo Form+1","floor":33.0},{"not_picked":["Compile Driver","Conserve Battery+1"],"picked":"FTL","floor":35.0},{"not_picked":["Scrape+1","Sweeping Beam"],"picked":"Capacitor+1","floor":36.0},{"not_picked":["Force Field","Turbo"],"picked":"Ball Lightning","floor":37.0}],"player_experience":720125,"relics_obtained":[{"floor":7.0,"key":"FossilizedHelix"},{"floor":9.0,"key":"InkBottle"},{"floor":12.0,"key":"White Beast Statue"},{"floor":23.0,"key":"Frozen Egg 2"},{"floor":26.0,"key":"Centennial Puzzle"},{"floor":30.0,"key":"MealTicket"},{"floor":37.0,"key":"Torii"}],"event_choices":[{"damage_healed":0.0,"max_hp_gain":0.0,"max_hp_loss":0.0,"gold_gain":0.0,"event_name":"Scrap Ooze","player_choice":"Success","floor":3.0,"gold_loss":0.0,"damage_taken":11.0,"relics_obtained":["Potion Belt"]},{"damage_healed":0.0,"max_hp_gain":0.0,"max_hp_loss":0.0,"gold_gain":0.0,"cards_transformed":["Strike_B"],"event_name":"Transmorgrifier","player_choice":"Transformed","floor":4.0,"gold_loss":0.0,"damage_taken":0.0,"cards_obtained":["Reprogram"]},{"damage_healed":0.0,"max_hp_gain":0.0,"max_hp_loss":0.0,"gold_gain":0.0,"event_name":"The Library","player_choice":"Read","floor":19.0,"gold_loss":0.0,"damage_taken":0.0,"cards_obtained":["Self Repair"]},{"damage_healed":0.0,"max_hp_gain":0.0,"max_hp_loss":0.0,"gold_gain":0.0,"event_name":"Ghosts","player_choice":"Ignored","floor":20.0,"gold_loss":0.0,"damage_taken":0.0},{"damage_healed":0.0,"max_hp_gain":0.0,"max_hp_loss":0.0,"gold_gain":0.0,"event_name":"Match and Keep!","player_choice":"2 cards matched","floor":21.0,"gold_loss":0.0,"damage_taken":0.0,"cards_obtained":["Compile Driver","Fission"]},{"damage_healed":0.0,"max_hp_gain":0.0,"max_hp_loss":0.0,"gold_gain":0.0,"event_name":"Addict","player_choice":"Obtained Relic","floor":31.0,"gold_loss":85.0,"damage_taken":0.0,"relics_obtained":["Mummified Hand"]},{"damage_healed":0.0,"max_hp_gain":0.0,"max_hp_loss":0.0,"gold_gain":0.0,"event_name":"MindBloom","player_choice":"Fight","floor":37.0,"gold_loss":0.0,"damage_taken":0.0}],"is_beta":false,"boss_relics":[{"not_picked":["Philosopher\u0027s Stone","Inserter"],"picked":"Pandora\u0027s Box"},{"not_picked":["FrozenCore","Busted Crown"],"picked":"Runic Pyramid"}],"items_purged_floors":[2,22,28],"is_endless":false,"potions_floor_spawned":[5,8,13,14,16,18,23,24,27,29,30,33,35,36,37],"killed_by":"Writhing Mass","ascension_level":17}}