{"host":"glqsg3p5q4u9u1ra","time":1613829026,"event":{"mods":["Act Like it!","Arknights","BaseMod","Better Third Choice","BetterRewards","Colored Map","Downfall","Friendly Minions","GifTheSpireLib","Hallownest","Highlight Path","Infinite Spire","Lobotomy","LobotomyExtend","Mimic Mod","Minty Spire (QoL Compilation)","Pale of the Ancients","Reliquary","Replay The Spire","Ruina","Spicy Shops","Spire Birthday Party","StSLib","The Blue Laboratory","The Bug Knight","The Exalted","The Servant 0.9.4","Wandering Minibosses"],"gold_per_floor":[115,40,59,77,88,88,107,135,158,188,222,222,203,203,203,308,308,319,319,286,297,297,327,327,342,389,16,16,43,54,72,72,167,167,186,279,279,279,279],"floor_reached":38,"language":"ENG","playtime":1860,"items_purged":["ats:Strike V","ats:Strike C","ats:Ambush","Shame"],"score":453,"play_id":"bdab8ca8-02c6-4400-b97c-f79f2d918646","local_time":"20210220055026","is_ascension_mode":false,"campfire_choices":[{"data":"ats:Revitalization","floor":6,"key":"SMITH"},{"data":"ats:Nebulous Foxfire","floor":15,"key":"SMITH"},{"data":"ats:Neurotoxin","floor":24,"key":"SMITH"},{"data":"ats:Calcification","floor":32,"key":"SMITH"}],"circlet_count":0,"master_deck":["ats:Armor Crushing Shot","ats:Emotion Absorption","ats:Neurotoxin+1","ats:Explosion Area Strengthen+1","ats:Overload","ats:Consecutive Shot Auto","ats:Poison Spread","ats:Revitalization+1","ats:Ambush","ats:Consecutive Shot Auto","ats:Nebulous Foxfire+1","ats:Revitalization","ats:Shell Defense","ats:Revitalization","ats:Flexible Camouflage+1","ats:Volcano","ats:Revitalization","ats:Calcification+1","ats:Poison Spread","ats:Nebulous Foxfire","ats:Cat Scratch","ats:Part Time Job","ats:Magnetic Hammer","ats:Flame Of Heaven","ats:Apocalypse"],"relics":["ats:Sanity","LetterFromLob","ats:Originium","Empty Cage","Strawberry","reliquary:ThirdArm","Onion Ring","reliquary:TuningFork","ReplayTheSpireMod:CursedCoin","infinitespire:BottledMercury","ReplayTheSpireMod:TigerMarble","Replay:Grab Bag","reliquary:Ember","reliquary:Craggleroot","Pandora\u0027s Box","wanderingMiniBosses:ThiefScarf","Snack Pack","reliquary:Stiletto","reliquary:PorcupineQuills","ats:Industrial Water Cannon","MawBank"],"acts_visited":["Exordium","Exordium","ruina:Briah"],"potions_floor_usage":[8,8,16,20,20,23,29,33],"damage_taken":[{"damage":2,"enemies":"ats:Genji","floor":1,"turns":4},{"damage":2,"enemies":"Small Slimes","floor":3,"turns":2},{"damage":2,"enemies":"2 Louse","floor":4,"turns":3},{"damage":19,"enemies":"Blue Slaver","floor":5,"turns":3},{"damage":17,"enemies":"3 Louse","floor":7,"turns":3},{"damage":9,"enemies":"3 Sentries","floor":8,"turns":4},{"damage":26,"enemies":"Replay:BlueRogue","floor":11,"turns":7},{"damage":10,"enemies":"Looter","floor":13,"turns":7},{"damage":45,"enemies":"Fading Forest","floor":16,"turns":11},{"damage":29,"enemies":"ruina:BadWolf","floor":18,"turns":5},{"damage":21,"enemies":"ruina:Nosferatu","floor":20,"turns":6},{"damage":35,"enemies":"ruina:3_Scarecrows","floor":21,"turns":5},{"damage":118,"enemies":"ruina:Mountain","floor":23,"turns":17},{"damage":29,"enemies":"ruina:Woodsman","floor":25,"turns":4},{"damage":28,"enemies":"ruina:ServantOfWrath","floor":29,"turns":5},{"damage":13,"enemies":"ruina:KnightOfDespair","floor":30,"turns":5},{"damage":30,"enemies":"ruina:Nos_and_Bat","floor":31,"turns":5},{"damage":65,"enemies":"ruina:Ozma","floor":33,"turns":9},{"damage":74,"enemies":"Hallownest:2_Littles","floor":35,"turns":8},{"damage":85,"enemies":"Hallownest:Shield_Heavy","floor":36,"turns":10},{"damage":109,"enemies":"Hallownest:2_Primals","floor":38,"turns":4}],"seed_played":"1950699160983243177","potions_obtained":[{"floor":4,"key":"LifebloodPotion"},{"floor":5,"key":"LiquidBronze"},{"floor":7,"key":"blueLaboratory:BottleOfVodka"},{"floor":13,"key":"blueLaboratory:EmptyBottle"},{"floor":16,"key":"ats:Burn Small Potion"},{"floor":18,"key":"FearPotion"},{"floor":23,"key":"ats:Top Emergency Sanity Potion"},{"floor":25,"key":"SmokeBomb"},{"floor":31,"key":"Venom Potion"}],"is_trial":false,"path_per_floor":["M","$","M","M","M","R","M","E","T","?","E","M","M","?","R","B",null,"M","?","M","M","AVR","E","R","M","T","$","?","E","M","M","R","B",null,"M","M","?","?"],"character_chosen":"DOCTOR_CLASS","items_purchased":["ats:Neurotoxin","ats:Explosion Area Strengthen+1","ats:Overload","ats:Calcification","ReplayTheSpireMod:CursedCoin","infinitespire:BottledMercury"],"campfire_rested":0,"item_purchase_floors":[0,0,2,27,27,27],"current_hp_per_floor":[70,70,68,66,47,47,35,26,26,26,11,11,45,53,53,72,72,53,53,57,46,53,79,79,56,56,56,56,49,49,57,57,46,79,79,79,79,0,0],"gold":279,"neow_bonus":"","is_daily":false,"chose_seed":false,"campfire_upgraded":4,"win_rate":0.0,"timestamp":1613829026,"path_taken":["M","$","?","M","M","R","M","E","T","?","E","M","M","?","R","BOSS","M","?","M","M","AVR","E","R","M","T","$","?","E","M","M","R","BOSS","M","M","?","?"],"items_purchased_type":["Card","Card","Card","Card","Relic","Relic"],"build_version":"2020-12-22","purchased_purges":4,"victory":false,"max_hp_per_floor":[72,72,72,72,72,72,72,72,72,72,72,72,72,72,72,72,72,72,72,72,72,79,79,79,79,79,79,79,79,79,79,79,79,79,79,79,79,79,79],"card_choices":[{"not_picked":["ats:Assault Order","ats:Hook Shot","ats:Guard Mode"],"picked":"SKIP","floor":1},{"not_picked":["ats:Revitalization","ats:Ignite"],"picked":"ats:Consecutive Shot Auto","floor":3},{"not_picked":["ats:Song Of Battle","ats:Guard Mode"],"picked":"ats:Poison Spread","floor":4},{"not_picked":["ats:Flexible Camouflage","ats:Explosion Area Strengthen"],"picked":"ats:Revitalization","floor":5},{"not_picked":["ats:Blood Oath","ats:Poison Spread"],"picked":"ats:Ambush","floor":7},{"not_picked":["ats:Cat Scratch","ats:Demon Strength"],"picked":"ats:Consecutive Shot Auto","floor":8},{"not_picked":["ats:Phantom","ats:Consecutive Shot Auto"],"picked":"ats:Nebulous Foxfire","floor":11},{"not_picked":["ats:Shell Defense","ats:Disruption Kick"],"picked":"ats:Revitalization","floor":13},{"not_picked":["ats:Shadow Assault","ats:Dogmatic Field"],"picked":"ats:Ambush","floor":16},{"not_picked":["ats:Encircling Forest","ats:Mental Burst"],"picked":"ats:Shell Defense","floor":18},{"not_picked":["ats:Blood Oath","ats:Guard Mode"],"picked":"ats:Revitalization","floor":20},{"not_picked":["ats:Explosion Area Strengthen+1","ats:Ignite"],"picked":"ats:Flexible Camouflage+1","floor":21},{"not_picked":["ats:Guardian Obelisk","ats:Charging Defense+1"],"picked":"ats:Volcano","floor":23},{"not_picked":["ats:Very Hot Blade","ats:Ignite+1"],"picked":"ats:Revitalization","floor":25},{"not_picked":["ats:Steam Pump","ats:Leaping Hammer+1","ats:LN2 Cannon+1"],"picked":"SKIP","floor":29},{"not_picked":["ats:Red Shift","ats:Sashimi Platter"],"picked":"ats:Poison Spread","floor":30},{"not_picked":["ats:Powerful Strike","ats:Closed Bolt Burst Fire","ats:Guard Mode"],"picked":"SKIP","floor":31},{"not_picked":["ats:Echo Reverb","ats:Ambush"],"picked":"ats:Nebulous Foxfire","floor":33},{"not_picked":["ats:Shadow Raid+1","ats:Sword Rain+1","ats:Revitalization"],"picked":"SKIP","floor":35},{"not_picked":["ats:Demon Strength","ats:Ignite"],"picked":"ats:Apocalypse","floor":36}],"player_experience":1164884,"relics_obtained":[{"floor":1,"key":"LetterFromLob"},{"floor":8,"key":"ats:Originium"},{"floor":8,"key":"Snack Pack"},{"floor":11,"key":"ats:Originium"},{"floor":11,"key":"reliquary:Stiletto"},{"floor":23,"key":"ats:Originium"},{"floor":23,"key":"Onion Ring"},{"floor":26,"key":"reliquary:TuningFork"},{"floor":29,"key":"ats:Originium"},{"floor":29,"key":"ReplayTheSpireMod:TigerMarble"},{"floor":36,"key":"wanderingMiniBosses:ThiefScarf"},{"floor":36,"key":"Snack Pack"},{"floor":36,"key":"reliquary:Stiletto"},{"floor":36,"key":"reliquary:PorcupineQuills"}],"event_choices":[{"damage_healed":0,"gold_gain":30,"player_choice":"Searched \u00272\u0027 times","damage_taken":0,"relics_obtained":["reliquary:PorcupineQuills"],"max_hp_gain":0,"max_hp_loss":0,"event_name":"Dead Adventurer","floor":10,"gold_loss":0}],"is_beta":false,"boss_relics":[{"not_picked":["ats:Tactical Delivery","Abe\u0027s Treasure"],"picked":"Empty Cage"},{"not_picked":["Painkiller Herb","Runic Pyramid"],"picked":"Replay:Grab Bag"},{"not_picked":["ReplayTheSpireMod:DimensionalGlitch","Sozu"],"picked":"reliquary:Ember"},{"not_picked":["Replay:Wanted Poster","Coffee Dripper"],"picked":"reliquary:Craggleroot"},{"not_picked":["ReplayTheSpireMod:SealedPack","Snecko Eye"],"picked":"Pandora\u0027s Box"}],"items_purged_floors":[0,0,22,27],"is_endless":false,"potions_floor_spawned":[4,5,7,13,16,18,23,25,31],"killed_by":"Hallownest:2_Primals","ascension_level":0}}