{"host":"krw8kyiy0um8ye49","time":1613779199,"event":{"mods":["BaseMod","Minty Spire (QoL Compilation)","StSLib"],"gold_per_floor":[115,115,115,177,192,192,217,217,217,217,245,149,162,182,182,280,280,292,342,352,428,478,478,493,493,493,518,531,309,324,349,349,447,447,447,497,601,651,670,696,285,318,341,351,378,392,392,442,442,442,442,442,13,42,42],"floor_reached":56,"language":"ENG","playtime":2629,"items_purged":["Strike_R","Strike_R"],"score":1589,"play_id":"072ff5cf-81f9-4307-9f74-006dd74c6196","local_time":"20210220005959","is_ascension_mode":true,"campfire_choices":[{"data":"Clothesline","floor":6,"key":"SMITH"},{"data":"Bash","floor":8,"key":"SMITH"},{"data":"Burning Pact","floor":10,"key":"SMITH"},{"floor":15,"key":"REST"},{"data":"Inflame","floor":23,"key":"SMITH"},{"data":"Havoc","floor":25,"key":"SMITH"},{"data":"Defend_R","floor":32,"key":"SMITH"},{"floor":47,"key":"RECALL"},{"data":"Limit Break","floor":49,"key":"SMITH"},{"data":"Defend_R","floor":52,"key":"SMITH"}],"circlet_count":0,"master_deck":["Strike_R","Strike_R+1","Strike_R","Defend_R+1","Defend_R","Defend_R+1","Defend_R+1","Bash+1","Burning Pact+1","Clothesline+1","Rampage+1","Twin Strike+1","Iron Wave+1","Uppercut+1","Inflame+1","Limit Break+1","Havoc+1","Pommel Strike+1","Dropkick+1","Feel No Pain+1","Sword Boomerang+1","Metallicize+1","Pummel+1","Battle Trance+1","Feed+1","Fire Breathing+1","Combust+1"],"relics":["Burning Blood","Dream Catcher","SsserpentHead","Molten Egg 2","Mummified Hand","Shuriken","TheAbacus","Coffee Dripper","Boot","Frozen Egg 2","Pear","Dead Branch","Busted Crown","Lizard Tail","Lantern","Ornamental Fan","Regal Pillow","Bag of Preparation","Pen Nib","Bag of Marbles","Orichalcum"],"acts_visited":["Exordium","TheCity","TheBeyond","TheEnding"],"potions_floor_usage":[11,18,31,31,31,33,35,40,42,45,55,55,55],"damage_taken":[{"damage":12,"enemies":"Small Slimes","floor":1,"turns":3},{"damage":16,"enemies":"2 Louse","floor":4,"turns":4},{"damage":0,"enemies":"Cultist","floor":5,"turns":3},{"damage":21,"enemies":"Lagavulin","floor":7,"turns":9},{"damage":24,"enemies":"Gremlin Nob","floor":11,"turns":4},{"damage":11,"enemies":"Exordium Thugs","floor":13,"turns":5},{"damage":6,"enemies":"3 Louse","floor":14,"turns":3},{"damage":20,"enemies":"The Guardian","floor":16,"turns":12},{"damage":7,"enemies":"3 Byrds","floor":18,"turns":6},{"damage":17,"enemies":"Spheric Guardian","floor":20,"turns":4},{"damage":20,"enemies":"3 Cultists","floor":24,"turns":5},{"damage":15,"enemies":"Book of Stabbing","floor":27,"turns":4},{"damage":7,"enemies":"Chosen and Byrds","floor":28,"turns":4},{"damage":6,"enemies":"Snake Plant","floor":30,"turns":2},{"damage":18,"enemies":"Gremlin Leader","floor":31,"turns":4},{"damage":9,"enemies":"Automaton","floor":33,"turns":6},{"damage":4,"enemies":"3 Darklings","floor":35,"turns":2},{"damage":12,"enemies":"2 Orb Walkers","floor":37,"turns":4},{"damage":3,"enemies":"Orb Walker","floor":39,"turns":2},{"damage":0,"enemies":"Giant Head","floor":40,"turns":5},{"damage":0,"enemies":"Reptomancer","floor":42,"turns":5},{"damage":3,"enemies":"Jaw Worm Horde","floor":44,"turns":3},{"damage":18,"enemies":"Nemesis","floor":45,"turns":5},{"damage":23,"enemies":"Writhing Mass","floor":46,"turns":4},{"damage":2,"enemies":"Donu and Deca","floor":50,"turns":5},{"damage":16,"enemies":"Shield and Spear","floor":54,"turns":4},{"damage":58,"enemies":"The Heart","floor":55,"turns":7}],"seed_played":"8712173451706598753","potions_obtained":[{"floor":1,"key":"Energy Potion"},{"floor":11,"key":"DuplicationPotion"},{"floor":14,"key":"EntropicBrew"},{"floor":16,"key":"SkillPotion"},{"floor":20,"key":"SmokeBomb"},{"floor":24,"key":"DuplicationPotion"},{"floor":31,"key":"Block Potion"},{"floor":39,"key":"PowerPotion"},{"floor":40,"key":"GamblersBrew"},{"floor":42,"key":"PowerPotion"},{"floor":46,"key":"SmokeBomb"},{"floor":54,"key":"EssenceOfSteel"}],"is_trial":false,"path_per_floor":["M","?","?","M","M","R","E","R","T","R","E","$","M","M","R","B",null,"M","?","M","T","?","R","M","R","T","E","M","$","M","E","R","B",null,"M","?","?","?","M","E","$","E","T","M","E","M","R","?","R","B",null,"R","$","E","B",null],"character_chosen":"IRONCLAD","items_purchased":["TheAbacus","Metallicize+1","Pummel+1","Ornamental Fan","Fire Breathing+1","Pen Nib","Bag of Marbles","EssenceOfSteel","SteroidPotion"],"campfire_rested":1,"item_purchase_floors":[12,29,29,41,41,53,53,53,53],"current_hp_per_floor":[74,58,58,48,54,54,39,39,39,39,21,21,16,16,40,26,80,79,64,53,53,53,53,39,39,39,40,39,39,39,27,27,24,95,95,95,89,89,92,95,95,95,95,95,83,66,66,66,66,70,90,90,90,84,32],"gold":42,"neow_bonus":"RANDOM_COMMON_RELIC","is_daily":false,"chose_seed":false,"campfire_upgraded":8,"win_rate":0.0,"timestamp":1613779199,"path_taken":["M","?","?","?","M","R","E","R","T","R","E","?","M","M","R","BOSS","M","?","M","?","?","R","M","R","T","E","M","$","M","E","R","BOSS","M","?","?","?","M","E","$","E","T","M","E","M","R","?","R","BOSS","R","$","E","BOSS"],"items_purchased_type":["Relic","Card","Card","Relic","Card","Relic","Relic","Potion","Potion"],"build_version":"2020-12-22","purchased_purges":2,"victory":true,"max_hp_per_floor":[80,80,80,80,80,80,80,80,80,80,80,80,80,80,80,80,80,80,85,85,85,85,85,85,85,85,95,95,95,95,95,95,95,95,95,95,95,95,95,95,95,95,95,95,95,95,95,90,90,90,90,90,90,94,94],"card_choices":[{"not_picked":["Clash","Shrug It Off"],"picked":"Burning Pact","floor":1},{"not_picked":["Warcry","Combust"],"picked":"Clothesline","floor":4},{"not_picked":["True Grit","Clothesline","Blood for Blood"],"picked":"SKIP","floor":5},{"not_picked":["Juggernaut","Intimidate"],"picked":"Rampage+1","floor":7},{"not_picked":["Offering","Perfected Strike+1"],"picked":"Twin Strike+1","floor":11},{"not_picked":["Power Through","True Grit"],"picked":"Iron Wave+1","floor":13},{"not_picked":["Havoc","Body Slam+1"],"picked":"Uppercut+1","floor":14},{"not_picked":["Clash+1","Whirlwind+1"],"picked":"Inflame","floor":15},{"not_picked":["Exhume","Corruption"],"picked":"Limit Break","floor":16},{"not_picked":["Cleave+1","Blood for Blood+1"],"picked":"Havoc","floor":18},{"not_picked":["Armaments","Reckless Charge+1"],"picked":"Pommel Strike+1","floor":20},{"not_picked":["Clothesline+1","Havoc"],"picked":"Dropkick+1","floor":24},{"not_picked":["Iron Wave+1","Bloodletting"],"picked":"Feel No Pain+1","floor":27},{"not_picked":["Anger+1","Body Slam+1"],"picked":"Sword Boomerang+1","floor":28},{"not_picked":["Shrug It Off","Brutality+1"],"picked":"Battle Trance+1","floor":30},{"not_picked":["Thunderclap+1","Armaments","Cleave+1"],"picked":"SKIP","floor":31},{"not_picked":["Immolate+1","Fiend Fire+1"],"picked":"Feed+1","floor":33},{"not_picked":["Rage"],"picked":"SKIP","floor":39},{"not_picked":["Havoc"],"picked":"SKIP","floor":40},{"not_picked":["Wild Strike+1"],"picked":"SKIP","floor":42},{"not_picked":["Pommel Strike+1"],"picked":"SKIP","floor":44},{"not_picked":[],"picked":"Combust+1","floor":45},{"not_picked":["Anger+1"],"picked":"SKIP","floor":46},{"not_picked":["Seeing Red"],"picked":"SKIP","floor":54}],"player_experience":186686,"relics_obtained":[{"floor":7,"key":"Molten Egg 2"},{"floor":9,"key":"Mummified Hand"},{"floor":11,"key":"Shuriken"},{"floor":21,"key":"Boot"},{"floor":26,"key":"Frozen Egg 2"},{"floor":27,"key":"Pear"},{"floor":31,"key":"Dead Branch"},{"floor":37,"key":"Lizard Tail"},{"floor":40,"key":"Lantern"},{"floor":42,"key":"Regal Pillow"},{"floor":45,"key":"Bag of Preparation"},{"floor":54,"key":"Orichalcum"}],"event_choices":[{"damage_healed":0,"gold_gain":0,"player_choice":"Entered Light","damage_taken":16,"max_hp_gain":0,"max_hp_loss":0,"event_name":"Shining Light","floor":2,"gold_loss":0,"cards_upgraded":["Defend_R","Strike_R"]},{"damage_healed":0,"gold_gain":0,"player_choice":"Trade","damage_taken":0,"relics_obtained":["SsserpentHead"],"max_hp_gain":0,"max_hp_loss":0,"event_name":"FaceTrader","floor":3,"gold_loss":0},{"damage_healed":0,"gold_gain":0,"player_choice":"Shed Blood","damage_taken":20,"max_hp_gain":5,"max_hp_loss":0,"event_name":"Forgotten Altar","floor":19,"gold_loss":0},{"damage_healed":0,"gold_gain":0,"player_choice":"Ignored","damage_taken":0,"max_hp_gain":0,"max_hp_loss":0,"event_name":"Vampires","floor":22,"gold_loss":0},{"damage_healed":0,"gold_gain":0,"player_choice":"Memory 1","damage_taken":0,"max_hp_gain":0,"max_hp_loss":0,"event_name":"SensoryStone","floor":36,"gold_loss":0},{"damage_healed":0,"gold_gain":0,"player_choice":"Fight","damage_taken":0,"max_hp_gain":0,"max_hp_loss":0,"event_name":"Mysterious Sphere","floor":37,"gold_loss":0},{"damage_healed":0,"gold_gain":0,"player_choice":"Ignored","damage_taken":0,"max_hp_gain":0,"max_hp_loss":0,"event_name":"Tomb of Lord Red Mask","floor":38,"gold_loss":0},{"damage_healed":0,"gold_gain":0,"player_choice":"Max HP","damage_taken":0,"max_hp_gain":0,"max_hp_loss":5,"event_name":"Winding Halls","floor":48,"gold_loss":0}],"is_beta":false,"boss_relics":[{"not_picked":["Runic Cube","Tiny House"],"picked":"Coffee Dripper"},{"not_picked":["Black Blood","Empty Cage"],"picked":"Busted Crown"}],"items_purged_floors":[29,41],"is_endless":false,"potions_floor_spawned":[1,11,14,16,20,24,30,31,39,40,42,46,54],"ascension_level":2}}