{"host":"6q94iy5iz6612v89","time":1613828713,"event":{"mods":["2.2 Compatiblity","AchievementEnabler","BaseMod","Colored Map","DeckTracker","Keyboard Shortcuts","Minty Spire (QoL Compilation)","Permanent Neow","StSLib","SuperFastMode"],"gold_per_floor":[118,39,39,39,39,65,35,35,35,60,76,76,90,123,123,123,123],"floor_reached":16,"language":"KOR","playtime":205,"items_purged":[],"score":332,"play_id":"71263637-52d3-437c-b0d9-e3c246e0c6f7","local_time":"20210220224513","is_ascension_mode":true,"campfire_choices":[{"data":"Poisoned Stab","floor":8,"key":"SMITH"},{"data":"Cloak And Dagger","floor":12,"key":"SMITH"},{"data":"Grand Finale","floor":15,"key":"SMITH"}],"circlet_count":0,"master_deck":["AscendersBane","Strike_G","Strike_G","Strike_G","Strike_G","Defend_G","Defend_G","Defend_G","Defend_G","Defend_G","Survivor","Neutralize","Poisoned Stab+1","Footwork","Calculated Gamble","Grand Finale+1","Cloak And Dagger+1","Cloak And Dagger","Dodge and Roll"],"relics":["Ring of the Snake","NeowsBlessing","Smiling Mask","Omamori","StrikeDummy","HornCleat","Sundial"],"acts_visited":["Exordium"],"potions_floor_usage":[14,16],"damage_taken":[{"damage":0,"enemies":"2 Louse","floor":1,"turns":1},{"damage":0,"enemies":"Lagavulin","floor":6,"turns":1},{"damage":0,"enemies":"Gremlin Nob","floor":10,"turns":1},{"damage":0,"enemies":"Small Slimes","floor":11,"turns":3},{"damage":0,"enemies":"Cultist","floor":13,"turns":3},{"damage":21,"enemies":"Lagavulin","floor":14,"turns":6},{"damage":0,"enemies":"Slime Boss","floor":16,"turns":5}],"seed_played":"-2865562559566401227","potions_obtained":[{"floor":7,"key":"EssenceOfSteel"},{"floor":7,"key":"SteroidPotion"},{"floor":10,"key":"SteroidPotion"}],"is_trial":false,"path_per_floor":["M","$","?","$","?","E","?","R","T","E","M","R","M","E","R","B"],"character_chosen":"THE_SILENT","items_purchased":["Footwork"],"campfire_rested":0,"item_purchase_floors":[2],"current_hp_per_floor":[59,59,33,33,33,33,33,33,33,33,33,33,33,12,12,12,12],"gold":123,"neow_bonus":"THREE_ENEMY_KILL","is_daily":false,"chose_seed":false,"campfire_upgraded":3,"win_rate":0.0,"timestamp":1613828713,"path_taken":["M","$","?","$","?","E","?","R","T","E","M","R","M","E","R","BOSS"],"items_purchased_type":["Card"],"build_version":"2020-12-22","purchased_purges":0,"victory":false,"max_hp_per_floor":[66,66,66,66,66,66,66,66,66,66,66,66,66,66,66,66,66],"card_choices":[{"not_picked":["Backflip","Sucker Punch"],"picked":"Poisoned Stab","floor":1},{"not_picked":["Heel Hook","Slice"],"picked":"Calculated Gamble","floor":6},{"not_picked":["Prepared","Slice"],"picked":"Grand Finale","floor":10},{"not_picked":["Sucker Punch","Backflip"],"picked":"Cloak And Dagger","floor":11},{"not_picked":["Prepared","Underhanded Strike"],"picked":"Cloak And Dagger","floor":13},{"not_picked":["Outmaneuver","Concentrate","Dodge and Roll"],"picked":"SKIP","floor":14},{"not_picked":["Outmaneuver","Concentrate"],"picked":"Dodge and Roll","floor":14}],"player_experience":1495293,"relics_obtained":[{"floor":6,"key":"Omamori"},{"floor":9,"key":"StrikeDummy"},{"floor":10,"key":"HornCleat"},{"floor":14,"key":"Sundial"}],"event_choices":[{"damage_healed":0,"gold_gain":0,"player_choice":"Success","damage_taken":26,"relics_obtained":["Smiling Mask"],"max_hp_gain":0,"max_hp_loss":0,"event_name":"Scrap Ooze","floor":3,"gold_loss":0},{"cards_removed":["Strike_G"],"damage_healed":0,"gold_gain":0,"player_choice":"Forget","damage_taken":0,"max_hp_gain":0,"max_hp_loss":0,"event_name":"Living Wall","floor":5,"gold_loss":0},{"damage_healed":0,"gold_gain":0,"player_choice":"Bought 2 Potions","damage_taken":0,"max_hp_gain":0,"max_hp_loss":0,"event_name":"The Woman in Blue","floor":7,"gold_loss":0}],"is_beta":false,"boss_relics":[],"items_purged_floors":[],"is_endless":false,"potions_floor_spawned":[10,11],"killed_by":"Slime Boss","ascension_level":20}}