{"host":"r4aerl4ckfvw1dw3","time":1613802665,"event":{"mods":["BaseMod","BetterRewards","Minty Spire (QoL Compilation)","Quick Restart","StSLib"],"gold_per_floor":[115,133,151,163,163,191,191,225,248,273,284,40,69,69,69,199,199,219,15,33,33,54,87,87,128,207,207,4,129,44,57,57,188,188,206,206,206,229,151,151,182,182,182,195,0,0,42,66,66,66,66,66,16,66,66],"floor_reached":56,"language":"ENG","playtime":5524,"items_purged":["Strike_R","Strike_R","Strike_R","Regret","Strike_R+1"],"score":1769,"play_id":"842091e6-b098-4e9d-9493-aea2066676ec","local_time":"20210219223105","is_ascension_mode":true,"campfire_choices":[{"data":"Carnage","floor":7,"key":"SMITH"},{"data":"Anger","floor":15,"key":"SMITH"},{"floor":24,"key":"REST"},{"data":"True Grit","floor":27,"key":"SMITH"},{"data":"Shockwave","floor":32,"key":"SMITH"},{"floor":40,"key":"RECALL"},{"data":"True Grit","floor":42,"key":"SMITH"},{"data":"Apotheosis","floor":49,"key":"SMITH"},{"data":"Limit Break","floor":52,"key":"SMITH"}],"circlet_count":0,"master_deck":["AscendersBane","Strike_R+1","Defend_R","Defend_R","Defend_R","Defend_R","Bash","Anger+1","Carnage+1","Shrug It Off","Armaments","Uppercut","Reaper","Feel No Pain","Battle Trance","Reaper","Inflame+1","True Grit+1","Offering","Shrug It Off","Shockwave+1","Dark Embrace+1","Barricade","True Grit+1","True Grit+1","Dark Embrace+1","Limit Break+1","Flame Barrier","Apotheosis+1","Shrug It Off+1","Inflame","Disarm"],"relics":["Burning Blood","Bottled Flame","Smiling Mask","Nunchaku","Whetstone","ClockworkSouvenir","Blood Vial","Golden Idol","Cursed Key","Centennial Puzzle","Toy Ornithopter","PreservedInsect","Ginger","Ornamental Fan","Happy Flower","Sozu","Orichalcum","Potion Belt","CeramicFish","Akabeko"],"acts_visited":["Exordium","TheCity","TheBeyond","TheEnding"],"potions_floor_usage":[6,6,8,13,16,18,23,25,29,54,54],"damage_taken":[{"damage":1,"enemies":"Cultist","floor":1,"turns":3},{"damage":2,"enemies":"2 Louse","floor":2,"turns":3},{"damage":0,"enemies":"Small Slimes","floor":3,"turns":3},{"damage":12,"enemies":"Looter","floor":4,"turns":3},{"damage":43,"enemies":"Lagavulin","floor":6,"turns":6},{"damage":17,"enemies":"3 Sentries","floor":8,"turns":8},{"damage":21,"enemies":"Gremlin Nob","floor":10,"turns":4},{"damage":0,"enemies":"Blue Slaver","floor":11,"turns":3},{"damage":16,"enemies":"3 Sentries","floor":13,"turns":8},{"damage":31,"enemies":"Slime Boss","floor":16,"turns":12},{"damage":18,"enemies":"3 Byrds","floor":18,"turns":4},{"damage":12,"enemies":"Chosen","floor":20,"turns":4},{"damage":13,"enemies":"Snecko","floor":22,"turns":4},{"damage":49,"enemies":"Book of Stabbing","floor":23,"turns":5},{"damage":59,"enemies":"Gremlin Leader","floor":25,"turns":6},{"damage":15,"enemies":"Colosseum Slavers","floor":29,"turns":6},{"damage":4,"enemies":"Colosseum Nobs","floor":29,"turns":5},{"damage":14,"enemies":"Shelled Parasite and Fungi","floor":31,"turns":8},{"damage":29,"enemies":"Collector","floor":33,"turns":7},{"damage":8,"enemies":"3 Shapes","floor":35,"turns":5},{"damage":6,"enemies":"Orb Walker","floor":38,"turns":2},{"damage":23,"enemies":"Nemesis","floor":41,"turns":15},{"damage":9,"enemies":"4 Shapes","floor":44,"turns":6},{"damage":6,"enemies":"Giant Head","floor":47,"turns":8},{"damage":6,"enemies":"Maw","floor":48,"turns":7},{"damage":63,"enemies":"Awakened One","floor":50,"turns":11},{"damage":72,"enemies":"Shield and Spear","floor":54,"turns":8},{"damage":71,"enemies":"The Heart","floor":55,"turns":14}],"seed_played":"-2836944612705658883","potions_obtained":[{"floor":0,"key":"Explosive Potion"},{"floor":0,"key":"Regen Potion"},{"floor":0,"key":"Regen Potion"},{"floor":6,"key":"Dexterity Potion"},{"floor":8,"key":"Explosive Potion"},{"floor":10,"key":"BloodPotion"},{"floor":13,"key":"Weak Potion"},{"floor":16,"key":"Explosive Potion"},{"floor":20,"key":"Block Potion"},{"floor":22,"key":"Swift Potion"},{"floor":29,"key":"DistilledChaos"},{"floor":31,"key":"SteroidPotion"}],"is_trial":false,"path_per_floor":["M","M","M","M","?","E","R","E","T","E","M","$","E","?","R","B",null,"M","$","M","?","M","E","R","E","T","R","$","?","?","M","R","B",null,"M","?","?","M","?","R","E","R","T","M","$","?","E","M","R","B",null,"R","$","E","B",null],"character_chosen":"IRONCLAD","items_purchased":["ClockworkSouvenir","Feel No Pain","Centennial Puzzle","Shockwave","Regen Potion","Limit Break","Flame Barrier"],"campfire_rested":1,"item_purchase_floors":[12,12,19,28,28,45,45],"current_hp_per_floor":[77,80,80,74,74,51,51,55,55,40,46,46,60,60,60,47,67,74,74,74,74,74,41,63,27,27,27,27,54,54,58,58,73,74,74,70,70,70,70,70,70,70,70,70,70,60,70,70,70,70,70,70,70,70,54],"gold":66,"neow_bonus":"THREE_SMALL_POTIONS","is_daily":false,"chose_seed":false,"campfire_upgraded":7,"win_rate":0.0,"timestamp":1613802665,"path_taken":["M","M","?","M","?","E","R","E","T","E","M","$","E","?","R","BOSS","M","$","M","?","M","E","R","E","T","R","$","?","?","M","R","BOSS","M","?","?","?","?","R","E","R","T","?","$","?","E","M","R","BOSS","R","$","E","BOSS"],"items_purchased_type":["Relic","Card","Relic","Card","Potion","Card","Card"],"build_version":"2020-12-22","purchased_purges":5,"victory":true,"max_hp_per_floor":[80,80,80,80,80,80,80,80,80,80,80,80,80,74,74,74,74,74,74,74,74,74,74,74,74,74,74,74,74,74,74,74,74,74,74,70,70,70,70,70,70,70,70,70,70,70,70,70,70,70,70,70,70,70,70],"card_choices":[{"not_picked":["Entrench","Burning Pact"],"picked":"Anger","floor":1},{"not_picked":["Metallicize","Anger","Warcry"],"picked":"SKIP","floor":2},{"not_picked":["Thunderclap","Power Through"],"picked":"Carnage","floor":3},{"not_picked":["Rupture","Anger"],"picked":"Shrug It Off","floor":4},{"not_picked":["Flex","Perfected Strike"],"picked":"Armaments","floor":6},{"not_picked":["Iron Wave","Rupture"],"picked":"Uppercut","floor":8},{"not_picked":["Perfected Strike","Twin Strike"],"picked":"Reaper","floor":10},{"not_picked":["Iron Wave","Whirlwind","Heavy Blade"],"picked":"SKIP","floor":11},{"not_picked":["Dual Wield","Havoc"],"picked":"Battle Trance","floor":13},{"not_picked":["Bludgeon","Limit Break"],"picked":"Reaper","floor":16},{"not_picked":["Shrug It Off","Sword Boomerang+1"],"picked":"Inflame+1","floor":18},{"not_picked":["Clash","Metallicize+1"],"picked":"True Grit","floor":20},{"not_picked":["Armaments","Perfected Strike","Twin Strike"],"picked":"SKIP","floor":22},{"not_picked":["Dark Embrace","Power Through"],"picked":"Offering","floor":23},{"not_picked":["Sword Boomerang+1","Hemokinesis+1"],"picked":"Shrug It Off","floor":25},{"not_picked":["Anger","Wild Strike+1"],"picked":"Dark Embrace+1","floor":29},{"not_picked":["Pummel","Entrench+1","Iron Wave+1"],"picked":"SKIP","floor":31},{"not_picked":["Offering","Double Tap"],"picked":"Barricade","floor":33},{"not_picked":["Havoc+1","Armaments","Sword Boomerang+1"],"picked":"SKIP","floor":35},{"not_picked":["Shrug It Off","Searing Blow"],"picked":"True Grit+1","floor":38},{"not_picked":["Dropkick","Cleave+1"],"picked":"True Grit","floor":41},{"not_picked":["Cleave+1","Anger"],"picked":"Dark Embrace+1","floor":44},{"not_picked":["Purity","Trip"],"picked":"Apotheosis","floor":46},{"not_picked":["Fire Breathing+1","Clash+1"],"picked":"Shrug It Off+1","floor":47},{"not_picked":["Infernal Blade","Rage+1"],"picked":"Inflame","floor":48},{"not_picked":["Burning Pact+1","Flex+1"],"picked":"Disarm","floor":54}],"player_experience":631031,"relics_obtained":[{"floor":6,"key":"Bottled Flame"},{"floor":8,"key":"Smiling Mask"},{"floor":9,"key":"Nunchaku"},{"floor":10,"key":"Whetstone"},{"floor":13,"key":"Blood Vial"},{"floor":23,"key":"Toy Ornithopter"},{"floor":25,"key":"PreservedInsect"},{"floor":29,"key":"Ginger"},{"floor":29,"key":"Ornamental Fan"},{"floor":41,"key":"Potion Belt"},{"floor":47,"key":"CeramicFish"},{"floor":54,"key":"Akabeko"}],"event_choices":[{"damage_healed":0,"gold_gain":0,"player_choice":"Ignored","damage_taken":0,"max_hp_gain":0,"max_hp_loss":0,"event_name":"Liars Game","floor":5,"gold_loss":0},{"damage_healed":0,"gold_gain":0,"player_choice":"Lose Max HP","damage_taken":0,"relics_obtained":["Golden Idol"],"max_hp_gain":0,"max_hp_loss":6,"event_name":"Golden Idol","floor":14,"gold_loss":0},{"damage_healed":0,"gold_gain":0,"player_choice":"Ignored","damage_taken":0,"max_hp_gain":0,"max_hp_loss":0,"event_name":"The Mausoleum","floor":21,"gold_loss":0},{"damage_healed":0,"gold_gain":0,"player_choice":"Fight","damage_taken":0,"max_hp_gain":0,"max_hp_loss":0,"event_name":"Colosseum","floor":29,"gold_loss":0},{"damage_healed":0,"gold_gain":0,"player_choice":"Fought Nobs","damage_taken":0,"max_hp_gain":0,"max_hp_loss":0,"event_name":"Colosseum","floor":29,"gold_loss":0},{"damage_healed":0,"gold_gain":0,"player_choice":"Obtained Relic","damage_taken":0,"relics_obtained":["Happy Flower"],"max_hp_gain":0,"max_hp_loss":0,"event_name":"Addict","floor":30,"gold_loss":85},{"damage_healed":0,"gold_gain":0,"player_choice":"Max HP","damage_taken":0,"max_hp_gain":0,"max_hp_loss":4,"event_name":"Winding Halls","floor":36,"gold_loss":0},{"damage_healed":0,"gold_gain":0,"player_choice":"Got Potions","damage_taken":0,"max_hp_gain":0,"max_hp_loss":0,"event_name":"Lab","floor":37,"gold_loss":0},{"damage_healed":0,"gold_gain":0,"player_choice":"Paid Gold","damage_taken":0,"relics_obtained":["Orichalcum"],"max_hp_gain":0,"max_hp_loss":0,"event_name":"WeMeetAgain","floor":39,"gold_loss":78},{"damage_healed":0,"gold_gain":0,"player_choice":"Memory 3","damage_taken":10,"max_hp_gain":0,"max_hp_loss":0,"event_name":"SensoryStone","floor":46,"gold_loss":0}],"is_beta":false,"boss_relics":[{"not_picked":["Velvet Choker","Astrolabe"],"picked":"Cursed Key"},{"not_picked":["Coffee Dripper","Black Star"],"picked":"Sozu"}],"items_purged_floors":[12,19,28,45,53],"is_endless":false,"potions_floor_spawned":[4,6,8,10,13,16,20,22,29,31,41,47,48],"ascension_level":10}}