{"host":"n2sr453jcjz6vvl4","time":1613841922,"event":{"mods":["BaseMod","Colored Map","Minty Spire (QoL Compilation)","Permanent Neow","Relic Stats","StSLib"],"gold_per_floor":[119,129,143,143,143,172,172,197,224,224,235,263,274,48,48,153,153,164,181,181,199,124,124,134,163,163,163,78,78,78,112,112,210,210,229,243,243,257,277,277,277],"floor_reached":40,"language":"ENG","playtime":2514,"items_purged":["Strike_B"],"score":538,"play_id":"0ad08ce6-322a-46c2-a1da-a8d6f2a9dca5","local_time":"20210220132522","is_ascension_mode":true,"campfire_choices":[{"floor":7,"key":"REST"},{"floor":10,"key":"REST"},{"data":"Zap","floor":15,"key":"SMITH"},{"data":"Leap","floor":23,"key":"SMITH"},{"data":"Dualcast","floor":27,"key":"SMITH"},{"floor":29,"key":"REST"},{"data":"Lockon","floor":32,"key":"SMITH"}],"circlet_count":0,"master_deck":["Strike_B","Strike_B","Defend_B+1","Defend_B","Defend_B","Defend_B","Zap+1","Dualcast+1","Self Repair+1","Leap+1","Sweeping Beam","FTL","Cold Snap","Ball Lightning","Lockon+1","Melter","Electrodynamics","Undo","Writhe","Double Energy+1","BootSequence","Ghostly","Ghostly","Ghostly","Ghostly","Ghostly","Thunder Strike"],"relics":["Cracked Core","Nunchaku","Pen Nib","Vajra","Regal Pillow","Ancient Tea Set","Strawberry","Lee\u0027s Waffle","Runic Pyramid","Bag of Preparation","StoneCalendar","Bottled Lightning","Tiny Chest","Singing Bowl","Busted Crown"],"acts_visited":["Exordium","TheCity","TheBeyond"],"potions_floor_usage":[19,19,21],"damage_taken":[{"damage":0,"enemies":"Small Slimes","floor":1,"turns":2},{"damage":2,"enemies":"Jaw Worm","floor":2,"turns":3},{"damage":0,"enemies":"2 Louse","floor":3,"turns":1},{"damage":51,"enemies":"Lagavulin","floor":6,"turns":9},{"damage":10,"enemies":"Gremlin Nob","floor":8,"turns":3},{"damage":0,"enemies":"Looter","floor":11,"turns":2},{"damage":16,"enemies":"Lagavulin","floor":12,"turns":5},{"damage":12,"enemies":"Exordium Wildlife","floor":13,"turns":3},{"damage":52,"enemies":"Hexaghost","floor":16,"turns":8},{"damage":36,"enemies":"Shell Parasite","floor":18,"turns":5},{"damage":18,"enemies":"2 Thieves","floor":19,"turns":3},{"damage":27,"enemies":"Snake Plant","floor":21,"turns":4},{"damage":19,"enemies":"Centurion and Healer","floor":24,"turns":3},{"damage":45,"enemies":"Book of Stabbing","floor":25,"turns":6},{"damage":2,"enemies":"Gremlin Leader","floor":31,"turns":6},{"damage":16,"enemies":"Collector","floor":33,"turns":9},{"damage":1,"enemies":"Orb Walker","floor":35,"turns":4},{"damage":0,"enemies":"3 Darklings","floor":36,"turns":5},{"damage":0,"enemies":"4 Shapes","floor":38,"turns":2},{"damage":2,"enemies":"Maw","floor":39,"turns":7},{"damage":90,"enemies":"Giant Head","floor":40,"turns":8}],"seed_played":"3789111375213665302","potions_obtained":[{"floor":6,"key":"AttackPotion"},{"floor":8,"key":"AttackPotion"},{"floor":11,"key":"LiquidMemories"},{"floor":16,"key":"EssenceOfDarkness"},{"floor":19,"key":"FairyPotion"},{"floor":21,"key":"Fruit Juice"},{"floor":33,"key":"GamblersBrew"},{"floor":36,"key":"PowerPotion"}],"is_trial":false,"path_per_floor":["M","M","M","?","?","E","R","E","T","R","M","E","M","$","R","B",null,"M","M","?","M","$","R","M","E","T","R","?","R","?","E","R","B",null,"M","M","?","M","M","E"],"character_chosen":"DEFECT","items_purchased":["Lee\u0027s Waffle","Melter"],"campfire_rested":3,"item_purchase_floors":[14,14],"current_hp_per_floor":[75,75,75,68,53,12,34,34,34,71,75,76,74,89,89,47,89,63,55,55,43,43,43,34,31,31,31,31,74,47,49,49,43,49,51,53,53,55,57,0,0],"gold":277,"neow_bonus":"RANDOM_COMMON_RELIC","is_daily":false,"chose_seed":false,"campfire_upgraded":4,"win_rate":0.0,"timestamp":1613841922,"path_taken":["M","M","M","?","?","E","R","E","T","R","M","E","M","$","R","BOSS","M","M","?","M","$","R","M","E","T","R","?","R","?","E","R","BOSS","M","M","?","?","M","E"],"items_purchased_type":["Relic","Card"],"build_version":"2020-12-22","purchased_purges":1,"victory":false,"max_hp_per_floor":[75,75,75,75,75,75,75,75,75,75,75,82,82,89,89,89,89,89,89,89,94,94,94,94,94,94,94,94,94,47,49,49,49,49,51,53,53,55,57,57,57],"relic_stats":{"Nunchaku":[17],"Regal Pillow":30,"Lee\u0027s Waffle":15,"Busted Crown":8,"Singing Bowl":10,"counters":[21,98],"StoneCalendar":[104],"Tiny Chest":0,"Pen Nib":[17],"Bag of Preparation":[20],"obtain_stats":[{"Regal Pillow":8,"Lee\u0027s Waffle":14,"Singing Bowl":31,"Vajra":6,"StoneCalendar":25,"Pen Nib":4,"Bag of Preparation":20,"Ancient Tea Set":9,"Nunchaku":0,"Busted Crown":34,"Strawberry":12,"Tiny Chest":28,"Bottled Lightning":26,"Cracked Core":0,"Runic Pyramid":17},{"Regal Pillow":5,"Lee\u0027s Waffle":8,"Singing Bowl":15,"Vajra":4,"StoneCalendar":14,"Pen Nib":3,"Bag of Preparation":11,"Ancient Tea Set":5,"Nunchaku":0,"Busted Crown":16,"Strawberry":7,"Tiny Chest":14,"Bottled Lightning":14,"Cracked Core":0,"Runic Pyramid":9},{"Regal Pillow":18,"Lee\u0027s Waffle":28,"Singing Bowl":63,"Vajra":15,"StoneCalendar":57,"Pen Nib":6,"Bag of Preparation":44,"Ancient Tea Set":18,"Nunchaku":0,"Busted Crown":72,"Strawberry":25,"Tiny Chest":57,"Bottled Lightning":57,"Cracked Core":0,"Runic Pyramid":36}]},"card_choices":[{"not_picked":["Cold Snap","Rebound"],"picked":"Self Repair","floor":1},{"not_picked":["Consume","Stack"],"picked":"Leap","floor":2},{"not_picked":["Conserve Battery","BootSequence"],"picked":"Sweeping Beam","floor":3},{"not_picked":["Lockon","Sweeping Beam"],"picked":"FTL","floor":6},{"not_picked":["BootSequence","Redo"],"picked":"Cold Snap","floor":8},{"not_picked":["FTL","Barrage"],"picked":"Ball Lightning","floor":11},{"not_picked":["Recycle","BootSequence"],"picked":"Lockon","floor":12},{"not_picked":["Sunder","Reprogram","Skim"],"picked":"SKIP","floor":13},{"not_picked":["Biased Cognition","Creative AI"],"picked":"Electrodynamics","floor":16},{"not_picked":["Redo","Steam+1","Fusion"],"picked":"SKIP","floor":18},{"not_picked":["Conserve Battery","Heatsinks+1"],"picked":"Undo","floor":19},{"not_picked":["Coolheaded","Gash"],"picked":"Double Energy+1","floor":21},{"not_picked":["Blizzard","Steam","Sweeping Beam"],"picked":"SKIP","floor":24},{"not_picked":["Hologram","Blizzard"],"picked":"BootSequence","floor":25},{"not_picked":["Lockon","Darkness","Amplify"],"picked":"Singing Bowl","floor":31},{"not_picked":["Meteor Strike","Rainbow"],"picked":"Thunder Strike","floor":33},{"not_picked":["Streamline"],"picked":"Singing Bowl","floor":35},{"not_picked":["Rebound+1"],"picked":"Singing Bowl","floor":36},{"not_picked":["Sunder+1"],"picked":"Singing Bowl","floor":38},{"not_picked":["Beam Cell"],"picked":"Singing Bowl","floor":39}],"player_experience":209797,"relics_obtained":[{"floor":6,"key":"Vajra"},{"floor":8,"key":"Regal Pillow"},{"floor":9,"key":"Ancient Tea Set"},{"floor":12,"key":"Strawberry"},{"floor":25,"key":"StoneCalendar"},{"floor":26,"key":"Bottled Lightning"},{"floor":31,"key":"Singing Bowl"}],"event_choices":[{"damage_healed":0,"gold_gain":0,"player_choice":"Success","damage_taken":7,"relics_obtained":["Pen Nib"],"max_hp_gain":0,"max_hp_loss":0,"event_name":"Scrap Ooze","floor":4,"gold_loss":0},{"damage_healed":0,"gold_gain":0,"player_choice":"Entered Light","damage_taken":15,"max_hp_gain":0,"max_hp_loss":0,"event_name":"Shining Light","floor":5,"gold_loss":0,"cards_upgraded":["Defend_B","Self Repair"]},{"damage_healed":0,"gold_gain":0,"player_choice":"Opened","damage_taken":0,"relics_obtained":["Bag of Preparation"],"max_hp_gain":0,"max_hp_loss":0,"event_name":"The Mausoleum","floor":20,"gold_loss":0,"cards_obtained":["Writhe"]},{"damage_healed":0,"gold_gain":0,"player_choice":"Obtained Relic","damage_taken":0,"relics_obtained":["Tiny Chest"],"max_hp_gain":0,"max_hp_loss":0,"event_name":"Addict","floor":28,"gold_loss":85},{"damage_healed":0,"gold_gain":0,"player_choice":"Became a Ghost","damage_taken":0,"max_hp_gain":0,"max_hp_loss":47,"event_name":"Ghosts","floor":30,"gold_loss":0,"cards_obtained":["Ghostly","Ghostly","Ghostly","Ghostly","Ghostly"]},{"cards_removed":["Strike_B"],"damage_healed":0,"gold_gain":0,"player_choice":"Purged","damage_taken":0,"max_hp_gain":0,"max_hp_loss":0,"event_name":"Purifier","floor":37,"gold_loss":0}],"is_beta":false,"boss_relics":[{"not_picked":["Empty Cage","SlaversCollar"],"picked":"Runic Pyramid"},{"not_picked":["Runic Dome","Snecko Eye"],"picked":"Busted Crown"}],"items_purged_floors":[22],"is_endless":false,"potions_floor_spawned":[6,8,11,16,19,21,33,36,38],"killed_by":"Giant Head","ascension_level":3}}