{"host":"Aki","time":1613832295,"event":{"mods":["ATMod(°¢èªMod)","Act Like it!","BaseMod","Better Vampires","Challenge The Spire","Colored Powertips","Custom Start","Energized Spire","Minty Spire (QoL Compilation)","MostiFishMod","Quick Restart","StSLib","Waifu the Spire","Youmu£¨»êÆÇÑýÃÎ£©","noobMod","¡¾ÒÅÎï¿¨ÅÆ¡¿REMEMod"],"gold_per_floor":[109,284,298,298,322,322,353,371,371,412,412,426,-1387,-1374,-1374,-1246,-1246,21,21,21],"floor_reached":19,"language":"ZHS","playtime":862,"items_purged":["Doubt"],"score":298,"play_id":"c6025802-88b4-4821-ba6c-519123d8de70","local_time":"20210220224455","is_ascension_mode":true,"campfire_choices":[{"data":"Sunder","floor":6.0,"key":"SMITH"},{"data":"Coolheaded","floor":15.0,"key":"SMITH"}],"circlet_count":0,"master_deck":["Strike_B","Strike_B","Strike_B","Strike_B","Defend_B","Defend_B","Defend_B","Defend_B","Zap","Dualcast","Sunder+1","Storm","Ball Lightning","Coolheaded+1","MostiFishMod:GatherIntelligence","REME_Whirling","Turbo","MostiFishMod:Exploitation","Buffer+1","MostiFishMod:TalkingToTheRain+1","Reboot","MostiFishMod:Prepare+1","AT_RightCognition+1"],"relics":["Cracked Core","ice","AT_ATBox","REME_ComplimentaryCards","DaveBox","MetatronsCube","NeowsBlessing","SynthV:TestCard","Golden Idol","HornCleat","Question Card","Frozen Egg 2","FaceOfCleric","REME_IWantAll","SynthV:MejaisSoulstealer","HereWithMe"],"acts_visited":["Exordium","TheCity"],"potions_floor_usage":[],"damage_taken":[{"damage":0.0,"enemies":"2 Louse","floor":1.0,"turns":1.0},{"damage":0.0,"enemies":"Small Slimes","floor":3.0,"turns":1.0},{"damage":0.0,"enemies":"Cultist","floor":5.0,"turns":1.0},{"damage":16.0,"enemies":"Gremlin Nob","floor":7.0,"turns":3.0},{"damage":8.0,"enemies":"Lots of Slimes","floor":8.0,"turns":3.0},{"damage":14.0,"enemies":"Lagavulin","floor":10.0,"turns":5.0},{"damage":0.0,"enemies":"Large Slime","floor":12.0,"turns":3.0},{"damage":0.0,"enemies":"3 Louse","floor":14.0,"turns":2.0},{"damage":0.0,"enemies":"Slime Boss","floor":16.0,"turns":3.0},{"damage":1.0,"enemies":"2 Thieves","floor":18.0,"turns":2.0},{"damage":0,"enemies":"3 Byrds","floor":19,"turns":1}],"seed_played":"-1826634397871656742","potions_obtained":[{"floor":1.0,"key":"SkillPotion"},{"floor":10.0,"key":"Regen Potion"},{"floor":14.0,"key":"SneckoOil"},{"floor":16.0,"key":"Swift Potion"}],"is_trial":false,"path_per_floor":["M","?","M","?","M","R","E","M","T","E","?","M","$","M","R","B",null,"M","M"],"character_chosen":"DEFECT","items_purchased":["REME_IWantAll","Turbo","SynthV:MejaisSoulstealer"],"campfire_rested":0,"item_purchase_floors":[13,13,13],"current_hp_per_floor":[68,68,68,68,68,68,52,44,44,30,30,31,31,32,32,39,68,68,68,68],"gold":21,"neow_bonus":"THREE_ENEMY_KILL","is_daily":false,"chose_seed":false,"campfire_upgraded":2,"win_rate":0.0,"timestamp":1613832295,"path_taken":["M","?","M","?","M","R","E","M","T","E","?","M","$","M","R","BOSS","M","M"],"items_purchased_type":["Relic","Card","Relic"],"build_version":"2020-12-18","purchased_purges":1,"victory":false,"max_hp_per_floor":[75,75,75,69,69,69,69,69,69,69,69,70,70,71,71,78,78,79,79,79],"card_choices":[{"not_picked":["AT_EMC2","MostiFishMod:PushDownKick","Hologram"],"picked":"SKIP","floor":1.0},{"not_picked":["MostiFishMod:Impulse","BootSequence","Force Field","REME_Whirling"],"picked":"Sunder","floor":3.0},{"not_picked":["Conserve Battery","Redo","Chaos","Barrage"],"picked":"Storm","floor":5.0},{"not_picked":["Hologram","Conserve Battery","BootSequence","MostiFishMod:Exploitation"],"picked":"Ball Lightning","floor":7.0},{"not_picked":["Blizzard","Compile Driver","Redo","REME_Whirling"],"picked":"Coolheaded","floor":8.0},{"not_picked":["Compile Driver","AT_EMC2","AT_HeatAcrobatics","Streamline","Leap"],"picked":"MostiFishMod:GatherIntelligence","floor":10.0},{"not_picked":["Go for the Eyes","AT_RobotInSpace","Steam","Gash","Leap"],"picked":"REME_Whirling","floor":12.0},{"not_picked":["Cold Snap","Darkness","Doom and Gloom","MostiFishMod:IceShield","MostiFishMod:ReprogramOld","Go for the Eyes"],"picked":"SKIP","floor":14.0},{"not_picked":["MostiFishMod:Exploitation","Buffer+1","MostiFishMod:TalkingToTheRain+1","Reboot","MostiFishMod:Prepare+1","AT_RightCognition+1"],"picked":"Singing Bowl","floor":16.0},{"not_picked":["MostiFishMod:ReprogramOld","Rebound","Steam+1","Barrage","Beam Cell+1","Go for the Eyes"],"picked":"SKIP","floor":18.0}],"player_experience":83128,"relics_obtained":[{"floor":1.0,"key":"SynthV:TestCard"},{"floor":7.0,"key":"HornCleat"},{"floor":9.0,"key":"Question Card"},{"floor":10.0,"key":"Frozen Egg 2"}],"event_choices":[{"damage_healed":0.0,"max_hp_gain":0.0,"max_hp_loss":0.0,"gold_gain":175.0,"event_name":"Liars Game","player_choice":"AGREE","floor":2.0,"gold_loss":0.0,"damage_taken":0.0,"cards_obtained":["Doubt"]},{"damage_healed":0.0,"max_hp_gain":0.0,"max_hp_loss":6.0,"gold_gain":0.0,"event_name":"Golden Idol","player_choice":"Lose Max HP","floor":4.0,"gold_loss":0.0,"damage_taken":0.0,"relics_obtained":["Golden Idol"]},{"damage_healed":0.0,"max_hp_gain":0.0,"max_hp_loss":0.0,"gold_gain":0.0,"event_name":"FaceTrader","player_choice":"Trade","floor":11.0,"gold_loss":0.0,"damage_taken":0.0,"relics_obtained":["FaceOfCleric"]}],"is_beta":true,"boss_relics":[{"not_picked":["JellyFishMachine","GreenFoldingFan"],"picked":"HereWithMe"}],"items_purged_floors":[13],"is_endless":false,"potions_floor_spawned":[1,10,14,16],"killed_by":"3 Byrds","ascension_level":6}}