{"host":"8u9gkmadxi1im6dj","time":1613783410,"event":{"mods":["Act Like it!","Bard","BaseMod","Block Reminder","Colored Map","Colored Powertips","DeckTracker","Downfall","Infinite Spire","Jorbs\u0027s Wanderer Trilogy","Marisa????????","Minty Spire (QoL Compilation)","Pale of the Ancients","Permanent Neow","Quick Restart","Random Character Button","Relic Sorter","Relic Stats","Replay The Spire","Shade Mod","StSLib","The Bug Knight","The Cursed","The IronCluck","The Necromancer","The Servant 0.9.4"],"gold_per_floor":[118,118,134,145,95,4,4,31,31,31,41,56,90,110,110,208,208,195,39,39,59,59,92,112,122,167,186,211,211,136,136,136,232,232,252,269,172,172,172,172],"floor_reached":39,"language":"ENG","playtime":2753,"items_purged":["TheCursedMod:Strike_TheCursed","TheCursedMod:Torture","downfall:Aged"],"score":431,"play_id":"2c8d4d56-bb2a-4be0-8376-2df94d050581","local_time":"20210220021010","is_ascension_mode":false,"campfire_choices":[{"data":"TheCursedMod:Torture","floor":7,"key":"SMITH"},{"data":"TheCursedMod:CleanUpWorkshop","floor":10,"key":"SMITH"},{"floor":15,"key":"REST"},{"floor":32,"key":"REST"}],"circlet_count":0,"master_deck":["TheCursedMod:Strike_TheCursed+1","TheCursedMod:Strike_TheCursed+1","TheCursedMod:Defend_TheCursed+1","TheCursedMod:Defend_TheCursed+1","TheCursedMod:Defend_TheCursed+1","TheCursedMod:Defend_TheCursed+1","TheCursedMod:CursedWand","TheCursedMod:CleanUpWorkshop+1","TheCursedMod:Dregs","TheCursedMod:Stigma","TheCursedMod:VitalStrike","TheCursedMod:Torture+1","TheCursedMod:Stigma","TheCursedMod:RapidMovement+1","TheCursedMod:TroublousMinions","TheCursedMod:TroublousMinions","TheCursedMod:Stigma","TheCursedMod:TroublousMinions","TheCursedMod:VoidForm","TheCursedMod:CursedAmulet","TheCursedMod:Hemoplague","ReplayTheSpireMod:Book of Names","TheCursedMod:Hemoplague","TheCursedMod:CursedArmor","TheCursedMod:SoulCrush","TheCursedMod:UltimatePain","TheCursedMod:SurpriseAttack","TheCursedMod:SurpriseAttack","Wraith"],"relics":["TheCursedMod:BlackMagic101","Torii","Replay:WaspNest","MealTicket","TheCursedMod:OminousMark","Thread and Needle","Matryoshka","ReplayTheSpireMod:TigerMarble","Toy Ornithopter","MutagenicStrength","Fusion Hammer","ReplayTheSpireMod:CursedCoin","infinitespire:Satchel"],"acts_visited":["Exordium","TheCity","TheBeyond"],"potions_floor_usage":[16,16,25,33,33],"damage_taken":[{"damage":1,"enemies":"2 Louse","floor":1,"turns":2},{"damage":2,"enemies":"Jaw Worm","floor":3,"turns":4},{"damage":5,"enemies":"Small Slimes","floor":4,"turns":2},{"damage":16,"enemies":"Lagavulin","floor":8,"turns":5},{"damage":15,"enemies":"Gremlin Gang","floor":11,"turns":4},{"damage":0,"enemies":"2 Fungi Beasts","floor":12,"turns":5},{"damage":11,"enemies":"3 Sentries","floor":13,"turns":8},{"damage":0,"enemies":"Large Slime","floor":14,"turns":5},{"damage":33,"enemies":"Fading Forest","floor":16,"turns":11},{"damage":31,"enemies":"2 Thieves","floor":18,"turns":4},{"damage":0,"enemies":"Spheric Guardian","floor":21,"turns":3},{"damage":1,"enemies":"Book of Stabbing","floor":23,"turns":4},{"damage":0,"enemies":"Snecko","floor":24,"turns":4},{"damage":8,"enemies":"Sentry and Sphere","floor":25,"turns":6},{"damage":15,"enemies":"Chosen and Byrds","floor":27,"turns":5},{"damage":8,"enemies":"Nightmare","floor":28,"turns":8},{"damage":9,"enemies":"Automaton","floor":33,"turns":9},{"damage":0,"enemies":"Orb Walker","floor":35,"turns":2},{"damage":3,"enemies":"3 Darklings","floor":36,"turns":5},{"damage":7,"enemies":"infinitespire:Three Voidlings","floor":39,"turns":6},{"damage":81,"enemies":"Nightmare_Alpha","floor":39,"turns":6}],"seed_played":"-1183498695852711440","potions_obtained":[{"floor":3,"key":"Energy Potion"},{"floor":11,"key":"DuplicationPotion"},{"floor":13,"key":"FearPotion"},{"floor":16,"key":"Explosive Potion"},{"floor":21,"key":"Weak Potion"},{"floor":24,"key":"Dexterity Potion"},{"floor":25,"key":"Dexterity Potion"}],"is_trial":false,"path_per_floor":["M","?","M","M","?","$","R","E","T","R","M","M","E","M","R","B",null,"M","$","?","M","AVR","E","M","M","T","M","NM","?","?","?","R","B",null,"M","M","$","?","?"],"character_chosen":"THE_CURSED","items_purchased":["TheCursedMod:Stigma","TheCursedMod:RapidMovement+1","TheCursedMod:Hemoplague","ReplayTheSpireMod:CursedCoin","infinitespire:Satchel"],"campfire_rested":2,"item_purchase_floors":[6,6,19,37,37],"current_hp_per_floor":[74,59,57,52,52,52,52,36,36,36,21,21,10,10,32,9,75,44,59,59,59,59,58,58,50,50,35,27,27,27,27,49,50,75,75,72,75,75,0,0],"gold":172,"neow_bonus":"RANDOM_EVENT","is_daily":false,"chose_seed":false,"campfire_upgraded":2,"win_rate":0.0,"timestamp":1613783410,"path_taken":["M","?","M","M","?","$","R","E","T","R","M","M","E","M","R","BOSS","M","$","?","?","AVR","E","M","M","T","M","NM","?","?","?","R","BOSS","M","M","$","?","?"],"items_purchased_type":["Card","Card","Card","Relic","Relic"],"build_version":"2020-12-22","purchased_purges":3,"victory":false,"max_hp_per_floor":[75,75,75,75,75,75,75,75,75,75,75,75,75,75,75,75,75,75,75,75,75,75,75,75,75,75,75,75,75,75,75,75,75,75,75,75,75,75,75,75],"relic_stats":{"Torii":23,"counters":[21,108],"MealTicket":18,"obtain_stats":[{"TheCursedMod:BlackMagic101":0,"Torii":8,"ReplayTheSpireMod:CursedCoin":37,"Thread and Needle":22,"Replay:WaspNest":9,"Matryoshka":23,"TheCursedMod:OminousMark":17,"MutagenicStrength":29,"infinitespire:Satchel":37,"MealTicket":13,"Fusion Hammer":34,"ReplayTheSpireMod:TigerMarble":26,"Toy Ornithopter":28},{"TheCursedMod:BlackMagic101":0,"Torii":4,"ReplayTheSpireMod:CursedCoin":19,"Thread and Needle":11,"Replay:WaspNest":4,"Matryoshka":12,"TheCursedMod:OminousMark":9,"MutagenicStrength":16,"infinitespire:Satchel":19,"MealTicket":7,"Fusion Hammer":17,"ReplayTheSpireMod:TigerMarble":14,"Toy Ornithopter":16},{"TheCursedMod:BlackMagic101":0,"Torii":13,"ReplayTheSpireMod:CursedCoin":96,"Thread and Needle":53,"Replay:WaspNest":13,"Matryoshka":57,"TheCursedMod:OminousMark":46,"MutagenicStrength":80,"infinitespire:Satchel":96,"MealTicket":30,"Fusion Hammer":89,"ReplayTheSpireMod:TigerMarble":67,"Toy Ornithopter":80}],"Toy Ornithopter":10},"card_choices":[{"not_picked":["TheCursedMod:Stretching","TheCursedMod:FleshFromBone"],"picked":"TheCursedMod:Stigma","floor":1},{"not_picked":["TheCursedMod:CircleOfAmplification","TheCursedMod:LuckyCharm"],"picked":"TheCursedMod:VitalStrike","floor":3},{"not_picked":["TheCursedMod:PrepareRite","TheCursedMod:CursedBoomerang"],"picked":"TheCursedMod:Torture","floor":4},{"not_picked":["TheCursedMod:Grudge","TheCursedMod:ParallelWorld"],"picked":"TheCursedMod:TroublousMinions","floor":8},{"not_picked":["TheCursedMod:SpreadPlague","TheCursedMod:CircleOfFlame"],"picked":"TheCursedMod:TroublousMinions","floor":11},{"not_picked":["TheCursedMod:CircleOfAmplification","TheCursedMod:RavingStaff"],"picked":"TheCursedMod:Stigma","floor":12},{"not_picked":["TheCursedMod:ManaBullet","TheCursedMod:SpitefulStrike"],"picked":"TheCursedMod:TroublousMinions","floor":13},{"not_picked":["TheCursedMod:ManaBullet","TheCursedMod:RavingStaff"],"picked":"TheCursedMod:Torture","floor":14},{"not_picked":["TheCursedMod:DemonicPact","TheCursedMod:StunningStrike"],"picked":"TheCursedMod:VoidForm","floor":16},{"not_picked":["TheCursedMod:CircleOfFlame","TheCursedMod:Obscuration+1"],"picked":"TheCursedMod:CursedAmulet","floor":18},{"not_picked":["TheCursedMod:ReleasedKnowledge+1","TheCursedMod:TroublousMinions+1","TheCursedMod:Wield"],"picked":"SKIP","floor":21},{"not_picked":["TheCursedMod:CursedAmulet","TheCursedMod:VitalStrike+1"],"picked":"TheCursedMod:Hemoplague","floor":23},{"not_picked":["TheCursedMod:CursedBlade","TheCursedMod:EmpowerCircles"],"picked":"TheCursedMod:CursedArmor","floor":24},{"not_picked":["TheCursedMod:Wield","TheCursedMod:Stretching","TheCursedMod:EmpowerCircles"],"picked":"SKIP","floor":25},{"not_picked":["TheCursedMod:AshesToAshes","TheCursedMod:CursedBoomerang"],"picked":"TheCursedMod:SmokeScreen","floor":27},{"not_picked":["TheCursedMod:SurpriseAttack","TheCursedMod:Obscuration"],"picked":"TheCursedMod:SoulCrush","floor":28},{"not_picked":["TheCursedMod:AntiAging","TheCursedMod:CircleOfAbyss"],"picked":"TheCursedMod:UltimatePain","floor":33},{"not_picked":["TheCursedMod:Wield+1","TheCursedMod:SmokeScreen"],"picked":"TheCursedMod:SurpriseAttack","floor":35},{"not_picked":["TheCursedMod:Obscuration","TheCursedMod:WearCloak+1"],"picked":"TheCursedMod:SurpriseAttack","floor":36}],"player_experience":98941,"relics_obtained":[{"floor":8,"key":"Torii"},{"floor":9,"key":"Replay:WaspNest"},{"floor":13,"key":"MealTicket"},{"floor":23,"key":"Matryoshka"},{"floor":26,"key":"ReplayTheSpireMod:TigerMarble"},{"floor":28,"key":"Toy Ornithopter"}],"event_choices":[{"damage_healed":0,"gold_gain":0,"player_choice":"Entered Light","damage_taken":15,"max_hp_gain":0,"max_hp_loss":0,"event_name":"Shining Light","floor":2,"gold_loss":0,"cards_upgraded":["TheCursedMod:Defend_TheCursed","TheCursedMod:Strike_TheCursed"]},{"cards_removed":["TheCursedMod:Strike_TheCursed"],"damage_healed":0,"gold_gain":0,"player_choice":"Card Removal","damage_taken":0,"max_hp_gain":0,"max_hp_loss":0,"event_name":"The Cleric","floor":5,"gold_loss":50},{"damage_healed":0,"gold_gain":0,"player_choice":"Ignored","damage_taken":0,"max_hp_gain":0,"max_hp_loss":0,"event_name":"NoteForYourself","floor":20,"gold_loss":0},{"damage_healed":0,"gold_gain":0,"player_choice":"Inject Mutagens","damage_taken":0,"relics_obtained":["MutagenicStrength"],"max_hp_gain":0,"max_hp_loss":0,"event_name":"Drug Dealer","floor":29,"gold_loss":0},{"cards_removed":["TheCursedMod:SmokeScreen"],"damage_healed":0,"gold_gain":0,"player_choice":"Gave Gold","damage_taken":0,"max_hp_gain":0,"max_hp_loss":0,"event_name":"Beggar","floor":30,"gold_loss":75},{"damage_healed":0,"gold_gain":0,"player_choice":"Simplicity","damage_taken":0,"max_hp_gain":0,"max_hp_loss":0,"event_name":"Back to Basics","floor":31,"gold_loss":0,"cards_upgraded":["TheCursedMod:Defend_TheCursed","TheCursedMod:Defend_TheCursed","TheCursedMod:Defend_TheCursed"]},{"damage_healed":0,"gold_gain":0,"player_choice":"Ignored","damage_taken":0,"max_hp_gain":0,"max_hp_loss":0,"event_name":"OrinTheCat","floor":38,"gold_loss":0}],"is_beta":false,"boss_relics":[{"not_picked":["Ectoplasm","Kintsugi"],"picked":"TheCursedMod:OminousMark"},{"not_picked":["Cursed Key","Coffee Dripper"],"picked":"Fusion Hammer"}],"items_purged_floors":[19,22,37],"is_endless":true,"potions_floor_spawned":[3,11,13,16,21,24,25,28],"killed_by":"Nightmare_Alpha","ascension_level":0}}