{"host":"6nqy62k7v1jh46lb","time":1613858177,"event":{"mods":["AchievementEnabler","BaseMod","Bestiary","Block Reminder","Colored Powertips","Highlight Path","Minty Spire (QoL Compilation)","Relic Stats"],"gold_per_floor":[144,144,179,28,65,65,91,91,114,126,152,152,152,152,152,256,256,272,272,309,309,1,1,1,1,1,101,144,8,8,40,40,138,138,154,174,184,62,81,92,41,59,59,69,69,82,102,116,116,116],"floor_reached":51,"language":"ENG","playtime":6664,"items_purged":["Parasite"],"score":654,"play_id":"4891980d-0243-4ec7-a737-1d87f39f5c4d","local_time":"20210220225617","is_ascension_mode":false,"campfire_choices":[{"floor":6.0,"key":"REST"},{"floor":8.0,"key":"REST"},{"floor":13.0,"key":"REST"},{"data":"Adaptation","floor":15.0,"key":"SMITH"},{"floor":23.0,"key":"REST"},{"floor":25.0,"key":"REST"},{"floor":32.0,"key":"REST"},{"floor":49,"key":"REST"}],"circlet_count":0,"master_deck":["Eruption","Vigilance","WreathOfFlame","CutThroughFate+1","Wish","Halt","Wireheading","ClearTheMind","Wallop+1","Prostrate","Protect","Adaptation+1","CarveReality","Wallop","MasterReality","FlyingSleeves","CrushJoints+1","Blind","SandsOfTime+1","WheelKick","Prostrate","Wallop","Trip"],"relics":["Pandora\u0027s Box","Sling","Whetstone","Potion Belt","Meat on the Bone","Busted Crown","Gremlin Horn","Yang","Mercury Hourglass","Fusion Hammer","Gambling Chip"],"acts_visited":["Exordium","TheCity","TheBeyond"],"potions_floor_usage":[47,50],"damage_taken":[{"damage":8.0,"enemies":"Small Slimes","floor":1.0,"turns":4.0},{"damage":3.0,"enemies":"2 Louse","floor":3.0,"turns":5.0},{"damage":7.0,"enemies":"Cultist","floor":5.0,"turns":6.0},{"damage":18.0,"enemies":"Gremlin Nob","floor":7.0,"turns":6.0},{"damage":2.0,"enemies":"Red Slaver","floor":10.0,"turns":6.0},{"damage":34.0,"enemies":"3 Sentries","floor":11.0,"turns":10.0},{"damage":42.0,"enemies":"Hexaghost","floor":16.0,"turns":13.0},{"damage":12.0,"enemies":"2 Thieves","floor":18.0,"turns":4.0},{"damage":11.0,"enemies":"Shell Parasite","floor":20.0,"turns":6.0},{"damage":0.0,"enemies":"3 Cultists","floor":28.0,"turns":5.0},{"damage":19.0,"enemies":"Slavers","floor":31.0,"turns":3.0},{"damage":29.0,"enemies":"Champ","floor":33.0,"turns":12.0},{"damage":0.0,"enemies":"3 Shapes","floor":35.0,"turns":3.0},{"damage":13.0,"enemies":"Orb Walker","floor":36.0,"turns":4.0},{"damage":21.0,"enemies":"3 Darklings","floor":37.0,"turns":6.0},{"damage":25.0,"enemies":"Spire Growth","floor":39.0,"turns":6.0},{"damage":8.0,"enemies":"Maw","floor":40.0,"turns":7.0},{"damage":5.0,"enemies":"Sphere and 2 Shapes","floor":42.0,"turns":3.0},{"damage":14.0,"enemies":"4 Shapes","floor":44.0,"turns":6.0},{"damage":18,"enemies":"Jaw Worm Horde","floor":46,"turns":6},{"damage":3,"enemies":"Maw","floor":47,"turns":7},{"damage":0,"enemies":"Spire Growth","floor":48,"turns":6},{"damage":12,"enemies":"Awakened One","floor":50,"turns":12}],"seed_played":"-3897777663382693576","potions_obtained":[{"floor":1.0,"key":"Fire Potion"},{"floor":3.0,"key":"StancePotion"},{"floor":16.0,"key":"FairyPotion"},{"floor":20.0,"key":"Dexterity Potion"},{"floor":31.0,"key":"Weak Potion"},{"floor":33.0,"key":"LiquidMemories"},{"floor":39.0,"key":"Explosive Potion"},{"floor":40.0,"key":"FearPotion"}],"is_trial":false,"path_per_floor":["M","?","M","$","M","R","E","R","T","M","E","?","R","?","R","B",null,"M","?","M","?","$","R","$","R","T","?","M","$","$","E","R","B",null,"M","M","M","$","M","M","$","M","T","M","?","M","M","M","R","B",null],"character_chosen":"WATCHER","items_purchased":["Sling","Gremlin Horn","BlessingOfTheForge","Blind","AttackPotion","Prostrate","Strength Potion"],"campfire_rested":7,"item_purchase_floors":[4,22,22,29,29,38,41],"current_hp_per_floor":[64,64,61,61,54,72,54,72,72,70,36,54,72,65,65,35,72,60,60,49,36,36,59,59,77,77,77,77,77,77,58,77,48,77,77,64,43,43,30,34,34,41,41,39,39,33,42,42,64,52],"gold":116,"neow_bonus":"BOSS_RELIC","is_daily":false,"chose_seed":false,"campfire_upgraded":1,"win_rate":0.0,"timestamp":1613858177,"path_taken":["M","?","M","$","M","R","E","R","T","M","E","?","R","?","R","BOSS","M","?","M","?","$","R","$","R","T","?","?","?","$","E","R","BOSS","M","M","M","$","M","M","?","M","T","M","?","M","M","M","R","BOSS"],"items_purchased_type":["Relic","Relic","Potion","Card","Potion","Card","Potion"],"build_version":"2020-12-22","purchased_purges":1,"victory":true,"max_hp_per_floor":[72,72,72,72,72,72,72,72,72,72,72,72,72,72,72,72,72,72,72,72,77,77,77,77,77,77,77,77,77,77,77,77,77,77,77,77,77,74,74,74,74,74,74,74,74,74,74,74,74,74],"relic_stats":{"Busted Crown":32,"Gremlin Horn":[18,18],"counters":[23,146],"Gambling Chip":[9],"Pandora\u0027s Box":["WreathOfFlame","CutThroughFate","Wish","Halt","Omniscience","Wireheading","ClearTheMind","Vault"],"Yang":[175],"Whetstone":["CutThroughFate","Wallop"],"obtain_stats":[{"Potion Belt":9,"Busted Crown":17,"Gremlin Horn":22,"Gambling Chip":43,"Pandora\u0027s Box":0,"Yang":26,"Fusion Hammer":34,"Whetstone":7,"PureWater":0,"Sling":4,"Meat on the Bone":11,"Mercury Hourglass":31},{"Potion Belt":4,"Busted Crown":7,"Gremlin Horn":9,"Gambling Chip":18,"Pandora\u0027s Box":0,"Yang":9,"Fusion Hammer":12,"Whetstone":4,"PureWater":0,"Sling":2,"Meat on the Bone":6,"Mercury Hourglass":11},{"Potion Belt":21,"Busted Crown":50,"Gremlin Horn":60,"Gambling Chip":109,"Pandora\u0027s Box":0,"Yang":60,"Fusion Hammer":80,"Whetstone":21,"PureWater":0,"Sling":9,"Meat on the Bone":37,"Mercury Hourglass":68}],"Meat on the Bone":84,"Mercury Hourglass":[279]},"card_choices":[{"not_picked":["WheelKick","Crescendo"],"picked":"Wallop","floor":1.0},{"not_picked":["JustLucky","CutThroughFate"],"picked":"Prostrate","floor":3.0},{"not_picked":["Halt","PathToVictory"],"picked":"Protect","floor":5.0},{"not_picked":["MasterReality","Study"],"picked":"Adaptation","floor":7.0},{"not_picked":["FollowUp","Protect"],"picked":"CarveReality","floor":10.0},{"not_picked":["FlyingSleeves","TalkToTheHand"],"picked":"Wallop","floor":11.0},{"not_picked":["Scrawl","SpiritShield"],"picked":"MasterReality","floor":16.0},{"not_picked":[],"picked":"FlyingSleeves","floor":18.0},{"not_picked":[],"picked":"CrushJoints+1","floor":20.0},{"not_picked":["EmptyFist"],"picked":"SKIP","floor":28.0},{"not_picked":[],"picked":"SandsOfTime+1","floor":31.0},{"not_picked":[],"picked":"WheelKick","floor":35.0},{"not_picked":["ForeignInfluence"],"picked":"SKIP","floor":36.0},{"not_picked":["SandsOfTime+1"],"picked":"SKIP","floor":37.0},{"not_picked":["FlurryOfBlows"],"picked":"SKIP","floor":39.0},{"not_picked":["BowlingBash"],"picked":"SKIP","floor":40.0},{"not_picked":[],"picked":"Wallop","floor":42.0},{"not_picked":["Fasting2+1"],"picked":"SKIP","floor":44.0},{"not_picked":[],"picked":"Trip","floor":45.0},{"not_picked":["Evaluate"],"picked":"SKIP","floor":46},{"not_picked":["BattleHymn"],"picked":"SKIP","floor":47},{"not_picked":["MentalFortress"],"picked":"SKIP","floor":48}],"player_experience":218786,"relics_obtained":[{"floor":7.0,"key":"Whetstone"},{"floor":9.0,"key":"Potion Belt"},{"floor":11.0,"key":"Meat on the Bone"},{"floor":26.0,"key":"Yang"},{"floor":31.0,"key":"Mercury Hourglass"},{"floor":43.0,"key":"Gambling Chip"}],"event_choices":[{"damage_healed":0.0,"max_hp_gain":0.0,"max_hp_loss":0.0,"gold_gain":0.0,"event_name":"Liars Game","player_choice":"Ignored","floor":2.0,"gold_loss":0.0,"damage_taken":0.0},{"damage_healed":18.0,"max_hp_gain":0.0,"max_hp_loss":0.0,"gold_gain":0.0,"event_name":"Mushrooms","player_choice":"Healed and dodged fight","floor":12.0,"gold_loss":0.0,"damage_taken":0.0,"cards_obtained":["Parasite"]},{"cards_removed":["Omniscience"],"damage_healed":0.0,"max_hp_gain":0.0,"max_hp_loss":0.0,"gold_gain":0.0,"event_name":"Golden Wing","player_choice":"Card Removal","floor":14.0,"gold_loss":0.0,"damage_taken":7.0},{"cards_removed":["Vault"],"damage_healed":0.0,"max_hp_gain":0.0,"max_hp_loss":0.0,"gold_gain":0.0,"event_name":"Back to Basics","player_choice":"Elegance","floor":19.0,"gold_loss":0.0,"damage_taken":0.0},{"damage_healed":0.0,"max_hp_gain":5.0,"max_hp_loss":0.0,"gold_gain":0.0,"event_name":"Forgotten Altar","player_choice":"Shed Blood","floor":21.0,"gold_loss":0.0,"damage_taken":18.0},{"damage_healed":0.0,"max_hp_gain":0.0,"max_hp_loss":0.0,"gold_gain":100.0,"event_name":"Golden Shrine","player_choice":"Pray","floor":27.0,"gold_loss":0.0,"damage_taken":0.0},{"damage_healed":0.0,"max_hp_gain":0.0,"max_hp_loss":0.0,"gold_gain":0.0,"event_name":"SensoryStone","player_choice":"Memory 1","floor":45.0,"gold_loss":0.0,"damage_taken":0.0}],"is_beta":false,"boss_relics":[{"not_picked":["Astrolabe","Sozu"],"picked":"Busted Crown"},{"not_picked":["Snecko Eye","VioletLotus"],"picked":"Fusion Hammer"}],"items_purged_floors":[38],"is_endless":false,"potions_floor_spawned":[1,3,16,20,31,33,39,40],"ascension_level":0}}