{"host":"gaqyve1328ta0etl","time":1613813525,"event":{"mods":["BaseMod","Colored Map","Colored Powertips","Duelist Mod","Googly Eyes","Hero for Fun","Minty Spire (QoL Compilation)","Shop Mod","StSLib","SuperFastMode","The Hierophant","The Runesmith"],"gold_per_floor":[144,94,107,32,46,46,77,77,103,53,53,3,22,34,34,107,107,120,137,137,87,97,97,97,97,122,122,0,15,27,56,56,128,128,148,148,98,149,162,195,195,195,195,218,230,16,51,9,9,9],"floor_reached":51,"language":"ENG","playtime":1549,"items_purged":["theDuelist:Sparks","theDuelist:CastleWalls","theDuelist:CastleWalls","theDuelist:LesserDragon","theDuelist:LesserDragon","theDuelist:YamataDragon"],"score":1438,"play_id":"5ad25a2d-cb49-4a3c-9e6a-19b18138808a","local_time":"20210220013205","is_ascension_mode":true,"campfire_choices":[{"data":"theDuelist:ForbiddenLance","floor":6,"key":"SMITH"},{"data":"theDuelist:ForbiddenLance+1","floor":11,"key":"SMITH"},{"data":"theDuelist:ForbiddenLance+2","floor":15,"key":"SMITH"},{"floor":23,"key":"REST"},{"data":"theDuelist:ForbiddenLance+3","floor":25,"key":"SMITH"},{"data":"theDuelist:ForbiddenLance+4","floor":27,"key":"SMITH"},{"floor":32,"key":"REST"},{"floor":41,"key":"REST"},{"data":"theDuelist:KamionTimelord","floor":49,"key":"SMITH"}],"circlet_count":0,"master_deck":["theDuelist:GoldenApples","theDuelist:HappyLover","theDuelist:RainbowNeos","theDuelist:SpiralSpearStrike+1","theDuelist:HappyLover","theDuelist:GreyGreedOni+1","theDuelist:WhiteNinja+1","theDuelist:HappyLover","theDuelist:ForbiddenLance+5","theDuelist:KamionTimelord+1","theDuelist:BabyDragon","theDuelist:StarBlast","theDuelist:Raigeki","theDuelist:YamiForm","AscendersBane","theDuelist:Eva","theDuelist:Reinforcements"],"relics":["theDuelist:MillenniumPuzzle","theDuelist:CardPoolRelic","theDuelist:CardPoolBasicRelic","theDuelist:BoosterPackPoolRelic","theDuelist:CardPoolAddRelic","theDuelist:CardPoolMinusRelic","theDuelist:CardPoolSaveRelic","theDuelist:CardPoolOptionsRelic","Smiling Mask","Bottled Flame","theDuelist:GiftAnubis","Orichalcum","theDuelist:GamblerChip","PreservedInsect","Regal Pillow","Empty Cage","Tough Bandages","CaptainsWheel","Bird Faced Urn","theDuelist:MetronomeRelicB","Pear","Anchor","theDuelist:GoldenScale"],"acts_visited":["Exordium","TheCity","TheBeyond"],"potions_floor_usage":[38,50],"damage_taken":[{"damage":0,"enemies":"Cultist","floor":1,"turns":2},{"damage":0,"enemies":"2 Louse","floor":3,"turns":2},{"damage":0,"enemies":"Jaw Worm","floor":5,"turns":2},{"damage":14,"enemies":"Gremlin Nob","floor":7,"turns":4},{"damage":0,"enemies":"Exordium Wildlife","floor":13,"turns":2},{"damage":0,"enemies":"2 Fungi Beasts","floor":14,"turns":2},{"damage":0,"enemies":"Hexaghost","floor":16,"turns":9},{"damage":0,"enemies":"Spheric Guardian","floor":18,"turns":3},{"damage":3,"enemies":"Shell Parasite","floor":19,"turns":4},{"damage":5,"enemies":"Sentry and Sphere","floor":22,"turns":7},{"damage":0,"enemies":"Snake Plant","floor":29,"turns":3},{"damage":9,"enemies":"Centurion and Healer","floor":30,"turns":7},{"damage":4,"enemies":"Slavers","floor":31,"turns":6},{"damage":86,"enemies":"Champ","floor":33,"turns":16},{"damage":20,"enemies":"3 Darklings","floor":35,"turns":4},{"damage":0,"enemies":"3 Darklings","floor":38,"turns":6},{"damage":0,"enemies":"Orb Walker","floor":39,"turns":4},{"damage":0,"enemies":"Reptomancer","floor":40,"turns":6},{"damage":18,"enemies":"4 Shapes","floor":45,"turns":6},{"damage":0,"enemies":"Giant Head","floor":47,"turns":3},{"damage":31,"enemies":"Donu and Deca","floor":50,"turns":6}],"seed_played":"-4750954706779368503","potions_obtained":[{"floor":5,"key":"theDuelist:SummonArmorPotion"},{"floor":7,"key":"theDuelist:TokenPotion"},{"floor":38,"key":"theDuelist:FireBottle"}],"is_trial":false,"path_per_floor":["M","$","M","?","M","R","E","T","T","$","R","$","M","M","R","B",null,"M","M","?","$","M","R","?","R","T","R","?","M","M","E","R","B",null,"M","?","$","?","M","E","R","?","T","T","M","$","E","$","R","B",null],"character_chosen":"THE_DUELIST","items_purchased":["theDuelist:InfernoFireBlast","theDuelist:Eva","theDuelist:FluteKuriboh","theDuelist:Reinforcements"],"campfire_rested":3,"item_purchase_floors":[46,46,46,48],"current_hp_per_floor":[63,63,63,63,63,63,49,49,49,49,49,49,49,49,49,49,65,65,62,42,42,37,59,65,65,65,65,65,65,56,52,81,13,64,44,44,44,44,46,46,81,81,91,91,75,75,77,77,77,48],"gold":9,"neow_bonus":"RANDOM_COMMON_RELIC","is_daily":false,"chose_seed":false,"campfire_upgraded":6,"win_rate":0.0,"timestamp":1613813525,"path_taken":["M","$","?","?","M","R","E","?","T","?","R","$","M","M","R","BOSS","M","M","?","$","M","R","?","R","T","R","?","M","M","E","R","BOSS","M","?","$","?","M","E","R","?","T","?","?","$","E","?","R","BOSS"],"items_purchased_type":["Card","Card","Card","Card"],"build_version":"2020-12-22","purchased_purges":6,"victory":true,"max_hp_per_floor":[70,70,70,70,70,70,70,70,70,70,70,70,70,70,70,70,70,70,70,75,75,75,75,81,81,81,81,81,81,81,81,81,81,81,81,81,81,81,81,81,81,81,91,91,91,91,91,91,91,91],"card_choices":[{"not_picked":["theDuelist:BattleguardKing","theDuelist:BigFire","theDuelist:Hinotama","theDuelist:LightningDarts"],"picked":"theDuelist:ForbiddenLance","floor":1},{"not_picked":["theDuelist:Eva","theDuelist:FrontierWiseman","theDuelist:SangaEarth","theDuelist:WhiteMagicalHat"],"picked":"theDuelist:HappyLover","floor":3},{"not_picked":["theDuelist:SpellShatteringArrow","theDuelist:DarkBurningAttack","theDuelist:SwordDeepSeated","theDuelist:SangaEarth"],"picked":"theDuelist:RainbowNeos","floor":5},{"not_picked":["theDuelist:LightningDarts","theDuelist:DarkCreator","theDuelist:MagicalStone","theDuelist:HaneHane"],"picked":"theDuelist:GoldenApples","floor":7},{"not_picked":["theDuelist:Eva","theDuelist:KamionTimelord","theDuelist:RainbowNeos","theDuelist:RainbowOverdragon"],"picked":"theDuelist:HappyLover","floor":13},{"not_picked":["theDuelist:DoubleTool","theDuelist:Tuningware","theDuelist:WhiteMagicalHat","theDuelist:EgoBoost","theDuelist:SwordDeepSeated"],"picked":"SKIP","floor":14},{"not_picked":["theDuelist:Eva","theDuelist:KamionTimelord","theDuelist:RainbowNeos","theDuelist:RainbowOverdragon"],"picked":"theDuelist:HappyLover","floor":16},{"not_picked":["theDuelist:BattleguardKing","theDuelist:Hinotama+1","theDuelist:LightningDarts","theDuelist:ForbiddenLance"],"picked":"theDuelist:Raigeki","floor":18},{"not_picked":["theDuelist:BigFire","theDuelist:SwordDeepSeated","theDuelist:Sangan","theDuelist:BattleFootballer"],"picked":"theDuelist:StarBlast","floor":19},{"not_picked":["theDuelist:CoreBlaster","theDuelist:WhiteMagicalHat","theDuelist:Tuningware","theDuelist:Hinotama","theDuelist:Wiretap"],"picked":"SKIP","floor":22},{"not_picked":["theDuelist:BigFire","theDuelist:CoreBlaster","theDuelist:DoubleTool","theDuelist:Hinotama","theDuelist:SparkBlaster+1"],"picked":"SKIP","floor":29},{"not_picked":["theDuelist:GravityAxe+1","theDuelist:ImperialOrder+1","theDuelist:WhiteHowling+1","theDuelist:SwordsConcealing+1"],"picked":"theDuelist:GridRod+1","floor":30},{"not_picked":["theDuelist:RainbowOverdragon","theDuelist:HarpieFeather","theDuelist:Hinotama","theDuelist:BlueBloodedOni"],"picked":"theDuelist:GreyGreedOni+1","floor":31},{"not_picked":["theDuelist:MillenniumShield","theDuelist:GridRod","theDuelist:InstantFusion","theDuelist:LightningBlade+1"],"picked":"theDuelist:KamionTimelord","floor":33},{"not_picked":["theDuelist:SangaEarth+1","theDuelist:SpiralSpearStrike+1","theDuelist:Downbeat+1","theDuelist:FrontierWiseman","theDuelist:AfterGenocide+1"],"picked":"SKIP","floor":35},{"not_picked":["theDuelist:Mathematician","theDuelist:GravityLash+1","theDuelist:SwordsConcealing","theDuelist:Wildfire"],"picked":"theDuelist:YamiForm","floor":38},{"not_picked":["theDuelist:BreakDraw+1","theDuelist:CrossAttack+1"],"picked":"theDuelist:SpiralSpearStrike+1","floor":39},{"not_picked":["theDuelist:ElectromagneticShield","theDuelist:Electrowhip","theDuelist:ImperialOrder+1","theDuelist:WhiteHowling"],"picked":"SKIP","floor":40},{"not_picked":["theDuelist:KamionTimelord","theDuelist:Sangan","theDuelist:BigKoala","theDuelist:Mathematician"],"picked":"theDuelist:WhiteNinja+1","floor":42},{"not_picked":["theDuelist:AncientGearFist","theDuelist:FuryFire+1","theDuelist:GravityBlaster"],"picked":"SKIP","floor":45},{"not_picked":["theDuelist:Hinotama+2","theDuelist:PowerWall","theDuelist:WhiteMagicalHat","theDuelist:WormApocalypse","theDuelist:LightningVortex"],"picked":"SKIP","floor":47}],"player_experience":2220781,"relics_obtained":[{"floor":7,"key":"Bottled Flame"},{"floor":8,"key":"theDuelist:GiftAnubis"},{"floor":9,"key":"Orichalcum"},{"floor":26,"key":"PreservedInsect"},{"floor":31,"key":"Regal Pillow"},{"floor":38,"key":"Tough Bandages"},{"floor":38,"key":"CaptainsWheel"},{"floor":38,"key":"Bird Faced Urn"},{"floor":40,"key":"theDuelist:MetronomeRelicB"},{"floor":43,"key":"Pear"},{"floor":44,"key":"Anchor"},{"floor":47,"key":"theDuelist:GoldenScale"}],"event_choices":[{"cards_removed":["theDuelist:Sparks"],"damage_healed":0,"gold_gain":0,"player_choice":"Card Removal","damage_taken":0,"max_hp_gain":0,"max_hp_loss":0,"event_name":"The Cleric","floor":4,"gold_loss":75},{"damage_healed":0,"gold_gain":0,"player_choice":"Shed Blood","damage_taken":25,"max_hp_gain":5,"max_hp_loss":0,"event_name":"Forgotten Altar","floor":20,"gold_loss":0},{"total_magic_score":64,"gold_gain":0,"duelist":true,"damage_taken":0,"relics_obtained":[],"points":5,"max_hp_gain":6,"max_hp_loss":0,"spent_points":{"magic":0,"greed":0,"war":1,"power":0,"hunger":4},"event_name":"Nameless Tomb","hunger_reward":4,"floor":24,"gold_loss":0,"cards_obtained":[]},{"damage_healed":0,"gold_gain":0,"player_choice":"Paid Fearfully","damage_taken":0,"max_hp_gain":0,"max_hp_loss":0,"event_name":"Masked Bandits","floor":28,"gold_loss":122},{"damage_healed":0,"gold_gain":0,"player_choice":"Leave","duelist":true,"damage_taken":0,"max_hp_gain":0,"max_hp_loss":0,"event_name":"Millennium Items","floor":36,"gold_loss":0},{"damage_healed":0,"gold_gain":0,"player_choice":"Fight","duelist":true,"damage_taken":0,"max_hp_gain":0,"max_hp_loss":0,"event_name":"Battle City","floor":38,"gold_loss":0},{"damage_healed":0,"gold_gain":0,"player_choice":"Memory 1","damage_taken":0,"max_hp_gain":0,"max_hp_loss":0,"event_name":"SensoryStone","floor":42,"gold_loss":0}],"is_beta":false,"boss_relics":[{"not_picked":["Mark of Pain","Velvet Choker"],"picked":"theDuelist:GamblerChip"},{"not_picked":["Snecko Eye","theDuelist:MillenniumKey"],"picked":"Empty Cage"}],"items_purged_floors":[2,10,12,21,37,46],"is_endless":false,"potions_floor_spawned":[5,7,13,30,31,33,38,45,47],"ascension_level":16}}