{"host":"mb4cisebr17g8vuz","time":1613790754,"event":{"mods":["AchievementEnabler","BaseMod","Colored Map","Colored Powertips","Minty Spire (QoL Compilation)","SuperFastMode","everything is the same but u backflip on backflip"],"gold_per_floor":[116,130,130,147,158,158,174,174,199,237,249,261,299,323,335,426,438,466,478,257,274,324,324,356,371,449,247,258,308,328,328,328],"floor_reached":31,"language":"KOR","playtime":876,"items_purged":["Strike_R","Strike_R"],"score":521,"play_id":"6c1cf8c0-c52f-4c33-9bbb-a9ba59fcac86","local_time":"20210219221234","is_ascension_mode":true,"campfire_choices":[{"data":"Uppercut","floor":6.0,"key":"SMITH"},{"data":"Power Through","floor":8.0,"key":"SMITH"},{"floor":12.0,"key":"REST"},{"data":"True Grit","floor":15.0,"key":"SMITH"},{"data":"Fire Breathing","floor":23.0,"key":"SMITH"}],"circlet_count":0,"master_deck":["AscendersBane","Strike_R","Strike_R","Strike_R","Defend_R","Defend_R","Defend_R","Defend_R","Bash","Uppercut+1","Wild Strike","Power Through+1","Thunderclap","Fire Breathing+1","True Grit+1","Immolate","Shrug It Off+1","Shrug It Off","Pommel Strike","Flame Barrier","Burning Pact+1"],"relics":["Burning Blood","MawBank","Vajra","Regal Pillow","Question Card","Sozu","Lee\u0027s Waffle","Oddly Smooth Stone","The Courier"],"acts_visited":["Exordium","TheCity"],"potions_floor_usage":[],"damage_taken":[{"damage":7.0,"enemies":"2 Louse","floor":1.0,"turns":4.0},{"damage":5.0,"enemies":"Small Slimes","floor":2.0,"turns":4.0},{"damage":4.0,"enemies":"Cultist","floor":4.0,"turns":3.0},{"damage":0.0,"enemies":"2 Fungi Beasts","floor":5.0,"turns":2.0},{"damage":14.0,"enemies":"3 Louse","floor":7.0,"turns":4.0},{"damage":42.0,"enemies":"3 Sentries","floor":10.0,"turns":10.0},{"damage":26.0,"enemies":"Gremlin Nob","floor":13.0,"turns":4.0},{"damage":6.0,"enemies":"Exordium Thugs","floor":14.0,"turns":4.0},{"damage":62.0,"enemies":"Hexaghost","floor":16.0,"turns":12.0},{"damage":18.0,"enemies":"Chosen","floor":18.0,"turns":5.0},{"damage":21.0,"enemies":"Spheric Guardian","floor":21.0,"turns":5.0},{"damage":45.0,"enemies":"Slavers","floor":24.0,"turns":4.0},{"damage":11.0,"enemies":"Centurion and Healer","floor":25.0,"turns":7.0},{"damage":5.0,"enemies":"Snecko","floor":28.0,"turns":5.0},{"damage":26.0,"enemies":"Sentry and Sphere","floor":30.0,"turns":6.0},{"damage":16,"enemies":"3 Cultists","floor":31,"turns":2}],"seed_played":"-4084185254787485824","potions_obtained":[{"floor":2.0,"key":"Explosive Potion"},{"floor":4.0,"key":"SpeedPotion"},{"floor":10.0,"key":"EntropicBrew"},{"floor":13.0,"key":"ElixirPotion"},{"floor":14.0,"key":"SmokeBomb"}],"is_trial":false,"path_per_floor":["M","M","?","M","M","R","M","R","T","E","?","R","E","M","R","B",null,"M","?","$","M","?","R","E","M","T","$","M","?","M","M"],"character_chosen":"IRONCLAD","items_purchased":["Lee\u0027s Waffle","Shrug It Off","Pommel Strike","Flame Barrier"],"campfire_rested":1,"item_purchase_floors":[20,27,27,27],"current_hp_per_floor":[74,75,80,82,87,87,79,79,79,43,43,84,64,64,64,8,67,55,55,94,79,79,79,40,35,35,35,36,36,16,0,0],"gold":328,"neow_bonus":"TEN_PERCENT_HP_BONUS","is_daily":false,"chose_seed":false,"campfire_upgraded":4,"win_rate":0.0,"timestamp":1613790754,"path_taken":["M","M","?","M","M","R","M","R","T","E","?","R","E","M","R","BOSS","M","?","$","M","?","R","E","M","T","$","M","?","?","M"],"items_purchased_type":["Relic","Card","Card","Card"],"build_version":"2020-12-22","purchased_purges":2,"victory":false,"max_hp_per_floor":[82,82,87,87,87,87,87,87,87,87,87,87,87,87,87,87,87,87,87,94,94,94,94,94,94,94,94,94,94,94,94,94],"card_choices":[{"not_picked":["Havoc","Flex"],"picked":"Uppercut","floor":1.0},{"not_picked":["Heavy Blade","Power Through"],"picked":"Wild Strike","floor":2.0},{"not_picked":["Entrench","Clash"],"picked":"Power Through","floor":4.0},{"not_picked":["Pummel","Metallicize"],"picked":"Thunderclap","floor":5.0},{"not_picked":["Clash","Berserk","Cleave"],"picked":"SKIP","floor":7.0},{"not_picked":["True Grit","Cleave"],"picked":"Fire Breathing","floor":10.0},{"not_picked":["Hemokinesis","Blood for Blood","Wild Strike"],"picked":"SKIP","floor":13.0},{"not_picked":["Anger","Dual Wield","Body Slam"],"picked":"True Grit","floor":14.0},{"not_picked":["Reaper","Double Tap","Limit Break"],"picked":"Immolate","floor":16.0},{"not_picked":["Clash+1","Flex","Dropkick","Headbutt"],"picked":"SKIP","floor":18.0},{"not_picked":["Flex+1","Wild Strike","Warcry","Havoc+1"],"picked":"SKIP","floor":21.0},{"not_picked":["Feed","Reaper","Clash"],"picked":"Shrug It Off+1","floor":24.0},{"not_picked":["Havoc","Battle Trance","Searing Blow","Power Through"],"picked":"SKIP","floor":25.0},{"not_picked":["Pommel Strike","Sword Boomerang","Shrug It Off","Entrench"],"picked":"SKIP","floor":28.0},{"not_picked":["Wild Strike","Twin Strike","Sword Boomerang"],"picked":"Burning Pact+1","floor":30.0}],"player_experience":259971,"relics_obtained":[{"floor":9.0,"key":"MawBank"},{"floor":10.0,"key":"Vajra"},{"floor":13.0,"key":"Question Card"},{"floor":24.0,"key":"Oddly Smooth Stone"},{"floor":26.0,"key":"The Courier"}],"event_choices":[{"damage_healed":0.0,"max_hp_gain":5.0,"max_hp_loss":0.0,"gold_gain":0.0,"event_name":"Big Fish","player_choice":"Donut","floor":3.0,"gold_loss":0.0,"damage_taken":0.0},{"damage_healed":0.0,"max_hp_gain":0.0,"max_hp_loss":0.0,"gold_gain":0.0,"event_name":"WeMeetAgain","player_choice":"Gave Potion","floor":11.0,"gold_loss":0.0,"damage_taken":0.0,"relics_obtained":["Regal Pillow"]},{"damage_healed":0.0,"max_hp_gain":0.0,"max_hp_loss":0.0,"gold_gain":0.0,"event_name":"Ghosts","player_choice":"Ignored","floor":19.0,"gold_loss":0.0,"damage_taken":0.0},{"damage_healed":0.0,"max_hp_gain":0.0,"max_hp_loss":0.0,"gold_gain":50.0,"event_name":"Nest","player_choice":"Stole From Cult","floor":22.0,"gold_loss":0.0,"damage_taken":0.0},{"damage_healed":0.0,"max_hp_gain":0.0,"max_hp_loss":0.0,"gold_gain":100.0,"event_name":"The Joust","player_choice":"Bet on Murderer","floor":29.0,"gold_loss":50.0,"damage_taken":0.0}],"is_beta":false,"boss_relics":[{"not_picked":["Black Blood","Cursed Key"],"picked":"Sozu"}],"items_purged_floors":[20,27],"is_endless":false,"potions_floor_spawned":[2,4,10,13,14,21,28,30],"killed_by":"3 Cultists","ascension_level":19}}