{"host":"we8ay8el3o9pwc2d","time":1613854434,"event":{"mods":["Act Like it!","Aspiration","BaseMod","BetterRewards","Colored Map","Conspire","Elementarium","GungeonMod","Minty Spire (QoL Compilation)","Reliquary","Robot Space Explorer","Ruina","Spire Arcade","StSLib","The Jungle","The Marked","Waifu the Spire"],"gold_per_floor":[114,114,150,169,183,221,241,241,241,262,262,262,286,286,286,406,406,419,271,290,311,311,311,355,376,401,422,422,422,422,438,438,559,559,579,642,661,661,661,661,675,675,699,771,771,790,790,491,491,491,491,491,289,330,330,330],"floor_reached":55,"language":"ENG","playtime":3836,"items_purged":["Strike_B","Defend_B"],"score":912,"play_id":"7bf08be5-b72f-41ec-bc0a-cd62934f5ab5","local_time":"20210220135354","is_ascension_mode":false,"campfire_choices":[{"floor":8,"key":"RECALL"},{"floor":12,"key":"DIG"},{"floor":15,"key":"DIG"},{"data":"Capacitor","floor":23,"key":"SMITH"},{"data":"Streamline","floor":30,"key":"SMITH"},{"floor":32,"key":"DIG"},{"floor":40,"key":"REST"},{"data":"Creative AI","floor":42,"key":"SMITH"},{"floor":47,"key":"DIG"},{"floor":49,"key":"DIG"},{"data":"Madness","floor":52,"key":"SMITH"}],"circlet_count":0,"master_deck":["Strike_B+1","Strike_B","Defend_B","Defend_B","Zap","Dualcast","Cold Snap+1","Leap","Reprogram","Barrage","Streamline+1","Static Discharge","Capacitor+1","Barrage","Gash","Ball Lightning","Beam Cell","Capacitor","aspiration:Polymerization+1","Doom and Gloom","Redo+1","Conserve Battery","Meteor Strike","Creative AI+1","Conserve Battery","Gash","Madness","Madness+1","Cold Snap"],"relics":["Cracked Core","Eternal Feather","Gambling Chip","Membership Card","reliquary:Buckler","DemoMod:MonsterBlood","Shovel","DemoMod:PinkGuonStone","Golden Idol","Cables","reliquary:Firecrackers","DemoMod:GundromedaStrain","DemoMod:RingOfEthereal","Oddly Smooth Stone","Sozu","conspire:TreasureMap","DemoMod:PartiallyEatenCheese","conspire:TopHat","reliquary:GummyVitamins","MutagenicStrength","aspiration:HiddenCompartment","aspiration:RunicSpoon","DemoMod:ResourcefulSack","reliquary:ShortFuse","Blue Candle","Symbiotic Virus","Mummified Hand","Lee\u0027s Waffle","reliquary:Conveyor","reliquary:SharkskinSheath","Bag of Marbles","Blood Vial","OrangePellets","DemoMod:GlassGuonStoneRelic","Ornamental Fan"],"acts_visited":["Exordium","TheCity","TheBeyond","TheEnding"],"potions_floor_usage":[10],"damage_taken":[{"damage":0,"enemies":"Small Slimes","floor":1,"turns":2},{"damage":8,"enemies":"conspire:MimicChest","floor":3,"turns":3},{"damage":0,"enemies":"2 Louse","floor":4,"turns":2},{"damage":0,"enemies":"Cultist","floor":5,"turns":2},{"damage":20,"enemies":"Gremlin Nob","floor":6,"turns":4},{"damage":2,"enemies":"Exordium Thugs","floor":7,"turns":3},{"damage":0,"enemies":"Lots of Slimes","floor":10,"turns":1},{"damage":0,"enemies":"Blue Slaver","floor":13,"turns":2},{"damage":32,"enemies":"The Guardian","floor":16,"turns":7},{"damage":4,"enemies":"conspire:FuzzyDice","floor":18,"turns":4},{"damage":1,"enemies":"Shell Parasite","floor":20,"turns":3},{"damage":1,"enemies":"Snecko","floor":21,"turns":4},{"damage":4,"enemies":"conspire:Head Lice","floor":24,"turns":2},{"damage":11,"enemies":"Snake Plant","floor":25,"turns":3},{"damage":7,"enemies":"Sentry and Sphere","floor":27,"turns":4},{"damage":0,"enemies":"conspire:HollyBat","floor":31,"turns":8},{"damage":57,"enemies":"Champ","floor":33,"turns":7},{"damage":25,"enemies":"Orb Walker","floor":35,"turns":4},{"damage":16,"enemies":"Mind Bloom Boss Battle","floor":36,"turns":5},{"damage":25,"enemies":"3 Darklings","floor":37,"turns":4},{"damage":15,"enemies":"Maw","floor":41,"turns":6},{"damage":0,"enemies":"4 Shapes","floor":46,"turns":4},{"damage":53,"enemies":"Time Eater","floor":50,"turns":7},{"damage":50,"enemies":"Shield and Spear","floor":54,"turns":5},{"damage":39,"enemies":"The Heart","floor":55,"turns":5}],"seed_played":"-1548470522426578085","potions_obtained":[{"floor":6,"key":"PotionOfCapacity"},{"floor":7,"key":"AttackPotion"},{"floor":16,"key":"DuplicationPotion"}],"is_trial":false,"path_per_floor":["M","?","?","M","M","E","M","R","T","M","?","R","M","?","R","B",null,"M","$","M","M","T","R","E","M","T","M","?","?","R","M","R","B",null,"M","?","M","?","?","R","M","R","T","T","?","M","R","$","R","B",null,"R","$","E","B"],"character_chosen":"DEFECT","items_purchased":["Eternal Feather","Cold Snap","Leap","Membership Card","reliquary:Buckler","DemoMod:MonsterBlood","conspire:TreasureMap","Capacitor","Lee\u0027s Waffle","reliquary:Conveyor","reliquary:SharkskinSheath","Blood Vial","OrangePellets"],"campfire_rested":1,"item_purchase_floors":[0,0,0,0,0,0,19,19,48,48,48,53,53],"current_hp_per_floor":[43,43,35,35,35,15,13,22,22,22,22,34,34,34,46,14,78,74,74,73,72,72,78,74,63,63,56,56,56,68,68,78,21,78,53,37,12,12,12,50,35,50,50,50,40,40,58,85,85,32,85,85,85,35,0,0],"gold":330,"neow_bonus":"","is_daily":false,"chose_seed":false,"campfire_upgraded":4,"win_rate":0.0,"timestamp":1613854434,"path_taken":["M","?","?","M","M","E","M","R","T","M","?","R","M","?","R","BOSS","M","$","?","M","?","R","E","M","T","?","?","?","R","M","R","BOSS","M","?","M","?","?","R","?","R","T","?","?","M","R","?","R","BOSS","R","$","E","BOSS"],"items_purchased_type":["Relic","Card","Card","Relic","Relic","Relic","Relic","Card","Relic","Relic","Relic","Relic","Relic"],"build_version":"2020-12-22","purchased_purges":2,"victory":false,"max_hp_per_floor":[84,78,78,78,78,78,78,78,78,78,78,78,78,78,78,78,78,78,78,78,78,78,78,78,78,78,78,78,78,78,78,78,78,78,78,78,78,78,78,78,78,78,78,78,78,78,78,85,85,85,85,85,85,85,85,85],"card_choices":[{"not_picked":["Rebound","Redo"],"picked":"Barrage","floor":1},{"not_picked":["Go for the Eyes","Undo"],"picked":"Streamline","floor":3},{"not_picked":["Meteor Strike","Cold Snap"],"picked":"Static Discharge","floor":4},{"not_picked":["Go for the Eyes","Sunder"],"picked":"Capacitor","floor":5},{"not_picked":["Steam","Coolheaded"],"picked":"Barrage","floor":6},{"not_picked":["Coolheaded","Steam"],"picked":"Gash","floor":7},{"not_picked":["Cold Snap","Rip and Tear"],"picked":"Ball Lightning","floor":10},{"not_picked":["Coolheaded","Reinforced Body"],"picked":"Beam Cell","floor":13},{"not_picked":["Sunder+1","Coolheaded","Rebound"],"picked":"SKIP","floor":18},{"not_picked":["Tempest","Auto Shields","Streamline"],"picked":"SKIP","floor":20},{"not_picked":["Loop","Hologram"],"picked":"aspiration:Polymerization+1","floor":21},{"not_picked":["Skim","Compile Driver+1"],"picked":"Doom and Gloom","floor":24},{"not_picked":["Coolheaded","Go for the Eyes"],"picked":"Redo+1","floor":25},{"not_picked":["Ball Lightning","Tempest"],"picked":"Conserve Battery","floor":27},{"not_picked":["Go for the Eyes","Sweeping Beam"],"picked":"Meteor Strike","floor":31},{"not_picked":["Fission","Buffer"],"picked":"Creative AI","floor":33},{"not_picked":["Redo+1","Rebound","Sunder+1"],"picked":"SKIP","floor":35},{"not_picked":["Double Energy+1","FTL+1"],"picked":"Conserve Battery","floor":37},{"not_picked":["Self Repair+1","Ball Lightning"],"picked":"Gash","floor":41},{"not_picked":["Static Discharge+1","Conserve Battery+1"],"picked":"Cold Snap","floor":46},{"not_picked":["Leap","Scrape+1","Fission"],"picked":"SKIP","floor":54}],"player_experience":1826728,"relics_obtained":[{"floor":3,"key":"Cables"},{"floor":6,"key":"reliquary:Firecrackers"},{"floor":12,"key":"DemoMod:RingOfEthereal"},{"floor":15,"key":"Oddly Smooth Stone"},{"floor":22,"key":"DemoMod:PartiallyEatenCheese"},{"floor":24,"key":"conspire:TopHat"},{"floor":26,"key":"reliquary:GummyVitamins"},{"floor":32,"key":"aspiration:HiddenCompartment"},{"floor":36,"key":"DemoMod:ResourcefulSack"},{"floor":43,"key":"Blue Candle"},{"floor":44,"key":"Symbiotic Virus"},{"floor":47,"key":"Mummified Hand"},{"floor":49,"key":"Bag of Marbles"},{"floor":54,"key":"Ornamental Fan"}],"event_choices":[{"damage_healed":0,"gold_gain":0,"player_choice":"Lose Max HP","damage_taken":0,"relics_obtained":["Golden Idol"],"max_hp_gain":0,"max_hp_loss":6,"event_name":"Golden Idol","floor":2,"gold_loss":0},{"cards_removed":["Strike_B"],"damage_healed":0,"gold_gain":0,"player_choice":"Purged","damage_taken":0,"max_hp_gain":0,"max_hp_loss":0,"event_name":"Purifier","floor":14,"gold_loss":0},{"damage_healed":0,"gold_gain":0,"player_choice":"Inject Mutagens","damage_taken":0,"relics_obtained":["MutagenicStrength"],"max_hp_gain":0,"max_hp_loss":0,"event_name":"Drug Dealer","floor":28,"gold_loss":0},{"damage_healed":0,"gold_gain":0,"player_choice":"Leave","damage_taken":0,"max_hp_gain":0,"max_hp_loss":0,"event_name":"conspire:Investor","floor":29,"gold_loss":0},{"damage_healed":0,"gold_gain":0,"player_choice":"Fight","damage_taken":0,"max_hp_gain":0,"max_hp_loss":0,"event_name":"MindBloom","floor":36,"gold_loss":0},{"cards_removed":["Defend_B"],"damage_healed":0,"gold_gain":0,"player_choice":"Removed Skill","damage_taken":0,"max_hp_gain":0,"max_hp_loss":0,"event_name":"Falling","floor":38,"gold_loss":0},{"damage_healed":0,"gold_gain":0,"player_choice":"Gave Potion","damage_taken":0,"relics_obtained":["reliquary:ShortFuse"],"max_hp_gain":0,"max_hp_loss":0,"event_name":"WeMeetAgain","floor":39,"gold_loss":0},{"damage_healed":0,"gold_gain":0,"player_choice":"Embrace Madness","damage_taken":10,"max_hp_gain":0,"max_hp_loss":0,"event_name":"Winding Halls","floor":45,"gold_loss":0,"cards_obtained":["Madness","Madness"]}],"is_beta":false,"boss_relics":[{"not_picked":["SacredBark","reliquary:RedCape"],"picked":"Sozu"},{"not_picked":["Empty Cage","reliquary:RedPaperclip"],"picked":"aspiration:RunicSpoon"}],"items_purged_floors":[19,53],"is_endless":false,"potions_floor_spawned":[6,7,16,18,21,31,33,37,46],"killed_by":"The Heart","ascension_level":0}}