{"host":"m1hrbr0uwda4cktq","time":1613840918,"event":{"mods":["BaseMod","BetterRewards","Colored Map","Colored Powertips","Highlight Path","Minty Spire (QoL Compilation)","Shop Mod","SuperFastMode"],"gold_per_floor":[111,127,144,162,177,203,203,237,237,237,237],"floor_reached":10,"language":"ENG","playtime":693,"items_purged":[],"score":88,"play_id":"d79a1cea-cdf7-41c6-adc4-cd1e076ebef2","local_time":"20210220140838","is_ascension_mode":true,"campfire_choices":[{"data":"Echo Form","floor":7.0,"key":"SMITH"}],"circlet_count":0,"master_deck":["Strike_B","Strike_B","Strike_B","Strike_B","Defend_B","Defend_B","Defend_B","Defend_B","Zap","Dualcast","Loop","Cold Snap","Leap","Gash","Self Repair","Echo Form+1","Ball Lightning"],"relics":["Cracked Core","Medical Kit","Pocketwatch","Art of War","Anchor","Letter Opener"],"acts_visited":["Exordium"],"potions_floor_usage":[8],"damage_taken":[{"damage":0.0,"enemies":"Cultist","floor":1.0,"turns":4.0},{"damage":10.0,"enemies":"Jaw Worm","floor":2.0,"turns":3.0},{"damage":1.0,"enemies":"Small Slimes","floor":3.0,"turns":3.0},{"damage":24.0,"enemies":"3 Louse","floor":4.0,"turns":4.0},{"damage":10.0,"enemies":"2 Fungi Beasts","floor":5.0,"turns":3.0},{"damage":24.0,"enemies":"Gremlin Nob","floor":6.0,"turns":5.0},{"damage":11,"enemies":"Lagavulin","floor":8,"turns":6},{"damage":23,"enemies":"3 Sentries","floor":10,"turns":4}],"seed_played":"-649856961160387942","potions_obtained":[{"floor":2.0,"key":"Dexterity Potion"},{"floor":4.0,"key":"Regen Potion"},{"floor":5.0,"key":"SmokeBomb"}],"is_trial":false,"path_per_floor":["M","M","M","M","M","E","R","E","T","E"],"character_chosen":"DEFECT","items_purchased":["Loop","Medical Kit"],"campfire_rested":0,"item_purchase_floors":[0,0],"current_hp_per_floor":[75,65,64,40,30,27,27,23,23,0,0],"gold":237,"neow_bonus":"","is_daily":false,"chose_seed":false,"campfire_upgraded":1,"win_rate":0.0,"timestamp":1613840918,"path_taken":["M","M","M","M","M","E","R","E","T","E"],"items_purchased_type":["Card","Relic"],"build_version":"2020-12-22","purchased_purges":0,"victory":false,"max_hp_per_floor":[75,75,75,75,75,75,75,75,75,75,75],"card_choices":[{"not_picked":["Barrage","Gash"],"picked":"Cold Snap","floor":1.0},{"not_picked":["Beam Cell","Turbo"],"picked":"Leap","floor":2.0},{"not_picked":["Barrage","Double Energy"],"picked":"Gash","floor":3.0},{"not_picked":["Tempest","Stack","Consume"],"picked":"SKIP","floor":4.0},{"not_picked":["Seek","Redo"],"picked":"Self Repair","floor":5.0},{"not_picked":["Hello World","Undo"],"picked":"Echo Form","floor":6.0},{"not_picked":["Hello World","Conserve Battery"],"picked":"Ball Lightning","floor":8}],"player_experience":121978,"relics_obtained":[{"floor":6.0,"key":"Art of War"},{"floor":8,"key":"Anchor"},{"floor":9,"key":"Letter Opener"}],"event_choices":[],"is_beta":false,"boss_relics":[],"items_purged_floors":[],"is_endless":false,"potions_floor_spawned":[2,4,5],"killed_by":"3 Sentries","ascension_level":2}}