{"host":"40jzjik7hyc9heun","time":1613827820,"event":{"mods":["BaseMod","Colored Powertips","Downfall","Minty Spire (QoL Compilation)","StSLib"],"gold_per_floor":[99,99,164,164,164,164,164,74,74,74,86,71,90,90,108,205,205,205,223,223,223,241,261,261,261,281,69,85,85,85,105,125,226,226,126,138,183,195,206,206,206,206,222,239,139,166,66,85,97,97,97,132,7,7,7,7],"floor_reached":57,"language":"ENG","playtime":4296,"items_purged":["champ:Strike","Pain","champ:Defend"],"score":1249,"play_id":"1debe165-1f04-4ace-80b7-775b3042501a","local_time":"20210220083020","is_ascension_mode":false,"campfire_choices":[{"data":"champ:Taunt","floor":1.0,"key":"SMITH"},{"data":"champ:BerserkersShout","floor":6.0,"key":"SMITH"},{"data":"champ:FaceSlap","floor":10.0,"key":"SMITH"},{"data":"champ:RisingSlash","floor":18,"key":"SMITH"},{"data":"champ:StanceDance","floor":25,"key":"SMITH"},{"floor":29,"key":"RECALL"},{"data":"champ:UltimateStance","floor":35,"key":"SMITH"},{"data":"champ:Execute","floor":45,"key":"SMITH"},{"floor":47,"key":"REST"},{"data":"champ:EnGarde","floor":54,"key":"SMITH"}],"circlet_count":0,"master_deck":["champ:Strike","champ:Strike","champ:Strike","champ:Defend","champ:Defend","champ:Defend","champ:Execute+1","champ:Taunt+1","champ:BerserkersShout+1","champ:RisingSlash+1","champ:FaceSlap+1","champ:FanOfKnives+1","champ:EnGarde+1","champ:FanOfKnives+1","champ:EnragedBash+1","champ:VampiricStrike+1","champ:StanceDance+1","champ:Endure+1","champ:AdrenalArmor+1","champ:CheapShot+1","champ:DeathBlow+1","champ:EndlessRage+1","champ:PreciseThrust+1","champ:FaceSlap+1","champ:BladeFlurry+1","champ:UltimateStance+1","champ:RapidStrikes+1","champ:AdrenalArmor+1","champ:VampiricStrike+1","champ:Shatter+1","champ:HeartStrike+1"],"relics":["champ:ChampionCrown","downfall:HeartsMalice","Calipers","Molten Egg 2","downfall:ShatteredFragment","champ:LiftRelic","Cursed Key","Enchiridion","Pen Nib","Omamori","Matryoshka","Sozu","downfall:HeartBlessingRed","Frozen Egg 2","Dream Catcher","Question Card","downfall:HeartBlessingBlue","champ:FightingForDummies","downfall:HeartBlessingGreen","Pantograph"],"acts_visited":["Exordium","TheCity","TheBeyond","TheEnding"],"potions_floor_usage":[36,46,56],"damage_taken":[{"damage":0.0,"enemies":"2 Louse","floor":2.0,"turns":1.0},{"damage":0.0,"enemies":"Lagavulin Event","floor":3.0,"turns":1.0},{"damage":0.0,"enemies":"Jaw Worm","floor":5.0,"turns":1.0},{"damage":60.0,"enemies":"downfall:FleeingMerchant","floor":8.0,"turns":4.0},{"damage":25.0,"enemies":"Small Slimes","floor":11.0,"turns":2.0},{"damage":35.0,"enemies":"downfall:FleeingMerchant","floor":12.0,"turns":4.0},{"damage":0.0,"enemies":"3 Louse","floor":13.0,"turns":1.0},{"damage":19.0,"enemies":"2 Fungi Beasts","floor":15.0,"turns":2.0},{"damage":75.0,"enemies":"WA_ARCHETYPE_RETAIN","floor":16.0,"turns":5.0},{"damage":10,"enemies":"3 Byrds","floor":19,"turns":3},{"damage":38,"enemies":"Shell Parasite","floor":22,"turns":2},{"damage":15,"enemies":"Snecko","floor":23,"turns":2},{"damage":44,"enemies":"Sentry and Sphere","floor":26,"turns":3},{"damage":61,"enemies":"downfall:FleeingMerchant","floor":27,"turns":4},{"damage":35,"enemies":"Chosen and Byrds","floor":28,"turns":3},{"damage":45,"enemies":"Cultist and Chosen","floor":31,"turns":3},{"damage":45,"enemies":"3 Cultists","floor":32,"turns":3},{"damage":55,"enemies":"IC_MUSHROOM_ARCHETYPE","floor":33,"turns":4},{"damage":18,"enemies":"3 Shapes","floor":36,"turns":1},{"damage":51,"enemies":"3 Darklings","floor":38,"turns":3},{"damage":30,"enemies":"4 Shapes","floor":39,"turns":2},{"damage":90,"enemies":"Transient","floor":43,"turns":5},{"damage":15,"enemies":"Jaw Worm Horde","floor":44,"turns":1},{"damage":60,"enemies":"Nemesis","floor":46,"turns":3},{"damage":20,"enemies":"Spire Growth","floor":48,"turns":2},{"damage":50,"enemies":"Writhing Mass","floor":49,"turns":3},{"damage":83,"enemies":"SI_POISON_ARCHETYPE","floor":50,"turns":5},{"damage":88,"enemies":"downfall:CharBossMerchant","floor":52,"turns":5},{"damage":184,"enemies":"downfall:NeowBoss","floor":55,"turns":10},{"damage":145,"enemies":"downfall:NeowBossFinal","floor":56,"turns":7}],"seed_played":"-4118812968451534741","potions_obtained":[{"floor":11.0,"key":"sneckomod:MuddlingPotion"},{"floor":13.0,"key":"Fruit Juice"},{"floor":15.0,"key":"champ:UltimateStancePotion"},{"floor":22,"key":"Guardian:BlockOnCardUsePotion"},{"floor":28,"key":"LiquidMemories"},{"floor":33,"key":"Fruit Juice"}],"is_trial":false,"path_per_floor":["R","M","?","?","M","R","T","$","?","R","M","$","M","?","M","B",null,"R","M","?","?","M","M","T","R","M","$","M","R","?","M","M","B",null,"R","M","?","M","M","?","T","?","M","M","R","E","R","M","M","B",null,"E","$","R","B","B",null],"character_chosen":"THE_CHAMP","items_purchased":["Omamori","champ:EndlessRage","Matryoshka"],"campfire_rested":1,"item_purchase_floors":[27,27,27],"current_hp_per_floor":[90,90,90,90,90,90,90,80,53,53,53,48,48,48,44,19,95,95,95,95,79,71,71,71,71,67,66,66,66,66,66,66,66,95,95,97,97,91,91,91,91,91,91,91,101,101,110,110,110,107,110,97,97,97,71,36],"gold":7,"neow_bonus":"THREE_ENEMY_KILL","is_daily":false,"chose_seed":false,"campfire_upgraded":8,"win_rate":0.0,"timestamp":1613827820,"path_taken":["R","M","?","?","M","R","T","$","?","R","M","$","M","?","M","BOSS","R","M","?","?","M","M","T","R","M","$","M","R","?","?","M","BOSS","R","M","?","M","M","?","T","?","M","M","R","E","R","M","M","BOSS","E","$","R","BOSS","BOSS"],"items_purchased_type":["Relic","Card","Relic"],"build_version":"2020-12-22","purchased_purges":3,"victory":true,"max_hp_per_floor":[90,90,90,90,90,90,90,90,90,90,90,90,90,90,90,95,95,95,95,95,95,95,95,95,95,95,95,95,95,95,95,95,95,95,95,100,100,100,100,100,100,100,100,100,110,110,110,110,110,110,110,110,110,110,110,110],"card_choices":[{"not_picked":["champ:RecklessLeap","champ:CalledShot"],"picked":"champ:BerserkersShout","floor":2.0},{"not_picked":["champ:GutPunch","champ:DefensiveShout"],"picked":"champ:RisingSlash","floor":3.0},{"not_picked":["champ:BladeFlurry","champ:DefensiveShout"],"picked":"champ:FaceSlap","floor":5.0},{"not_picked":["champ:TornadoPunch+1","champ:DeathBlow+1","champ:GutPunch+1"],"picked":"SKIP","floor":8.0},{"not_picked":["champ:EnGarde","champ:CalledShot"],"picked":"champ:FanOfKnives+1","floor":11.0},{"not_picked":["champ:CalledShot","champ:Encircle+1"],"picked":"champ:EnGarde","floor":12.0},{"not_picked":["champ:Parry","champ:BerserkersShout"],"picked":"champ:FanOfKnives+1","floor":13.0},{"not_picked":["champ:GladiatorStyle","champ:ShieldSlam"],"picked":"champ:EnragedBash+1","floor":15.0},{"not_picked":["champ:LastStand","champ:MurderStrike+1"],"picked":"champ:VampiricStrike+1","floor":16.0},{"not_picked":["champ:RisingSlash+1","champ:CrownThrow+1"],"picked":"champ:StanceDance","floor":19},{"not_picked":["champ:ShieldWall+1","champ:EnGarde"],"picked":"champ:Endure+1","floor":22},{"not_picked":["champ:GladiatorStyle","champ:CrownThrow+1"],"picked":"champ:AdrenalArmor+1","floor":23},{"not_picked":["champ:PreciseThrust+1","champ:TornadoPunch+1"],"picked":"champ:CheapShot+1","floor":26},{"not_picked":["champ:CrownThrow+1","champ:EnGarde"],"picked":"champ:DeathBlow+1","floor":27},{"not_picked":["champ:DeathBlow+1","champ:CrownThrow+1"],"picked":"champ:PreciseThrust+1","floor":28},{"not_picked":["champ:FalseCounter+1","champ:FlashCut+1"],"picked":"champ:FaceSlap+1","floor":31},{"not_picked":["champ:GutPunch+1","champ:StanceDance"],"picked":"champ:BladeFlurry+1","floor":32},{"not_picked":["champ:IgnorePain","champ:HoldFirm"],"picked":"champ:UltimateStance","floor":33},{"not_picked":["champ:StanceDance+1","champ:DeathBlow+1","champ:Duel+1"],"picked":"SKIP","floor":36},{"not_picked":["champ:PerfectedStrike+1","champ:DefensiveShout","champ:SetATrap+1"],"picked":"SKIP","floor":38},{"not_picked":["champ:ArenaPreparation+1","champ:PerfectedStrike+1","champ:StanceDance"],"picked":"SKIP","floor":39},{"not_picked":["champ:AdrenalArmor+1","champ:DeathBlow+1","champ:GladiatorStyle+1"],"picked":"champ:RapidStrikes+1","floor":43},{"not_picked":["champ:PerfectedStrike+1","champ:Encircle+1","champ:EnGarde+1"],"picked":"champ:AdrenalArmor+1","floor":44},{"not_picked":["champ:FocusedBerserking+1","champ:HeartStrike+1","champ:AdrenalArmor+1"],"picked":"champ:VampiricStrike+1","floor":46},{"not_picked":["champ:BringItOn","champ:Circumvent+1","champ:GladiatorStyle+1"],"picked":"champ:Shatter+1","floor":47},{"not_picked":["champ:CalledShot","champ:PreemptiveStrike+1","champ:GladiatorStyle+1"],"picked":"champ:HeartStrike+1","floor":48},{"not_picked":["champ:SkillfulDodge","champ:Haymaker+1","champ:EnragedBash+1","champ:GutPunch+1"],"picked":"SKIP","floor":49},{"not_picked":["champ:Encircle+1","champ:FocusedDefense","champ:Backstep+1","champ:FaceSlap+1"],"picked":"SKIP","floor":52}],"player_experience":117576,"relics_obtained":[{"floor":3.0,"key":"Calipers"},{"floor":7.0,"key":"Molten Egg 2"},{"floor":21,"key":"Enchiridion"},{"floor":24,"key":"Pen Nib"},{"floor":37,"key":"Frozen Egg 2"},{"floor":41,"key":"Dream Catcher"},{"floor":41,"key":"Question Card"},{"floor":46,"key":"champ:FightingForDummies"},{"floor":52,"key":"Pantograph"}],"event_choices":[{"damage_healed":0,"gold_gain":0,"player_choice":"Forge","damage_taken":0,"max_hp_gain":0,"max_hp_loss":0,"event_name":"Accursed Blacksmith","floor":30,"gold_loss":0,"cards_upgraded":["champ:EndlessRage"]},{"damage_healed":0,"gold_gain":0,"player_choice":"Ignored","damage_taken":0,"max_hp_gain":0,"max_hp_loss":0,"event_name":"NoteForYourself","floor":42,"gold_loss":0}],"is_beta":false,"boss_relics":[{"not_picked":["Calling Bell","Pandora\u0027s Box"],"picked":"Cursed Key"},{"not_picked":["Busted Crown","Empty Cage"],"picked":"Sozu"}],"items_purged_floors":[8,27,53],"is_endless":false,"potions_floor_spawned":[11,13,15,22,28,31,33,36,44,46,49],"ascension_level":0}}