{"host":"ilhhjx796p2x2wmd","time":1613820033,"event":{"mods":["AchievementEnabler","BaseMod","BetterRewards","Colored Map","Colored Powertips","DeckTracker","Highlight Path","Minty Spire (QoL Compilation)","Permanent Neow","Rare Cards Sparkle","Shop Mod"],"gold_per_floor":[129,162,216,251,304,304,386,422,422,422,45,102,102,155,155,155,155],"floor_reached":16,"language":"KOR","playtime":650,"items_purged":["Regret"],"score":160,"play_id":"432e1e1d-8548-471c-9c9e-9c6628231374","local_time":"20210220202033","is_ascension_mode":true,"campfire_choices":[{"data":"Armaments","floor":6,"key":"SMITH"},{"floor":10,"key":"REST"},{"data":"Searing Blow","floor":13,"key":"SMITH"},{"data":"Searing Blow+1","floor":15,"key":"SMITH"}],"circlet_count":0,"master_deck":["Strike_R","Strike_R","Strike_R","Strike_R","Strike_R","Defend_R","Defend_R","Defend_R","Defend_R","Bash","HandOfGreed","Shrug It Off","Armaments+1","Pommel Strike","Shrug It Off","Master of Strategy","Battle Trance","Searing Blow+2","Disarm","Evolve"],"relics":["Burning Blood","Letter Opener","Omamori","Art of War"],"acts_visited":["Exordium"],"potions_floor_usage":[14],"damage_taken":[{"damage":17.0,"enemies":"Jaw Worm","floor":1.0,"turns":3.0},{"damage":3.0,"enemies":"Cultist","floor":2.0,"turns":3.0},{"damage":6,"enemies":"Small Slimes","floor":3,"turns":4},{"damage":18,"enemies":"Blue Slaver","floor":4,"turns":5},{"damage":8,"enemies":"2 Fungi Beasts","floor":5,"turns":4},{"damage":32,"enemies":"3 Sentries","floor":7,"turns":10},{"damage":5,"enemies":"Looter","floor":8,"turns":3},{"damage":11,"enemies":"Exordium Wildlife","floor":12,"turns":5},{"damage":13,"enemies":"Gremlin Nob","floor":14,"turns":3},{"damage":38,"enemies":"Hexaghost","floor":16,"turns":14}],"seed_played":"-2215720924689604557","potions_obtained":[{"floor":1.0,"key":"Fire Potion"},{"floor":3,"key":"BlessingOfTheForge"},{"floor":4,"key":"FearPotion"},{"floor":7,"key":"DuplicationPotion"},{"floor":14,"key":"EssenceOfSteel"}],"is_trial":false,"path_per_floor":["M","M","M","M","M","R","E","M","T","R","$","M","R","E","R","B"],"character_chosen":"IRONCLAD","items_purchased":["Master of Strategy","Battle Trance","Searing Blow"],"campfire_rested":1,"item_purchase_floors":[11,11,11],"current_hp_per_floor":[61,64,64,52,50,50,24,25,25,49,49,44,44,37,37,0,0],"gold":155,"neow_bonus":"RANDOM_COLORLESS_2","is_daily":false,"chose_seed":false,"campfire_upgraded":3,"win_rate":0.0,"timestamp":1613820033,"path_taken":["M","M","M","M","M","R","E","M","T","R","$","M","R","E","R","BOSS"],"items_purchased_type":["Card","Card","Card"],"build_version":"2020-12-22","purchased_purges":1,"victory":false,"max_hp_per_floor":[80,80,80,80,80,80,80,80,80,80,80,80,80,80,80,80,80],"card_choices":[{"not_picked":["The Bomb","Mayhem"],"picked":"HandOfGreed","floor":0.0},{"not_picked":["Thunderclap","Warcry"],"picked":"Shrug It Off","floor":1.0},{"not_picked":["Pummel","Warcry","Disarm"],"picked":"SKIP","floor":2.0},{"not_picked":["Fire Breathing","Clothesline"],"picked":"Armaments","floor":3},{"not_picked":["Dark Embrace","Twin Strike"],"picked":"Pommel Strike","floor":4},{"not_picked":["Sword Boomerang","Twin Strike","Body Slam"],"picked":"SKIP","floor":5},{"not_picked":["Combust","Flex","Wild Strike"],"picked":"SKIP","floor":7},{"not_picked":["Pommel Strike","Fire Breathing"],"picked":"Shrug It Off","floor":8},{"not_picked":["Blood for Blood","Carnage"],"picked":"Disarm","floor":12},{"not_picked":["Hemokinesis","Second Wind"],"picked":"Evolve","floor":14}],"player_experience":343497,"relics_obtained":[{"floor":7,"key":"Letter Opener"},{"floor":9,"key":"Omamori"},{"floor":14,"key":"Art of War"}],"event_choices":[],"is_beta":false,"boss_relics":[],"items_purged_floors":[11],"is_endless":false,"potions_floor_spawned":[1,3,4,5,7,14],"killed_by":"Hexaghost","ascension_level":8}}