{"host":"Tuck","time":1613803038,"event":{"mods":["BaseMod","Minty Spire (QoL Compilation)","StSLib"],"gold_per_floor":[112,112,112,127,127,161,161,489,489,517,532,558,558,568,568,668,668,681,580,600,600,615,650,575,601,627,661,661,672,672,514,514,615,615,615,642,690,704,721,756,708,720,768,781,813,739,753,780,780,780,780,780,453,481,481],"floor_reached":56,"language":"ENG","playtime":7246,"items_purged":[],"score":1959,"play_id":"f7ae213f-8ea8-4bfe-bd60-07b0fd5f1d24","local_time":"20210219233718","is_ascension_mode":true,"campfire_choices":[{"data":"Aggregate","floor":7,"key":"SMITH"},{"data":"Defragment","floor":15,"key":"SMITH"},{"floor":28,"key":"DIG"},{"floor":32,"key":"DIG"},{"floor":49,"key":"RECALL"},{"floor":52,"key":"DIG"}],"circlet_count":0,"master_deck":["Dualcast","Heatsinks","Rip and Tear","Double Energy","White Noise+1","Turbo","Aggregate+1","Reboot","Hologram+1","Glacier+1","Coolheaded+1","Melter","Barrage","Echo Form","Defragment+1","Coolheaded+1","Conserve Battery","Heatsinks","Gash","Core Surge","Self Repair","Defragment","Recycle","Finesse","Defragment","Defragment","Doom and Gloom","Creative AI","Double Energy","Apotheosis","Seek+1","Amplify","Capacitor+1","Gash","Coolheaded","Loop+1","Coolheaded","Recycle"],"relics":["Pandora\u0027s Box","Akabeko","HornCleat","Membership Card","Mercury Hourglass","Bird Faced Urn","Mummified Hand","Black Star","Tiny Chest","Cables","Blue Candle","Shovel","Pocketwatch","Potion Belt","WarpedTongs","Question Card","CaptainsWheel","Singing Bowl","Nilry\u0027s Codex","Art of War","Lantern","SacredBark","Toy Ornithopter","Lizard Tail","Bottled Lightning","Juzu Bracelet","Boot","MealTicket","Orichalcum","Gremlin Horn","Omamori","PreservedInsect","Oddly Smooth Stone","StrikeDummy","Unceasing Top","Lee\u0027s Waffle","Anchor","Pen Nib"],"acts_visited":["Exordium","TheCity","TheBeyond","TheEnding"],"potions_floor_usage":[55,55,55,55,55,55,55,55,55,55,55,55],"damage_taken":[{"damage":0,"enemies":"2 Louse","floor":1,"turns":1},{"damage":0,"enemies":"Small Slimes","floor":4,"turns":1},{"damage":9,"enemies":"Lagavulin","floor":6,"turns":7},{"damage":0,"enemies":"Gremlin Nob","floor":10,"turns":2},{"damage":0,"enemies":"Jaw Worm","floor":11,"turns":1},{"damage":0,"enemies":"3 Sentries","floor":12,"turns":6},{"damage":0,"enemies":"Exordium Thugs","floor":14,"turns":2},{"damage":1,"enemies":"The Guardian","floor":16,"turns":6},{"damage":1,"enemies":"Shell Parasite","floor":18,"turns":5},{"damage":0,"enemies":"Chosen","floor":20,"turns":6},{"damage":0,"enemies":"Snecko","floor":22,"turns":5},{"damage":0,"enemies":"Slavers","floor":23,"turns":5},{"damage":0,"enemies":"Gremlin Leader","floor":25,"turns":5},{"damage":0,"enemies":"Book of Stabbing","floor":27,"turns":5},{"damage":3,"enemies":"Cultist and Chosen","floor":29,"turns":4},{"damage":0,"enemies":"Automaton","floor":33,"turns":8},{"damage":0,"enemies":"2 Orb Walkers","floor":37,"turns":4},{"damage":0,"enemies":"Orb Walker","floor":38,"turns":2},{"damage":0,"enemies":"Sphere and 2 Shapes","floor":39,"turns":4},{"damage":0,"enemies":"Giant Head","floor":40,"turns":1},{"damage":0,"enemies":"Jaw Worm Horde","floor":42,"turns":2},{"damage":0,"enemies":"Maw","floor":44,"turns":5},{"damage":0,"enemies":"Nemesis","floor":45,"turns":2},{"damage":0,"enemies":"Transient","floor":47,"turns":5},{"damage":0,"enemies":"Giant Head","floor":48,"turns":4},{"damage":0,"enemies":"Donu and Deca","floor":50,"turns":7},{"damage":0,"enemies":"Shield and Spear","floor":54,"turns":3},{"damage":0,"enemies":"The Heart","floor":55,"turns":5}],"seed_played":"-6973372780492289300","potions_obtained":[{"floor":1,"key":"Swift Potion"},{"floor":10,"key":"Swift Potion"},{"floor":12,"key":"Weak Potion"},{"floor":18,"key":"Block Potion"},{"floor":27,"key":"Explosive Potion"},{"floor":38,"key":"FairyPotion"},{"floor":42,"key":"EntropicBrew"}],"is_trial":false,"path_per_floor":["M","?","?","M","?","E","R","$","T","E","M","E","T","M","R","B",null,"M","$","M","?","M","E","?","E","T","E","R","M","?","$","R","B",null,"M","T","?","M","M","E","$","M","T","M","E","$","M","E","R","B",null,"R","$","E","B",null],"character_chosen":"DEFECT","items_purchased":["Membership Card","Defragment","Defragment","Recycle","Finesse","Apotheosis","Art of War","Gash","Coolheaded","Omamori","Unceasing Top","Lee\u0027s Waffle","Recycle","Dexterity Potion","EssenceOfSteel"],"campfire_rested":0,"item_purchase_floors":[8,8,19,19,19,31,31,41,41,46,53,53,53,53,53],"current_hp_per_floor":[75,80,64,64,64,55,55,55,55,55,61,71,71,75,75,79,80,80,80,80,80,80,80,80,80,80,80,80,82,66,66,66,82,82,82,82,84,86,88,88,88,88,88,88,90,90,92,94,94,94,94,94,101,103,103],"gold":481,"neow_bonus":"RANDOM_COMMON_RELIC","is_daily":false,"chose_seed":false,"campfire_upgraded":2,"win_rate":0.0,"timestamp":1613803038,"path_taken":["M","?","?","M","?","E","R","$","T","E","?","E","?","?","R","BOSS","M","$","M","?","M","E","?","E","T","E","R","?","?","$","R","BOSS","M","?","?","M","M","E","$","M","T","M","E","$","M","E","R","BOSS","R","$","E","BOSS"],"items_purchased_type":["Relic","Card","Card","Card","Card","Card","Relic","Card","Card","Relic","Relic","Relic","Card","Potion","Potion"],"build_version":"2020-12-18","purchased_purges":0,"victory":true,"max_hp_per_floor":[75,80,80,80,80,80,80,80,80,80,80,80,80,80,80,80,80,80,80,80,80,80,80,80,80,80,80,80,82,82,82,82,82,82,82,82,84,86,88,88,88,88,88,88,90,90,92,94,94,94,94,94,101,103,103],"card_choices":[{"not_picked":["Static Discharge","Steam"],"picked":"Melter","floor":1},{"not_picked":["Hologram","Leap"],"picked":"Barrage","floor":4},{"not_picked":["Thunder Strike","Ball Lightning"],"picked":"Echo Form","floor":6},{"not_picked":["Leap","Rip and Tear"],"picked":"Conserve Battery","floor":10},{"not_picked":["Barrage","Storm"],"picked":"Heatsinks","floor":11},{"not_picked":["Conserve Battery","Double Energy","BootSequence"],"picked":"SKIP","floor":12},{"not_picked":["Turbo","Go for the Eyes"],"picked":"Gash","floor":14},{"not_picked":["All For One","Rainbow"],"picked":"Core Surge","floor":16},{"not_picked":["Ball Lightning","Cold Snap+1"],"picked":"Self Repair","floor":18},{"not_picked":["Self Repair","Beam Cell"],"picked":"Defragment","floor":20},{"not_picked":["Gash","Stack"],"picked":"Defragment","floor":22},{"not_picked":["Scrape+1","Hologram"],"picked":"Doom and Gloom","floor":23},{"not_picked":["Beam Cell","Sweeping Beam+1"],"picked":"Creative AI","floor":25},{"not_picked":["Barrage","Streamline"],"picked":"Double Energy","floor":27},{"not_picked":["Scrape","Rebound","Darkness","Blizzard"],"picked":"Singing Bowl","floor":29},{"not_picked":["Reboot","Electrodynamics","Multi-Cast"],"picked":"Amplify","floor":33},{"not_picked":["Leap","Recycle","Go for the Eyes+1","Sweeping Beam"],"picked":"Singing Bowl","floor":37},{"not_picked":["Aggregate+1","Doom and Gloom+1","Go for the Eyes","Lockon+1"],"picked":"Singing Bowl","floor":38},{"not_picked":["Steam+1","Turbo","Barrage","Stack+1"],"picked":"Singing Bowl","floor":39},{"not_picked":["Multi-Cast","Stack","Skim"],"picked":"Capacitor+1","floor":40},{"not_picked":["Turbo+1","Reinforced Body+1","Cold Snap+1"],"picked":"Loop+1","floor":42},{"not_picked":["Hello World+1","Streamline+1","Rebound+1"],"picked":"Coolheaded","floor":44},{"not_picked":["Barrage","Redo+1","Storm","Leap+1"],"picked":"Singing Bowl","floor":45},{"not_picked":["Genetic Algorithm","Conserve Battery","Stack+1","Coolheaded"],"picked":"Singing Bowl","floor":47},{"not_picked":["Consume","Reinforced Body+1","Streamline","Static Discharge+1"],"picked":"Singing Bowl","floor":48},{"not_picked":["Rainbow","Static Discharge+1","Fusion+1","Beam Cell"],"picked":"Singing Bowl","floor":54}],"player_experience":2440796,"relics_obtained":[{"floor":6,"key":"HornCleat"},{"floor":9,"key":"Mercury Hourglass"},{"floor":10,"key":"Bird Faced Urn"},{"floor":12,"key":"Mummified Hand"},{"floor":23,"key":"Cables"},{"floor":23,"key":"Blue Candle"},{"floor":25,"key":"Shovel"},{"floor":25,"key":"Pocketwatch"},{"floor":26,"key":"Potion Belt"},{"floor":27,"key":"Question Card"},{"floor":27,"key":"CaptainsWheel"},{"floor":28,"key":"Singing Bowl"},{"floor":30,"key":"Nilry\u0027s Codex"},{"floor":32,"key":"Lantern"},{"floor":36,"key":"Toy Ornithopter"},{"floor":37,"key":"Lizard Tail"},{"floor":40,"key":"Juzu Bracelet"},{"floor":40,"key":"Boot"},{"floor":43,"key":"MealTicket"},{"floor":45,"key":"Orichalcum"},{"floor":45,"key":"Gremlin Horn"},{"floor":48,"key":"PreservedInsect"},{"floor":48,"key":"Oddly Smooth Stone"},{"floor":52,"key":"StrikeDummy"},{"floor":54,"key":"Anchor"},{"floor":54,"key":"Pen Nib"}],"event_choices":[{"damage_healed":0,"gold_gain":0,"player_choice":"Donut","damage_taken":0,"max_hp_gain":5,"max_hp_loss":0,"event_name":"Big Fish","floor":2,"gold_loss":0},{"damage_healed":0,"gold_gain":0,"player_choice":"Entered Light","damage_taken":16,"max_hp_gain":0,"max_hp_loss":0,"event_name":"Shining Light","floor":3,"gold_loss":0,"cards_upgraded":["Hologram","White Noise"]},{"damage_healed":0,"gold_gain":0,"player_choice":"Ignored","damage_taken":0,"max_hp_gain":0,"max_hp_loss":0,"event_name":"Liars Game","floor":5,"gold_loss":0},{"damage_healed":0,"gold_gain":0,"player_choice":"Opened","damage_taken":0,"relics_obtained":["Tiny Chest"],"max_hp_gain":0,"max_hp_loss":0,"event_name":"The Mausoleum","floor":21,"gold_loss":0,"cards_obtained":["Writhe"]},{"cards_removed":["Zap"],"damage_healed":0,"gold_gain":0,"player_choice":"Gave Gold","damage_taken":0,"max_hp_gain":0,"max_hp_loss":0,"event_name":"Beggar","floor":24,"gold_loss":75},{"damage_healed":0,"gold_gain":0,"player_choice":"Obtained Book","damage_taken":16,"max_hp_gain":0,"max_hp_loss":0,"event_name":"Cursed Tome","floor":30,"gold_loss":0},{"damage_healed":0,"gold_gain":0,"player_choice":"Fight","damage_taken":0,"max_hp_gain":0,"max_hp_loss":0,"event_name":"Mysterious Sphere","floor":37,"gold_loss":0}],"is_beta":true,"boss_relics":[{"not_picked":["Velvet Choker","Philosopher\u0027s Stone"],"picked":"Black Star"},{"not_picked":["Empty Cage","Sozu"],"picked":"SacredBark"}],"items_purged_floors":[],"is_endless":false,"potions_floor_spawned":[1,10,12,18,25,27,38,42,44,45,47],"ascension_level":1}}