{"host":"1vqon1dbpr5c1qll","time":1613792695,"event":{"mods":["2.2 Compatiblity","AchievementEnabler","BaseMod","BetterRewards","Colored Map","Hermit","Highlight Path","Lobotomy","Minty Spire (QoL Compilation)","Permanent Neow","Quick Restart","Random Character Button","Replay The Spire","StSLib","SuperFastMode","The Cursed","The Servant 0.9.4","everything is the same but u backflip on backflip"],"gold_per_floor":[110,110,110,125,144,170,170,170,170,22,49,84,107,128,128,240,240,267,292,292,292,292],"floor_reached":21,"language":"KOR","playtime":840,"items_purged":[],"score":245,"play_id":"bb7c9faa-5848-49f9-bc66-fbe2f22cd80d","local_time":"20210220124455","is_ascension_mode":true,"campfire_choices":[{"data":"TheCursedMod:CursedBlade","floor":7,"key":"SMITH"},{"floor":15,"key":"DIG"}],"circlet_count":0,"master_deck":["TheCursedMod:Strike_TheCursed","TheCursedMod:Strike_TheCursed+1","TheCursedMod:Strike_TheCursed","TheCursedMod:Strike_TheCursed","TheCursedMod:Defend_TheCursed","TheCursedMod:Defend_TheCursed","TheCursedMod:Defend_TheCursed","TheCursedMod:Defend_TheCursed+1","TheCursedMod:CursedWand","TheCursedMod:CleanUpWorkshop","TheCursedMod:Dregs","TheCursedMod:SpreadPlague","TheCursedMod:SpitefulStrike","TheCursedMod:CursedBlade+1","TheCursedMod:BlessingInDisguise","TheCursedMod:SpitefulPray","TheCursedMod:WearCloak","TheCursedMod:Wield","TheCursedMod:TacticalStrike","TheCursedMod:Neurasthenia","TheCursedMod:CursedBlade+1","TheCursedMod:CursedBlade"],"relics":["TheCursedMod:BlackMagic101","Replay:Bottled Flurry","Orichalcum","CeramicFish","Replay:Ringing Soul","Pen Nib","Cursed Key"],"acts_visited":["Exordium","TheCity"],"potions_floor_usage":[6,14,16],"damage_taken":[{"damage":1,"enemies":"Jaw Worm","floor":1,"turns":5},{"damage":0,"enemies":"Small Slimes","floor":4,"turns":3},{"damage":0,"enemies":"Cultist","floor":5,"turns":3},{"damage":1,"enemies":"Lagavulin","floor":6,"turns":4},{"damage":0,"enemies":"Lots of Slimes","floor":11,"turns":3},{"damage":25,"enemies":"3 Sentries","floor":12,"turns":7},{"damage":0,"enemies":"2 Fungi Beasts","floor":13,"turns":2},{"damage":3,"enemies":"Exordium Wildlife","floor":14,"turns":4},{"damage":22,"enemies":"Hexaghost","floor":16,"turns":8},{"damage":0,"enemies":"Chosen","floor":18,"turns":3},{"damage":13,"enemies":"Spheric Guardian","floor":19,"turns":4},{"damage":14,"enemies":"Snecko","floor":21,"turns":5}],"seed_played":"-6892162760556620023","potions_obtained":[{"floor":0,"key":"Cursed Concoction"},{"floor":0,"key":"LiquidBronze"},{"floor":0,"key":"LiquidMemories"},{"floor":4,"key":"Milkshake"},{"floor":6,"key":"Dexterity Potion"},{"floor":19,"key":"Flashbang"}],"is_trial":false,"path_per_floor":["M","?","?","M","M","E","R","?","T","$","M","E","M","M","R_BF","B",null,"M","M","?","M"],"character_chosen":"THE_CURSED","items_purchased":["CeramicFish"],"campfire_rested":0,"item_purchase_floors":[10],"current_hp_per_floor":[74,59,59,59,59,58,58,58,58,58,58,36,39,39,39,20,87,90,80,62,48,48],"gold":292,"neow_bonus":"THREE_SMALL_POTIONS","is_daily":false,"chose_seed":false,"campfire_upgraded":1,"win_rate":0.0,"timestamp":1613792695,"path_taken":["M","?","?","M","M","E","R","?","T","$","M","E","?","?","R_BF","BOSS","M","M","?","M"],"items_purchased_type":["Relic"],"build_version":"2020-12-22","purchased_purges":0,"victory":false,"max_hp_per_floor":[75,75,75,75,75,75,75,75,75,75,75,78,81,84,84,87,87,90,93,98,98,98],"card_choices":[{"not_picked":["TheCursedMod:CircleOfFocus","TheCursedMod:Torture"],"picked":"TheCursedMod:SpreadPlague","floor":1},{"not_picked":["TheCursedMod:Torture","TheCursedMod:SmokeScreen"],"picked":"TheCursedMod:SpitefulStrike","floor":4},{"not_picked":["TheCursedMod:LuckyCharm","TheCursedMod:CursedBoomerang"],"picked":"TheCursedMod:CursedBlade","floor":5},{"not_picked":["TheCursedMod:Stigma","TheCursedMod:CircleOfAmplification"],"picked":"TheCursedMod:BlessingInDisguise","floor":6},{"not_picked":["TheCursedMod:Stigma","TheCursedMod:CircleOfWindfury"],"picked":"TheCursedMod:SpitefulPray","floor":11},{"not_picked":["TheCursedMod:ReleasedStrength","TheCursedMod:TacticalStrike"],"picked":"TheCursedMod:WearCloak","floor":12},{"not_picked":["TheCursedMod:SpreadPlague","TheCursedMod:Evocation"],"picked":"TheCursedMod:Wield","floor":13},{"not_picked":["TheCursedMod:PrepareRite","TheCursedMod:FleshFromBone"],"picked":"TheCursedMod:TacticalStrike","floor":14},{"not_picked":["TheCursedMod:ManaCirculation","TheCursedMod:UltimatePain"],"picked":"TheCursedMod:Neurasthenia","floor":16},{"not_picked":["TheCursedMod:CursedMace+1","TheCursedMod:CursedShiv"],"picked":"TheCursedMod:CursedBlade+1","floor":18},{"not_picked":["TheCursedMod:CircleOfWindfury","TheCursedMod:SpitefulPray"],"picked":"TheCursedMod:CursedBlade","floor":19}],"player_experience":1006010,"relics_obtained":[{"floor":6,"key":"Replay:Bottled Flurry"},{"floor":9,"key":"Orichalcum"},{"floor":12,"key":"Replay:Ringing Soul"},{"floor":15,"key":"Pen Nib"}],"event_choices":[{"damage_healed":0,"gold_gain":0,"player_choice":"Entered Light","damage_taken":15,"max_hp_gain":0,"max_hp_loss":0,"event_name":"Shining Light","floor":2,"gold_loss":0,"cards_upgraded":["TheCursedMod:Strike_TheCursed","TheCursedMod:Defend_TheCursed"]},{"damage_healed":0,"gold_gain":0,"player_choice":"Ignored","damage_taken":0,"max_hp_gain":0,"max_hp_loss":0,"event_name":"Liars Game","floor":3,"gold_loss":0},{"damage_healed":0,"gold_gain":0,"player_choice":"Bought 0 Potions","damage_taken":0,"max_hp_gain":0,"max_hp_loss":0,"event_name":"The Woman in Blue","floor":8,"gold_loss":0},{"damage_healed":0,"gold_gain":0,"player_choice":"Shed Blood","damage_taken":23,"max_hp_gain":5,"max_hp_loss":0,"event_name":"Forgotten Altar","floor":20,"gold_loss":0}],"is_beta":false,"boss_relics":[{"not_picked":["Philosopher\u0027s Stone","Black Star"],"picked":"Cursed Key"}],"items_purged_floors":[],"is_endless":false,"potions_floor_spawned":[4,6,11,12,19],"killed_by":"Snecko","ascension_level":3}}