{"host":"m0bekkrd201b63ug","time":1613784151,"event":{"mods":["AchievementEnabler","BaseMod","Colored Powertips","Highlight Path","Minty Spire (QoL Compilation)","Rare Cards Sparkle","StSLib","SuperFastMode","everything is the same but u backflip on backflip","slay the spire mod where everything is the same but ironclad has a cowboy hat"],"gold_per_floor":[368,55,65,79,79,105,105,184,184,184,194,194,214,247,247,247,247],"floor_reached":16,"language":"ENG","playtime":403,"items_purged":[],"score":160,"play_id":"759e08d8-912c-46ac-a41b-02a4668cbaec","local_time":"20210219232231","is_ascension_mode":true,"campfire_choices":[{"data":"Static Discharge","floor":7,"key":"SMITH"},{"floor":12,"key":"REST"},{"floor":15,"key":"REST"}],"circlet_count":0,"master_deck":["Strike_B","Strike_B","Strike_B","Strike_B","Defend_B","Defend_B","Defend_B","Defend_B","Zap","Dualcast","Sunder","Static Discharge+1","Heatsinks+1","Sweeping Beam+1","Auto Shields"],"relics":["Cracked Core","Mummified Hand","Molten Egg 2","Omamori","Happy Flower"],"acts_visited":["Exordium"],"potions_floor_usage":[6,14,14,16],"damage_taken":[{"damage":7,"enemies":"Jaw Worm","floor":1,"turns":3},{"damage":0,"enemies":"Small Slimes","floor":3,"turns":3},{"damage":6,"enemies":"Cultist","floor":4,"turns":3},{"damage":32,"enemies":"Gremlin Nob","floor":6,"turns":4},{"damage":9,"enemies":"Red Slaver","floor":11,"turns":3},{"damage":11,"enemies":"Exordium Thugs","floor":13,"turns":3},{"damage":5,"enemies":"3 Sentries","floor":14,"turns":5},{"damage":48,"enemies":"The Guardian","floor":16,"turns":10}],"seed_played":"3691123246010952113","potions_obtained":[{"floor":4,"key":"ColorlessPotion"},{"floor":11,"key":"AttackPotion"},{"floor":13,"key":"SkillPotion"},{"floor":14,"key":"Fruit Juice"}],"is_trial":false,"path_per_floor":["M","$","M","M","?","E","R","?","T","?","M","R","M","E","R","B"],"character_chosen":"DEFECT","items_purchased":["Mummified Hand","Static Discharge"],"campfire_rested":2,"item_purchase_floors":[2,2],"current_hp_per_floor":[61,61,61,55,55,23,23,23,23,23,14,34,23,23,44,0,0],"gold":247,"neow_bonus":"TWO_FIFTY_GOLD","is_daily":false,"chose_seed":false,"campfire_upgraded":1,"win_rate":0.0,"timestamp":1613784151,"path_taken":["M","$","M","M","?","E","R","?","T","?","M","R","M","E","R","BOSS"],"items_purchased_type":["Relic","Card"],"build_version":"2020-12-22","purchased_purges":0,"victory":false,"max_hp_per_floor":[68,68,68,68,68,68,68,68,68,68,68,68,68,73,73,73,73],"card_choices":[{"not_picked":["Streamline","Scrape"],"picked":"Sunder","floor":1},{"not_picked":["Ball Lightning","Storm"],"picked":"Heatsinks","floor":3},{"not_picked":["Steam Power","Ball Lightning","Barrage"],"picked":"SKIP","floor":4},{"not_picked":["Ball Lightning+1","Coolheaded"],"picked":"Sweeping Beam+1","floor":6},{"not_picked":["Skim","Steam Power","Turbo"],"picked":"SKIP","floor":11},{"not_picked":["Redo","Coolheaded"],"picked":"Auto Shields","floor":13},{"not_picked":["All For One+1","Compile Driver+1","Stack"],"picked":"SKIP","floor":14}],"player_experience":291612,"relics_obtained":[{"floor":6,"key":"Molten Egg 2"},{"floor":9,"key":"Omamori"},{"floor":14,"key":"Happy Flower"}],"event_choices":[{"damage_healed":0,"gold_gain":0,"player_choice":"Ignored","damage_taken":0,"max_hp_gain":0,"max_hp_loss":0,"event_name":"Liars Game","floor":5,"gold_loss":0},{"damage_healed":0,"gold_gain":79,"player_choice":"Gained Gold","damage_taken":0,"max_hp_gain":0,"max_hp_loss":0,"event_name":"Golden Wing","floor":8,"gold_loss":0},{"damage_healed":0,"gold_gain":0,"player_choice":"Forge","damage_taken":0,"max_hp_gain":0,"max_hp_loss":0,"event_name":"Accursed Blacksmith","floor":10,"gold_loss":0,"cards_upgraded":["Heatsinks"]}],"is_beta":false,"boss_relics":[],"items_purged_floors":[],"is_endless":false,"potions_floor_spawned":[4,11,13,14],"killed_by":"The Guardian","ascension_level":9}}