{"host":"snampf0t8p8psf53","time":1613822444,"event":{"mods":["AchievementEnabler","BaseMod","Bestiary","DeckTracker","Minty Spire (QoL Compilation)","Permanent Neow","SuperFastMode"],"gold_per_floor":[113,132,51,69,69,96,113,129,129,148,163,192,50,70,70,170,170,182,105,123,138,153,153,169,169,217,217,217],"floor_reached":27,"language":"ENG","playtime":10413,"items_purged":[],"score":231,"play_id":"0c6c7ea0-29d9-43f0-8e29-2240694efca6","local_time":"20210220040044","is_ascension_mode":false,"campfire_choices":[{"floor":15,"key":"REST"},{"floor":23,"key":"DIG"},{"floor":25,"key":"DIG"}],"circlet_count":0,"master_deck":["Strike_R","Strike_R","Strike_R","Strike_R","Strike_R","Defend_R","Defend_R","Defend_R","Defend_R","Bash","Impervious","Hemokinesis","Spot Weakness","Uppercut","Whirlwind","Reckless Charge","Warcry","Berserk","Offering","Demon Form","Flame Barrier+1","Battle Trance","Seeing Red","Battle Trance","Battle Trance+1","Carnage"],"relics":["Burning Blood","Self Forming Clay","Bottled Flame","Shovel","Coffee Dripper","Blue Candle","Tiny Chest","Red Skull"],"acts_visited":["Exordium","TheCity"],"potions_floor_usage":[6,12,16,16,22,24],"damage_taken":[{"damage":5,"enemies":"Small Slimes","floor":1,"turns":4},{"damage":8,"enemies":"Cultist","floor":2,"turns":3},{"damage":8,"enemies":"Jaw Worm","floor":4,"turns":2},{"damage":18,"enemies":"Gremlin Nob","floor":6,"turns":4},{"damage":7,"enemies":"Lots of Slimes","floor":7,"turns":3},{"damage":9,"enemies":"Looter","floor":8,"turns":4},{"damage":6,"enemies":"Red Slaver","floor":10,"turns":3},{"damage":25,"enemies":"Large Slime","floor":11,"turns":7},{"damage":20,"enemies":"3 Sentries","floor":12,"turns":4},{"damage":19,"enemies":"Gremlin Gang","floor":14,"turns":2},{"damage":33,"enemies":"Slime Boss","floor":16,"turns":9},{"damage":16,"enemies":"Shell Parasite","floor":18,"turns":5},{"damage":19,"enemies":"3 Byrds","floor":20,"turns":4},{"damage":40,"enemies":"Sentry and Sphere","floor":21,"turns":6},{"damage":19,"enemies":"Centurion and Healer","floor":22,"turns":4},{"damage":24,"enemies":"Snake Plant","floor":24,"turns":4},{"damage":15,"enemies":"Sentry and Sphere","floor":27,"turns":5}],"seed_played":"2920021826990854340","potions_obtained":[{"floor":2,"key":"Fire Potion"},{"floor":6,"key":"Fruit Juice"},{"floor":8,"key":"DuplicationPotion"},{"floor":14,"key":"AttackPotion"},{"floor":16,"key":"Fire Potion"},{"floor":18,"key":"BloodPotion"},{"floor":21,"key":"SteroidPotion"}],"is_trial":false,"path_per_floor":["M","M","$","M","?","E","M","M","T","M","M","E","$","M","R","B",null,"M","$","M","M","M","R","M","R","T","M"],"character_chosen":"IRONCLAD","items_purchased":["Spot Weakness","Offering","Battle Trance"],"campfire_rested":1,"item_purchase_floors":[3,13,19],"current_hp_per_floor":[80,78,78,76,76,69,68,65,65,65,46,32,32,19,44,17,85,75,75,62,28,15,15,14,14,14,0,0],"gold":217,"neow_bonus":"ONE_RANDOM_RARE_CARD","is_daily":false,"chose_seed":false,"campfire_upgraded":0,"win_rate":0.0,"timestamp":1613822444,"path_taken":["M","M","$","M","?","E","M","M","T","M","M","E","$","M","R","BOSS","M","$","M","M","M","R","?","R","T","?"],"items_purchased_type":["Card","Card","Card"],"build_version":"2020-12-22","purchased_purges":0,"victory":false,"max_hp_per_floor":[80,80,80,80,80,85,85,85,85,85,85,85,85,85,85,85,85,85,85,85,85,85,85,85,85,85,85,85],"card_choices":[{"not_picked":["Perfected Strike","Flex"],"picked":"Hemokinesis","floor":1},{"not_picked":["Havoc","Searing Blow","Pommel Strike"],"picked":"SKIP","floor":2},{"not_picked":["Clothesline","Body Slam"],"picked":"Uppercut","floor":4},{"not_picked":["Wild Strike","True Grit"],"picked":"Whirlwind","floor":6},{"not_picked":["Rage","Sword Boomerang","Sentinel"],"picked":"SKIP","floor":7},{"not_picked":["Rampage","Cleave"],"picked":"Reckless Charge","floor":8},{"not_picked":["Combust","Clash","Rupture"],"picked":"SKIP","floor":10},{"not_picked":["Wild Strike","Sword Boomerang"],"picked":"Warcry","floor":11},{"not_picked":["Whirlwind","Havoc"],"picked":"Berserk","floor":12},{"not_picked":["Cleave","Burning Pact","Rupture"],"picked":"SKIP","floor":14},{"not_picked":["Limit Break","Juggernaut"],"picked":"Demon Form","floor":16},{"not_picked":["Clash+1","Seeing Red"],"picked":"Flame Barrier+1","floor":18},{"not_picked":["Pommel Strike","Dropkick"],"picked":"Seeing Red","floor":20},{"not_picked":["Headbutt","Pummel"],"picked":"Battle Trance","floor":21},{"not_picked":["Warcry","Flex+1"],"picked":"Battle Trance+1","floor":22},{"not_picked":["Fire Breathing","Spot Weakness"],"picked":"Carnage","floor":24}],"player_experience":126113,"relics_obtained":[{"floor":6,"key":"Self Forming Clay"},{"floor":9,"key":"Bottled Flame"},{"floor":12,"key":"Shovel"},{"floor":23,"key":"Blue Candle"},{"floor":25,"key":"Tiny Chest"},{"floor":26,"key":"Red Skull"}],"event_choices":[{"damage_healed":0,"gold_gain":0,"player_choice":"Bought 0 Potions","damage_taken":0,"max_hp_gain":0,"max_hp_loss":0,"event_name":"The Woman in Blue","floor":5,"gold_loss":0}],"is_beta":false,"boss_relics":[{"not_picked":["Astrolabe","Calling Bell"],"picked":"Coffee Dripper"}],"items_purged_floors":[],"is_endless":false,"potions_floor_spawned":[2,6,8,14,16,18,21],"killed_by":"Sentry and Sphere","ascension_level":0}}