{"host":"kmq7aw60w430zvtx","time":1613849203,"event":{"mods":["BaseMod","Downfall","GifTheSpireLib","Hermit","Hubris","Infinite Spire","Minty Spire (QoL Compilation)","Reliquary","Replay The Spire","Spire Arcade","StSLib","The Construct","The Cursed","The Hierophant","The Jungle","The Necromancer","The Runesmith"],"gold_per_floor":[116,116,132,151,163,163,191,209,232,248,267,296,310,326,326,326,326],"floor_reached":16,"language":"ENG","playtime":705,"items_purged":[],"score":130,"play_id":"83ed1a15-7627-430d-8fc0-7d9d57cb0a98","local_time":"20210220202643","is_ascension_mode":true,"campfire_choices":[{"floor":6,"key":"RECALL"},{"floor":15,"key":"REST"}],"circlet_count":0,"master_deck":["hermit:Strike_Hermit","hermit:Strike_Hermit","hermit:Strike_Hermit","hermit:Defend_Hermit","hermit:Defend_Hermit","hermit:Defend_Hermit","hermit:Defend_Hermit","hermit:Snapshot","hermit:Covet","Finesse","hermit:Spite","hermit:ItchyTrigger","hermit:FlashPowder","hermit:Deadeye","hermit:Glare","hermit:Midnight","hermit:Manifest","hermit:Maintenance","hermit:Malice","hermit:Manifest","hermit:Virtue","hermit:Misfire"],"relics":["hermit:Momento","reliquary:Boomerang","Replay:Wax Seal","Regal Pillow"],"acts_visited":["Exordium"],"potions_floor_usage":[7,12,12,16],"damage_taken":[{"damage":0,"enemies":"2 Louse","floor":1,"turns":2},{"damage":0,"enemies":"Cultist","floor":3,"turns":3},{"damage":3,"enemies":"Jaw Worm","floor":4,"turns":4},{"damage":5,"enemies":"Exordium Wildlife","floor":5,"turns":3},{"damage":42,"enemies":"Gremlin Nob","floor":7,"turns":5},{"damage":0,"enemies":"Looter","floor":8,"turns":3},{"damage":0,"enemies":"Large Slime","floor":10,"turns":3},{"damage":6,"enemies":"Red Slaver","floor":11,"turns":2},{"damage":7,"enemies":"3 Sentries","floor":12,"turns":6},{"damage":3,"enemies":"2 Fungi Beasts","floor":13,"turns":4},{"damage":3,"enemies":"Looter","floor":14,"turns":5},{"damage":47,"enemies":"The Guardian","floor":16,"turns":9}],"seed_played":"-9042696997755934630","potions_obtained":[{"floor":1,"key":"LiquidMemories"},{"floor":4,"key":"SkillPotion"},{"floor":5,"key":"SteroidPotion"},{"floor":10,"key":"hexamod:SoulburnPotion"},{"floor":13,"key":"ColorlessPotion"},{"floor":14,"key":"Reflective Coating"}],"is_trial":false,"path_per_floor":["M","?","M","M","M","R","E","M","T","M","M","E","M","M","R","B"],"character_chosen":"HERMIT","items_purchased":[],"campfire_rested":1,"item_purchase_floors":[],"current_hp_per_floor":[75,75,75,72,67,67,25,25,25,25,19,12,9,6,43,0,0],"gold":326,"neow_bonus":"RANDOM_COLORLESS","is_daily":false,"chose_seed":false,"campfire_upgraded":0,"win_rate":0.0,"timestamp":1613849203,"path_taken":["M","?","M","M","?","R","E","M","T","M","M","E","?","M","R","BOSS"],"items_purchased_type":[],"build_version":"2020-12-22","purchased_purges":0,"victory":false,"max_hp_per_floor":[75,75,75,75,75,75,75,75,75,75,75,75,75,75,75,75,75],"card_choices":[{"not_picked":["Blind","Swift Strike"],"picked":"Finesse","floor":0},{"not_picked":["hermit:Malice","hermit:SprayPray"],"picked":"hermit:Spite","floor":1},{"not_picked":["hermit:HoleUp","hermit:TrackingShot"],"picked":"hermit:FlashPowder","floor":3},{"not_picked":["hermit:TrackingShot","hermit:Dive"],"picked":"hermit:Deadeye","floor":4},{"not_picked":["hermit:LoneWolf","hermit:LowProfile"],"picked":"hermit:Glare","floor":5},{"not_picked":["hermit:Deadeye","hermit:Feint"],"picked":"hermit:Midnight","floor":7},{"not_picked":["hermit:FlashPowder","hermit:TakeAim"],"picked":"hermit:Manifest","floor":8},{"not_picked":["hermit:OverwhelmingPower","hermit:TrackingShot"],"picked":"hermit:Maintenance","floor":10},{"not_picked":["hermit:TrackingShot","hermit:HoleUp"],"picked":"hermit:Malice","floor":11},{"not_picked":["hermit:Malice","hermit:HoleUp"],"picked":"hermit:Manifest","floor":12},{"not_picked":["hermit:Glare","hermit:FullyLoaded"],"picked":"hermit:Virtue","floor":13},{"not_picked":["hermit:BlackWind","hermit:TrackingShot"],"picked":"hermit:Misfire","floor":14}],"player_experience":392573,"relics_obtained":[{"floor":7,"key":"reliquary:Boomerang"},{"floor":9,"key":"Replay:Wax Seal"},{"floor":12,"key":"Regal Pillow"}],"event_choices":[{"damage_healed":0,"gold_gain":0,"cards_transformed":["hermit:Strike_Hermit"],"player_choice":"Transformed","damage_taken":0,"max_hp_gain":0,"max_hp_loss":0,"event_name":"Transmorgrifier","floor":2,"gold_loss":0,"cards_obtained":["hermit:ItchyTrigger"]}],"is_beta":false,"boss_relics":[],"items_purged_floors":[],"is_endless":false,"potions_floor_spawned":[1,4,5,10,13,14],"killed_by":"The Guardian","ascension_level":2}}