{"host":"l2lylj0omvglf5x0","time":1613823987,"event":{"mods":["2.2 Compatiblity","BaseMod","Bestiary","Block Reminder","Colored Map","Colored Powertips","Curses Come First","Highlight Path","Keyboard Shortcuts","Minty Spire (QoL Compilation)","Relic Sorter","Relic Stats","Slay the Relics Exporter","StSLib","SuperFastMode"],"gold_per_floor":[113,127,302,302,314,344,344,30,53,53,63,91,91,16,16,118,118,132,145,145,70,70,70,97,97,120,136,136,163,6,33,33,33,33],"floor_reached":33,"language":"ENG","playtime":1329,"items_purged":["Defend_R"],"score":534,"play_id":"b2ce7ec1-fb10-452e-8947-feb64d349fb8","local_time":"20210220132627","is_ascension_mode":true,"campfire_choices":[{"data":"Bash","floor":7.0,"key":"SMITH"},{"floor":10.0,"key":"REST"},{"floor":13.0,"key":"REST"},{"data":"Entrench","floor":15.0,"key":"SMITH"},{"data":"Shockwave","floor":23,"key":"SMITH"},{"data":"Disarm","floor":25,"key":"SMITH"},{"data":"Juggernaut","floor":28,"key":"SMITH"},{"floor":32,"key":"REST"}],"circlet_count":0,"master_deck":["AscendersBane","Strike_R","Strike_R","Strike_R","Strike_R","Defend_R","Defend_R","Defend_R","Bash+1","Dropkick","Shockwave+1","Iron Wave","Iron Wave","Cleave","Impervious","Shrug It Off","Impervious","Entrench+1","Juggernaut+1","Uppercut+1","Disarm+1","Sword Boomerang","Impervious","Armaments","Dropkick","Dual Wield"],"relics":["SlaversCollar","Bronze Scales","Shuriken","Dream Catcher","Strawberry","Velvet Choker","Centennial Puzzle","Smiling Mask","FossilizedHelix","Orichalcum","MealTicket"],"acts_visited":["Exordium","TheCity"],"potions_floor_usage":[19,27,33],"damage_taken":[{"damage":10.0,"enemies":"Small Slimes","floor":1.0,"turns":5.0},{"damage":18.0,"enemies":"Jaw Worm","floor":2.0,"turns":4.0},{"damage":6.0,"enemies":"Cultist","floor":5.0,"turns":4.0},{"damage":11.0,"enemies":"3 Sentries","floor":6.0,"turns":10.0},{"damage":4.0,"enemies":"Red Slaver","floor":11.0,"turns":5.0},{"damage":0.0,"enemies":"Lagavulin","floor":12.0,"turns":6.0},{"damage":3,"enemies":"Hexaghost","floor":16,"turns":7},{"damage":8,"enemies":"Shell Parasite","floor":18,"turns":5},{"damage":0,"enemies":"2 Thieves","floor":19,"turns":3},{"damage":18,"enemies":"Book of Stabbing","floor":24,"turns":6},{"damage":11,"enemies":"Centurion and Healer","floor":27,"turns":7},{"damage":28,"enemies":"Slavers","floor":29,"turns":7},{"damage":7,"enemies":"Book of Stabbing","floor":31,"turns":5},{"damage":43,"enemies":"Collector","floor":33,"turns":8}],"seed_played":"-2504443374749327901","potions_obtained":[{"floor":1.0,"key":"SpeedPotion"},{"floor":5.0,"key":"HeartOfIron"},{"floor":6.0,"key":"SteroidPotion"},{"floor":12.0,"key":"Fire Potion"},{"floor":18,"key":"AttackPotion"},{"floor":19,"key":"ElixirPotion"},{"floor":27,"key":"Fruit Juice"},{"floor":29,"key":"Ancient Potion"}],"is_trial":false,"path_per_floor":["M","M","?","?","M","E","R","$","T","R","M","E","R","$","R","B",null,"M","M","?","?","?","R","E","R","T","M","R","E","$","E","R","B"],"character_chosen":"IRONCLAD","items_purchased":["Shuriken","Cleave","Orichalcum"],"campfire_rested":3,"item_purchase_floors":[8,8,30],"current_hp_per_floor":[62,44,44,37,31,20,20,20,20,44,40,47,73,73,73,70,83,75,75,75,75,75,75,57,57,57,51,51,23,23,16,43,0,0],"gold":33,"neow_bonus":"BOSS_RELIC","is_daily":false,"chose_seed":false,"campfire_upgraded":5,"win_rate":0.0,"timestamp":1613823987,"path_taken":["M","M","?","?","M","E","R","?","T","R","M","E","R","$","R","BOSS","M","M","?","?","?","R","E","R","T","?","R","E","$","E","R","BOSS"],"items_purchased_type":["Relic","Card","Relic"],"build_version":"2020-12-22","purchased_purges":1,"victory":false,"max_hp_per_floor":[80,80,80,80,80,80,80,80,80,80,80,87,87,87,87,87,87,87,87,87,87,87,87,87,87,87,92,92,92,92,92,92,92,92],"relic_stats":{"Dream Catcher":3,"Centennial Puzzle":[12],"counters":[14,82],"Shuriken":[20],"Bronze Scales":[212],"MealTicket":0,"Orichalcum":[12],"Smiling Mask":0,"obtain_stats":[{"SlaversCollar":0,"Dream Catcher":9,"Centennial Puzzle":24,"Shuriken":8,"Bronze Scales":6,"Strawberry":12,"Velvet Choker":17,"MealTicket":31,"Orichalcum":30,"Smiling Mask":26,"Burning Blood":0,"FossilizedHelix":29},{"SlaversCollar":0,"Dream Catcher":4,"Centennial Puzzle":10,"Shuriken":4,"Bronze Scales":4,"Strawberry":6,"Velvet Choker":7,"MealTicket":13,"Orichalcum":12,"Smiling Mask":10,"Burning Blood":0,"FossilizedHelix":12},{"SlaversCollar":0,"Dream Catcher":23,"Centennial Puzzle":55,"Shuriken":23,"Bronze Scales":23,"Strawberry":34,"Velvet Choker":41,"MealTicket":74,"Orichalcum":69,"Smiling Mask":55,"Burning Blood":0,"FossilizedHelix":69}]},"card_choices":[{"not_picked":["Sever Soul","Shrug It Off"],"picked":"Dropkick","floor":1.0},{"not_picked":["Sentinel","Burning Pact"],"picked":"Shockwave","floor":2.0},{"not_picked":["Anger","True Grit"],"picked":"Iron Wave","floor":5.0},{"not_picked":["Anger","Pommel Strike"],"picked":"Iron Wave","floor":6.0},{"not_picked":["Pommel Strike","Intimidate"],"picked":"Impervious","floor":10.0},{"not_picked":["Pommel Strike","Dual Wield"],"picked":"Shrug It Off","floor":11.0},{"not_picked":["Disarm","Wild Strike"],"picked":"Impervious","floor":12.0},{"not_picked":["Body Slam","Disarm"],"picked":"Entrench","floor":13.0},{"not_picked":["Exhume","Corruption"],"picked":"Juggernaut","floor":16},{"not_picked":["Clash","Cleave"],"picked":"Uppercut","floor":18},{"not_picked":["Dark Embrace","Pommel Strike"],"picked":"Disarm","floor":19},{"not_picked":["Thunderclap","Dropkick"],"picked":"Sword Boomerang","floor":24},{"not_picked":["Pommel Strike","Blood for Blood"],"picked":"Impervious","floor":27},{"not_picked":["Heavy Blade","Rampage"],"picked":"Armaments","floor":29},{"not_picked":["Perfected Strike","Flex"],"picked":"Dropkick","floor":31},{"not_picked":["Whirlwind+1","Thunderclap"],"picked":"Dual Wield","floor":32}],"player_experience":1003890,"relics_obtained":[{"floor":6.0,"key":"Bronze Scales"},{"floor":9.0,"key":"Dream Catcher"},{"floor":12.0,"key":"Strawberry"},{"floor":24,"key":"Centennial Puzzle"},{"floor":26,"key":"Smiling Mask"},{"floor":29,"key":"FossilizedHelix"},{"floor":31,"key":"MealTicket"}],"event_choices":[{"damage_healed":0.0,"max_hp_gain":0.0,"max_hp_loss":0.0,"gold_gain":175.0,"event_name":"Liars Game","player_choice":"AGREE","floor":3.0,"gold_loss":0.0,"damage_taken":0.0,"cards_obtained":["Doubt"]},{"cards_removed":["Doubt"],"damage_healed":0.0,"max_hp_gain":0.0,"max_hp_loss":0.0,"gold_gain":0.0,"event_name":"Golden Wing","player_choice":"Card Removal","floor":4.0,"gold_loss":0.0,"damage_taken":7.0},{"damage_healed":0,"gold_gain":0,"player_choice":"Ignored","damage_taken":0,"max_hp_gain":0,"max_hp_loss":0,"event_name":"Vampires","floor":20,"gold_loss":0},{"cards_removed":["Strike_R"],"damage_healed":0,"gold_gain":0,"player_choice":"Gave Gold","damage_taken":0,"max_hp_gain":0,"max_hp_loss":0,"event_name":"Beggar","floor":21,"gold_loss":75},{"damage_healed":0,"gold_gain":0,"player_choice":"Upgraded","damage_taken":0,"max_hp_gain":0,"max_hp_loss":0,"event_name":"Upgrade Shrine","floor":22,"gold_loss":0,"cards_upgraded":["Uppercut"]}],"is_beta":false,"boss_relics":[{"not_picked":["Snecko Eye","Runic Pyramid"],"picked":"Velvet Choker"}],"items_purged_floors":[14],"is_endless":false,"potions_floor_spawned":[1,5,6,12,18,19,27,29],"killed_by":"Collector","ascension_level":12}}