{"host":"iodn1af76021fjto","time":1613805318,"event":{"mods":["AchievementEnabler","BaseMod","BetterRewards","Colored Map","Downfall","Hermit","Infinite Spire","Jorbs\u0027s Wanderer Trilogy","Minty Spire (QoL Compilation)","Quick Restart","StSLib","SuperFastMode","The Cursed","The Hierophant","The Jungle","The Runesmith","The Servant 0.9.4"],"gold_per_floor":[119,119,194,194,194,194,224,224,224,153,153,182,194,194,194,294,294,311,330,330,234,246,279,290,290,290,323,323,338,368,385,385,484,484,503,127,127,142,153,183,197,217,243,243,243,243,263,290,290,290],"floor_reached":51,"language":"ENG","playtime":1546,"items_purged":["Strike_B"],"score":970,"play_id":"a4f08fea-bf5c-4270-8806-ad520312d936","local_time":"20210220021518","is_ascension_mode":true,"campfire_choices":[{"data":"Leap","floor":6,"key":"SMITH"},{"floor":8,"key":"RECALL"},{"data":"Defragment","floor":11,"key":"SMITH"},{"data":"Loop","floor":15,"key":"SMITH"},{"data":"Buffer","floor":25,"key":"SMITH"},{"floor":32,"key":"REST"},{"data":"Storm","floor":44,"key":"SMITH"},{"data":"Machine Learning","floor":46,"key":"SMITH"},{"data":"Redo","floor":49,"key":"SMITH"}],"circlet_count":0,"master_deck":["Strike_B","Strike_B","Strike_B","Defend_B","Defend_B","Defend_B","Defend_B","Zap+1","Dualcast+1","Leap+1","Defragment+1","Ball Lightning","Loop+1","Buffer+1","Ball Lightning","Conserve Battery","Ghostly","Ghostly","Ghostly","Ghostly","Ghostly","Storm+1","Ball Lightning","Redo+1","Loop+1","Machine Learning+1","Parasite"],"relics":["Cracked Core","NeowsBlessing","infinitespire:Satchel","Shuriken","infinitespire:WardingShard","Torii","Philosopher\u0027s Stone","Regal Pillow","infinitespire:BottledMercury","Turnip","Red Mask","Inserter","Emotion Chip","infinitespire:SolderingIron","PreservedInsect","CaptainsWheel"],"acts_visited":["Exordium","TheCity","TheBeyond"],"potions_floor_usage":[27],"damage_taken":[{"damage":0,"enemies":"Jaw Worm","floor":1,"turns":1},{"damage":0,"enemies":"Gremlin Nob","floor":7,"turns":1},{"damage":0,"enemies":"3 Sentries","floor":12,"turns":1},{"damage":0,"enemies":"2 Louse","floor":13,"turns":2},{"damage":5,"enemies":"Hexaghost","floor":16,"turns":7},{"damage":7,"enemies":"Chosen","floor":18,"turns":4},{"damage":26,"enemies":"2 Thieves","floor":19,"turns":4},{"damage":1,"enemies":"Centurion and Healer","floor":22,"turns":6},{"damage":3,"enemies":"Book of Stabbing","floor":23,"turns":6},{"damage":12,"enemies":"Shelled Parasite and Fungi","floor":24,"turns":4},{"damage":20,"enemies":"Gremlin Leader","floor":27,"turns":6},{"damage":0,"enemies":"Snecko","floor":29,"turns":4},{"damage":0,"enemies":"Masked Bandits","floor":30,"turns":4},{"damage":0,"enemies":"Cultist and Chosen","floor":31,"turns":6},{"damage":1,"enemies":"Champ","floor":33,"turns":7},{"damage":1,"enemies":"Orb Walker","floor":35,"turns":3},{"damage":14,"enemies":"3 Darklings","floor":38,"turns":4},{"damage":0,"enemies":"Writhing Mass","floor":39,"turns":4},{"damage":0,"enemies":"Giant Head","floor":40,"turns":7},{"damage":2,"enemies":"Spire Growth","floor":41,"turns":5},{"damage":5,"enemies":"3 Darklings","floor":42,"turns":6},{"damage":2,"enemies":"4 Shapes","floor":47,"turns":5},{"damage":2,"enemies":"Reptomancer","floor":48,"turns":5},{"damage":3,"enemies":"Time Eater","floor":50,"turns":7}],"seed_played":"-310812420726238631","potions_obtained":[{"floor":1,"key":"PowerPotion"},{"floor":12,"key":"FairyPotion"},{"floor":22,"key":"FairyPotion"},{"floor":29,"key":"SteroidPotion"},{"floor":35,"key":"DuplicationPotion"}],"is_trial":false,"path_per_floor":["M","?","?","?","?","R","E","R","T","$","R","E","M","?","R","B",null,"M","M","?","$","M","E","M","R","T","E","?","M","?","M","R","B",null,"M","$","?","M","M","E","M","M","T","R","?","R","M","E","R","B",null],"character_chosen":"DEFECT","items_purchased":["Defragment","Storm","Ball Lightning","Emotion Chip"],"campfire_rested":1,"item_purchase_floors":[10,21,21,36],"current_hp_per_floor":[75,75,64,46,46,46,46,46,46,46,46,46,46,46,46,41,75,68,42,37,37,36,33,21,21,21,1,1,1,1,1,27,26,37,36,36,35,21,21,21,19,14,14,14,31,31,29,27,27,24],"gold":290,"neow_bonus":"THREE_ENEMY_KILL","is_daily":false,"chose_seed":false,"campfire_upgraded":7,"win_rate":0.0,"timestamp":1613805318,"path_taken":["M","?","?","?","?","R","E","R","T","$","R","E","M","?","R","BOSS","M","M","?","$","M","E","M","R","T","E","?","?","?","M","R","BOSS","M","$","?","M","M","E","M","M","T","R","?","R","M","E","R","BOSS"],"items_purchased_type":["Card","Card","Card","Relic"],"build_version":"2020-12-22","purchased_purges":1,"victory":true,"max_hp_per_floor":[75,75,75,75,75,75,75,75,75,75,75,75,75,75,75,75,75,75,75,37,37,37,37,37,37,37,37,37,37,37,37,37,37,37,37,37,35,35,35,35,35,35,35,35,31,31,31,31,31,31],"card_choices":[{"not_picked":["Cold Snap","Hologram"],"picked":"Leap","floor":1},{"not_picked":["Barrage","Beam Cell","Glacier"],"picked":"SKIP","floor":7},{"not_picked":["Tempest","Capacitor"],"picked":"Ball Lightning","floor":12},{"not_picked":["Streamline","Aggregate"],"picked":"Loop","floor":13},{"not_picked":["All For One","Meteor Strike"],"picked":"Buffer","floor":16},{"not_picked":["Beam Cell","Steam Power+1"],"picked":"Ball Lightning","floor":18},{"not_picked":["Leap","Melter"],"picked":"Conserve Battery","floor":19},{"not_picked":["Hologram","Rebound","Beam Cell"],"picked":"SKIP","floor":22},{"not_picked":["Conserve Battery","Skim"],"picked":"Redo","floor":23},{"not_picked":["Rebound+1","Seek","Beam Cell"],"picked":"SKIP","floor":24},{"not_picked":["Rip and Tear+1","Go for the Eyes","Leap"],"picked":"SKIP","floor":27},{"not_picked":["Rip and Tear+1","Go for the Eyes","Leap"],"picked":"SKIP","floor":27},{"not_picked":["Steam","Skim","Hello World"],"picked":"SKIP","floor":29},{"not_picked":["Compile Driver+1","Steam","Coolheaded"],"picked":"SKIP","floor":31},{"not_picked":["Reboot","Fission"],"picked":"Machine Learning","floor":33},{"not_picked":["Aggregate+1","Glacier+1","Gash+1"],"picked":"SKIP","floor":35},{"not_picked":["Go for the Eyes","Steam","Coolheaded+1"],"picked":"SKIP","floor":38},{"not_picked":["Barrage+1","Glacier","Steam"],"picked":"SKIP","floor":39},{"not_picked":["Rebound+1","Hologram","Beam Cell+1"],"picked":"SKIP","floor":40},{"not_picked":["Ball Lightning+1","Force Field+1","Recycle"],"picked":"SKIP","floor":41},{"not_picked":["Hyperbeam","Rebound+1","Conserve Battery+1"],"picked":"SKIP","floor":42},{"not_picked":["Barrage","Scrape+1","Rip and Tear"],"picked":"SKIP","floor":47},{"not_picked":["Conserve Battery","FTL+1","Sweeping Beam"],"picked":"SKIP","floor":48}],"player_experience":278667,"relics_obtained":[{"floor":7,"key":"Shuriken"},{"floor":9,"key":"infinitespire:WardingShard"},{"floor":12,"key":"Torii"},{"floor":23,"key":"Regal Pillow"},{"floor":26,"key":"infinitespire:BottledMercury"},{"floor":27,"key":"Turnip"},{"floor":30,"key":"Red Mask"},{"floor":40,"key":"infinitespire:SolderingIron"},{"floor":43,"key":"PreservedInsect"},{"floor":48,"key":"CaptainsWheel"}],"event_choices":[{"damage_healed":0,"gold_gain":0,"player_choice":"Grow","damage_taken":0,"max_hp_gain":0,"max_hp_loss":0,"event_name":"Living Wall","floor":2,"gold_loss":0,"cards_upgraded":["Zap"]},{"damage_healed":0,"gold_gain":75,"player_choice":"Gather Gold","damage_taken":11,"max_hp_gain":0,"max_hp_loss":0,"event_name":"World of Goop","floor":3,"gold_loss":0},{"damage_healed":0,"gold_gain":0,"player_choice":"Success","damage_taken":18,"relics_obtained":["infinitespire:Satchel"],"max_hp_gain":0,"max_hp_loss":0,"event_name":"Scrap Ooze","floor":4,"gold_loss":0},{"damage_healed":0,"gold_gain":0,"player_choice":"Ignored","damage_taken":0,"max_hp_gain":0,"max_hp_loss":0,"event_name":"Shining Light","floor":14,"gold_loss":0},{"damage_healed":0,"gold_gain":0,"player_choice":"Became a Ghost","damage_taken":0,"max_hp_gain":0,"max_hp_loss":38,"event_name":"Ghosts","floor":20,"gold_loss":0,"cards_obtained":["Ghostly","Ghostly","Ghostly","Ghostly","Ghostly"]},{"damage_healed":0,"gold_gain":0,"player_choice":"Copied","damage_taken":0,"max_hp_gain":0,"max_hp_loss":0,"event_name":"Duplicator","floor":28,"gold_loss":0,"cards_obtained":["Loop"]},{"damage_healed":0,"gold_gain":0,"player_choice":"Fought Bandits","damage_taken":0,"max_hp_gain":0,"max_hp_loss":0,"event_name":"Masked Bandits","floor":30,"gold_loss":0},{"damage_healed":0,"gold_gain":0,"player_choice":"Max HP","damage_taken":0,"max_hp_gain":0,"max_hp_loss":2,"event_name":"Winding Halls","floor":37,"gold_loss":0},{"damage_healed":31,"gold_gain":0,"player_choice":"Heal","damage_taken":0,"max_hp_gain":0,"max_hp_loss":4,"event_name":"The Moai Head","floor":45,"gold_loss":0}],"is_beta":false,"boss_relics":[{"not_picked":["Nuclear Battery","Runesmith:UraniumAnvil"],"picked":"Philosopher\u0027s Stone"},{"not_picked":["Tiny House","bronze:MakeshiftBattery"],"picked":"Inserter"}],"items_purged_floors":[36],"is_endless":false,"potions_floor_spawned":[1,12,22,24,29,30,31,35,39,41,47,48],"ascension_level":3}}