{"host":"h3ogdo6no3ehk88q","time":1613863188,"event":{"mods":["AchievementEnabler","BaseMod","Minty Spire (QoL Compilation)","StSLib","SuperFastMode"],"gold_per_floor":[112,127,127,127,92,122,122,134,161,161,161,173,173,173,193,193,204,218,218,321,321,321,420,420,420,420,420,242,242,242,242,242,242,242,242,242,242,242,242,242,242,242,242,242,242,2,2,2,2,2,2,2,0,0,0,0,0,0,0,0,0,0,0,0,0,0,0,0],"floor_reached":69,"language":"ENG","playtime":1886,"items_purged":["Strike_R"],"score":1837,"play_id":"df54d6e8-4d16-4d58-b4b0-ed244757db39","local_time":"20210220181948","is_ascension_mode":true,"campfire_choices":[{"data":"Feed","floor":7,"key":"SMITH"},{"data":"Uppercut","floor":11,"key":"SMITH"},{"data":"Bash","floor":14,"key":"SMITH"},{"data":"Twin Strike","floor":16,"key":"SMITH"},{"data":"Headbutt","floor":19,"key":"SMITH"},{"data":"Demon Form","floor":22,"key":"SMITH"},{"data":"Cleave","floor":32,"key":"SMITH"},{"floor":42,"key":"RECALL"},{"floor":52,"key":"REST"},{"data":"Defend_R","floor":58,"key":"SMITH"},{"floor":62,"key":"REST"},{"floor":65,"key":"REST"}],"circlet_count":0,"master_deck":["Defend_R+1","Defend_R+1","Defend_R+1","Defend_R+1","Bash+1","Feed+1","Uppercut+1","Spot Weakness+1","Entrench+1","Twin Strike+1","Headbutt+1","Demon Form+1","Metallicize+1","Pummel+1","Sword Boomerang+1","Offering+1","Cleave+1","True Grit+1","Shrug It Off+1","Flame Barrier+1","Impervious+1","Intimidate+1","Pummel+1","Shockwave+1","Limit Break+1","Pummel+1","Shrug It Off+1","Sword Boomerang+1"],"relics":["Burning Blood","Nunchaku","Toxic Egg 2","Ancient Tea Set","Gremlin Horn","Astrolabe","Ectoplasm","War Paint","Strawberry","Old Coin","Happy Flower","PreservedInsect","Pantograph","SacredBark","Mummified Hand","Ice Cream","Boot","Red Mask","Bag of Marbles","Akabeko","Pocketwatch","Orichalcum","Du-Vu Doll","HornCleat"],"acts_visited":["Exordium","TheCity","TheBeyond","TheEnding"],"potions_floor_usage":[20,43,43,61,68,68],"damage_taken":[{"damage":11,"enemies":"Jaw Worm","floor":1,"turns":5},{"damage":2,"enemies":"2 Louse","floor":2,"turns":3},{"damage":23,"enemies":"Gremlin Nob","floor":6,"turns":5},{"damage":0,"enemies":"Small Slimes","floor":8,"turns":2},{"damage":12,"enemies":"Red Slaver","floor":12,"turns":5},{"damage":0,"enemies":"Lots of Slimes","floor":15,"turns":2},{"damage":0,"enemies":"2 Fungi Beasts","floor":17,"turns":2},{"damage":18,"enemies":"Exordium Wildlife","floor":18,"turns":4},{"damage":18,"enemies":"Slime Boss","floor":20,"turns":10},{"damage":0,"enemies":"Slime Boss","floor":23,"turns":3},{"damage":7,"enemies":"Chosen","floor":25,"turns":4},{"damage":6,"enemies":"Shell Parasite","floor":26,"turns":3},{"damage":23,"enemies":"Centurion and Healer","floor":27,"turns":5},{"damage":6,"enemies":"Chosen and Byrds","floor":29,"turns":3},{"damage":6,"enemies":"Cultist and Chosen","floor":30,"turns":4},{"damage":17,"enemies":"Gremlin Leader","floor":31,"turns":7},{"damage":10,"enemies":"Centurion and Healer","floor":33,"turns":4},{"damage":6,"enemies":"Snake Plant","floor":34,"turns":3},{"damage":6,"enemies":"Book of Stabbing","floor":38,"turns":2},{"damage":10,"enemies":"Gremlin Leader","floor":40,"turns":7},{"damage":25,"enemies":"Collector","floor":43,"turns":6},{"damage":3,"enemies":"3 Shapes","floor":45,"turns":2},{"damage":6,"enemies":"3 Darklings","floor":47,"turns":3},{"damage":6,"enemies":"Mind Bloom Boss Battle","floor":48,"turns":9},{"damage":33,"enemies":"4 Shapes","floor":49,"turns":4},{"damage":11,"enemies":"Giant Head","floor":51,"turns":4},{"damage":0,"enemies":"Nemesis","floor":57,"turns":3},{"damage":6,"enemies":"Reptomancer","floor":59,"turns":2},{"damage":11,"enemies":"Transient","floor":60,"turns":5},{"damage":2,"enemies":"2 Orb Walkers","floor":61,"turns":4},{"damage":4,"enemies":"Time Eater","floor":63,"turns":5},{"damage":15,"enemies":"Shield and Spear","floor":67,"turns":5},{"damage":77,"enemies":"The Heart","floor":68,"turns":8}],"seed_played":"3375903647242462918","potions_obtained":[{"floor":2,"key":"SkillPotion"},{"floor":6,"key":"FearPotion"},{"floor":15,"key":"SteroidPotion"},{"floor":20,"key":"Fire Potion"},{"floor":23,"key":"Ancient Potion"},{"floor":25,"key":"Energy Potion"},{"floor":31,"key":"Dexterity Potion"},{"floor":40,"key":"LiquidMemories"},{"floor":43,"key":"AttackPotion"},{"floor":45,"key":"Weak Potion"},{"floor":49,"key":"Energy Potion"}],"is_trial":false,"path_per_floor":["M","M","?","?","?","E","R","M","T","T","R","M","?","R","M","R","M","M","R","B",null,"R","B",null,"M","M","M","$","M","M","E","R","M","M","T","T","?","E","T","E","?","R","B",null,"M","$","M","?","M","?","E","R","?","T","T","$","E","R","E","M","?","R","B",null,"R","$","E","B",null],"character_chosen":"IRONCLAD","items_purchased":["True Grit+1","Shrug It Off+1","Mummified Hand"],"campfire_rested":3,"item_purchase_floors":[28,28,46],"current_hp_per_floor":[78,85,73,56,77,60,60,70,70,70,70,68,68,68,78,78,88,80,80,72,72,72,82,114,117,121,108,108,108,112,105,105,101,101,108,108,108,108,108,108,108,108,114,145,149,149,149,153,130,130,125,157,157,157,157,157,157,157,157,152,156,157,157,157,157,157,148,86],"gold":0,"neow_bonus":"ONE_RANDOM_RARE_CARD","is_daily":false,"chose_seed":false,"campfire_upgraded":8,"win_rate":0.0,"timestamp":1613863188,"path_taken":["M","M","?","?","?","E","R","M","T","T","R","M","?","R","?","R","M","M","R","BOSS","R","BOSS","M","M","M","$","M","?","E","R","M","M","T","T","?","E","?","E","?","R","BOSS","M","$","M","?","M","?","E","R","?","T","T","$","E","R","E","M","?","R","BOSS","R","$","E","BOSS"],"items_purchased_type":["Card","Card","Relic"],"build_version":"2020-12-22","purchased_purges":1,"victory":true,"max_hp_per_floor":[83,86,86,86,86,86,86,90,90,90,90,94,94,94,98,98,102,106,106,110,110,110,114,114,118,122,126,126,126,130,134,134,134,134,141,141,141,141,141,145,145,145,145,145,149,149,149,153,157,157,157,157,157,157,157,157,157,157,157,157,157,157,157,157,157,157,157,157],"card_choices":[{"not_picked":["Warcry","Sword Boomerang","Sentinel"],"picked":"SKIP","floor":1},{"not_picked":["Shockwave","Fire Breathing"],"picked":"Uppercut","floor":2},{"not_picked":["Body Slam","Dual Wield+1"],"picked":"Spot Weakness+1","floor":6},{"not_picked":["Thunderclap","Anger"],"picked":"Entrench+1","floor":8},{"not_picked":["Searing Blow","Evolve","Perfected Strike"],"picked":"SKIP","floor":12},{"not_picked":["Perfected Strike","Twin Strike","Sever Soul"],"picked":"SKIP","floor":15},{"not_picked":["Perfected Strike","Sever Soul"],"picked":"Twin Strike","floor":15},{"not_picked":["Thunderclap","Combust","Spot Weakness+1"],"picked":"SKIP","floor":17},{"not_picked":["Sword Boomerang","Flex+1"],"picked":"Headbutt","floor":18},{"not_picked":["Berserk","Bludgeon"],"picked":"Demon Form","floor":20},{"not_picked":["Barricade","Exhume+1"],"picked":"Offering+1","floor":23},{"not_picked":["Searing Blow","Flex+1","Thunderclap+1"],"picked":"SKIP","floor":25},{"not_picked":["Sever Soul+1","Sword Boomerang"],"picked":"Cleave","floor":26},{"not_picked":["Warcry+1","Wild Strike","Anger"],"picked":"SKIP","floor":27},{"not_picked":["Sever Soul","Heavy Blade"],"picked":"Flame Barrier+1","floor":29},{"not_picked":["Iron Wave","Sword Boomerang","True Grit+1"],"picked":"SKIP","floor":30},{"not_picked":["Armaments+1","Sword Boomerang"],"picked":"Impervious+1","floor":31},{"not_picked":["Entrench+1","Armaments+1"],"picked":"Intimidate+1","floor":33},{"not_picked":["Combust+1","Headbutt+1"],"picked":"Pummel+1","floor":34},{"not_picked":["Carnage+1","Anger","Pommel Strike+1"],"picked":"SKIP","floor":38},{"not_picked":["Fire Breathing+1","Armaments+1"],"picked":"Shockwave+1","floor":40},{"not_picked":["Brutality","Impervious+1"],"picked":"Limit Break+1","floor":43},{"not_picked":["Thunderclap+1","Armaments+1","True Grit+1"],"picked":"SKIP","floor":45},{"not_picked":["Heavy Blade","Carnage"],"picked":"Pummel+1","floor":47},{"not_picked":["Flex+1","Wild Strike+1"],"picked":"Shrug It Off+1","floor":48},{"not_picked":["True Grit+1","Dropkick+1","Combust+1"],"picked":"SKIP","floor":49},{"not_picked":["Sever Soul+1","Shrug It Off+1","Dual Wield+1"],"picked":"SKIP","floor":51},{"not_picked":["Metallicize+1","Ghostly Armor+1","Clash"],"picked":"SKIP","floor":57},{"not_picked":["Rampage+1","Thunderclap","Immolate"],"picked":"SKIP","floor":59},{"not_picked":["Hemokinesis+1","Rupture+1","Power Through+1"],"picked":"SKIP","floor":60},{"not_picked":["Sword Boomerang+1","Spot Weakness+1","Shockwave+1"],"picked":"SKIP","floor":67},{"not_picked":["Spot Weakness+1","Shockwave+1"],"picked":"Sword Boomerang+1","floor":67}],"player_experience":874249,"relics_obtained":[{"floor":6,"key":"Toxic Egg 2"},{"floor":9,"key":"Ancient Tea Set"},{"floor":31,"key":"War Paint"},{"floor":35,"key":"Strawberry"},{"floor":36,"key":"Old Coin"},{"floor":38,"key":"Happy Flower"},{"floor":39,"key":"PreservedInsect"},{"floor":40,"key":"Pantograph"},{"floor":48,"key":"Ice Cream"},{"floor":51,"key":"Boot"},{"floor":54,"key":"Bag of Marbles"},{"floor":55,"key":"Akabeko"},{"floor":57,"key":"Pocketwatch"},{"floor":59,"key":"Orichalcum"},{"floor":61,"key":"Du-Vu Doll"},{"floor":67,"key":"HornCleat"}],"event_choices":[{"damage_healed":0,"gold_gain":0,"player_choice":"Success","damage_taken":12,"relics_obtained":["Nunchaku"],"max_hp_gain":0,"max_hp_loss":0,"event_name":"Scrap Ooze","floor":3,"gold_loss":0},{"damage_healed":0,"gold_gain":0,"player_choice":"Entered Light","damage_taken":17,"max_hp_gain":0,"max_hp_loss":0,"event_name":"Shining Light","floor":4,"gold_loss":0,"cards_upgraded":["Strike_R","Defend_R"]},{"damage_healed":21,"gold_gain":0,"player_choice":"Healed","damage_taken":0,"max_hp_gain":0,"max_hp_loss":0,"event_name":"The Cleric","floor":5,"gold_loss":35},{"damage_healed":0,"gold_gain":0,"player_choice":"Gave Potion","damage_taken":0,"relics_obtained":["Gremlin Horn"],"max_hp_gain":0,"max_hp_loss":0,"event_name":"WeMeetAgain","floor":13,"gold_loss":0},{"damage_healed":0,"gold_gain":0,"player_choice":"Ignored","damage_taken":0,"max_hp_gain":0,"max_hp_loss":0,"event_name":"Beggar","floor":37,"gold_loss":0},{"cards_removed":["Strike_R"],"damage_healed":0,"gold_gain":0,"player_choice":"Elegance","damage_taken":0,"max_hp_gain":0,"max_hp_loss":0,"event_name":"Back to Basics","floor":41,"gold_loss":0},{"damage_healed":0,"gold_gain":0,"player_choice":"Fight","damage_taken":0,"max_hp_gain":0,"max_hp_loss":0,"event_name":"MindBloom","floor":48,"gold_loss":0},{"damage_healed":0,"gold_gain":0,"player_choice":"Memory 1","damage_taken":0,"max_hp_gain":0,"max_hp_loss":0,"event_name":"SensoryStone","floor":50,"gold_loss":0},{"damage_healed":0,"gold_gain":0,"player_choice":"Paid","damage_taken":0,"relics_obtained":["Red Mask"],"max_hp_gain":0,"max_hp_loss":0,"event_name":"Tomb of Lord Red Mask","floor":53,"gold_loss":2},{"damage_healed":0,"gold_gain":0,"player_choice":"Fight","damage_taken":0,"max_hp_gain":0,"max_hp_loss":0,"event_name":"Mysterious Sphere","floor":61,"gold_loss":0}],"is_beta":false,"boss_relics":[{"not_picked":["Coffee Dripper","Velvet Choker"],"picked":"Astrolabe"},{"not_picked":["Runic Pyramid","Cursed Key"],"picked":"Ectoplasm"},{"not_picked":["Tiny House","Runic Dome"],"picked":"SacredBark"}],"items_purged_floors":[28],"is_endless":false,"potions_floor_spawned":[2,6,15,20,23,25,26,31,33,40,43,45,47,49,60],"ascension_level":1}}