{"host":"8inpc3yxphy2r27y","time":1613790804,"event":{"mods":["ATMod(阿瑾Mod)","Act Like it!","Alarm Clock","BaseMod","Better Synergies","Better Vampires","Challenge The Spire","Conspire","Decade(王小明)","Defuse TimeMaze Blight","Downfall","Energized Spire","FanaticalFans","FoggyMod","Gensokyo","Highlight Path","Jedi Mod","LagranYue(拉格朗・月)","Lobotomy","LobotomyExtend","Minty Spire (QoL Compilation)","MostiFishMod","Pale of the Ancients","Potion Indicator Mod","Quarter Circle Forward PUNCH!","Quick Restart","Relic Filter Mod","Relic Stats","Replay The Spire","RumiaBox-露米娅的神秘盒子","Ryuuou龙王","SIMod","Shop Mod","Spicy Shops","StSLib","TestMod","The Animator","UnlockEverythingMod","[GremlinLeader]The Maniac","[IsaacMod]以撒尖塔","noobMod","【遗物卡牌】REMEMod","篝火指南"],"gold_per_floor":[130,130,130,181,205,205,205],"floor_reached":6,"language":"ZHS","playtime":292,"items_purged":[],"score":35,"play_id":"f8850138-7ce3-4c27-9e36-e3995787255f","local_time":"20210220111324","is_ascension_mode":true,"campfire_choices":[],"circlet_count":0,"master_deck":["animator:Strike_OnePunchMan","animator:Defend_OnePunchMan","animator:Strike","animator:Strike","animator:Defend","animator:Defend","animator:Defend","animator:Genos","animator:MumenRider","BettingIsNotGood","AT_EssenceShift","GreenStem","CrumblingArmor","animator:AcuraTooru"],"relics":["animator:LivingPicture","animator:TheMissingPiece","REME_ComplimentaryCards","Fans:FanaticalFans","DaveBox","HushsDoor","AT_ATBox","testmod-TestBox","LagranYue:RandomDrawCardRelic","testmod-Temperance","BelialBook","HereWithMe","CogitoBucket","SynthV:TestCard","Baka","LetterFromLob","SSSystem","MerchantsRug","Thread and Needle","REME_HandOfSuture"],"acts_visited":["Exordium"],"potions_floor_usage":[],"damage_taken":[{"damage":5,"enemies":"Small Slimes","floor":1,"turns":4},{"damage":32,"enemies":"Lagavulin","floor":6,"turns":4}],"seed_played":"-5625753864040596347","potions_obtained":[],"is_trial":false,"path_per_floor":["M","?","?","?","T","E"],"character_chosen":"THE_ANIMATOR","items_purchased":[],"campfire_rested":0,"item_purchase_floors":[],"current_hp_per_floor":[61,54,54,28,28,0,0],"gold":205,"neow_bonus":"","is_daily":false,"chose_seed":false,"campfire_upgraded":0,"win_rate":0.0,"timestamp":1613790804,"path_taken":["M","?","?","?","?","E"],"items_purchased_type":[],"build_version":"2020-12-22","purchased_purges":0,"victory":false,"max_hp_per_floor":[66,66,66,66,66,66,66],"relic_stats":{"counters":[2,8],"obtain_stats":[{"KeepersGift":0,"MerchantsRug":3,"AT_ATBox":0,"testmod-TestBox":0,"DaveBox":0,"LagranYue:RandomDrawCardRelic":0,"testmod-Temperance":0,"animator:TheMissingPiece":0,"BelialBook":0,"SSSystem":2,"Thread and Needle":4,"ice":0,"Baka":1,"Fans:FanaticalFans":0,"CogitoBucket":0,"SynthV:TestCard":1,"HereWithMe":0,"animator:LivingPicture":0,"REME_HandOfSuture":5,"LetterFromLob":1,"HushsDoor":0,"REME_ComplimentaryCards":0},{"KeepersGift":0,"MerchantsRug":1,"AT_ATBox":0,"testmod-TestBox":0,"DaveBox":0,"LagranYue:RandomDrawCardRelic":0,"testmod-Temperance":0,"animator:TheMissingPiece":0,"BelialBook":0,"SSSystem":1,"Thread and Needle":1,"ice":0,"Baka":1,"Fans:FanaticalFans":0,"CogitoBucket":0,"SynthV:TestCard":1,"HereWithMe":0,"animator:LivingPicture":0,"REME_HandOfSuture":1,"LetterFromLob":1,"HushsDoor":0,"REME_ComplimentaryCards":0},{"KeepersGift":0,"MerchantsRug":4,"AT_ATBox":0,"testmod-TestBox":0,"DaveBox":0,"LagranYue:RandomDrawCardRelic":0,"testmod-Temperance":0,"animator:TheMissingPiece":0,"BelialBook":0,"SSSystem":4,"Thread and Needle":4,"ice":0,"Baka":4,"Fans:FanaticalFans":0,"CogitoBucket":0,"SynthV:TestCard":4,"HereWithMe":0,"animator:LivingPicture":0,"REME_HandOfSuture":4,"LetterFromLob":4,"HushsDoor":0,"REME_ComplimentaryCards":0}]},"card_choices":[{"not_picked":[],"picked":"BettingIsNotGood","floor":0},{"not_picked":["WallGazer","LongBird"],"picked":"CrumblingArmor","floor":1},{"not_picked":["animator:Archer","animator:Verdia","animator:Ciel"],"picked":"SKIP","floor":1},{"not_picked":["animator:Mitsurugi","animator:ChaikaBohdan","animator:Kazuma","animator:UneriGinkaku"],"picked":"animator:AcuraTooru","floor":4}],"player_experience":118622,"relics_obtained":[{"floor":1,"key":"SynthV:TestCard"},{"floor":1,"key":"Baka"},{"floor":1,"key":"LetterFromLob"},{"floor":4,"key":"Thread and Needle"},{"floor":5,"key":"REME_HandOfSuture"}],"event_choices":[{"damage_healed":0,"gold_gain":0,"player_choice":"Success","damage_taken":7,"relics_obtained":["SSSystem"],"max_hp_gain":0,"max_hp_loss":0,"event_name":"Scrap Ooze","floor":2,"gold_loss":0},{"damage_healed":0,"gold_gain":0,"player_choice":"Swap Relic","damage_taken":0,"relics_obtained":["MerchantsRug"],"max_hp_gain":0,"max_hp_loss":0,"event_name":"给自己的盒子","floor":3,"relics_lost":["ice"],"gold_loss":0}],"is_beta":false,"boss_relics":[],"items_purged_floors":[],"is_endless":false,"potions_floor_spawned":[],"killed_by":"Lagavulin","ascension_level":2}}