{"host":"4a6fro0of1ie0h2w","time":1613855416,"event":{"mods":["Aspiration","BaseMod","CCEM2","Colored Map","Conspire","Downfall","GifTheSpireLib","Halation","Highlight Path","Hubris","Infinite Spire","Marisa????????","Minty Spire (QoL Compilation)","Permanent Neow","Replay The Spire","StSLib","Stuff the Spire","The Servant 0.9.4"],"gold_per_floor":[349,366,8,8,8,8,8,8,8,42,62,82,82,112,127,228,228,228,246,246,263,276,293,293,293,311,311,344,144,29,63,78,175,175,75,87,107,107,165,191,191,259,277,277,277,287,287,319,334,334,334,362,146,146,146,146],"floor_reached":57,"language":"ENG","playtime":2264,"items_purged":["champ:Defend","Injury","champ:Defend","champ:Defend","Spreading Infection"],"score":1533,"play_id":"218714d3-77a6-4b01-9976-d1d3c9329d27","local_time":"20210220231016","is_ascension_mode":true,"campfire_choices":[{"data":"champ:Taunt","floor":1,"key":"SMITH"},{"data":"champ:BladeFlurry","floor":9,"key":"SMITH"},{"floor":18,"key":"DIG"},{"floor":27,"key":"RECALL"},{"data":"champ:Improvising","floor":29,"key":"SMITH"},{"data":"champ:FlashCut","floor":35,"key":"SMITH"},{"data":"champ:FlashCut","floor":47,"key":"SMITH"},{"data":"champ:DefensiveStyle","floor":54,"key":"SMITH"}],"circlet_count":0,"master_deck":["champ:Strike","champ:Defend","champ:Execute","champ:Taunt+1","champ:BladeFlurry+1","champ:TornadoPunch","champ:DefensiveStyle+1","champ:EnGarde","champ:Duel","champ:FlashCut+1","champ:RisingSlash","champ:FlashCut+1","champ:Improvising+1","infinitespire:NeuralNetwork","champ:EnGarde+1","champ:RapidStrikes+1","champ:PerfectedStrike+1","champ:DefensiveShout+1","champ:HoldFirm+1","champ:SwordSigil+1","champ:FlashCut+1","champ:EnchantCrown+1","champ:RageSigil+1","champ:FlashCut+1","champ:DefensiveShout+1","champ:RisingSlash","champ:ShieldWall"],"relics":["champ:ChampionCrown","Juzu Bracelet","Toxic Egg 2","champ:LiftRelic","downfall:ShatteredFragment","hubris:BundleOfHerbs","hexamod:CandleOfCauterizing","HornCleat","Black Star","StuffTheSpire:RubySignet","CCEMRelics:BiPhaseBiplane","Painkiller Herb","hubris:Metronome","downfall:HeartBlessingRed","downfall:HeartBlessingBlue","infinitespire:CheckeredPen","Eternal Feather","conspire:SlowCooker","downfall:HeartBlessingGreen","Simple Rune","CCEMRelics:HeirloomTomato","Centennial Puzzle","aspiration:SeaSaltIceCream","WingedGreaves","infinitespire:Beetle Shell","Nunchaku","Replay:Mystery Machine","champ:DefensiveTrainingManual"],"acts_visited":["Exordium","TheCity","TheBeyond","TheEnding"],"potions_floor_usage":[16,16,36,56,56],"damage_taken":[{"damage":12,"enemies":"Jaw Worm","floor":2,"turns":4},{"damage":20,"enemies":"downfall:FleeingMerchant","floor":3,"turns":4},{"damage":15,"enemies":"Lagavulin","floor":10,"turns":5},{"damage":10,"enemies":"Small Slimes","floor":11,"turns":2},{"damage":0,"enemies":"2 Louse","floor":12,"turns":2},{"damage":11,"enemies":"Replay:BlueRogue","floor":14,"turns":3},{"damage":0,"enemies":"Large Slime","floor":15,"turns":3},{"damage":0,"enemies":"SI_SHIV_ARCHETYPE","floor":16,"turns":4},{"damage":1,"enemies":"Chosen","floor":19,"turns":3},{"damage":17,"enemies":"downfall:LooterAlt2","floor":21,"turns":2},{"damage":9,"enemies":"Centurion and Healer","floor":22,"turns":4},{"damage":4,"enemies":"Snake Plant","floor":23,"turns":3},{"damage":0,"enemies":"Snecko","floor":26,"turns":3},{"damage":22,"enemies":"conspire:Head Lice","floor":28,"turns":4},{"damage":10,"enemies":"downfall:FleeingMerchant","floor":30,"turns":4},{"damage":0,"enemies":"Slavers","floor":31,"turns":3},{"damage":0,"enemies":"Chosen and Byrds","floor":32,"turns":2},{"damage":28,"enemies":"IC_MUSHROOM_ARCHETYPE","floor":33,"turns":3},{"damage":0,"enemies":"Orb Walker","floor":36,"turns":2},{"damage":24,"enemies":"3 Shapes","floor":37,"turns":4},{"damage":0,"enemies":"downfall:FleeingMerchant","floor":39,"turns":1},{"damage":0,"enemies":"Nemesis","floor":40,"turns":5},{"damage":0,"enemies":"Writhing Mass","floor":43,"turns":3},{"damage":15,"enemies":"Transient","floor":46,"turns":5},{"damage":0,"enemies":"conspire:MimicChest","floor":48,"turns":2},{"damage":2,"enemies":"Jaw Worm Horde","floor":49,"turns":2},{"damage":9,"enemies":"DF_ARCHETYPE_ORBS","floor":50,"turns":4},{"damage":0,"enemies":"downfall:CharBossMerchant","floor":52,"turns":4},{"damage":17,"enemies":"downfall:NeowBoss","floor":55,"turns":9},{"damage":35,"enemies":"downfall:NeowBossFinal","floor":56,"turns":7}],"seed_played":"-2120362500358495502","potions_obtained":[{"floor":2,"key":"DistilledChaos"},{"floor":12,"key":"CultistPotion"},{"floor":13,"key":"downfall:CursedFountainPotion"},{"floor":19,"key":"Guardian:BlockOnCardUsePotion"},{"floor":21,"key":"Energy Potion"},{"floor":31,"key":"DistilledChaos"},{"floor":36,"key":"Milkshake"}],"is_trial":false,"path_per_floor":["R","M","$","?","?","?","T","?","R","E","M","M","?","E","M","B",null,"R_BF","M","AVR","?","?","?","T","?","?","T","E","T","T","E","?","B",null,"T","?","?","?","T","E","T","T","?","?","AVR","?","T","?","?","B",null,"E","T","T","B","B",null],"character_chosen":"THE_CHAMP","items_purchased":["Juzu Bracelet","champ:DefensiveStyle","champ:EnGarde","Simple Rune","champ:DefensiveTrainingManual","champ:ShieldWall"],"campfire_rested":0,"item_purchase_floors":[3,3,3,39,53,53],"current_hp_per_floor":[81,79,79,79,79,52,52,60,60,55,55,55,55,44,44,44,81,81,80,80,63,54,50,50,50,50,50,28,38,38,40,40,12,91,91,91,77,77,77,82,82,82,84,84,84,81,93,93,93,86,93,93,93,93,93,93],"gold":146,"neow_bonus":"TWO_FIFTY_GOLD","is_daily":false,"chose_seed":false,"campfire_upgraded":6,"win_rate":0.0,"timestamp":1613855416,"path_taken":["R","M","$","?","?","?","T","?","R","E","M","M","?","E","M","BOSS","R_BF","M","AVR","?","?","?","T","?","?","T","E","T","T","E","?","BOSS","T","?","?","?","?","E","T","?","?","?","AVR","?","T","?","?","BOSS","E","T","T","BOSS","BOSS"],"items_purchased_type":["Relic","Card","Card","Relic","Relic","Card"],"build_version":"2020-12-22","purchased_purges":5,"victory":true,"max_hp_per_floor":[81,81,81,81,81,81,81,81,81,81,81,81,81,81,81,81,81,81,81,81,81,81,81,81,81,81,81,81,91,91,91,91,91,91,91,91,91,91,91,96,96,96,96,93,93,93,93,93,93,93,93,93,93,93,93,93],"card_choices":[{"not_picked":["champ:RageSigil","champ:BerserkersShout"],"picked":"champ:BladeFlurry","floor":2},{"not_picked":["champ:SwordThrow","champ:AdrenalArmor"],"picked":"champ:TornadoPunch","floor":3},{"not_picked":["champ:Backstep+1","champ:TornadoPunch"],"picked":"champ:Duel","floor":10},{"not_picked":["champ:CrookedStrike","champ:CalledShot+1"],"picked":"champ:FlashCut","floor":11},{"not_picked":["champ:BladeFlurry","champ:HeartStrike"],"picked":"champ:RisingSlash","floor":12},{"not_picked":["champ:SteelEdge","champ:StanceDance+1"],"picked":"champ:FlashCut","floor":14},{"not_picked":["champ:BladeFlurry","champ:Haymaker","champ:AdrenalArmor+1"],"picked":"SKIP","floor":15},{"not_picked":["champ:EnchantSword+1","champ:HeavySlash"],"picked":"champ:Improvising","floor":16},{"not_picked":["champ:StanceDance+1","champ:PreciseThrust","champ:FanOfKnives"],"picked":"SKIP","floor":19},{"not_picked":["champ:GutPunch","champ:StanceDance+1"],"picked":"champ:EnGarde+1","floor":21},{"not_picked":["champ:ArenaPreparation+1","champ:Circumvent+1"],"picked":"champ:RapidStrikes+1","floor":22},{"not_picked":["champ:BladeFlurry+1","champ:RisingSlash"],"picked":"champ:PerfectedStrike","floor":23},{"not_picked":["champ:Circumvent+1","champ:AdrenalArmor+1"],"picked":"champ:DefensiveShout+1","floor":26},{"not_picked":["champ:RapidStrikes","champ:GladiatorStyle"],"picked":"champ:HoldFirm+1","floor":28},{"not_picked":["champ:FocusedBerserking+1","champ:TornadoPunch"],"picked":"champ:SwordSigil+1","floor":30},{"not_picked":["champ:DefensiveStyle","champ:FaceSlap"],"picked":"champ:FlashCut+1","floor":31},{"not_picked":["champ:CrownThrow","champ:AdrenalArmor+1","champ:Shatter"],"picked":"SKIP","floor":32},{"not_picked":["champ:VampiricStrike","champ:SteelEdge"],"picked":"champ:EnchantCrown+1","floor":33},{"not_picked":["champ:SetATrap+1","champ:FocusedBerserking+1","champ:TornadoPunch+1"],"picked":"SKIP","floor":36},{"not_picked":["champ:PreemptiveStrike+1","champ:HeartStrike","champ:Backstep+1"],"picked":"SKIP","floor":37},{"not_picked":["champ:Lariat+1","champ:StanceDance+1","champ:EnGarde+1"],"picked":"SKIP","floor":39},{"not_picked":["champ:BerserkersShout+1","champ:ShieldSigil+1"],"picked":"champ:RageSigil+1","floor":40},{"not_picked":["champ:Backstep+1","champ:BladeFlurry+1"],"picked":"champ:FlashCut+1","floor":43},{"not_picked":["champ:GutPunch","champ:Haymaker"],"picked":"champ:DefensiveShout+1","floor":46},{"not_picked":["champ:SwordThrow","champ:Circumvent+1","champ:Shatter"],"picked":"SKIP","floor":49},{"not_picked":["champ:CrownThrow","champ:PreciseThrust+1"],"picked":"champ:RisingSlash","floor":52}],"player_experience":238644,"relics_obtained":[{"floor":7,"key":"hubris:BundleOfHerbs"},{"floor":10,"key":"hexamod:CandleOfCauterizing"},{"floor":14,"key":"HornCleat"},{"floor":18,"key":"StuffTheSpire:RubySignet"},{"floor":28,"key":"hubris:Metronome"},{"floor":31,"key":"infinitespire:CheckeredPen"},{"floor":31,"key":"Eternal Feather"},{"floor":40,"key":"CCEMRelics:HeirloomTomato"},{"floor":41,"key":"Centennial Puzzle"},{"floor":42,"key":"aspiration:SeaSaltIceCream"},{"floor":48,"key":"Nunchaku"},{"floor":52,"key":"Replay:Mystery Machine"}],"event_choices":[{"cards_removed":["champ:Strike"],"damage_healed":0,"gold_gain":0,"player_choice":"Offered Basic","damage_taken":0,"max_hp_gain":0,"max_hp_loss":0,"event_name":"Bonfire Elementals","floor":38,"gold_loss":0}],"is_beta":false,"boss_relics":[{"not_picked":["hubris:ScarierMask","halation:CatFaceCupcake"],"picked":"Black Star"},{"not_picked":["infinitespire:Cupcake","StuffTheSpire:RunicHypercube"],"picked":"conspire:SlowCooker"}],"items_purged_floors":[3,20,30,39,45],"is_endless":false,"potions_floor_spawned":[2,12,15,19,21,22,31,36,37,43],"ascension_level":2}}