{"host":"n23juj4d9qam5hh1","time":1613848064,"event":{"mods":["Act Like it!","BaseMod","Better Note","BetterRewards","Bossed Relics","Curses Come First","Displayed Cursed Tome","Infinite Spire","Minty Spire (QoL Compilation)","Relic Stats","Ruina","StSLib","Thieving Mod"],"gold_per_floor":[214,228,241,89,99,73,73,73,145,160,235,235,67,86,86,183,183,183,159,159,159],"floor_reached":20,"language":"ENG","playtime":935,"items_purged":[],"score":257,"play_id":"d4260203-383e-49fc-a399-fc8a2e65454e","local_time":"20210220140744","is_ascension_mode":true,"campfire_choices":[{"floor":8.0,"key":"REST"},{"data":"Dualcast","floor":12.0,"key":"SMITH"},{"data":"Buffer","floor":15.0,"key":"SMITH"},{"data":"Echo Form","floor":18,"key":"SMITH"}],"circlet_count":0,"master_deck":["Strike_B","Strike_B","Strike_B","Strike_B","Defend_B","Defend_B","Defend_B","Defend_B","Zap","Dualcast+1","Glacier","Self Repair","Barrage","Darkness","Turbo","Heatsinks","Turbo","Buffer+1","Ball Lightning","Echo Form+1","Coolheaded"],"relics":["Cracked Core","Orichalcum","Eternal Feather","Inserter"],"acts_visited":["Exordium","TheEnding"],"potions_floor_usage":[],"damage_taken":[{"damage":1.0,"enemies":"Cultist","floor":1.0,"turns":3.0},{"damage":1.0,"enemies":"Jaw Worm","floor":2.0,"turns":4.0},{"damage":3.0,"enemies":"Small Slimes","floor":3.0,"turns":5.0},{"damage":13.0,"enemies":"3 Louse","floor":5.0,"turns":4.0},{"damage":26.0,"enemies":"Exordium Thugs","floor":6.0,"turns":5.0},{"damage":0.0,"enemies":"Large Slime","floor":10.0,"turns":4.0},{"damage":1.0,"enemies":"Exordium Wildlife","floor":14.0,"turns":6.0},{"damage":0.0,"enemies":"Slime Boss","floor":16.0,"turns":9.0},{"damage":78,"enemies":"Shield and Spear","floor":20,"turns":4}],"seed_played":"1379662849098390627","potions_obtained":[{"floor":1.0,"key":"Ancient Potion"},{"floor":6.0,"key":"PotionOfCapacity"},{"floor":10.0,"key":"AttackPotion"}],"is_trial":false,"path_per_floor":["M","M","M","$","M","M","?","R","T","M","?","R","$","M","R","B",null,"R","$","E"],"character_chosen":"DEFECT","items_purchased":["Orichalcum","Turbo","Buffer","Coolheaded"],"campfire_rested":1,"item_purchase_floors":[4,13,13,19],"current_hp_per_floor":[74,73,75,75,69,50,50,72,72,75,64,73,73,75,75,75,75,75,75,0,0],"gold":159,"neow_bonus":"HUNDRED_GOLD","is_daily":false,"chose_seed":false,"campfire_upgraded":3,"win_rate":0.0,"timestamp":1613848064,"path_taken":["M","?","M","$","M","M","?","R","T","M","?","R","$","M","R","BOSS","R","$","E"],"items_purchased_type":["Relic","Card","Card","Card"],"build_version":"2020-12-22","purchased_purges":0,"victory":false,"max_hp_per_floor":[75,75,75,75,75,75,75,75,75,75,75,75,75,75,75,75,75,75,75,75,75],"relic_stats":{"Inserter":[2],"counters":[9,44],"Eternal Feather":9,"Orichalcum":[78],"obtain_stats":[{"Inserter":17,"Eternal Feather":9,"Orichalcum":4,"Cracked Core":0},{"Inserter":8,"Eternal Feather":5,"Orichalcum":3,"Cracked Core":0},{"Inserter":40,"Eternal Feather":21,"Orichalcum":12,"Cracked Core":0}]},"card_choices":[{"not_picked":["Compile Driver","Consume"],"picked":"Glacier","floor":1.0},{"not_picked":["Scrape","Streamline"],"picked":"Self Repair","floor":2.0},{"not_picked":["Lockon","Conserve Battery"],"picked":"Barrage","floor":3.0},{"not_picked":["Beam Cell","Chill"],"picked":"Darkness","floor":5.0},{"not_picked":["Thunder Strike","Compile Driver"],"picked":"Turbo","floor":6.0},{"not_picked":["Streamline","Barrage"],"picked":"Heatsinks","floor":10.0},{"not_picked":["Sunder","Steam Power"],"picked":"Ball Lightning","floor":14.0},{"not_picked":["Buffer","Rainbow"],"picked":"Echo Form","floor":16.0}],"player_experience":295027,"relics_obtained":[{"floor":9.0,"key":"Eternal Feather"}],"event_choices":[{"damage_healed":0.0,"max_hp_gain":0.0,"max_hp_loss":0.0,"gold_gain":0.0,"event_name":"Liars Game","player_choice":"Ignored","floor":7.0,"gold_loss":0.0,"damage_taken":0.0},{"damage_healed":0.0,"max_hp_gain":0.0,"max_hp_loss":0.0,"gold_gain":75.0,"event_name":"World of Goop","player_choice":"Gather Gold","floor":11.0,"gold_loss":0.0,"damage_taken":11.0}],"is_beta":false,"boss_relics":[{"not_picked":["Coffee Dripper","Calling Bell"],"picked":"Inserter"}],"items_purged_floors":[],"is_endless":false,"potions_floor_spawned":[1,6,10,14],"killed_by":"Shield and Spear","ascension_level":4}}