{"host":"wbn3xdfsa5pc2kse","time":1613804438,"event":{"mods":["AchievementEnabler","BaseMod","Bestiary","Colored Map","Colored Powertips","Curses Come First","Highlight Path","Minty Spire (QoL Compilation)","Permanent Neow","Rare Cards Sparkle","Relic Stats","StSLib"],"gold_per_floor":[119,119,131,141,158,158,172,200,200,235,31,60,3,21,21,92,92,102,27,39,39,39,39,39,64,64,82,82,82,82,82,82,155,155,170,170,183,194,22,22,22],"floor_reached":40,"language":"ZHT","playtime":1391,"items_purged":["Perfected Strike"],"score":763,"play_id":"d4d8361b-f9f8-4f3a-9f2e-7e3644d7735d","local_time":"20210220150038","is_ascension_mode":true,"campfire_choices":[{"data":"Bash","floor":6.0,"key":"SMITH"},{"data":"Disarm","floor":15.0,"key":"SMITH"},{"data":"Fiend Fire","floor":23.0,"key":"SMITH"},{"data":"Offering","floor":30.0,"key":"SMITH"},{"data":"Dual Wield","floor":32.0,"key":"SMITH"}],"circlet_count":0,"master_deck":["AscendersBane","Bash+1","Twin Strike","Disarm+1","Pommel Strike","Reaper","Fiend Fire+1","Offering+1","Berserk","Exhume","Whirlwind","Dual Wield+1","Headbutt","Headbutt","Sword Boomerang","Sentinel","Ghostly Armor","Armaments+1","Perfected Strike","Infernal Blade","Shrug It Off","Corruption","Power Through+1","Power Through+1","Second Wind+1"],"relics":["Coffee Dripper","Matryoshka","Boot","Eternal Feather","TungstenRod","Sundial","Pandora\u0027s Box","Turnip","Nunchaku","Pantograph","Snecko Eye","Toy Ornithopter"],"acts_visited":["Exordium","TheCity","TheBeyond"],"potions_floor_usage":[33,38,40],"damage_taken":[{"damage":2.0,"enemies":"Jaw Worm","floor":1.0,"turns":3.0},{"damage":0.0,"enemies":"Cultist","floor":3.0,"turns":3.0},{"damage":0.0,"enemies":"Small Slimes","floor":4.0,"turns":3.0},{"damage":7.0,"enemies":"Blue Slaver","floor":5.0,"turns":3.0},{"damage":14.0,"enemies":"3 Louse","floor":7.0,"turns":4.0},{"damage":18.0,"enemies":"Lagavulin","floor":8.0,"turns":4.0},{"damage":15.0,"enemies":"3 Sentries","floor":10.0,"turns":5.0},{"damage":28.0,"enemies":"Gremlin Nob","floor":12.0,"turns":4.0},{"damage":3.0,"enemies":"Looter","floor":14.0,"turns":3.0},{"damage":14.0,"enemies":"The Guardian","floor":16.0,"turns":11.0},{"damage":43.0,"enemies":"Shell Parasite","floor":18.0,"turns":5.0},{"damage":15.0,"enemies":"Spheric Guardian","floor":20.0,"turns":3.0},{"damage":19.0,"enemies":"Gremlin Leader","floor":25.0,"turns":3.0},{"damage":22.0,"enemies":"Snake Plant","floor":27.0,"turns":3.0},{"damage":51,"enemies":"Champ","floor":33,"turns":4},{"damage":5,"enemies":"3 Shapes","floor":35,"turns":2},{"damage":10,"enemies":"Orb Walker","floor":37,"turns":2},{"damage":70,"enemies":"4 Shapes","floor":38,"turns":7},{"damage":55,"enemies":"Nemesis","floor":40,"turns":5}],"seed_played":"-7652319753441051846","potions_obtained":[{"floor":2.0,"key":"DuplicationPotion"},{"floor":2.0,"key":"BloodPotion"},{"floor":5.0,"key":"Energy Potion"},{"floor":10.0,"key":"BloodPotion"},{"floor":12.0,"key":"SpeedPotion"},{"floor":16.0,"key":"FairyPotion"},{"floor":27.0,"key":"PowerPotion"},{"floor":37,"key":"SkillPotion"},{"floor":38,"key":"Regen Potion"}],"is_trial":false,"path_per_floor":["M","?","M","M","M","R","M","E","T","E","$","E","$","M","R","B",null,"M","$","M","?","?","R","?","E","T","M","?","?","R","$","R","B",null,"M","?","M","M","$","E"],"character_chosen":"IRONCLAD","items_purchased":["SkillPotion","Reaper","Dexterity Potion","Toy Ornithopter"],"campfire_rested":0,"item_purchase_floors":[11,11,13,39],"current_hp_per_floor":[66,66,66,66,74,74,60,42,42,42,42,19,19,21,30,22,62,31,31,16,16,31,43,43,39,39,22,22,22,34,34,46,44,67,67,67,57,2,2,0,0],"gold":22,"neow_bonus":"BOSS_RELIC","is_daily":false,"chose_seed":false,"campfire_upgraded":5,"win_rate":0.0,"timestamp":1613804438,"path_taken":["M","?","?","M","M","R","M","E","T","E","$","E","$","?","R","BOSS","M","$","M","?","?","R","?","E","T","M","?","?","R","$","R","BOSS","M","?","M","M","$","E"],"items_purchased_type":["Potion","Card","Potion","Relic"],"build_version":"2020-12-22","purchased_purges":1,"victory":false,"max_hp_per_floor":[75,75,75,75,75,75,75,75,75,75,75,75,75,75,75,75,75,75,75,75,75,75,75,75,75,75,75,75,75,75,75,75,75,75,75,75,75,75,75,75,75],"relic_stats":{"Nunchaku":[5],"counters":[19,77],"Sundial":[8],"Pantograph":25,"Snecko Eye":[28,24,31,28],"Eternal Feather":45,"Pandora\u0027s Box":["Berserk","Reckless Charge","Exhume","Whirlwind","Dual Wield","Headbutt","Headbutt","Sword Boomerang","Sentinel"],"Turnip":[4],"Boot":[72],"obtain_stats":[{"Eternal Feather":9,"Boot":9,"Burning Blood":0,"Nunchaku":26,"Matryoshka":8,"Sundial":12,"Pantograph":26,"Snecko Eye":34,"Pandora\u0027s Box":17,"Turnip":25,"Coffee Dripper":0,"TungstenRod":10,"Toy Ornithopter":39},{"Eternal Feather":6,"Boot":6,"Burning Blood":0,"Nunchaku":13,"Matryoshka":6,"Sundial":8,"Pantograph":13,"Snecko Eye":15,"Pandora\u0027s Box":10,"Turnip":13,"Coffee Dripper":0,"TungstenRod":7,"Toy Ornithopter":18},{"Eternal Feather":20,"Boot":20,"Burning Blood":0,"Nunchaku":54,"Matryoshka":20,"Sundial":29,"Pantograph":54,"Snecko Eye":61,"Pandora\u0027s Box":43,"Turnip":54,"Coffee Dripper":0,"TungstenRod":25,"Toy Ornithopter":72}],"TungstenRod":52,"Toy Ornithopter":5},"card_choices":[{"not_picked":["Flex","Armaments"],"picked":"Twin Strike","floor":1.0},{"not_picked":["Searing Blow","Dark Embrace"],"picked":"Clash","floor":3.0},{"not_picked":["Clothesline","Heavy Blade"],"picked":"Disarm","floor":4.0},{"not_picked":["Warcry","Iron Wave","Searing Blow"],"picked":"SKIP","floor":5.0},{"not_picked":["Body Slam","Searing Blow"],"picked":"Perfected Strike","floor":7.0},{"not_picked":["Thunderclap","Anger","Entrench"],"picked":"SKIP","floor":8.0},{"not_picked":["Infernal Blade","Wild Strike"],"picked":"Pommel Strike","floor":10.0},{"not_picked":["Hemokinesis","Sever Soul","Iron Wave"],"picked":"SKIP","floor":12.0},{"not_picked":["Warcry","Heavy Blade"],"picked":"Fiend Fire","floor":14.0},{"not_picked":["Juggernaut","Exhume"],"picked":"Offering","floor":16.0},{"not_picked":["True Grit","Anger"],"picked":"Ghostly Armor","floor":18.0},{"not_picked":["Flex","Spot Weakness"],"picked":"Armaments+1","floor":20.0},{"not_picked":["Brutality","Pommel Strike"],"picked":"Shrug It Off","floor":25.0},{"not_picked":["Infernal Blade","Seeing Red","Power Through"],"picked":"SKIP","floor":27.0},{"not_picked":["Reaper","Fiend Fire"],"picked":"Corruption","floor":33},{"not_picked":["Dropkick","Pommel Strike"],"picked":"Power Through+1","floor":35},{"not_picked":["Spot Weakness","Heavy Blade"],"picked":"Power Through+1","floor":37},{"not_picked":["Iron Wave","Hemokinesis"],"picked":"Second Wind+1","floor":38}],"player_experience":833657,"relics_obtained":[{"floor":8.0,"key":"Matryoshka"},{"floor":9.0,"key":"Boot"},{"floor":9.0,"key":"Eternal Feather"},{"floor":10.0,"key":"TungstenRod"},{"floor":12.0,"key":"Sundial"},{"floor":25.0,"key":"Turnip"},{"floor":26.0,"key":"Nunchaku"},{"floor":26.0,"key":"Pantograph"}],"event_choices":[{"damage_healed":0.0,"max_hp_gain":0.0,"max_hp_loss":0.0,"gold_gain":0.0,"event_name":"Lab","player_choice":"Got Potions","floor":2.0,"gold_loss":0.0,"damage_taken":0.0},{"damage_healed":0.0,"max_hp_gain":0.0,"max_hp_loss":0.0,"gold_gain":0.0,"cards_transformed":["Clash","Reckless Charge"],"event_name":"Drug Dealer","player_choice":"Became Test Subject","floor":21.0,"gold_loss":0.0,"damage_taken":0.0,"cards_obtained":["Perfected Strike","Infernal Blade"]},{"damage_healed":15.0,"max_hp_gain":0.0,"max_hp_loss":0.0,"gold_gain":0.0,"event_name":"The Library","player_choice":"Heal","floor":22.0,"gold_loss":0.0,"damage_taken":0.0},{"damage_healed":0.0,"max_hp_gain":0.0,"max_hp_loss":0.0,"gold_gain":0.0,"event_name":"Vampires","player_choice":"Ignored","floor":24.0,"gold_loss":0.0,"damage_taken":0.0},{"damage_healed":0.0,"max_hp_gain":0.0,"max_hp_loss":0.0,"gold_gain":0.0,"event_name":"Forgotten Altar","player_choice":"Smashed Altar","floor":28.0,"gold_loss":0.0,"damage_taken":0.0,"cards_obtained":["Decay"]},{"cards_removed":["Decay"],"damage_healed":0,"gold_gain":0,"player_choice":"Purged","damage_taken":0,"max_hp_gain":0,"max_hp_loss":0,"event_name":"Purifier","floor":36,"gold_loss":0}],"is_beta":false,"boss_relics":[{"not_picked":["Ectoplasm","Calling Bell"],"picked":"Pandora\u0027s Box"},{"not_picked":["Runic Dome","Runic Cube"],"picked":"Snecko Eye"}],"items_purged_floors":[19],"is_endless":false,"potions_floor_spawned":[5,10,12,14,16,20,27,37,38],"killed_by":"Nemesis","ascension_level":16}}