{"host":"lnnm69al9x392px5","time":1613799056,"event":{"mods":["BaseMod","Downfall","Minty Spire (QoL Compilation)","Reliquary","Replay The Spire","StSLib"],"gold_per_floor":[99,111,125,125,125,225,304,35,48,59,59,59,91,49,69,172,172,172,192,45,63,75,105,180,180,192,192,192,192],"floor_reached":27,"language":"ENG","playtime":1397,"items_purged":[],"score":233,"play_id":"c2b9a637-5d9f-4a14-911f-7a1495d2fa8a","local_time":"20210219213056","is_ascension_mode":false,"campfire_choices":[{"data":"hexamod:Float","floor":1,"key":"SMITH"},{"data":"hexamod:RetreatToShadows","floor":11,"key":"SMITH"},{"floor":18,"key":"DIG"}],"circlet_count":0,"master_deck":["hexamod:Strike","hexamod:Strike","hexamod:Strike","hexamod:Strike","hexamod:Defend+1","hexamod:Defend","hexamod:Defend","hexamod:Defend","hexamod:Sear","hexamod:Float+1","hexamod:ThirdSeal","hexamod:GhostLash","Hallucinations","hexamod:RetreatToShadows+1","hexamod:GhostShield","hexamod:FlamesFromBeyond","hexamod:PowerFromBeyond","hexamod:ForkedFlame","hexamod:HauntingEcho","hexamod:RecurringNightmare","hexamod:SpectersWail","hexamod:GhostLash","hexamod:ApocalypseNow","hexamod:ParanormalForm","hexamod:RecurringNightmare+1","hexamod:HeatCrush","hexamod:StepThrough+1","hexamod:PowerFromBeyond+1","hexamod:GhostShield","hexamod:FirstSeal","hexamod:SuperheatedStrike"],"relics":["Replay:Bronze Core","ReplayTheSpireMod:Ring of Addiction","Potion Belt","SacredBark","ReplayTheSpireMod:Ring of Exchange","Mirror","Replay:WaspNest","downfall:ShatteredFragment","Darkstone Periapt","Ring of Chaos","Replay:Wax Seal","Quantum Egg","Eternal Feather"],"acts_visited":["Exordium","TheCity"],"potions_floor_usage":[8,10,13,16,19,20,20,22,23,26],"damage_taken":[{"damage":0,"enemies":"Cultist","floor":2,"turns":4},{"damage":1,"enemies":"Jaw Worm","floor":3,"turns":3},{"damage":0,"enemies":"downfall:FleeingMerchant","floor":8,"turns":5},{"damage":1,"enemies":"2 Louse","floor":9,"turns":3},{"damage":5,"enemies":"downfall:LooterAlt","floor":10,"turns":3},{"damage":8,"enemies":"Replay:BlueRogue","floor":13,"turns":3},{"damage":7,"enemies":"downfall:FleeingMerchant","floor":14,"turns":5},{"damage":0,"enemies":"Large Slime","floor":15,"turns":4},{"damage":22,"enemies":"DF_ARCHETYPE_STREAMLINE","floor":16,"turns":6},{"damage":12,"enemies":"downfall:LooterAlt2","floor":19,"turns":3},{"damage":0,"enemies":"downfall:FleeingMerchant","floor":20,"turns":5},{"damage":7,"enemies":"Spheric Guardian","floor":21,"turns":4},{"damage":15,"enemies":"Snake Plant","floor":22,"turns":2},{"damage":18,"enemies":"Replay:Snechameleon","floor":23,"turns":5},{"damage":3,"enemies":"Snecko","floor":26,"turns":3},{"damage":13,"enemies":"Centurion and Healer","floor":27,"turns":4}],"seed_played":"-7111141386094369201","potions_obtained":[{"floor":2,"key":"Strength Potion"},{"floor":4,"key":"Swift Potion"},{"floor":4,"key":"Block Potion"},{"floor":4,"key":"GamblersBrew"},{"floor":9,"key":"SpeedPotion"},{"floor":15,"key":"Swift Potion"},{"floor":16,"key":"hexamod:EctoCoolerPotion"},{"floor":21,"key":"CultistPotion"},{"floor":26,"key":"Dexterity Potion"}],"is_trial":false,"path_per_floor":["R","M","M","?","?","?","T","$","M","M","R","?","E","$","M","B",null,"R","M","$","M","M","E","T","?","M","M"],"character_chosen":"THE_SPIRIT","items_purchased":["Replay:WaspNest","hexamod:GhostLash","hexamod:SoulburnPotion","Elixir","FearPotion"],"campfire_rested":0,"item_purchase_floors":[8,14,20,20,20],"current_hp_per_floor":[70,70,69,69,69,69,69,68,67,62,62,41,33,26,26,4,68,68,56,56,49,34,16,16,16,13,0,0,0],"gold":192,"neow_bonus":"BOSS_RELIC","is_daily":false,"chose_seed":false,"campfire_upgraded":2,"win_rate":0.0,"timestamp":1613799056,"path_taken":["R","M","?","?","?","?","T","$","M","M","R","?","E","?","M","BOSS","R","M","$","M","M","E","T","?","M","M"],"items_purchased_type":["Relic","Card","Potion","Potion","Potion"],"build_version":"2020-12-22","purchased_purges":0,"victory":false,"max_hp_per_floor":[70,70,70,70,70,70,70,68,68,68,68,68,68,68,68,68,68,68,68,68,68,68,68,68,68,68,68,68,68],"card_choices":[{"not_picked":["hexamod:Haunt","hexamod:GhostLash"],"picked":"hexamod:ThirdSeal","floor":2},{"not_picked":["hexamod:ThirdSeal","hexamod:FlamesFromBeyond"],"picked":"hexamod:GhostLash","floor":3},{"not_picked":["hexamod:InspiringFlames","hexamod:SwordOfDarkness"],"picked":"hexamod:RetreatToShadows","floor":8},{"not_picked":["hexamod:Again","hexamod:SpectersWail"],"picked":"hexamod:GhostShield","floor":9},{"not_picked":["hexamod:RainOfEmbers","hexamod:Haunt"],"picked":"hexamod:FlamesFromBeyond","floor":9},{"not_picked":["hexamod:ExtraCrispy","hexamod:FlamesFromBeyond"],"picked":"hexamod:PowerFromBeyond","floor":10},{"not_picked":["hexamod:HeatMetal","hexamod:AdvancingGuard","hexamod:FastForward"],"picked":"SKIP","floor":10},{"not_picked":["hexamod:Hexaguard","hexamod:SpectralAdrenaline"],"picked":"hexamod:ForkedFlame","floor":13},{"not_picked":["hexamod:NightmareStrike","hexamod:BurningTouch"],"picked":"hexamod:HauntingEcho","floor":13},{"not_picked":["hexamod:HexaLevel","hexamod:SwordOfDarkness"],"picked":"hexamod:RecurringNightmare","floor":14},{"not_picked":["hexamod:NightmareGuise","hexamod:SpectralAdrenaline"],"picked":"hexamod:SpectersWail","floor":14},{"not_picked":["hexamod:AdvancingGuard","hexamod:SecondSeal","hexamod:InspiringFlames"],"picked":"SKIP","floor":15},{"not_picked":["hexamod:ThermalTransfer","hexamod:SwordOfDarkness","hexamod:BacktrackSmack"],"picked":"SKIP","floor":15},{"not_picked":["hexamod:FifthSeal","hexamod:SearingWound"],"picked":"hexamod:ApocalypseNow","floor":16},{"not_picked":["hexamod:TurnItUp","hexamod:GiftsFromTheDead"],"picked":"hexamod:ParanormalForm","floor":16},{"not_picked":["hexamod:SpectralSpark","hexamod:GhostShield"],"picked":"hexamod:RecurringNightmare+1","floor":19},{"not_picked":["hexamod:PhantomFireball","hexamod:SwordOfDarkness","hexamod:RadiantFlame"],"picked":"SKIP","floor":19},{"not_picked":["hexamod:GhostShield","hexamod:NightmareGuise"],"picked":"hexamod:HeatCrush","floor":20},{"not_picked":["hexamod:CatchUp","hexamod:GhostOfSpirePast+1"],"picked":"hexamod:StepThrough+1","floor":20},{"not_picked":["hexamod:InspiringFlames+1","hexamod:SwordOfDarkness"],"picked":"hexamod:PowerFromBeyond+1","floor":21},{"not_picked":["hexamod:SoulSteal","hexamod:EtherealExpedition"],"picked":"hexamod:GhostShield","floor":22},{"not_picked":["hexamod:ThermalTransfer","hexamod:FifthSeal"],"picked":"hexamod:FirstSeal","floor":23},{"not_picked":["hexamod:NightmareStrike","hexamod:SpectralSpark"],"picked":"hexamod:SuperheatedStrike","floor":23},{"not_picked":["hexamod:StepThrough","hexamod:NecessarySacrifice","hexamod:DynamicBlow"],"picked":"SKIP","floor":26}],"player_experience":317824,"relics_obtained":[{"floor":4,"key":"ReplayTheSpireMod:Ring of Addiction"},{"floor":4,"key":"Potion Belt"},{"floor":4,"key":"SacredBark"},{"floor":4,"key":"ReplayTheSpireMod:Ring of Exchange"},{"floor":7,"key":"Mirror"},{"floor":13,"key":"Darkstone Periapt"},{"floor":18,"key":"Replay:Wax Seal"},{"floor":23,"key":"Quantum Egg"},{"floor":24,"key":"Eternal Feather"}],"event_choices":[],"is_beta":false,"boss_relics":[{"not_picked":["Guide Book","SlaversCollar"],"picked":"Ring of Chaos"}],"items_purged_floors":[],"is_endless":false,"potions_floor_spawned":[2,9,15,16,21,26],"killed_by":"Centurion and Healer","ascension_level":0}}