{"host":"n08mv44ohivl39d9","time":1613801167,"event":{"mods":["BaseMod","Bestiary","Highlight Path","Minty Spire (QoL Compilation)","Relic Stats"],"gold_per_floor":[14,34,44,59,71,101,101,111,138,151,226,226,257,277,277,277,277],"floor_reached":16,"language":"ENG","playtime":1671,"items_purged":[],"score":232,"play_id":"11e4f57e-3e42-4304-a5cc-5b2a21d3ea29","local_time":"20210220000607","is_ascension_mode":true,"campfire_choices":[{"floor":7,"key":"REST"},{"floor":12,"key":"REST"},{"data":"Backflip","floor":15,"key":"SMITH"}],"circlet_count":0,"master_deck":["AscendersBane","Strike_G","Strike_G","Strike_G","Strike_G","Strike_G","Defend_G","Defend_G","Defend_G","Defend_G","Defend_G","Survivor","Neutralize","Grand Finale","Masterful Stab","Predator","Masterful Stab","Acrobatics","Dagger Throw","Backflip+1"],"relics":["Ring of the Snake","Strawberry","Anchor"],"acts_visited":["Exordium"],"potions_floor_usage":[6,6,13,16],"damage_taken":[{"damage":7,"enemies":"Cultist","floor":1,"turns":6},{"damage":2,"enemies":"Jaw Worm","floor":2,"turns":4},{"damage":0,"enemies":"Small Slimes","floor":3,"turns":3},{"damage":6,"enemies":"Looter","floor":4,"turns":4},{"damage":2,"enemies":"3 Louse","floor":5,"turns":4},{"damage":32,"enemies":"Lagavulin","floor":6,"turns":8},{"damage":0,"enemies":"2 Fungi Beasts","floor":8,"turns":2},{"damage":4,"enemies":"Large Slime","floor":10,"turns":5},{"damage":25,"enemies":"3 Sentries","floor":13,"turns":6},{"damage":6,"enemies":"Exordium Thugs","floor":14,"turns":4},{"damage":18,"enemies":"Hexaghost","floor":16,"turns":9}],"seed_played":"2628947393339854925","potions_obtained":[{"floor":1,"key":"DuplicationPotion"},{"floor":2,"key":"Explosive Potion"},{"floor":8,"key":"Swift Potion"},{"floor":14,"key":"CultistPotion"}],"is_trial":false,"path_per_floor":["M","M","M","M","M","E","R","M","T","M","?","R","E","M","R","B"],"character_chosen":"THE_SILENT","items_purchased":[],"campfire_rested":2,"item_purchase_floors":[],"current_hp_per_floor":[52,50,50,44,42,17,38,38,38,34,23,44,19,13,13,0,0],"gold":277,"neow_bonus":"THREE_RARE_CARDS","is_daily":false,"chose_seed":false,"campfire_upgraded":1,"win_rate":0.0,"timestamp":1613801167,"path_taken":["M","M","M","M","M","E","R","M","T","?","?","R","E","M","R","BOSS"],"items_purchased_type":[],"build_version":"2020-12-22","purchased_purges":0,"victory":false,"max_hp_per_floor":[66,66,66,66,66,73,73,73,73,73,73,73,73,73,73,73,73],"relic_stats":{"counters":[11,55],"obtain_stats":[{"Anchor":13,"Strawberry":6,"Ring of the Snake":0},{"Anchor":9,"Strawberry":6,"Ring of the Snake":0},{"Anchor":42,"Strawberry":29,"Ring of the Snake":0}],"Ring of the Snake":[22]},"card_choices":[{"not_picked":["Die Die Die","Malaise"],"picked":"Grand Finale","floor":0},{"not_picked":["Riddle With Holes","Outmaneuver"],"picked":"Masterful Stab","floor":1},{"not_picked":["Sucker Punch","Bouncing Flask"],"picked":"Predator","floor":2},{"not_picked":["Cloak And Dagger","Dodge and Roll","Endless Agony"],"picked":"SKIP","floor":3},{"not_picked":["Deflect","Caltrops","Riddle With Holes"],"picked":"SKIP","floor":4},{"not_picked":["Deflect","Setup"],"picked":"Masterful Stab","floor":5},{"not_picked":["Dagger Spray","Tactician","Bane"],"picked":"SKIP","floor":6},{"not_picked":["Accuracy","Reflex","Poisoned Stab"],"picked":"SKIP","floor":8},{"not_picked":["Wraith Form v2","Backstab"],"picked":"Acrobatics","floor":10},{"not_picked":["Dodge and Roll","Riddle With Holes"],"picked":"Dagger Throw","floor":13},{"not_picked":["Cloak And Dagger","Outmaneuver"],"picked":"Backflip","floor":14}],"player_experience":1483126,"relics_obtained":[{"floor":6,"key":"Strawberry"},{"floor":13,"key":"Anchor"}],"event_choices":[{"damage_healed":0,"gold_gain":75,"player_choice":"Gather Gold","damage_taken":11,"max_hp_gain":0,"max_hp_loss":0,"event_name":"World of Goop","floor":11,"gold_loss":0}],"is_beta":false,"boss_relics":[],"items_purged_floors":[],"is_endless":false,"potions_floor_spawned":[1,2,3,4,8,14],"killed_by":"Hexaghost","ascension_level":20}}