{"host":"4gkev1dtxxhiue3x","time":1613854487,"event":{"mods":["AchievementEnabler","BaseMod","Better Altar","Better Match","Better Note","Better Sensory Stone","Better Skull","Better Third Choice","Colored Powertips","Friendly Minions","Hermit","Minty Spire (QoL Compilation)","Relic Stats","Robot Space Explorer","Shop Mod","StSLib","The Disciple","The Hierophant"],"gold_per_floor":[116,134,309,82,95,63,63],"floor_reached":6,"language":"ENG","playtime":602,"items_purged":["Doubt"],"score":38,"play_id":"705a1031-ca23-4eaa-9039-36b01074f9ea","local_time":"20210220215447","is_ascension_mode":true,"campfire_choices":[],"circlet_count":0,"master_deck":["hierophant:Strike_Hierophant","hierophant:Strike_Hierophant","hierophant:Strike_Hierophant","hierophant:Punish","hierophant:Defend_Hierophant","hierophant:Defend_Hierophant","hierophant:Defend_Hierophant","hierophant:Defend_Hierophant","hierophant:ChurchCoffers","hierophant:MirrorShield","hierophant:Patience","hierophant:Smite","hierophant:Charity","hierophant:Doubloon","hierophant:RecallFunds","hierophant:Doubloon","hierophant:Doubloon","hierophant:RecallFunds"],"relics":["hierophant:PropheticMaskRelic"],"acts_visited":["Exordium"],"potions_floor_usage":[6],"damage_taken":[{"damage":9,"enemies":"Jaw Worm","floor":1,"turns":5},{"damage":4,"enemies":"Cultist","floor":2,"turns":4},{"damage":2,"enemies":"Small Slimes","floor":5,"turns":3},{"damage":70,"enemies":"Lagavulin","floor":6,"turns":9}],"seed_played":"-2276005861120421634","potions_obtained":[{"floor":1,"key":"SneckoOil"},{"floor":5,"key":"Dexterity Potion"}],"is_trial":false,"path_per_floor":["M","M","?","$","M","E"],"character_chosen":"HIEROPHANT","items_purchased":["hierophant:Charity","hierophant:RecallFunds"],"campfire_rested":0,"item_purchase_floors":[4,4],"current_hp_per_floor":[66,62,62,62,60,0,0],"gold":63,"neow_bonus":"TRANSFORM_CARD","is_daily":false,"chose_seed":false,"campfire_upgraded":0,"win_rate":0.0,"timestamp":1613854487,"path_taken":["M","M","?","$","M","E"],"items_purchased_type":["Card","Card"],"build_version":"2020-12-22","purchased_purges":1,"victory":false,"max_hp_per_floor":[75,75,75,75,75,75,75],"relic_stats":{"counters":[4,21],"obtain_stats":[{"hierophant:PropheticMaskRelic":0},{"hierophant:PropheticMaskRelic":0},{"hierophant:PropheticMaskRelic":0}]},"card_choices":[{"not_picked":["hierophant:CursedGold","hierophant:RustyCrate"],"picked":"hierophant:Patience","floor":1},{"not_picked":["hierophant:FieryStrike","hierophant:ThreeLashes"],"picked":"hierophant:Smite","floor":2},{"not_picked":["hierophant:FlamingChariot","hierophant:Doomsaying"],"picked":"hierophant:RecallFunds","floor":5}],"player_experience":219440,"relics_obtained":[],"event_choices":[{"damage_healed":0,"gold_gain":175,"player_choice":"AGREE","damage_taken":134,"max_hp_gain":0,"max_hp_loss":0,"event_name":"betterThird:BetterSerpent","floor":3,"gold_loss":0}],"is_beta":false,"boss_relics":[],"items_purged_floors":[4],"is_endless":false,"potions_floor_spawned":[1,5],"killed_by":"Lagavulin","ascension_level":1}}