{"host":"a1eatafr7pisesky","time":1613831555,"event":{"mods":["AchievementEnabler","BaseMod","Colored Map","Keyboard Shortcuts","Minty Spire (QoL Compilation)","Say the Spire","StSLib","SuperFastMode","everything is the same but u backflip on backflip"],"gold_per_floor":[14,14,30,180,193,193,213,213,239,256,256,269,32,32,32],"floor_reached":14,"language":"KOR","playtime":229,"items_purged":["Doubt"],"score":148,"play_id":"e8f2a961-6722-4c25-aacb-7f934a0c02c7","local_time":"20210220233235","is_ascension_mode":true,"campfire_choices":[{"data":"Genetic Algorithm","floor":6,"key":"SMITH"},{"floor":8,"key":"REST"},{"data":"Dualcast","floor":11,"key":"SMITH"}],"circlet_count":0,"master_deck":["AscendersBane","Strike_B","Strike_B","Defend_B","Defend_B","Defend_B","Zap","Dualcast+1","Static Discharge","Go for the Eyes","Genetic Algorithm+1","Tempest","Force Field","Turbo","Sweeping Beam","Recycle","Conserve Battery","Barrage"],"relics":["Cracked Core","DataDisk","Orrery"],"acts_visited":["Exordium"],"potions_floor_usage":[14],"damage_taken":[{"damage":9,"enemies":"2 Louse","floor":1,"turns":3},{"damage":11,"enemies":"Cultist","floor":3,"turns":4},{"damage":2,"enemies":"Small Slimes","floor":5,"turns":4},{"damage":13,"enemies":"Exordium Wildlife","floor":7,"turns":3},{"damage":7,"enemies":"Large Slime","floor":10,"turns":4},{"damage":20,"enemies":"3 Louse","floor":12,"turns":4},{"damage":26,"enemies":"Gremlin Nob","floor":14,"turns":3}],"seed_played":"-3239756308810219594","potions_obtained":[{"floor":3,"key":"Weak Potion"},{"floor":5,"key":"BlessingOfTheForge"},{"floor":7,"key":"FocusPotion"}],"is_trial":false,"path_per_floor":["M","?","M","?","M","R","M","R","T","M","R","M","$","E"],"character_chosen":"DEFECT","items_purchased":["Orrery"],"campfire_rested":1,"item_purchase_floors":[13],"current_hp_per_floor":[55,55,44,44,42,42,29,50,50,43,43,23,23,0,0],"gold":32,"neow_bonus":"REMOVE_TWO","is_daily":false,"chose_seed":false,"campfire_upgraded":2,"win_rate":0.0,"timestamp":1613831555,"path_taken":["M","?","?","?","M","R","M","R","T","M","R","M","$","E"],"items_purchased_type":["Relic"],"build_version":"2020-12-22","purchased_purges":1,"victory":false,"max_hp_per_floor":[71,71,71,71,71,71,71,71,71,71,71,71,71,71,71],"card_choices":[{"not_picked":["Steam","Fusion"],"picked":"Static Discharge","floor":1},{"not_picked":["Leap","Stack"],"picked":"Go for the Eyes","floor":3},{"not_picked":["Auto Shields","Coolheaded"],"picked":"Genetic Algorithm","floor":5},{"not_picked":["Double Energy","Reinforced Body"],"picked":"Tempest","floor":7},{"not_picked":["White Noise","Gash"],"picked":"Force Field","floor":10},{"not_picked":["Skim","Lockon"],"picked":"Turbo","floor":12},{"not_picked":["Fission","Beam Cell"],"picked":"Sweeping Beam","floor":13},{"not_picked":["Steam","Rip and Tear"],"picked":"Recycle","floor":13},{"not_picked":["Beam Cell","Compile Driver"],"picked":"Conserve Battery","floor":13},{"not_picked":["Redo","Rebound"],"picked":"Barrage","floor":13}],"player_experience":478713,"relics_obtained":[{"floor":9,"key":"DataDisk"}],"event_choices":[{"cards_removed":["Strike_B"],"damage_healed":0,"gold_gain":0,"player_choice":"Purged","damage_taken":0,"max_hp_gain":0,"max_hp_loss":0,"event_name":"Purifier","floor":2,"gold_loss":0},{"damage_healed":0,"gold_gain":150,"player_choice":"AGREE","damage_taken":0,"max_hp_gain":0,"max_hp_loss":0,"event_name":"Liars Game","floor":4,"gold_loss":0,"cards_obtained":["Doubt"]}],"is_beta":false,"boss_relics":[],"items_purged_floors":[13],"is_endless":false,"potions_floor_spawned":[3,5,7],"killed_by":"Gremlin Nob","ascension_level":16}}