{"host":"sav7uxregyirlf69","time":1613787658,"event":{"mods":["AchievementEnabler","BaseMod","Colored Map","DeckTracker","Keyboard Shortcuts","Minty Spire (QoL Compilation)","READ ME - Guardian Mod","StSLib","SuperFastMode"],"gold_per_floor":[116,129,129,145,165,165,165,180,253,253,41,74,91,107,107,107,107],"floor_reached":16,"language":"KOR","playtime":236,"items_purged":[],"score":208,"play_id":"3fde8d0e-d144-48e0-8a52-a3484b66cbdb","local_time":"20210220112058","is_ascension_mode":true,"campfire_choices":[{"data":"Bash","floor":6.0,"key":"SMITH"},{"floor":10.0,"key":"REST"},{"floor":15,"key":"REST"}],"circlet_count":0,"master_deck":["AscendersBane","Strike_R","Strike_R+1","Strike_R","Strike_R","Defend_R","Defend_R+1","Defend_R","Defend_R","Bash+1","Iron Wave","Reckless Charge","Clothesline","Second Wind","Apotheosis","Wild Strike","Fiend Fire","Burning Pact"],"relics":["Burning Blood","Strawberry","Ornamental Fan","Prayer Wheel"],"acts_visited":["Exordium"],"potions_floor_usage":[16,16],"damage_taken":[{"damage":4.0,"enemies":"Small Slimes","floor":1.0,"turns":5.0},{"damage":16.0,"enemies":"Jaw Worm","floor":2.0,"turns":6.0},{"damage":3.0,"enemies":"Cultist","floor":4.0,"turns":4.0},{"damage":19.0,"enemies":"2 Fungi Beasts","floor":5.0,"turns":4.0},{"damage":11.0,"enemies":"Blue Slaver","floor":8.0,"turns":3.0},{"damage":29.0,"enemies":"3 Sentries","floor":12.0,"turns":10.0},{"damage":7.0,"enemies":"Looter","floor":13.0,"turns":3.0},{"damage":20,"enemies":"Large Slime","floor":14,"turns":4},{"damage":37,"enemies":"Slime Boss","floor":16,"turns":6}],"seed_played":"2459957388676840809","potions_obtained":[{"floor":1.0,"key":"SpeedPotion"},{"floor":4.0,"key":"Ancient Potion"},{"floor":13.0,"key":"Energy Potion"},{"floor":14,"key":"EntropicBrew"}],"is_trial":false,"path_per_floor":["M","M","?","M","M","R","?","M","T","R","$","E","M","M","R","B"],"character_chosen":"IRONCLAD","items_purchased":["Apotheosis"],"campfire_rested":2,"item_purchase_floors":[11],"current_hp_per_floor":[77,67,42,45,32,32,32,27,27,51,51,28,27,13,37,0,0],"gold":107,"neow_bonus":"RANDOM_COMMON_RELIC","is_daily":false,"chose_seed":false,"campfire_upgraded":1,"win_rate":0.0,"timestamp":1613787658,"path_taken":["M","M","?","M","M","R","?","M","T","R","?","E","M","M","R","BOSS"],"items_purchased_type":["Card"],"build_version":"2020-12-22","purchased_purges":0,"victory":false,"max_hp_per_floor":[82,82,82,82,82,82,82,82,82,82,82,82,82,82,82,82,82],"card_choices":[{"not_picked":["Combust","Heavy Blade","Thunderclap"],"picked":"SKIP","floor":1.0},{"not_picked":["Clothesline","Intimidate"],"picked":"Iron Wave","floor":2.0},{"not_picked":["Bloodletting","Metallicize","Headbutt"],"picked":"SKIP","floor":4.0},{"not_picked":["Burning Pact","Clothesline"],"picked":"Reckless Charge","floor":5.0},{"not_picked":["Spot Weakness","Pummel"],"picked":"Second Wind","floor":8.0},{"not_picked":["Flex","Sword Boomerang"],"picked":"Wild Strike","floor":12.0},{"not_picked":["Flex","Anger"],"picked":"Fiend Fire","floor":13.0},{"not_picked":["Thunderclap","Dual Wield","Sword Boomerang"],"picked":"SKIP","floor":13.0},{"not_picked":["Infernal Blade","Blood for Blood"],"picked":"Burning Pact","floor":14},{"not_picked":["Combust","Flex","Headbutt"],"picked":"SKIP","floor":14}],"player_experience":1626831,"relics_obtained":[{"floor":9.0,"key":"Ornamental Fan"},{"floor":12.0,"key":"Prayer Wheel"}],"event_choices":[{"damage_healed":0.0,"max_hp_gain":0.0,"max_hp_loss":0.0,"gold_gain":0.0,"event_name":"Shining Light","player_choice":"Entered Light","floor":3.0,"gold_loss":0.0,"damage_taken":25.0,"cards_upgraded":["Strike_R","Defend_R"]},{"damage_healed":0.0,"max_hp_gain":0.0,"max_hp_loss":0.0,"gold_gain":0.0,"cards_transformed":["Strike_R"],"event_name":"Living Wall","player_choice":"Change","floor":7.0,"gold_loss":0.0,"damage_taken":0.0,"cards_obtained":["Clothesline"]}],"is_beta":false,"boss_relics":[],"items_purged_floors":[],"is_endless":false,"potions_floor_spawned":[1,4,13,14],"killed_by":"Slime Boss","ascension_level":20}}