{"host":"f76wcztdlwlduum6","time":1613857115,"event":{"mods":["BaseMod","BetterRewards","Colored Powertips","Minty Spire (QoL Compilation)","Quick Restart","Rare Cards Sparkle","Relic Stats","StSLib","SuperFastMode","everything is the same but u backflip on backflip"],"gold_per_floor":[113,130,143,159,178,205,205,205,228,272,272,272,99,118,118,208,208,223,223,223,248,98,98,113,113,113,138,179,203,234,257,257,346,346,371,371,389,407,426,426,426],"floor_reached":40,"language":"ENG","playtime":3003,"items_purged":["Strike_B","Strike_B","Defend_B","Defend_B"],"score":1344,"play_id":"c7d5b78c-5a59-4e4d-a824-4499bc708a32","local_time":"20210220153835","is_ascension_mode":true,"campfire_choices":[{"data":"Genetic Algorithm","floor":7,"key":"SMITH"},{"floor":12,"key":"REST"},{"data":"Defragment","floor":15,"key":"SMITH"},{"data":"Consume","floor":23,"key":"SMITH"},{"data":"Capacitor","floor":25,"key":"SMITH"},{"data":"Loop","floor":32,"key":"SMITH"}],"circlet_count":0,"master_deck":["AscendersBane","Strike_B+1","Defend_B","Defend_B","Zap","Dualcast","Loop","Glacier","Cold Snap+1","Loop","Genetic Algorithm+1","Defragment+1","Loop+1","Capacitor+1","Genetic Algorithm+1","Genetic Algorithm+1","Finesse+1","Conserve Battery+1","Electrodynamics","Echo Form","Consume+1","Capacitor+1","Tempest","Echo Form","Parasite","Capacitor+1"],"relics":["Anchor","Oddly Smooth Stone","FossilizedHelix","Thread and Needle","Strange Spoon","Runic Capacitor","Turnip","Golden Idol","Regal Pillow","Centennial Puzzle","Medical Kit","FrozenCore","War Paint","Red Mask","Whetstone","Ice Cream","Sozu"],"acts_visited":["Exordium","TheCity","TheBeyond"],"potions_floor_usage":[33],"damage_taken":[{"damage":0,"enemies":"Small Slimes","floor":1,"turns":4},{"damage":0,"enemies":"Jaw Worm","floor":2,"turns":7},{"damage":0,"enemies":"2 Louse","floor":3,"turns":12},{"damage":12,"enemies":"Lots of Slimes","floor":4,"turns":10},{"damage":0,"enemies":"Blue Slaver","floor":5,"turns":4},{"damage":36,"enemies":"Gremlin Nob","floor":6,"turns":7},{"damage":0,"enemies":"3 Sentries","floor":10,"turns":8},{"damage":0,"enemies":"Large Slime","floor":14,"turns":8},{"damage":0,"enemies":"Slime Boss","floor":16,"turns":10},{"damage":0,"enemies":"Chosen","floor":18,"turns":18},{"damage":0,"enemies":"Spheric Guardian","floor":21,"turns":20},{"damage":12,"enemies":"Chosen and Byrds","floor":24,"turns":15},{"damage":0,"enemies":"Snake Plant","floor":27,"turns":11},{"damage":20,"enemies":"Masked Bandits","floor":28,"turns":4},{"damage":0,"enemies":"Snecko","floor":29,"turns":9},{"damage":0,"enemies":"Slavers","floor":30,"turns":15},{"damage":0,"enemies":"Shelled Parasite and Fungi","floor":31,"turns":14},{"damage":29,"enemies":"Collector","floor":33,"turns":21},{"damage":12,"enemies":"3 Darklings","floor":35,"turns":21},{"damage":0,"enemies":"3 Shapes","floor":37,"turns":21},{"damage":0,"enemies":"Writhing Mass","floor":38,"turns":12},{"damage":13,"enemies":"Jaw Worm Horde","floor":39,"turns":13},{"damage":25,"enemies":"Reptomancer","floor":40,"turns":2}],"seed_played":"7473614841495098704","potions_obtained":[{"floor":1,"key":"FearPotion"},{"floor":2,"key":"PotionOfCapacity"},{"floor":30,"key":"PotionOfCapacity"}],"is_trial":false,"path_per_floor":["M","M","M","M","M","E","R","?","T","E","?","R","$","M","R","B",null,"M","?","?","M","$","R","M","R","T","M","?","M","E","M","R","B",null,"M","?","M","M","M","E"],"character_chosen":"DEFECT","items_purchased":["Anchor","Loop","Glacier","Cold Snap","Oddly Smooth Stone","FossilizedHelix","Thread and Needle","Loop","Strange Spoon","Genetic Algorithm","Defragment","Loop","Capacitor","Finesse","Medical Kit"],"campfire_rested":1,"item_purchase_floors":[0,0,0,0,0,0,0,0,0,0,0,0,0,0,13],"current_hp_per_floor":[64,64,64,52,52,16,16,16,16,16,9,43,43,43,43,43,59,59,59,64,64,64,64,52,52,52,52,32,32,32,32,32,3,49,37,37,37,37,24,0,0],"gold":426,"neow_bonus":"","is_daily":false,"chose_seed":false,"campfire_upgraded":5,"win_rate":0.0,"timestamp":1613857115,"path_taken":["M","M","M","M","M","E","R","?","T","E","?","R","?","M","R","BOSS","M","?","?","M","$","R","M","R","T","?","?","M","E","M","R","BOSS","M","?","M","M","M","E"],"items_purchased_type":["Relic","Card","Card","Card","Relic","Relic","Relic","Card","Relic","Card","Card","Card","Card","Card","Relic"],"build_version":"2020-12-22","purchased_purges":4,"victory":false,"max_hp_per_floor":[71,71,71,71,71,71,71,64,64,64,64,64,64,64,64,64,64,64,64,64,64,64,64,64,64,64,64,64,64,64,64,64,64,64,64,64,64,64,64,64,64],"relic_stats":{"Sozu":1,"Strange Spoon":[78],"Regal Pillow":15,"Centennial Puzzle":[18],"counters":[104,684],"Golden Idol":106,"Turnip":[35],"Whetstone":["Cold Snap","Strike_B"],"War Paint":["Rainbow","Reinforced Body","Finesse","Conserve Battery"],"Medical Kit":[94],"obtain_stats":[{"Ice Cream":20,"Mark of the Bloom":38,"Tiny House":17,"Runic Capacitor":0,"Whetstone":47,"Sling":45,"Boot":28,"FrozenCore":17,"Sozu":34,"Centennial Puzzle":10,"HornCleat":26,"Sundial":43,"DollysMirror":54,"Philosopher\u0027s Stone":34,"Fusion Hammer":34,"Kunai":42,"Toxic Egg 2":14,"Happy Flower":25,"Blue Candle":6,"Oddly Smooth Stone":36,"Eternal Feather":2,"Pen Nib":44,"War Paint":0,"Akabeko":7,"Cables":9,"Du-Vu Doll":21,"Pandora\u0027s Box":0,"Lantern":48,"Regal Pillow":9,"Juzu Bracelet":10,"Empty Cage":17,"Smiling Mask":31,"Ancient Tea Set":40,"ClockworkSouvenir":0,"Nunchaku":24,"Matryoshka":23,"Mummified Hand":6,"Tiny Chest":23,"Red Mask":28,"Chemical X":0,"Cracked Core":0,"Inserter":38,"NeowsBlessing":0,"Golden Idol":3,"Thread and Needle":0,"The Courier":14,"Omamori":0,"Odd Mushroom":13,"Frozen Egg 2":0,"Medical Kit":13,"White Beast Statue":25,"Mercury Hourglass":6,"Strange Spoon":0,"CaptainsWheel":38,"DataDisk":0,"Anchor":54,"Ornamental Fan":42,"Bloody Idol":29,"Orrery":21,"Turnip":6,"Art of War":9,"Coffee Dripper":34,"Membership Card":0,"FossilizedHelix":39,"Toy Ornithopter":26},{"Ice Cream":34,"Mark of the Bloom":43,"Tiny House":6,"Runic Capacitor":22,"Whetstone":19,"Sling":18,"Boot":67,"FrozenCore":90,"Sozu":99,"Centennial Puzzle":88,"HornCleat":10,"Sundial":46,"DollysMirror":51,"Philosopher\u0027s Stone":13,"Fusion Hammer":69,"Kunai":17,"Toxic Egg 2":60,"Happy Flower":37,"Blue Candle":3,"Oddly Smooth Stone":14,"Eternal Feather":1,"Pen Nib":47,"War Paint":22,"Akabeko":56,"Cables":3,"Du-Vu Doll":34,"Pandora\u0027s Box":52,"Lantern":77,"Regal Pillow":87,"Juzu Bracelet":27,"Empty Cage":32,"Smiling Mask":68,"Ancient Tea Set":73,"ClockworkSouvenir":22,"Nunchaku":65,"Matryoshka":35,"Mummified Hand":56,"Tiny Chest":9,"Red Mask":95,"Chemical X":22,"Cracked Core":0,"Inserter":72,"NeowsBlessing":0,"Golden Idol":24,"Thread and Needle":81,"The Courier":5,"Omamori":22,"Odd Mushroom":4,"Frozen Egg 2":22,"Medical Kit":88,"White Beast Statue":10,"Mercury Hourglass":26,"Strange Spoon":81,"CaptainsWheel":15,"DataDisk":22,"Anchor":51,"Ornamental Fan":46,"Bloody Idol":67,"Orrery":63,"Turnip":87,"Art of War":26,"Coffee Dripper":42,"Membership Card":22,"FossilizedHelix":16,"Toy Ornithopter":37},{"Ice Cream":167,"Mark of the Bloom":246,"Tiny House":24,"Runic Capacitor":109,"Whetstone":87,"Sling":82,"Boot":346,"FrozenCore":490,"Sozu":615,"Centennial Puzzle":473,"HornCleat":43,"Sundial":264,"DollysMirror":303,"Philosopher\u0027s Stone":63,"Fusion Hammer":360,"Kunai":77,"Toxic Egg 2":328,"Happy Flower":205,"Blue Candle":3,"Oddly Smooth Stone":66,"Eternal Feather":1,"Pen Nib":273,"War Paint":109,"Akabeko":317,"Cables":3,"Du-Vu Doll":180,"Pandora\u0027s Box":305,"Lantern":393,"Regal Pillow":465,"Juzu Bracelet":126,"Empty Cage":155,"Smiling Mask":350,"Ancient Tea Set":378,"ClockworkSouvenir":109,"Nunchaku":343,"Matryoshka":190,"Mummified Hand":317,"Tiny Chest":39,"Red Mask":557,"Chemical X":109,"Cracked Core":0,"Inserter":374,"NeowsBlessing":0,"Golden Idol":115,"Thread and Needle":423,"The Courier":16,"Omamori":109,"Odd Mushroom":8,"Frozen Egg 2":109,"Medical Kit":473,"White Beast Statue":43,"Mercury Hourglass":121,"Strange Spoon":423,"CaptainsWheel":69,"DataDisk":109,"Anchor":303,"Ornamental Fan":264,"Bloody Idol":346,"Orrery":338,"Turnip":465,"Art of War":121,"Coffee Dripper":243,"Membership Card":109,"FossilizedHelix":74,"Toy Ornithopter":205}],"FrozenCore":[88]},"card_choices":[{"not_picked":["White Noise","Rebound","Sunder"],"picked":"SKIP","floor":1},{"not_picked":["Gash","Heatsinks","Hologram"],"picked":"SKIP","floor":2},{"not_picked":["Stack","Sunder","Gash"],"picked":"SKIP","floor":3},{"not_picked":["Leap","Coolheaded"],"picked":"Conserve Battery","floor":4},{"not_picked":["BootSequence","Cold Snap","Conserve Battery"],"picked":"SKIP","floor":5},{"not_picked":["Hello World","Sweeping Beam","Storm"],"picked":"SKIP","floor":6},{"not_picked":["Turbo","Steam Power"],"picked":"Electrodynamics","floor":10},{"not_picked":["Cold Snap","Steam Power","Redo"],"picked":"SKIP","floor":14},{"not_picked":["Machine Learning","Electrodynamics"],"picked":"Echo Form","floor":16},{"not_picked":["Cold Snap+1","Gash","Rebound"],"picked":"SKIP","floor":18},{"not_picked":["Ball Lightning","Rip and Tear","Streamline"],"picked":"SKIP","floor":21},{"not_picked":["Undo+1","Gash","Conserve Battery"],"picked":"SKIP","floor":24},{"not_picked":["Ball Lightning","Steam","Streamline"],"picked":"SKIP","floor":27},{"not_picked":["Recycle","Go for the Eyes","Consume"],"picked":"SKIP","floor":29},{"not_picked":["White Noise","Compile Driver"],"picked":"Tempest","floor":30},{"not_picked":["Coolheaded","Reprogram+1","Compile Driver"],"picked":"SKIP","floor":31},{"not_picked":["Fission","Electrodynamics"],"picked":"Echo Form","floor":33},{"not_picked":["Steam Power","Gash","Redo"],"picked":"SKIP","floor":35},{"not_picked":["Steam Power","Gash","Redo"],"picked":"SKIP","floor":35},{"not_picked":["Barrage","Fusion","Sweeping Beam"],"picked":"SKIP","floor":37},{"not_picked":["Beam Cell","Ball Lightning+1","Doom and Gloom"],"picked":"SKIP","floor":38},{"not_picked":["Hologram","Glacier"],"picked":"Capacitor+1","floor":39}],"player_experience":358363,"relics_obtained":[{"floor":6,"key":"Turnip"},{"floor":9,"key":"Regal Pillow"},{"floor":10,"key":"Centennial Puzzle"},{"floor":26,"key":"War Paint"},{"floor":28,"key":"Red Mask"},{"floor":30,"key":"Whetstone"}],"event_choices":[{"damage_healed":0,"gold_gain":0,"player_choice":"Lose Max HP","damage_taken":0,"relics_obtained":["Golden Idol"],"max_hp_gain":0,"max_hp_loss":7,"event_name":"Golden Idol","floor":8,"gold_loss":0},{"cards_removed":["Strike_B"],"damage_healed":0,"gold_gain":0,"player_choice":"Card Removal","damage_taken":7,"max_hp_gain":0,"max_hp_loss":0,"event_name":"Golden Wing","floor":11,"gold_loss":0},{"damage_healed":0,"gold_gain":0,"player_choice":"Read","damage_taken":0,"max_hp_gain":0,"max_hp_loss":0,"event_name":"The Library","floor":19,"gold_loss":0,"cards_obtained":["Consume"]},{"damage_healed":5,"gold_gain":0,"player_choice":"Full Heal","damage_taken":0,"max_hp_gain":0,"max_hp_loss":0,"event_name":"Wheel of Change","floor":20,"gold_loss":0},{"damage_healed":0,"gold_gain":0,"player_choice":"Fought Bandits","damage_taken":0,"max_hp_gain":0,"max_hp_loss":0,"event_name":"Masked Bandits","floor":28,"gold_loss":0},{"damage_healed":0,"gold_gain":0,"player_choice":"0 cards matched","damage_taken":0,"max_hp_gain":0,"max_hp_loss":0,"event_name":"Match and Keep!","floor":36,"gold_loss":0,"cards_obtained":[]}],"is_beta":false,"boss_relics":[{"not_picked":["Snecko Eye","Fusion Hammer","Ectoplasm"]},{"not_picked":["Philosopher\u0027s Stone","Tiny House"],"picked":"Sozu"}],"items_purged_floors":[0,0,0,22],"is_endless":false,"potions_floor_spawned":[1,2,5,16,21,24,30,31,35],"killed_by":"Reptomancer","ascension_level":20}}