{"host":"6q94iy5iz6612v89","time":1613797631,"event":{"mods":["2.2 Compatiblity","AchievementEnabler","BaseMod","Colored Map","DeckTracker","Keyboard Shortcuts","Minty Spire (QoL Compilation)","Permanent Neow","StSLib","SuperFastMode"],"gold_per_floor":[113,124,140,152,162,174,174,30,112,137,156,191,207,217,217,293,293,311,311,323,341,352,352,364,396,423,423,118,149,21,49,49,121,121,139,159,174,192,192,192,222,222,247,247,247,247,53,88,88,88,88,88,88,20,47,47],"floor_reached":57,"language":"KOR","playtime":1297,"items_purged":["Strike_R+1"],"score":3247,"play_id":"ca87f98b-3749-4259-a6a3-5b949f10bab3","local_time":"20210220140711","is_ascension_mode":true,"campfire_choices":[{"data":"Perfected Strike","floor":7.0,"key":"SMITH"},{"data":"Perfected Strike","floor":15.0,"key":"SMITH"},{"data":"Perfected Strike","floor":23.0,"key":"SMITH"},{"data":"Perfected Strike","floor":32,"key":"SMITH"},{"data":"Perfected Strike","floor":40,"key":"SMITH"},{"data":"Perfected Strike","floor":42,"key":"SMITH"},{"data":"Perfected Strike","floor":45,"key":"SMITH"},{"floor":49,"key":"RECALL"},{"data":"Twin Strike","floor":53,"key":"SMITH"}],"circlet_count":0,"master_deck":["AscendersBane","Strike_R+1","Strike_R+1","Strike_R+1","Strike_R+1","Defend_R+1","Defend_R+1","Defend_R+1","Defend_R+1","Bash+1","Mind Blast+1","Flame Barrier+1","Perfected Strike+1","Perfected Strike+1","Wild Strike+1","Battle Trance+1","Perfected Strike+1","Second Wind+1","Wild Strike+1","Pommel Strike+1","Uppercut+1","Power Through+1","Impervious+1","Perfected Strike+1","Corruption+1","Barricade+1","Power Through+1","Perfected Strike+1","Feel No Pain+1","Perfected Strike+1","Perfected Strike+1","Perfected Strike+1","Pommel Strike+1","Sentinel+1","Pommel Strike+1","Pommel Strike+1","Twin Strike+1"],"relics":["Burning Blood","Question Card","The Courier","Magic Flower","Snecko Eye","Toy Ornithopter","Anchor","Incense Burner","Bag of Marbles","Orrery","MealTicket","Busted Crown","Ornamental Fan","Mark of the Bloom","Unceasing Top","Blue Candle"],"acts_visited":["Exordium","TheCity","TheBeyond","TheEnding"],"potions_floor_usage":[38,51,51,55,56],"damage_taken":[{"damage":4.0,"enemies":"Jaw Worm","floor":1.0,"turns":5.0},{"damage":3.0,"enemies":"2 Louse","floor":2.0,"turns":4.0},{"damage":7.0,"enemies":"Small Slimes","floor":3.0,"turns":3.0},{"damage":13.0,"enemies":"3 Louse","floor":4.0,"turns":3.0},{"damage":7.0,"enemies":"Blue Slaver","floor":5.0,"turns":5.0},{"damage":16.0,"enemies":"Lots of Slimes","floor":6.0,"turns":4.0},{"damage":30.0,"enemies":"Lagavulin","floor":10.0,"turns":5.0},{"damage":0.0,"enemies":"2 Fungi Beasts","floor":11.0,"turns":2.0},{"damage":8.0,"enemies":"Gremlin Nob","floor":12.0,"turns":3.0},{"damage":0.0,"enemies":"Large Slime","floor":13.0,"turns":3.0},{"damage":7.0,"enemies":"Blue Slaver","floor":14.0,"turns":4.0},{"damage":46.0,"enemies":"The Guardian","floor":16.0,"turns":10.0},{"damage":4.0,"enemies":"Shell Parasite","floor":18.0,"turns":4.0},{"damage":1.0,"enemies":"3 Byrds","floor":20.0,"turns":5.0},{"damage":0.0,"enemies":"Sentry and Sphere","floor":21.0,"turns":3.0},{"damage":0.0,"enemies":"Cultist and Chosen","floor":22.0,"turns":3.0},{"damage":0.0,"enemies":"Snecko","floor":24.0,"turns":3.0},{"damage":36.0,"enemies":"Gremlin Leader","floor":25.0,"turns":7.0},{"damage":1,"enemies":"Book of Stabbing","floor":29,"turns":3},{"damage":0,"enemies":"Slavers","floor":31,"turns":3},{"damage":0,"enemies":"Automaton","floor":33,"turns":4},{"damage":0,"enemies":"3 Shapes","floor":35,"turns":3},{"damage":0,"enemies":"Orb Walker","floor":36,"turns":1},{"damage":30,"enemies":"Maw","floor":37,"turns":3},{"damage":17,"enemies":"Transient","floor":38,"turns":6},{"damage":0,"enemies":"Nemesis","floor":41,"turns":3},{"damage":0,"enemies":"Giant Head","floor":48,"turns":5},{"damage":0,"enemies":"Donu and Deca","floor":50,"turns":6},{"damage":36,"enemies":"Awakened One","floor":51,"turns":6},{"damage":0,"enemies":"Shield and Spear","floor":55,"turns":2},{"damage":26,"enemies":"The Heart","floor":56,"turns":7}],"seed_played":"4808943932234039142","potions_obtained":[{"floor":2.0,"key":"BloodPotion"},{"floor":5.0,"key":"BloodPotion"},{"floor":10.0,"key":"SteroidPotion"},{"floor":16.0,"key":"Regen Potion"},{"floor":41,"key":"Strength Potion"}],"is_trial":false,"path_per_floor":["M","M","M","M","M","M","R","$","T","E","M","E","M","M","R","B",null,"M","?","M","M","M","R","M","E","T","?","$","E","$","E","R","B",null,"M","M","M","M","?","R","E","R","T","?","R","?","$","E","R","B","B",null,"R","$","E","B",null],"character_chosen":"IRONCLAD","items_purchased":["Second Wind","Wild Strike","Perfected Strike","Incense Burner","Orrery","Twin Strike","EntropicBrew","DuplicationPotion"],"campfire_rested":0,"item_purchase_floors":[8,8,28,28,30,47,47,54],"current_hp_per_floor":[70,73,72,65,64,54,54,54,54,45,51,49,58,60,60,23,62,67,67,75,75,75,75,75,48,48,48,48,56,56,65,65,74,75,75,75,54,66,66,66,75,75,75,75,75,75,75,75,75,75,39,39,39,39,39,13],"gold":47,"neow_bonus":"RANDOM_COLORLESS","is_daily":false,"chose_seed":false,"campfire_upgraded":8,"win_rate":0.0,"timestamp":1613797631,"path_taken":["M","M","M","M","M","M","R","$","T","E","M","E","M","M","R","BOSS","M","?","M","M","M","R","M","E","T","?","$","E","$","E","R","BOSS","M","M","M","M","?","R","E","R","T","?","R","?","?","E","R","BOSS","BOSS","R","$","E","BOSS"],"items_purchased_type":["Card","Card","Card","Relic","Relic","Card","Potion","Potion"],"build_version":"2020-12-22","purchased_purges":1,"victory":true,"max_hp_per_floor":[75,75,75,75,75,75,75,75,75,75,75,75,75,75,75,75,75,75,75,75,75,75,75,75,75,75,75,75,75,75,75,75,75,75,75,75,75,75,75,75,75,75,75,75,75,75,75,75,75,75,75,75,75,75,75,75],"card_choices":[{"not_picked":["Dramatic Entrance","Swift Strike"],"picked":"Mind Blast","floor":0.0},{"not_picked":["Anger","Havoc"],"picked":"Flame Barrier","floor":1.0},{"not_picked":["Clash","Wild Strike"],"picked":"Perfected Strike","floor":2.0},{"not_picked":["Fire Breathing","Warcry"],"picked":"Perfected Strike","floor":3.0},{"not_picked":["Cleave","Armaments"],"picked":"Wild Strike","floor":4.0},{"not_picked":["Intimidate","Flame Barrier"],"picked":"Battle Trance","floor":5.0},{"not_picked":["Heavy Blade","Flex"],"picked":"Perfected Strike","floor":6.0},{"not_picked":["Thunderclap","Dropkick","Armaments","Iron Wave"],"picked":"SKIP","floor":10.0},{"not_picked":["True Grit","Iron Wave","Cleave","Reaper"],"picked":"SKIP","floor":11.0},{"not_picked":["True Grit","Iron Wave","Cleave","Reaper"],"picked":"SKIP","floor":11.0},{"not_picked":["Anger","Headbutt","Infernal Blade"],"picked":"Pommel Strike","floor":12.0},{"not_picked":["Combust","Dark Embrace","Evolve"],"picked":"Uppercut","floor":13.0},{"not_picked":["Wild Strike","Battle Trance","Clothesline"],"picked":"Power Through","floor":14.0},{"not_picked":["Reaper","Immolate","Limit Break"],"picked":"Impervious","floor":16.0},{"not_picked":["Cleave+1","Reckless Charge","Armaments"],"picked":"Perfected Strike","floor":18.0},{"not_picked":["Body Slam","Cleave+1","Carnage","Havoc"],"picked":"SKIP","floor":20.0},{"not_picked":["Sever Soul","Shrug It Off","Disarm"],"picked":"Corruption","floor":21.0},{"not_picked":["Thunderclap+1","Warcry","Headbutt"],"picked":"Barricade","floor":22.0},{"not_picked":["Disarm","Wild Strike","Cleave"],"picked":"Power Through","floor":24.0},{"not_picked":["Clash","Barricade","Seeing Red","Disarm"],"picked":"SKIP","floor":25.0},{"not_picked":["Dropkick","Heavy Blade","Havoc+1"],"picked":"Feel No Pain","floor":29},{"not_picked":["Clothesline","Cleave","Metallicize+1"],"picked":"Perfected Strike","floor":30},{"not_picked":["Shockwave+1","Headbutt","Sentinel"],"picked":"Perfected Strike","floor":30},{"not_picked":["Havoc","Iron Wave","Juggernaut"],"picked":"Perfected Strike+1","floor":30},{"not_picked":["Sword Boomerang","Demon Form","Pummel+1"],"picked":"Pommel Strike+1","floor":30},{"not_picked":["Sword Boomerang","Double Tap","Spot Weakness"],"picked":"Armaments+1","floor":30},{"not_picked":["Rupture+1","Burning Pact","Dropkick","Iron Wave"],"picked":"SKIP","floor":31},{"not_picked":["Anger+1","Thunderclap"],"picked":"SKIP","floor":35},{"not_picked":["Armaments","Spot Weakness+1"],"picked":"SKIP","floor":36},{"not_picked":["Infernal Blade"],"picked":"Sentinel+1","floor":37},{"not_picked":["Bloodletting"],"picked":"Pommel Strike+1","floor":38},{"not_picked":["Heavy Blade+1"],"picked":"Pommel Strike+1","floor":41},{"not_picked":["Infernal Blade","Rage"],"picked":"SKIP","floor":48},{"not_picked":["Whirlwind","Anger"],"picked":"SKIP","floor":55}],"player_experience":1493685,"relics_obtained":[{"floor":9.0,"key":"Question Card"},{"floor":10.0,"key":"The Courier"},{"floor":12.0,"key":"Magic Flower"},{"floor":25.0,"key":"Toy Ornithopter"},{"floor":26.0,"key":"Anchor"},{"floor":29,"key":"Bag of Marbles"},{"floor":31,"key":"MealTicket"},{"floor":41,"key":"Ornamental Fan"},{"floor":48,"key":"Unceasing Top"},{"floor":55,"key":"Blue Candle"}],"event_choices":[{"damage_healed":0.0,"max_hp_gain":0.0,"max_hp_loss":0.0,"gold_gain":0.0,"event_name":"Ghosts","player_choice":"Ignored","floor":19.0,"gold_loss":0.0,"damage_taken":0.0},{"damage_healed":0,"gold_gain":0,"player_choice":"Ignored","damage_taken":0,"max_hp_gain":0,"max_hp_loss":0,"event_name":"Beggar","floor":27,"gold_loss":0},{"damage_healed":0,"gold_gain":0,"player_choice":"Memory 1","damage_taken":0,"max_hp_gain":0,"max_hp_loss":0,"event_name":"SensoryStone","floor":39,"gold_loss":0},{"cards_removed":["Armaments"],"damage_healed":0,"gold_gain":0,"player_choice":"Removed Skill","damage_taken":0,"max_hp_gain":0,"max_hp_loss":0,"event_name":"Falling","floor":44,"gold_loss":0},{"damage_healed":0,"gold_gain":0,"player_choice":"Upgrade","damage_taken":0,"relics_obtained":["Mark of the Bloom"],"max_hp_gain":0,"max_hp_loss":0,"event_name":"MindBloom","floor":46,"gold_loss":0,"cards_upgraded":["Strike_R","Strike_R","Strike_R","Strike_R","Strike_R","Defend_R","Defend_R","Defend_R","Defend_R","Bash","Mind Blast","Flame Barrier","Wild Strike","Battle Trance","Second Wind","Wild Strike","Pommel Strike","Uppercut","Power Through","Impervious","Corruption","Barricade","Power Through","Feel No Pain"]}],"is_beta":false,"boss_relics":[{"not_picked":["Snecko Eye","Runic Cube"],"picked":"Cursed Key"},{"not_picked":["Runic Pyramid","Pandora\u0027s Box"],"picked":"Busted Crown"}],"items_purged_floors":[47],"is_endless":false,"potions_floor_spawned":[2,5,10,11,16,20,22,24,31,33,36,37,41],"ascension_level":20}}