{"host":"b3fp0sgzld04crtx","time":1613844416,"event":{"mods":["AchievementEnabler","BaseMod","Colored Map","Colored Powertips","Hermit","Highlight Path","Marisa（霧雨　魔理沙）","Minty Spire (QoL Compilation)","Quick Restart","StSLib","The Animator","The Cursed","The Senshi","The Servant 0.9.4"],"gold_per_floor":[110,110,110,130,130,157,157,107,107,282,309,325,425,435,435,530,530,541,553,569,668,680,680,605,605,657,657,682,713,739,76,76,76,76],"floor_reached":33,"language":"ENG","playtime":1901,"items_purged":["Strike_B"],"score":391,"play_id":"22ebb323-3415-4f58-b977-83a69792c771","local_time":"20210220120656","is_ascension_mode":false,"campfire_choices":[{"data":"Zap","floor":7,"key":"SMITH"},{"data":"Electrodynamics","floor":15,"key":"SMITH"},{"data":"Chill","floor":23,"key":"SMITH"},{"data":"Streamline","floor":27,"key":"SMITH"},{"floor":32,"key":"REST"}],"circlet_count":0,"master_deck":["Strike_B","Strike_B+1","Strike_B","Defend_B","Defend_B","Defend_B","Defend_B+1","Zap+1","Dualcast","Coolheaded","FTL","Chill+1","Streamline+1","Electrodynamics+1","Multi-Cast","Turbo","Hologram","Glacier+1","Self Repair","Master of Strategy+1","Redo+1"],"relics":["Cracked Core","NeowsBlessing","Vajra","Bronze Scales","Ancient Tea Set","Oddly Smooth Stone","theSenshi:FeatherClipsRelic","Nuclear Battery","Smiling Mask","Toxic Egg 2","Red Mask","Bottled Tornado","Mummified Hand"],"acts_visited":["Exordium","TheCity"],"potions_floor_usage":[11,28,29,33],"damage_taken":[{"damage":0,"enemies":"Jaw Worm","floor":1,"turns":1},{"damage":0,"enemies":"2 Louse","floor":4,"turns":1},{"damage":0,"enemies":"3 Sentries","floor":6,"turns":1},{"damage":0,"enemies":"Gremlin Nob","floor":11,"turns":3},{"damage":0,"enemies":"Small Slimes","floor":12,"turns":3},{"damage":4,"enemies":"3 Louse","floor":14,"turns":2},{"damage":0,"enemies":"Slime Boss","floor":16,"turns":7},{"damage":2,"enemies":"Spheric Guardian","floor":18,"turns":3},{"damage":0,"enemies":"3 Byrds","floor":19,"turns":1},{"damage":12,"enemies":"Centurion and Healer","floor":20,"turns":5},{"damage":4,"enemies":"Sentry and Sphere","floor":22,"turns":3},{"damage":38,"enemies":"Slavers","floor":28,"turns":4},{"damage":25,"enemies":"Masked Bandits","floor":29,"turns":4},{"damage":17,"enemies":"Book of Stabbing","floor":30,"turns":5},{"damage":64,"enemies":"Collector","floor":33,"turns":7}],"seed_played":"5490645086123680601","potions_obtained":[{"floor":1,"key":"FairyPotion"},{"floor":6,"key":"FearPotion"},{"floor":16,"key":"AttackPotion"},{"floor":18,"key":"BlessingOfTheForge"},{"floor":19,"key":"BlessingOfTheForge"}],"is_trial":false,"path_per_floor":["M","?","?","M","?","E","R","?","T","?","E","M","?","M","R","B",null,"M","M","M","?","M","R","?","?","T","R","E","?","E","$","R","B"],"character_chosen":"DEFECT","items_purchased":["Mummified Hand","Self Repair","Master of Strategy+1","BlessingOfTheForge","Redo+1"],"campfire_rested":1,"item_purchase_floors":[31,31,31,31,31],"current_hp_per_floor":[75,75,72,72,57,57,57,57,57,57,57,63,63,65,65,71,75,75,75,69,69,71,71,71,57,57,57,25,30,19,19,43,0,0],"gold":76,"neow_bonus":"THREE_ENEMY_KILL","is_daily":false,"chose_seed":false,"campfire_upgraded":4,"win_rate":0.0,"timestamp":1613844416,"path_taken":["M","?","?","M","?","E","R","?","T","?","E","?","?","?","R","BOSS","M","M","M","?","M","R","?","?","T","R","E","?","E","$","R","BOSS"],"items_purchased_type":["Relic","Card","Card","Potion","Card"],"build_version":"2020-12-22","purchased_purges":1,"victory":false,"max_hp_per_floor":[75,75,75,75,75,75,75,75,75,75,75,75,75,75,75,75,75,75,75,75,75,75,75,75,80,80,80,80,80,80,80,80,80,80],"card_choices":[{"not_picked":["Recycle","Doom and Gloom","Barrage"],"picked":"SKIP","floor":1},{"not_picked":["Lockon","Force Field"],"picked":"Coolheaded","floor":4},{"not_picked":["Force Field","Sweeping Beam"],"picked":"FTL","floor":6},{"not_picked":["Glacier","Compile Driver"],"picked":"Chill","floor":11},{"not_picked":["Rebound","Steam"],"picked":"Streamline","floor":12},{"not_picked":["Leap","Barrage"],"picked":"Electrodynamics","floor":14},{"not_picked":["Machine Learning","Rainbow"],"picked":"Multi-Cast","floor":16},{"not_picked":["Leap+1","Redo","Ball Lightning"],"picked":"SKIP","floor":18},{"not_picked":["Beam Cell+1","Redo"],"picked":"Turbo","floor":19},{"not_picked":["Rebound","Thunder Strike"],"picked":"Hologram","floor":20},{"not_picked":["Beam Cell","Compile Driver","Chaos"],"picked":"SKIP","floor":22},{"not_picked":["Lockon","Stack+1","Streamline"],"picked":"SKIP","floor":28},{"not_picked":["Reprogram+1","Sweeping Beam+1"],"picked":"Glacier+1","floor":29},{"not_picked":["Sweeping Beam","Stack+1","Ball Lightning+1"],"picked":"SKIP","floor":30}],"player_experience":311510,"relics_obtained":[{"floor":6,"key":"Ancient Tea Set"},{"floor":9,"key":"Oddly Smooth Stone"},{"floor":11,"key":"theSenshi:FeatherClipsRelic"},{"floor":26,"key":"Smiling Mask"},{"floor":28,"key":"Toxic Egg 2"},{"floor":29,"key":"Red Mask"},{"floor":30,"key":"Bottled Tornado"}],"event_choices":[{"damage_healed":0,"gold_gain":0,"player_choice":"Box","damage_taken":0,"relics_obtained":["Vajra"],"max_hp_gain":0,"max_hp_loss":0,"event_name":"Big Fish","floor":2,"gold_loss":0,"cards_obtained":["Regret"]},{"damage_healed":0,"gold_gain":0,"player_choice":"Success","damage_taken":3,"relics_obtained":["Bronze Scales"],"max_hp_gain":0,"max_hp_loss":0,"event_name":"Scrap Ooze","floor":3,"gold_loss":0},{"damage_healed":0,"gold_gain":0,"player_choice":"Entered Light","damage_taken":15,"max_hp_gain":0,"max_hp_loss":0,"event_name":"Shining Light","floor":5,"gold_loss":0,"cards_upgraded":["Defend_B","Strike_B"]},{"cards_removed":["Regret"],"damage_healed":0,"gold_gain":0,"player_choice":"Card Removal","damage_taken":0,"max_hp_gain":0,"max_hp_loss":0,"event_name":"The Cleric","floor":8,"gold_loss":50},{"damage_healed":0,"gold_gain":175,"player_choice":"AGREE","damage_taken":0,"max_hp_gain":0,"max_hp_loss":0,"event_name":"Liars Game","floor":10,"gold_loss":0,"cards_obtained":["Doubt"]},{"damage_healed":0,"gold_gain":100,"player_choice":"Pray","damage_taken":0,"max_hp_gain":0,"max_hp_loss":0,"event_name":"Golden Shrine","floor":13,"gold_loss":0},{"damage_healed":0,"gold_gain":99,"player_choice":"Stole From Cult","damage_taken":0,"max_hp_gain":0,"max_hp_loss":0,"event_name":"Nest","floor":21,"gold_loss":0},{"cards_removed":["Doubt"],"damage_healed":0,"gold_gain":0,"player_choice":"Gave Gold","damage_taken":0,"max_hp_gain":0,"max_hp_loss":0,"event_name":"Beggar","floor":24,"gold_loss":75},{"damage_healed":0,"gold_gain":0,"player_choice":"Shed Blood","damage_taken":19,"max_hp_gain":5,"max_hp_loss":0,"event_name":"Forgotten Altar","floor":25,"gold_loss":0},{"damage_healed":0,"gold_gain":0,"player_choice":"Fought Bandits","damage_taken":0,"max_hp_gain":0,"max_hp_loss":0,"event_name":"Masked Bandits","floor":29,"gold_loss":0}],"is_beta":false,"boss_relics":[{"not_picked":["SlaversCollar","Snecko Eye"],"picked":"Nuclear Battery"}],"items_purged_floors":[31],"is_endless":false,"potions_floor_spawned":[1,6,16,18,19,20,22],"killed_by":"Collector","ascension_level":0}}