{"host":"y9jgkjnf95sujozk","time":1613857654,"event":{"mods":["2.2 Compatiblity","AchievementEnabler","Act Like it!","BaseMod","BetterRewards","Block Reminder","Colored Map","Colored Powertips","Friendly Minions","Gensokyo","GifTheSpireLib","Hallownest","Hermit","Highlight Path","HololiveMod","Hubris","Infinite Spire","Jorbs\u0027s Wanderer Trilogy","Koishi","Marisa（霧雨　魔理沙）","Minty Spire (QoL Compilation)","Quick Restart","Random Character Button","Rare Cards Sparkle","Reimu（博??梦）","Remilia（蕾米莉?）","Replay The Spire","Shop Mod","StSLib","SuperFastMode","The Bug Knight","The Cursed","The Disciple","The Hierophant","The Jungle","The Runesmith","The Senshi","The Servant 0.9.4"],"gold_per_floor":[112,10,10,28,28,28,39,39,39,39,53,53,68,68,68,168,168,184,30,28,28,44,44,58,58,58,75,75,75],"floor_reached":28,"language":"ENG","playtime":595,"items_purged":[],"score":402,"play_id":"6cd7117f-66ae-4a65-b8a0-6c4efec6a0bd","local_time":"20210220224734","is_ascension_mode":true,"campfire_choices":[{"floor":6.0,"key":"REST"},{"data":"Rampage","floor":6.0,"key":"SMITH"},{"data":"ReplayTheSpireMod:Muscle Training","floor":8.0,"key":"SMITH"},{"data":"True Grit","floor":10.0,"key":"SMITH"},{"floor":15.0,"key":"REST"},{"data":"Havoc","floor":15.0,"key":"SMITH"},{"floor":23,"key":"REST"},{"data":"ReplayTheSpireMod:Strike From Hell","floor":23,"key":"SMITH"},{"floor":25,"key":"REST"},{"data":"Havoc","floor":25,"key":"SMITH"}],"circlet_count":0,"master_deck":["Strike_R","Strike_R","Strike_R","Strike_R","Defend_R","Defend_R","Defend_R","Defend_R","Bash","Infernal Blade","Replay:Undeath\u0027s Touch","True Grit+1","Rampage+1","ReplayTheSpireMod:Muscle Training+1","Sever Soul","infinitespire:Execution","Havoc+1","Limit Break","Havoc","True Grit","ReplayTheSpireMod:Muscle Training","Shockwave","ReplayTheSpireMod:Strike From Hell+1","ReplayTheSpireMod:Muscle Training+1","Havoc+1","Twin Strike"],"relics":["Burning Blood","infinitespire:Magic Flask","Gensokyo:Justice","Question Card","Tea:ReiMu","Replay:Ancient Bell","Bronze Scales","The Courier","Replay:Bottled Flurry","PreservedInsect"],"acts_visited":["Exordium","TheCity"],"potions_floor_usage":[28,28],"damage_taken":[{"damage":10.0,"enemies":"Gensokyo:2_Kodama","floor":1.0,"turns":5.0},{"damage":7.0,"enemies":"Gensokyo:3_Fairies","floor":4.0,"turns":4.0},{"damage":2.0,"enemies":"Gensokyo:Python","floor":7.0,"turns":3.0},{"damage":4.0,"enemies":"Gensokyo:5_Fairies","floor":11.0,"turns":4.0},{"damage":0.0,"enemies":"Gensokyo:VengefulSpirit","floor":13.0,"turns":4.0},{"damage":33.0,"enemies":"Gensokyo:Kokoro","floor":16.0,"turns":6.0},{"damage":10,"enemies":"3 Byrds","floor":18,"turns":2},{"damage":32,"enemies":"2 Thieves","floor":20,"turns":4},{"damage":47,"enemies":"Sentry and Sphere","floor":22,"turns":7},{"damage":37,"enemies":"Shelled Parasite and Fungi","floor":24,"turns":4},{"damage":23,"enemies":"Chosen and Byrds","floor":27,"turns":6},{"damage":44,"enemies":"Snecko","floor":28,"turns":5}],"seed_played":"3914763774202445625","potions_obtained":[{"floor":1.0,"key":"PowerPotion"},{"floor":7.0,"key":"SkillPotion"},{"floor":20,"key":"Milkshake"},{"floor":27,"key":"Reflective Coating"}],"is_trial":false,"path_per_floor":["M","$","?","M","?","R","M","R","T","R","M","?","M","T","R","B",null,"M","$","M","?","M","R","M","R","T","M","M"],"character_chosen":"IRONCLAD","items_purchased":["Warcry","Replay:Undeath\u0027s Touch","True Grit","True Grit","ReplayTheSpireMod:Muscle Training","Shockwave"],"campfire_rested":4,"item_purchase_floors":[0,2,2,19,19,19],"current_hp_per_floor":[76,76,76,75,75,80,80,80,80,80,80,60,66,66,80,53,80,76,76,50,50,9,57,26,50,50,33,0,0],"gold":75,"neow_bonus":"","is_daily":false,"chose_seed":false,"campfire_upgraded":6,"win_rate":0.0,"timestamp":1613857654,"path_taken":["M","$","?","M","?","R","?","R","T","R","M","?","M","?","R","BOSS","M","$","?","?","M","R","M","R","T","?","?"],"items_purchased_type":["Card","Card","Card","Card","Card","Card"],"build_version":"2020-12-22","purchased_purges":0,"victory":false,"max_hp_per_floor":[80,80,80,80,80,80,80,80,80,80,80,80,80,80,80,80,80,80,80,80,80,80,80,80,80,80,80,80,80],"card_choices":[{"not_picked":["Run Through","hubris:CleavingFinish"],"picked":"Infernal Blade","floor":1.0},{"not_picked":["Run Through","Spot Weakness"],"picked":"Rampage","floor":4.0},{"not_picked":["Thunderclap","Fire Breathing"],"picked":"ReplayTheSpireMod:Muscle Training","floor":7.0},{"not_picked":["Clothesline","Replay:Undeath\u0027s Touch","Wild Strike"],"picked":"Sever Soul","floor":11.0},{"not_picked":["infinitespire:UltimateForm","infinitespire:Gouge"],"picked":"infinitespire:Execution","floor":12.0},{"not_picked":["ReplayTheSpireMod:Corrosion Curse","Seeing Red","Wild Strike"],"picked":"Havoc","floor":13.0},{"not_picked":["hubris:StunningStrike","Corruption","Immolate"],"picked":"Limit Break","floor":16.0},{"not_picked":["Armaments","Uppercut+1","True Grit"],"picked":"Havoc","floor":18},{"not_picked":["Pommel Strike+1","Bludgeon","ReplayReversal+1"],"picked":"ReplayTheSpireMod:Strike From Hell","floor":20},{"not_picked":["Thunderclap+1","Twin Strike","Cleave+1"],"picked":"ReplayTheSpireMod:Muscle Training+1","floor":22},{"not_picked":["Dark Embrace","Clash","Pommel Strike"],"picked":"Havoc","floor":24},{"not_picked":["Flex+1","Wild Strike","Cleave+1"],"picked":"Twin Strike","floor":27}],"player_experience":145201,"relics_obtained":[{"floor":9.0,"key":"Question Card"},{"floor":14.0,"key":"Tea:ReiMu"},{"floor":26,"key":"PreservedInsect"}],"event_choices":[],"is_beta":false,"boss_relics":[{"not_picked":["hubris:ScarierMask","Pandora\u0027s Box"],"picked":"Replay:Ancient Bell"},{"not_picked":["Grinning Jar","Lantern"],"picked":"Bronze Scales"},{"not_picked":["hubris:BottledRain","Replay:Bottled Snecko"],"picked":"The Courier"}],"items_purged_floors":[],"is_endless":false,"potions_floor_spawned":[1,7,20,27],"killed_by":"Snecko","ascension_level":4}}