{"host":"vrsxkkch9ccrec7k","time":1613863036,"event":{"mods":["Act Like it!","BaseMod","Bestiary","Better Altar","Better Match","Better Note","Better Sensory Stone","Better Skull","Better Third Choice","Better Vampires","Downfall","Minty Spire (QoL Compilation)","Permanent Neow","Relic Stats","Spicy Shops","StSLib"],"gold_per_floor":[99,110,122,122,47,72,72,172,188,30,30,64,14,46,57,157,157,107,126,141,151,151,151,151,179,192,31,31,46,46,46,65,65,65],"floor_reached":33,"language":"ENG","playtime":2908,"items_purged":[],"score":569,"play_id":"ab8c0ee7-31c1-4ba4-a75b-7cfd78ac9072","local_time":"20210220181716","is_ascension_mode":true,"campfire_choices":[{"data":"Slimebound:CorrosiveSpit","floor":1.0,"key":"SMITH"},{"data":"Slimebound:Split","floor":13.0,"key":"SMITH"},{"data":"Slimebound:MassFeed","floor":18.0,"key":"SMITH"},{"data":"Slimebound:Replication","floor":28,"key":"SMITH"},{"data":"Finesse","floor":30,"key":"SMITH"}],"circlet_count":0,"master_deck":["AscendersBane","Slimebound:Strike_Slimebound+1","Slimebound:Strike_Slimebound+1","Slimebound:Strike_Slimebound+1","Slimebound:Tackle","Slimebound:Defend_Slimebound+1","Slimebound:Defend_Slimebound+1","Slimebound:Defend_Slimebound+1","Slimebound:Defend_Slimebound+1","Slimebound:Split+1","Slimebound:CorrosiveSpit+1","Finesse+1","Slimebound:PressTheAttack","Slimebound:SplitMire","Slimebound:Schlurp","Slimebound:Nibble","Slimebound:GoopSpray","Slimebound:RejuvenatingLick","Slimebound:LeechLife","Slimebound:SamplingLick","Slimebound:SpikyOuterGoop+1","Slimebound:MassFeed+1","Slimebound:Recollect+1","Slimebound:LivingWall","Slimebound:Replication+1","Slimebound:LeechingTouch","Slimebound:TongueLash","Slimebound:LivingWall","Slimebound:Prepare","Slimebound:SamplingLick+1","Slimebound:SplitSpecialist","Slimebound:SpikyOuterGoop+1","Slimebound:RejuvenatingLick+1"],"relics":["Slimebound:AbsorbEndCombat","Slimebound:GreedOozeRelic","Pear","Eternal Feather","Potion Belt","Slimebound:AggressiveSlimeRelic","HornCleat","FossilizedHelix","Frozen Egg 2","expansioncontent:StudyCardRelic","Blue Candle","Ornamental Fan","Toy Ornithopter","Orrery"],"acts_visited":["Exordium","TheCity"],"potions_floor_usage":[33,33],"damage_taken":[{"damage":6.0,"enemies":"Jaw Worm","floor":2.0,"turns":4.0},{"damage":6.0,"enemies":"Small Slimes","floor":3.0,"turns":4.0},{"damage":28.0,"enemies":"3 Sentries","floor":6.0,"turns":7.0},{"damage":26.0,"enemies":"downfall:LadyInBlue","floor":8.0,"turns":10.0},{"damage":0.0,"enemies":"Cultist","floor":9.0,"turns":3.0},{"damage":0.0,"enemies":"downfall:FleeingMerchant","floor":10.0,"turns":4.0},{"damage":0.0,"enemies":"Gremlin Nob","floor":12.0,"turns":3.0},{"damage":0.0,"enemies":"3 Sentries","floor":14.0,"turns":4.0},{"damage":0.0,"enemies":"Lots of Slimes","floor":15.0,"turns":3.0},{"damage":5.0,"enemies":"WA_ARCHETYPE_RETAIN","floor":16.0,"turns":8.0},{"damage":8.0,"enemies":"downfall:LooterAlt2","floor":19.0,"turns":2.0},{"damage":9.0,"enemies":"Shell Parasite","floor":20.0,"turns":8.0},{"damage":0.0,"enemies":"Snake Plant","floor":21.0,"turns":3.0},{"damage":15,"enemies":"Gremlin Leader","floor":25,"turns":8},{"damage":10,"enemies":"3 Cultists","floor":26,"turns":4},{"damage":0,"enemies":"downfall:FleeingMerchant","floor":27,"turns":4},{"damage":9,"enemies":"Shelled Parasite and Fungi","floor":29,"turns":7},{"damage":0,"enemies":"Sentry and Sphere","floor":32,"turns":3},{"damage":115,"enemies":"SI_MIRROR_ARCHETYPE","floor":33,"turns":20}],"seed_played":"-6447106131028281010","potions_obtained":[{"floor":6.0,"key":"PowerPotion"},{"floor":8.0,"key":"Weak Potion"},{"floor":8.0,"key":"Ancient Potion"},{"floor":8.0,"key":"PowerPotion"},{"floor":8.0,"key":"SkillPotion"},{"floor":12.0,"key":"Block Potion"},{"floor":15.0,"key":"Fire Potion"},{"floor":16.0,"key":"LiquidMemories"},{"floor":19.0,"key":"Ancient Potion"},{"floor":26,"key":"bronze:BurnAndBuffPotion"},{"floor":29,"key":"Explosive Potion"}],"is_trial":false,"path_per_floor":["R","M","M","?","?","E","T","?","M","$","T","E","R","E","M","B",null,"R","M","M","M","?","?","T","E","M","$","R","M","R","?","M","B"],"character_chosen":"SLIMEBOUND","items_purchased":["Slimebound:AggressiveSlimeRelic","Orrery"],"campfire_rested":0,"item_purchase_floors":[10,27],"current_hp_per_floor":[59,61,59,64,64,54,54,36,42,50,50,56,65,73,80,77,79,80,74,75,83,83,78,78,71,69,75,88,83,92,92,96,0,0],"gold":65,"neow_bonus":"RANDOM_COLORLESS","is_daily":false,"chose_seed":false,"campfire_upgraded":5,"win_rate":0.0,"timestamp":1613863036,"path_taken":["R","M","M","?","?","E","T","?","?","$","?","E","R","E","M","BOSS","R","M","M","M","?","?","T","E","M","?","R","M","R","?","M","BOSS"],"items_purchased_type":["Relic","Relic"],"build_version":"2020-12-22","purchased_purges":0,"victory":false,"max_hp_per_floor":[65,65,65,70,70,80,80,80,80,80,80,80,80,80,80,80,80,80,80,84,88,88,88,88,88,88,88,88,92,92,92,96,96,96],"relic_stats":{"counters":[19,108],"Ornamental Fan":[16],"Blue Candle":[0],"Eternal Feather":32,"obtain_stats":[{"Potion Belt":8,"Slimebound:AggressiveSlimeRelic":10,"Pear":6,"Blue Candle":23,"Eternal Feather":7,"expansioncontent:StudyCardRelic":17,"Frozen Egg 2":14,"Slimebound:GreedOozeRelic":5,"HornCleat":11,"Ornamental Fan":24,"Orrery":27,"Slimebound:AbsorbEndCombat":0,"FossilizedHelix":12,"Toy Ornithopter":25},{"Potion Belt":4,"Slimebound:AggressiveSlimeRelic":6,"Pear":3,"Blue Candle":13,"Eternal Feather":3,"expansioncontent:StudyCardRelic":10,"Frozen Egg 2":8,"Slimebound:GreedOozeRelic":2,"HornCleat":6,"Ornamental Fan":13,"Orrery":16,"Slimebound:AbsorbEndCombat":0,"FossilizedHelix":7,"Toy Ornithopter":14},{"Potion Belt":25,"Slimebound:AggressiveSlimeRelic":32,"Pear":15,"Blue Candle":63,"Eternal Feather":15,"expansioncontent:StudyCardRelic":50,"Frozen Egg 2":39,"Slimebound:GreedOozeRelic":8,"HornCleat":32,"Ornamental Fan":63,"Orrery":79,"Slimebound:AbsorbEndCombat":0,"FossilizedHelix":35,"Toy Ornithopter":71}],"Toy Ornithopter":10},"card_choices":[{"not_picked":["Panacea","Bandage Up"],"picked":"Finesse","floor":0.0},{"not_picked":["Slimebound:ComboTackle","Slimebound:AcidTongue"],"picked":"Slimebound:PressTheAttack","floor":2.0},{"not_picked":["Slimebound:HungryTackle","Slimebound:FormOfPuddle"],"picked":"Slimebound:SplitMire","floor":3.0},{"not_picked":["Slimebound:GoopTackle","Slimebound:TongueLash"],"picked":"Slimebound:Schlurp","floor":6.0},{"not_picked":["Slimebound:SlimeTap","Slimebound:BestDefense"],"picked":"Slimebound:Nibble","floor":8.0},{"not_picked":["Slimebound:SplitBruiser","Slimebound:SlimeSpikes"],"picked":"Slimebound:GoopSpray","floor":9.0},{"not_picked":["Slimebound:Dissolve","Slimebound:Replication"],"picked":"Slimebound:RejuvenatingLick","floor":10.0},{"not_picked":["Slimebound:SplitMire","Slimebound:FlameTackle"],"picked":"Slimebound:LeechLife","floor":12.0},{"not_picked":["Slimebound:FormOfPuddle","Slimebound:RollThrough"],"picked":"Slimebound:SamplingLick","floor":14.0},{"not_picked":["Slimebound:Replication","Slimebound:SlimeSpikes"],"picked":"Slimebound:SpikyOuterGoop+1","floor":15.0},{"not_picked":["Slimebound:FirmFortitude","Slimebound:PrepareCrush"],"picked":"Slimebound:MassFeed","floor":16.0},{"not_picked":["Slimebound:SlimeSpikes","Slimebound:GoopSpray"],"picked":"Slimebound:Recollect+1","floor":19.0},{"not_picked":["Slimebound:RollThrough","Slimebound:GoopSpray"],"picked":"Slimebound:LivingWall","floor":20.0},{"not_picked":["Slimebound:GrowthPunch","Slimebound:SplitAcid+1"],"picked":"Slimebound:Replication","floor":21.0},{"not_picked":["Slimebound:PrepareCrush","Slimebound:RainOfGoop"],"picked":"Slimebound:LeechingTouch","floor":25},{"not_picked":["Slimebound:Grow+1","Slimebound:SlimeSpikes"],"picked":"Slimebound:TongueLash","floor":26},{"not_picked":["Slimebound:GrowthPunch","Slimebound:PressTheAttack"],"picked":"Slimebound:LivingWall","floor":27},{"not_picked":["Slimebound:MegaLick","Slimebound:Recollect"],"picked":"Slimebound:Prepare","floor":27},{"not_picked":["Slimebound:HungryTackle","Slimebound:Schlurp+1"],"picked":"Slimebound:SamplingLick+1","floor":27},{"not_picked":["Slimebound:ForwardTackle","Slimebound:RollThrough+1"],"picked":"Slimebound:SplitSpecialist","floor":27},{"not_picked":["Slimebound:GoopSpray","Slimebound:Recollect"],"picked":"Slimebound:SpikyOuterGoop+1","floor":29},{"not_picked":["Slimebound:Equalize","Slimebound:LeechEnergy"],"picked":"Slimebound:RejuvenatingLick+1","floor":32}],"player_experience":1984304,"relics_obtained":[{"floor":6.0,"key":"Pear"},{"floor":7.0,"key":"Eternal Feather"},{"floor":8.0,"key":"Potion Belt"},{"floor":11.0,"key":"HornCleat"},{"floor":12.0,"key":"FossilizedHelix"},{"floor":14.0,"key":"Frozen Egg 2"},{"floor":24.0,"key":"Ornamental Fan"},{"floor":25,"key":"Toy Ornithopter"}],"event_choices":[{"damage_healed":0.0,"max_hp_gain":5.0,"max_hp_loss":0.0,"gold_gain":0.0,"event_name":"Big Fish","player_choice":"Donut","floor":4.0,"gold_loss":0.0,"damage_taken":0.0}],"is_beta":false,"boss_relics":[{"not_picked":["Slimebound:TarBlob","SlaversCollar"],"picked":"expansioncontent:StudyCardRelic"}],"items_purged_floors":[],"is_endless":false,"potions_floor_spawned":[6,8,12,15,16,19,26,29,32],"killed_by":"SI_MIRROR_ARCHETYPE","ascension_level":11}}