{"host":"2l5k2wp87eek7qja","time":1613830897,"event":{"mods":["BaseMod","Colored Map","Minty Spire (QoL Compilation)","Relic Stats"],"gold_per_floor":[113,113,131,131,131,131,163,238,238,39,39,39],"floor_reached":11,"language":"ENG","playtime":159,"items_purged":[],"score":188,"play_id":"a9ab4fe1-013e-4cb4-8250-1dc0f064101e","local_time":"20210220162137","is_ascension_mode":true,"campfire_choices":[{"data":"Neutralize","floor":6,"key":"SMITH"}],"circlet_count":0,"master_deck":["AscendersBane","Strike_G","Strike_G","Strike_G","Strike_G","Strike_G","Defend_G+1","Defend_G","Defend_G","Defend_G","Defend_G+1","Survivor","Neutralize+1","Quick Slash","Leg Sweep","Infinite Blades"],"relics":["Ring of the Snake","NeowsBlessing","Pear","InkBottle","Pantograph","OrangePellets"],"acts_visited":["Exordium"],"potions_floor_usage":[11],"damage_taken":[{"damage":0,"enemies":"Jaw Worm","floor":1,"turns":1},{"damage":0,"enemies":"2 Louse","floor":3,"turns":1},{"damage":0,"enemies":"Gremlin Nob","floor":7,"turns":1},{"damage":17,"enemies":"Lagavulin","floor":11,"turns":7}],"seed_played":"-3931865474578271740","potions_obtained":[{"floor":7,"key":"AttackPotion"}],"is_trial":false,"path_per_floor":["M","?","M","$","?","R","E","?","T","$","E"],"character_chosen":"THE_SILENT","items_purchased":["OrangePellets","Infinite Blades"],"campfire_rested":0,"item_purchase_floors":[10,10],"current_hp_per_floor":[59,58,58,58,35,35,35,24,24,24,7,7],"gold":39,"neow_bonus":"THREE_ENEMY_KILL","is_daily":false,"chose_seed":false,"campfire_upgraded":1,"win_rate":0.0,"timestamp":1613830897,"path_taken":["M","?","M","$","?","R","E","?","T","$","E"],"items_purchased_type":["Relic","Card"],"build_version":"2020-12-22","purchased_purges":0,"victory":false,"max_hp_per_floor":[66,76,76,76,76,76,76,76,76,76,76,76],"relic_stats":{"OrangePellets":[0],"counters":[4,10],"Pantograph":0,"obtain_stats":[{"OrangePellets":10,"Pear":2,"NeowsBlessing":0,"Pantograph":9,"InkBottle":7,"Ring of the Snake":0},{"OrangePellets":3,"Pear":1,"NeowsBlessing":0,"Pantograph":3,"InkBottle":3,"Ring of the Snake":0},{"OrangePellets":3,"Pear":1,"NeowsBlessing":0,"Pantograph":3,"InkBottle":3,"Ring of the Snake":0}],"InkBottle":[2],"Ring of the Snake":[8]},"card_choices":[{"not_picked":["Prepared","Escape Plan"],"picked":"Quick Slash","floor":1},{"not_picked":["Distraction","Deflect"],"picked":"Leg Sweep","floor":3},{"not_picked":["Flechettes","Outmaneuver","After Image"],"picked":"SKIP","floor":7}],"player_experience":834914,"relics_obtained":[{"floor":7,"key":"InkBottle"},{"floor":9,"key":"Pantograph"}],"event_choices":[{"damage_healed":0,"gold_gain":0,"player_choice":"Success","damage_taken":11,"relics_obtained":["Pear"],"max_hp_gain":0,"max_hp_loss":0,"event_name":"Scrap Ooze","floor":2,"gold_loss":0},{"damage_healed":0,"gold_gain":0,"player_choice":"Entered Light","damage_taken":23,"max_hp_gain":0,"max_hp_loss":0,"event_name":"Shining Light","floor":5,"gold_loss":0,"cards_upgraded":["Defend_G","Defend_G"]},{"damage_healed":0,"gold_gain":75,"player_choice":"Gather Gold","damage_taken":11,"max_hp_gain":0,"max_hp_loss":0,"event_name":"World of Goop","floor":8,"gold_loss":0}],"is_beta":false,"boss_relics":[],"items_purged_floors":[],"is_endless":false,"potions_floor_spawned":[7],"killed_by":"Lagavulin","ascension_level":20}}