{"host":"9rxgn077cyjlend4","time":1613862474,"event":{"mods":["BaseMod","Minty Spire (QoL Compilation)","StSLib"],"gold_per_floor":[119,119,139,157,173,201,216,291,291,37,37,52,52,66,66,139,139,157,157,157,157,157],"floor_reached":21,"language":"ENG","playtime":850,"items_purged":[],"score":317,"play_id":"fc764c4c-f580-4817-a0ed-2feedefef2ba","local_time":"20210220230754","is_ascension_mode":true,"campfire_choices":[{"floor":11.0,"key":"REST"},{"floor":13.0,"key":"REST"},{"data":"Catalyst","floor":15.0,"key":"SMITH"}],"circlet_count":0,"master_deck":["AscendersBane","Strike_G","Strike_G","Strike_G","Strike_G","Defend_G","Defend_G","Defend_G","Defend_G","Defend_G","Survivor","Neutralize","Dagger Spray","Poisoned Stab","Skewer","Backflip","Calculated Gamble","Deadly Poison","Envenom","Dagger Throw","Catalyst+1","Adrenaline","Catalyst","Ghostly","Ghostly","Ghostly"],"relics":["Ring of the Snake","Ancient Tea Set","Question Card","Fusion Hammer"],"acts_visited":["Exordium","TheCity"],"potions_floor_usage":[16,18],"damage_taken":[{"damage":0.0,"enemies":"2 Louse","floor":1.0,"turns":3.0},{"damage":0.0,"enemies":"Cultist","floor":3.0,"turns":4.0},{"damage":0.0,"enemies":"Small Slimes","floor":4.0,"turns":4.0},{"damage":4.0,"enemies":"Blue Slaver","floor":5.0,"turns":4.0},{"damage":52.0,"enemies":"Gremlin Nob","floor":6.0,"turns":6.0},{"damage":10.0,"enemies":"Exordium Wildlife","floor":7.0,"turns":5.0},{"damage":11.0,"enemies":"3 Louse","floor":12.0,"turns":3.0},{"damage":0.0,"enemies":"2 Fungi Beasts","floor":14.0,"turns":2.0},{"damage":18,"enemies":"Slime Boss","floor":16,"turns":7},{"damage":12,"enemies":"Spheric Guardian","floor":18,"turns":6},{"damage":10,"enemies":"3 Byrds","floor":21,"turns":3}],"seed_played":"2318076394043154580","potions_obtained":[{"floor":3.0,"key":"SpeedPotion"},{"floor":5.0,"key":"SteroidPotion"},{"floor":6.0,"key":"FairyPotion"},{"floor":14.0,"key":"DistilledChaos"},{"floor":18,"key":"Strength Potion"}],"is_trial":false,"path_per_floor":["M","?","M","M","M","E","M","?","T","$","R","M","R","M","R","B",null,"M","?","?","M"],"character_chosen":"THE_SILENT","items_purchased":["Envenom","GhostInAJar"],"campfire_rested":2,"item_purchase_floors":[10,10],"current_hp_per_floor":[59,59,59,59,55,3,16,5,5,5,24,13,32,32,32,14,53,41,41,33,23,23],"gold":157,"neow_bonus":"THREE_CARDS","is_daily":false,"chose_seed":false,"campfire_upgraded":1,"win_rate":0.0,"timestamp":1613862474,"path_taken":["M","?","M","?","M","E","?","?","T","$","R","M","R","M","R","BOSS","M","?","?","M"],"items_purchased_type":["Card","Potion"],"build_version":"2020-12-22","purchased_purges":0,"victory":false,"max_hp_per_floor":[66,66,66,66,66,66,66,66,66,66,66,66,66,66,66,66,66,66,66,33,33,33],"card_choices":[{"not_picked":["Terror","Flying Knee"],"picked":"Dagger Spray","floor":0.0},{"not_picked":["Deadly Poison","Acrobatics"],"picked":"Poisoned Stab","floor":1.0},{"not_picked":["Venomology","Prepared"],"picked":"Skewer","floor":3.0},{"not_picked":["Cloak And Dagger","Sucker Punch"],"picked":"Backflip","floor":4.0},{"not_picked":["Distraction","Caltrops"],"picked":"Calculated Gamble","floor":5.0},{"not_picked":["Deflect","Sucker Punch","Flying Knee"],"picked":"SKIP","floor":6.0},{"not_picked":["Cloak And Dagger","Dagger Spray"],"picked":"Deadly Poison","floor":7.0},{"not_picked":["Deflect","Escape Plan","Quick Slash"],"picked":"Dagger Throw","floor":12.0},{"not_picked":["Flying Knee","Tactician","Dagger Spray"],"picked":"Catalyst","floor":14.0},{"not_picked":["Glass Knife","Venomology","Tools of the Trade"],"picked":"Adrenaline","floor":16},{"not_picked":["Underhanded Strike","All Out Attack","Deflect+1","Expertise"],"picked":"SKIP","floor":18}],"player_experience":684968,"relics_obtained":[{"floor":6.0,"key":"Ancient Tea Set"},{"floor":9.0,"key":"Question Card"}],"event_choices":[{"cards_removed":["Strike_G"],"damage_healed":0.0,"max_hp_gain":0.0,"max_hp_loss":0.0,"gold_gain":0.0,"event_name":"Purifier","player_choice":"Purged","floor":2.0,"gold_loss":0.0,"damage_taken":0.0},{"damage_healed":0.0,"max_hp_gain":0.0,"max_hp_loss":0.0,"gold_gain":75.0,"event_name":"World of Goop","player_choice":"Gather Gold","floor":8.0,"gold_loss":0.0,"damage_taken":11.0},{"damage_healed":0,"gold_gain":0,"player_choice":"Read","damage_taken":0,"max_hp_gain":0,"max_hp_loss":0,"event_name":"The Library","floor":19,"gold_loss":0,"cards_obtained":["Catalyst"]},{"damage_healed":0,"gold_gain":0,"player_choice":"Became a Ghost","damage_taken":0,"max_hp_gain":0,"max_hp_loss":33,"event_name":"Ghosts","floor":20,"gold_loss":0,"cards_obtained":["Ghostly","Ghostly","Ghostly"]}],"is_beta":false,"boss_relics":[{"not_picked":["Busted Crown","WristBlade"],"picked":"Fusion Hammer"}],"items_purged_floors":[],"is_endless":false,"potions_floor_spawned":[3,5,6,14,18],"killed_by":"3 Byrds","ascension_level":15}}