{"host":"zkqorkqsr6o67e8b","time":1613820387,"event":{"mods":["Act Like it!","BaseMod","Minty Spire (QoL Compilation)","Quick Restart","Ring Of Destiny","StSLib","Waifu the Spire","¡¾ÒÅÎï¿¨ÅÆ¡¿REMEMod"],"gold_per_floor":[109,109,119,130,55,86,86,120,120,120,135,135,165,181,181,276,276,289,54,126,126,142,172,201,235,235,270,289,60,60,91,91,193,193,209,259,303,319,541,541,569,569,618,618,633,659,380,399,399,399,399,399,399,434,434],"floor_reached":56,"language":"ZHS","playtime":1883,"items_purged":["RingOfDestiny:Strike_MB","RingOfDestiny:Strike_MB","RingOfDestiny:Strike_MB"],"score":1602,"play_id":"e1a43e46-93d5-4554-ab52-a24b499194ed","local_time":"20210220192627","is_ascension_mode":true,"campfire_choices":[{"data":"RingOfDestiny:EtchSpirit","floor":7.0,"key":"SMITH"},{"data":"RingOfDestiny:DeathLeakage","floor":10.0,"key":"SMITH"},{"data":"RingOfDestiny:DeathLeakage","floor":15.0,"key":"SMITH"},{"data":"RingOfDestiny:Residual","floor":30,"key":"SMITH"},{"data":"RingOfDestiny:TimingBreath","floor":32,"key":"SMITH"},{"floor":40,"key":"RECALL"},{"data":"RingOfDestiny:TimingBreath","floor":42,"key":"SMITH"},{"data":"RingOfDestiny:TimingBreath","floor":49,"key":"SMITH"},{"data":"RingOfDestiny:QuickDraw","floor":52,"key":"SMITH"}],"circlet_count":0,"master_deck":["RingOfDestiny:Defend_MB","RingOfDestiny:DeathLeakage+1","RingOfDestiny:DeathLeakage+1","RingOfDestiny:DarkShield","RingOfDestiny:GrowBullet","RingOfDestiny:RestraintRing","RingOfDestiny:InnerFocus+1","RingOfDestiny:EtchSpirit+1","RingOfDestiny:Residual+1","RingOfDestiny:QuickDraw+1","RingOfDestiny:TimingBreath+1","RingOfDestiny:MagicAbsorb","CurseOfTheBell","RingOfDestiny:TimingBreath+1","RingOfDestiny:DeathLeakage+1","RingOfDestiny:Determination+1","RingOfDestiny:TimingBreath+1","RingOfDestiny:Apoptosis"],"relics":["RingOfDestiny:Flintlock","REME_ComplimentaryCards","NeowsBlessing","Bronze Scales","Du-Vu Doll","White Beast Statue","Meat on the Bone","Odd Mushroom","Calling Bell","Frozen Egg 2","Unceasing Top","Mummified Hand","Red Mask","Dream Catcher","War Paint","Bag of Preparation","Art of War","Coffee Dripper","Ginger","HornCleat","Vajra","FossilizedHelix","Medical Kit","Mercury Hourglass"],"acts_visited":["Exordium","TheCity","TheBeyond","TheEnding"],"potions_floor_usage":[27,33,37],"damage_taken":[{"damage":0.0,"enemies":"Cultist","floor":1.0,"turns":1.0},{"damage":0.0,"enemies":"2 Louse","floor":3.0,"turns":1.0},{"damage":0.0,"enemies":"Jaw Worm","floor":4.0,"turns":1.0},{"damage":2.0,"enemies":"Lagavulin","floor":6.0,"turns":7.0},{"damage":10.0,"enemies":"3 Sentries","floor":8.0,"turns":11.0},{"damage":12.0,"enemies":"3 Louse","floor":11.0,"turns":3.0},{"damage":0.0,"enemies":"The Mushroom Lair","floor":13.0,"turns":3.0},{"damage":2.0,"enemies":"2 Fungi Beasts","floor":14.0,"turns":4.0},{"damage":28.0,"enemies":"Hexaghost","floor":16.0,"turns":5.0},{"damage":13,"enemies":"Spheric Guardian","floor":18,"turns":5},{"damage":0,"enemies":"3 Byrds","floor":22,"turns":1},{"damage":20,"enemies":"Slavers","floor":23,"turns":3},{"damage":0,"enemies":"Masked Bandits","floor":24,"turns":1},{"damage":0,"enemies":"REME_1_Revenger","floor":25,"turns":3},{"damage":7,"enemies":"Gremlin Leader","floor":27,"turns":5},{"damage":0,"enemies":"Centurion and Healer","floor":28,"turns":1},{"damage":0,"enemies":"REME_1_Revenger","floor":31,"turns":2},{"damage":0,"enemies":"Automaton","floor":33,"turns":3},{"damage":0,"enemies":"3 Darklings","floor":35,"turns":1},{"damage":0,"enemies":"Mind Bloom Boss Battle","floor":36,"turns":2},{"damage":2,"enemies":"Orb Walker","floor":37,"turns":2},{"damage":0,"enemies":"4 Shapes","floor":38,"turns":1},{"damage":0,"enemies":"Reptomancer","floor":41,"turns":2},{"damage":0,"enemies":"Spire Growth","floor":45,"turns":2},{"damage":0,"enemies":"Nemesis","floor":46,"turns":1},{"damage":0,"enemies":"Writhing Mass","floor":48,"turns":2},{"damage":0,"enemies":"Awakened One","floor":50,"turns":4},{"damage":0,"enemies":"Shield and Spear","floor":54,"turns":2},{"damage":31,"enemies":"The Heart","floor":55,"turns":3}],"seed_played":"6595478691487753789","potions_obtained":[{"floor":1.0,"key":"Fruit Juice"},{"floor":8.0,"key":"DuplicationPotion"},{"floor":11.0,"key":"Weak Potion"},{"floor":13.0,"key":"DuplicationPotion"},{"floor":14.0,"key":"Strength Potion"},{"floor":16.0,"key":"ColorlessPotion"},{"floor":18,"key":"BlessingOfTheForge"},{"floor":27,"key":"PowerPotion"},{"floor":31,"key":"Swift Potion"},{"floor":33,"key":"SpeedPotion"},{"floor":36,"key":"REME_GoldPotion"},{"floor":38,"key":"Block Potion"}],"is_trial":false,"path_per_floor":["M","?","M","M","$","E","R","E","T","R","M","?","?","M","R","B",null,"M","$","?","?","M","E","?","E","T","E","M","$","R","E","R","B",null,"M","?","M","M","?","R","E","R","T","?","M","E","$","M","R","B",null,"R","$","E","B",null],"character_chosen":"MagicBullet","items_purchased":["RingOfDestiny:TimingBreath","Bag of Preparation","RingOfDestiny:Apoptosis","Medical Kit"],"campfire_rested":0,"item_purchase_floors":[19,29,29,47],"current_hp_per_floor":[98,98,98,98,103,101,101,91,91,91,79,76,76,74,74,58,110,97,97,97,97,97,77,77,77,77,70,70,70,70,80,80,90,110,110,110,110,110,110,110,110,110,110,104,104,104,104,104,104,104,104,104,104,104,83],"gold":434,"neow_bonus":"THREE_ENEMY_KILL","is_daily":false,"chose_seed":false,"campfire_upgraded":8,"win_rate":0.0,"timestamp":1613820387,"path_taken":["M","?","?","M","$","E","R","E","T","R","M","?","?","M","R","BOSS","M","$","?","?","M","E","?","E","T","E","M","?","R","E","R","BOSS","M","?","M","M","?","R","E","R","T","?","M","E","$","M","R","BOSS","R","$","E","BOSS"],"items_purchased_type":["Card","Relic","Card","Relic"],"build_version":"2020-12-22","purchased_purges":3,"victory":true,"max_hp_per_floor":[98,98,98,98,103,103,103,103,103,103,103,103,103,103,103,103,110,110,110,110,110,110,110,110,110,110,110,110,110,110,110,110,110,110,110,110,110,110,110,110,110,110,110,104,104,104,104,104,104,104,104,104,104,104,104],"card_choices":[{"not_picked":["RingOfDestiny:Strafing","RingOfDestiny:OriginBullet"],"picked":"RingOfDestiny:EtchSpirit","floor":1.0},{"not_picked":["RingOfDestiny:DeadlyShoot","RingOfDestiny:InitialBullet"],"picked":"RingOfDestiny:Residual","floor":3.0},{"not_picked":["RingOfDestiny:Epilogue","RingOfDestiny:EtchPhantom"],"picked":"RingOfDestiny:QuickDraw","floor":4.0},{"not_picked":["RingOfDestiny:Illusion","RingOfDestiny:Determination"],"picked":"RingOfDestiny:TimingBreath","floor":6.0},{"not_picked":["RingOfDestiny:DoomsdayMark","RingOfDestiny:DeathTrack","RingOfDestiny:TestBullet"],"picked":"SKIP","floor":8.0},{"not_picked":["RingOfDestiny:DeathLeakage","RingOfDestiny:Enchantment","RingOfDestiny:VolleyBullet"],"picked":"SKIP","floor":11.0},{"not_picked":["RingOfDestiny:CovertOperation","RingOfDestiny:DoomsdayMark","RingOfDestiny:BreakBullet"],"picked":"SKIP","floor":14.0},{"not_picked":["RingOfDestiny:RiteOfOrigin","RingOfDestiny:LethalTwins"],"picked":"RingOfDestiny:MagicAbsorb","floor":16.0},{"not_picked":["RingOfDestiny:DanceOfDeath+1","RingOfDestiny:AmmoRain","RingOfDestiny:Residual+1"],"picked":"SKIP","floor":18},{"not_picked":["RingOfDestiny:BlastBullet+1","RingOfDestiny:AmmoRain"],"picked":"RingOfDestiny:DeathLeakage","floor":22},{"not_picked":["RingOfDestiny:GrowBullet","RingOfDestiny:DarkShield"],"picked":"RingOfDestiny:Determination+1","floor":23},{"not_picked":["RingOfDestiny:Residual+1","RingOfDestiny:PhantasmalAssailants","RingOfDestiny:EtchPhantom"],"picked":"SKIP","floor":25},{"not_picked":["RingOfDestiny:OriginBullet+1","RingOfDestiny:AmmoRain"],"picked":"RingOfDestiny:TimingBreath","floor":27},{"not_picked":["RingOfDestiny:GrowBullet","RingOfDestiny:BlackLight","RingOfDestiny:RestraintRing+1"],"picked":"SKIP","floor":28},{"not_picked":["RingOfDestiny:Reload","RingOfDestiny:PhantasmalAssailants+1","RingOfDestiny:BloodyLeakage+1"],"picked":"SKIP","floor":31},{"not_picked":["RingOfDestiny:DeathTrack","RingOfDestiny:BreakBullet","RingOfDestiny:TestBullet"],"picked":"SKIP","floor":35},{"not_picked":["RingOfDestiny:Reload","RingOfDestiny:SecretAmmunition+1","RingOfDestiny:FlowerOfDespair+1"],"picked":"SKIP","floor":37},{"not_picked":["RingOfDestiny:Illusion+1","RingOfDestiny:Enchantment+1","RingOfDestiny:InitialBullet+1"],"picked":"SKIP","floor":38},{"not_picked":["RingOfDestiny:BloodyLeakage","RingOfDestiny:GrowBullet","RingOfDestiny:Elegance+1"],"picked":"SKIP","floor":41},{"not_picked":["RingOfDestiny:RestraintRing+1","RingOfDestiny:GrowBullet","RingOfDestiny:TrackingBullet+1"],"picked":"SKIP","floor":45},{"not_picked":["RingOfDestiny:TestBullet","RingOfDestiny:DevilKiss","RingOfDestiny:Illusion"],"picked":"SKIP","floor":46},{"not_picked":["RingOfDestiny:RapidFire","RingOfDestiny:DarkShield+1","RingOfDestiny:InnerFocus"],"picked":"SKIP","floor":48},{"not_picked":["RingOfDestiny:DeadlyShoot","RingOfDestiny:OriginBullet+1","RingOfDestiny:BlackFuneral"],"picked":"SKIP","floor":54}],"player_experience":294384,"relics_obtained":[{"floor":6.0,"key":"Bronze Scales"},{"floor":8.0,"key":"Du-Vu Doll"},{"floor":9.0,"key":"White Beast Statue"},{"floor":13.0,"key":"Odd Mushroom"},{"floor":17,"key":"Strawberry"},{"floor":17,"key":"Frozen Egg 2"},{"floor":17,"key":"Unceasing Top"},{"floor":23,"key":"Mummified Hand"},{"floor":24,"key":"Red Mask"},{"floor":25,"key":"Dream Catcher"},{"floor":27,"key":"War Paint"},{"floor":31,"key":"Art of War"},{"floor":36,"key":"Ginger"},{"floor":41,"key":"HornCleat"},{"floor":43,"key":"Vajra"},{"floor":46,"key":"FossilizedHelix"},{"floor":54,"key":"Mercury Hourglass"}],"event_choices":[{"cards_removed":["RingOfDestiny:Strike_MB"],"damage_healed":0.0,"max_hp_gain":0.0,"max_hp_loss":0.0,"gold_gain":0.0,"event_name":"Bonfire Elementals","player_choice":"Offered Basic","floor":2.0,"gold_loss":0.0,"damage_taken":0.0},{"damage_healed":0.0,"max_hp_gain":0.0,"max_hp_loss":0.0,"gold_gain":0.0,"event_name":"Scrap Ooze","player_choice":"Success","floor":12.0,"gold_loss":0.0,"damage_taken":3.0,"relics_obtained":["Meat on the Bone"]},{"damage_healed":0.0,"max_hp_gain":0.0,"max_hp_loss":0.0,"gold_gain":0.0,"event_name":"Mushrooms","player_choice":"Fought Mushrooms","floor":13.0,"gold_loss":0.0,"damage_taken":0.0},{"damage_healed":0,"gold_gain":0,"player_choice":"Ignored","damage_taken":0,"max_hp_gain":0,"max_hp_loss":0,"event_name":"RingOfDestiny:FruitStall","floor":20,"gold_loss":0},{"damage_healed":0,"gold_gain":0,"player_choice":"Ignored","damage_taken":0,"max_hp_gain":0,"max_hp_loss":0,"event_name":"Ghosts","floor":21,"gold_loss":0},{"damage_healed":0,"gold_gain":0,"player_choice":"Fought Bandits","damage_taken":0,"max_hp_gain":0,"max_hp_loss":0,"event_name":"Masked Bandits","floor":24,"gold_loss":0},{"damage_healed":0,"gold_gain":0,"player_choice":"Fight","damage_taken":0,"max_hp_gain":0,"max_hp_loss":0,"event_name":"MindBloom","floor":36,"gold_loss":0},{"damage_healed":0,"gold_gain":222,"player_choice":"Wore Mask","damage_taken":0,"max_hp_gain":0,"max_hp_loss":0,"event_name":"Tomb of Lord Red Mask","floor":39,"gold_loss":0},{"damage_healed":0,"gold_gain":0,"player_choice":"Max HP","damage_taken":0,"max_hp_gain":0,"max_hp_loss":6,"event_name":"Winding Halls","floor":44,"gold_loss":0}],"is_beta":false,"boss_relics":[{"not_picked":["Astrolabe","Tiny House"],"picked":"Calling Bell"},{"not_picked":["REME_DemonsWealth","Black Star"],"picked":"Coffee Dripper"}],"items_purged_floors":[5,19,47],"is_endless":false,"potions_floor_spawned":[1,8,11,13,14,16,18,22,23,24,25,27,28,31,33,35,36,37,38,41,45,46,48,54],"ascension_level":1}}