{"host":"dwyzfvnzfcqffr30","time":1613849713,"event":{"mods":["2.2 Compatiblity","Act Like it!","Aspiration","BaseMod","Beaked The Cultist","Better Altar","Better Match","Better Note","Better Sensory Stone","Better Skull","Better Third Choice","Clockwork Mod","Colored Map","Colored Powertips","Conspire","Downfall","Elementarium","GifTheSpireLib","Halation","Hermit","Hubris","Infinite Spire","Ironclad Rager","Jedi Mod","Menagerie","Mimic Mod","Minty Spire (QoL Compilation)","Permanent Neow","Random Character Button","Relic Filter Mod","Reliquary","Replay The Spire","Shapeshifter Mod","Spicy Shops","Spikes Relics","StSLib","Stuff the Spire","The Construct","The Disciple","The Druid","The Marked","TheFirefly","Trackpad","Wandering Minibosses"],"gold_per_floor":[240,290,336,385,424,424,517,580,580,580,678,753,863,947,947,1181,1181,1274,1274,1390,1390,1514,1514,1514,1514,720,836,836,836,836,836,269,315,315,510,510,593,644,114,148,173,173,218,261,261,338,338,338,435,498,498,505,505,505,9,81,90,90],"floor_reached":57,"language":"ENG","playtime":29008,"items_purged":["SwitchThreat","hermit:Defend_Hermit+1","hermit:Strike_Hermit+1"],"score":1319,"play_id":"9260f7f4-9f8d-49db-9ca2-d66f5399849e","local_time":"20210220113513","is_ascension_mode":true,"campfire_choices":[{"floor":6,"key":"REST"},{"floor":10,"key":"RECALL"},{"data":"hermit:DeadOrAlive+1","floor":15,"key":"SMITH"},{"floor":25,"key":"REST"},{"floor":31,"key":"REST"},{"data":"hermit:Dive+1","floor":34,"key":"SMITH"},{"floor":42,"key":"REST"},{"data":"hermit:DeadOrAlive+1","floor":47,"key":"SMITH"},{"floor":51,"key":"REST"},{"data":"StuffTheSpire:BrainWave","floor":54,"key":"SMITH"}],"circlet_count":0,"master_deck":["AscendersBane","BasicCrystalCard+1","hermit:Strike_Hermit+1","hermit:Strike_Hermit+1","hermit:Strike_Hermit+1","hermit:Defend_Hermit+1","hermit:Defend_Hermit+1","hermit:Defend_Hermit+1","hermit:Snapshot+1","hermit:Covet+1","hermit:DeadOrAlive+2","MasterReality+1","Apotheosis+1","hermit:Ricochet+2","hermit:FlashPowder+2","hermit:HeroicBravado+1","hermit:Determination+1","hermit:FlashPowder+1","hermit:NoHoldsBarred+2","hermit:DeadOrAlive+2","hermit:Dive+2","hermit:Maintenance+1","hermit:Brawl+1","hermit:Snipe+1","StuffTheSpire:BrainWave+1","hermit:GhostlyPresence+1","hermit:Scavenge+2"],"relics":["hermit:Momento","Bottled Tornado","halation:Prosthetics","hubris:TinFlute","conspire:InfiniteJournal","infinitespire:EvilPickle","Quantum Egg","Molten Egg 2","Toxic Egg 2","Frozen Egg 2","SacredBark","trackpad:ZombieHeart","trackpad:RapidFire","Ginger","trackpad:WondrousWand","reliquary:WritOfMandamus","MutagenicStrength","CrustySpines","reliquary:Bookmark","reliquary:JackalopeAntler","halation:PromiseList","halation:EternalFortune","aspiration:Stabinomicon","jedi:firstaidkit","Whetstone","CosmicIsotope","wanderingMiniBosses:CarrionFlame","Strawberry","ExplosiveVial","trackpad:SappingStone","Medical Kit","reliquary:RoseTintedGlasses","War Paint","halation:PenCase"],"acts_visited":["Menagerie:Menagerie","TheCity","TheBeyond","TheEnding"],"potions_floor_usage":[7,11,11,16,16,16,13020,20,22,35,35,41,46,50,52,57,57],"damage_taken":[{"damage":0,"enemies":"Menagerie:StygianBoar","floor":1,"turns":3},{"damage":13,"enemies":"Menagerie:WhisperingWraith","floor":2,"turns":4},{"damage":0,"enemies":"Menagerie:2_RABBITS","floor":3,"turns":5},{"damage":0,"enemies":"Menagerie:RedMage","floor":4,"turns":6},{"damage":0,"enemies":"Menagerie:MENAGERIE_WILDLIFE","floor":5,"turns":6},{"damage":0,"enemies":"Menagerie:Hydra","floor":7,"turns":4},{"damage":2,"enemies":"Menagerie:BEAST_MAGE_AND_PROWLING_AMALGAM","floor":8,"turns":5},{"damage":7,"enemies":"Menagerie:VoidReaper","floor":11,"turns":7},{"damage":1,"enemies":"Menagerie:KEEPER_AND_YOUNG_SUNEATER","floor":12,"turns":4},{"damage":1,"enemies":"Menagerie:Hydra","floor":13,"turns":5},{"damage":1,"enemies":"Menagerie:RedMage","floor":14,"turns":2},{"damage":2,"enemies":"Menagerie:AVATARS","floor":16,"turns":4},{"damage":27,"enemies":"conspire:FuzzyDice","floor":18,"turns":5},{"damage":2,"enemies":"Chosen","floor":20,"turns":5},{"damage":8,"enemies":"Snake Plant","floor":22,"turns":5},{"damage":1,"enemies":"Replay:Snechameleon","floor":27,"turns":4},{"damage":1,"enemies":"conspire:HollyBat","floor":33,"turns":7},{"damage":6,"enemies":"hubris:MusketHawk","floor":35,"turns":8},{"damage":25,"enemies":"3 Shapes","floor":37,"turns":4},{"damage":5,"enemies":"3 Darklings","floor":38,"turns":2},{"damage":16,"enemies":"Spire Growth","floor":40,"turns":4},{"damage":32,"enemies":"Transient","floor":41,"turns":5},{"damage":42,"enemies":"Nemesis","floor":43,"turns":5},{"damage":0,"enemies":"Sphere and 2 Shapes","floor":44,"turns":1},{"damage":0,"enemies":"Giant Head","floor":46,"turns":6},{"damage":0,"enemies":"Maw","floor":50,"turns":3},{"damage":37,"enemies":"hubris:GrandSnecko","floor":52,"turns":10},{"damage":75,"enemies":"Shield and Spear","floor":56,"turns":5},{"damage":65,"enemies":"The Heart","floor":57,"turns":5}],"seed_played":"-7836814611101083199","potions_obtained":[{"floor":2,"key":"AttackPotion"},{"floor":4,"key":"Languid Potion"},{"floor":5,"key":"champ:CounterPotion"},{"floor":11,"key":"infinitespire:BlackPotion"},{"floor":12,"key":"Dexterity Potion"},{"floor":14,"key":"Reflective Coating"},{"floor":18,"key":"SpeedPotion"},{"floor":20,"key":"ColorlessPotion"},{"floor":33,"key":"Languid Potion"},{"floor":40,"key":"ColorlessPotion"},{"floor":43,"key":"LifebloodPotion"},{"floor":46,"key":"SteroidPotion"},{"floor":50,"key":"Explosive Potion"},{"floor":56,"key":"Strength Potion"}],"is_trial":false,"path_per_floor":["M","M","M","M","M","R","E","M","T","R","E","M","E","M","R","B",null,"M","?","M","?","M","PTL","PTL","R","$","E","T","?","?","R","$","M","R","B",null,"M","M","$","M","M","R","E","M","T","E","R","?","?","M","R","B",null,"R","$","E","B"],"character_chosen":"HERMIT","items_purchased":["CrustySpines","reliquary:Bookmark","reliquary:JackalopeAntler","hermit:Dive+1","jedi:firstaidkit","Whetstone","Strawberry","ExplosiveVial","trackpad:SappingStone","hermit:Brawl+1","Medical Kit","reliquary:RoseTintedGlasses","War Paint","Strength Potion"],"campfire_rested":5,"item_purchase_floors":[26,26,26,26,32,32,39,39,39,39,55,55,55,55],"current_hp_per_floor":[40,27,27,27,27,39,39,39,39,39,33,34,34,34,34,35,46,21,9,37,37,30,30,30,46,46,46,46,49,33,50,50,50,50,50,60,53,54,61,52,61,87,74,77,77,81,81,81,43,44,73,37,83,83,83,47,0,0],"gold":90,"neow_bonus":"THREE_RARE_CARDS","is_daily":false,"chose_seed":false,"campfire_upgraded":4,"win_rate":0.0,"timestamp":1613849713,"path_taken":["M","M","M","M","?","R","E","M","T","R","E","M","E","M","R","BOSS","M","?","M","?","M","PTL","PTL","R","$","E","T","?","?","R","$","M","R","BOSS","M","M","$","M","M","R","E","M","T","E","R","?","?","M","R","BOSS","R","$","E","BOSS"],"items_purchased_type":["Relic","Relic","Relic","Card","Relic","Relic","Relic","Relic","Relic","Card","Relic","Relic","Relic","Potion"],"build_version":"2020-12-22","purchased_purges":3,"victory":false,"max_hp_per_floor":[40,40,40,40,40,40,40,42,42,42,43,45,46,47,47,50,50,52,52,53,53,54,54,54,54,54,55,55,58,58,58,58,59,59,63,63,70,76,83,87,88,88,89,92,92,96,96,96,96,97,97,98,98,98,98,100,100,100],"card_choices":[{"not_picked":["hermit:OverwhelmingPower","hermit:Purgatory"],"picked":"hermit:DeadOrAlive","floor":0},{"not_picked":["hermit:TakeAim+1","hermit:Feint+1"],"picked":"hermit:Ricochet+1","floor":1},{"not_picked":["hermit:Showdown+1","hermit:Roulette+1"],"picked":"hermit:FlashPowder+1","floor":2},{"not_picked":["hermit:Grudge+1","hermit:Vantage+1","hermit:TrackingShot+1"],"picked":"SKIP","floor":3},{"not_picked":["hermit:DeadMansHand+1","hermit:Dissolve+1","hermit:ItchyTrigger+1"],"picked":"SKIP","floor":4},{"not_picked":["hermit:CalledShot+1","hermit:Vantage+1"],"picked":"hermit:DeadMansHand+1","floor":5},{"not_picked":["hermit:GoldenBullet+1","hermit:PistolWhip+1"],"picked":"hermit:HeroicBravado+1","floor":7},{"not_picked":["hermit:ItchyTrigger+1","hermit:EyeOfTheStorm+1"],"picked":"hermit:Determination+1","floor":8},{"not_picked":["hermit:TakeAim+1","hermit:ShadowCloak+1","hermit:CalledShot+1"],"picked":"SKIP","floor":11},{"not_picked":["hermit:Glare+1","hermit:ShadowCloak+1","hermit:TakeCover+1"],"picked":"SKIP","floor":12},{"not_picked":["hermit:Brawl+1","hermit:Determination+1"],"picked":"hermit:FlashPowder+1","floor":13},{"not_picked":["hermit:PistolWhip+1","hermit:Determination+1"],"picked":"hermit:NoHoldsBarred+1","floor":14},{"not_picked":["hermit:BlackWind+1","hermit:Magnum+1"],"picked":"hermit:DeadOrAlive+1","floor":16},{"not_picked":["hermit:Glare+1","hermit:Vantage+1","hermit:Ricochet+1"],"picked":"SKIP","floor":18},{"not_picked":["hermit:Glare+1","hermit:Midnight+1","hermit:LoneWolf+1"],"picked":"SKIP","floor":20},{"not_picked":["hermit:HoleUp+1","hermit:Ricochet+1","hermit:Quickdraw+1"],"picked":"SKIP","floor":22},{"not_picked":["hermit:TrackingShot+1","hermit:BlackWind+1","hermit:ShadowCloak+1"],"picked":"SKIP","floor":27},{"not_picked":["hermit:Dissolve+1","hermit:LowProfile+1"],"picked":"hermit:Maintenance+1","floor":33},{"not_picked":["hermit:Desperado+1","hermit:Maintenance+1","hermit:CalledShot+1"],"picked":"SKIP","floor":37},{"not_picked":["hermit:ItchyTrigger+1","hermit:Grudge+1","hermit:Determination+1"],"picked":"SKIP","floor":38},{"not_picked":["hermit:DeadMansHand+1","hermit:NoHoldsBarred+1"],"picked":"hermit:Snipe+1","floor":40},{"not_picked":["hermit:Combo+1","hermit:TrackingShot+1","hermit:Vantage+1"],"picked":"SKIP","floor":41},{"not_picked":["hermit:Shortfuse+1","hermit:Desperado+1","hermit:Roulette+1"],"picked":"SKIP","floor":43},{"not_picked":["hermit:BodyArmor+1","hermit:Headshot+1","hermit:TrackingShot+1"],"picked":"SKIP","floor":44},{"not_picked":["hermit:Snipe+1","hermit:ItchyTrigger+1","hermit:Misfire+1"],"picked":"SKIP","floor":46},{"not_picked":["StuffTheSpire:Perfection","StuffTheSpire:Rapture"],"picked":"StuffTheSpire:BrainWave","floor":48},{"not_picked":["hermit:FlashPowder+1","hermit:LuckOfTheDraw+1"],"picked":"hermit:GhostlyPresence+1","floor":49},{"not_picked":["hermit:Combo+1","hermit:HoleUp+1"],"picked":"hermit:Scavenge+1","floor":49},{"not_picked":["hermit:Cheat+1","hermit:DeadMansHand+1","hermit:Coalescence+1"],"picked":"SKIP","floor":50},{"not_picked":["hermit:Headshot+1","hermit:Showdown+1","hermit:Magnum+1"],"picked":"SKIP","floor":56}],"player_experience":3392008,"relics_obtained":[{"floor":7,"key":"trackpad:ZombieHeart"},{"floor":9,"key":"trackpad:RapidFire"},{"floor":11,"key":"Ginger"},{"floor":13,"key":"trackpad:WondrousWand"},{"floor":27,"key":"halation:PromiseList"},{"floor":30,"key":"aspiration:Stabinomicon"},{"floor":35,"key":"halation:EternalFortune"},{"floor":37,"key":"wanderingMiniBosses:CarrionFlame"},{"floor":37,"key":"halation:EternalFortune"},{"floor":40,"key":"halation:EternalFortune"},{"floor":43,"key":"aspiration:TomeofQuesting"},{"floor":46,"key":"halation:EternalFortune"},{"floor":56,"key":"halation:PenCase"}],"event_choices":[{"damage_healed":0,"gold_gain":0,"player_choice":"Simplicity","damage_taken":0,"max_hp_gain":0,"max_hp_loss":8,"event_name":"betterThird:BetterWriting","floor":0,"gold_loss":0},{"damage_healed":0,"gold_gain":0,"player_choice":" Potion ","damage_taken":12,"relics_obtained":[],"max_hp_gain":21,"max_hp_loss":9,"event_name":"betterAltar:BetterAltar","floor":19,"potions_obtained":["betterAltar:AltarPotion"],"relics_lost":[],"gold_loss":0},{"damage_healed":0,"gold_gain":0,"player_choice":"Inject Mutagens","damage_taken":0,"relics_obtained":["MutagenicStrength"],"max_hp_gain":0,"max_hp_loss":0,"event_name":"Drug Dealer","floor":21,"gold_loss":0},{"damage_healed":0,"gold_gain":0,"player_choice":"Obtained Book","damage_taken":16,"max_hp_gain":0,"max_hp_loss":0,"event_name":"Cursed Tome","floor":30,"gold_loss":0}],"is_beta":false,"boss_relics":[{"not_picked":["StuffTheSpire:RunicHypercube","Empty Cage"],"picked":"reliquary:WritOfMandamus"},{"not_picked":["infinitespire:Cupcake","Fusion Hammer"],"picked":"CosmicIsotope"}],"items_purged_floors":[26,26,32],"is_endless":false,"potions_floor_spawned":[2,4,5,11,12,14,18,20,33,40,43,46,50,56],"killed_by":"The Heart","ascension_level":10}}