{"host":"p5axfb00mxhraew6","time":1613833339,"event":{"mods":["100% Spire Juice","Abigail Mod","Act Like it!","BaseMod","CapriCore","Friendly Minions","GifTheSpireLib","Jedi Mod","KomeijiMod","MarisaÅiñ∂âJÅ@ñÇóùçπÅj","Minty Spire (QoL Compilation)","Prisma Mod","ReimuÅiîé??öÎÅj","RemiliaÅiÂQïƒ‰ª?Åj","SOSÅiézîb?îVéqÅj","StSLib","Td1madao Mod","The Alterego","The Immortal","The Problem Sleuth","Yakumo Yukari mod"],"gold_per_floor":[134,31,31,88,88,139,160,160,160,196,196,254,81,132,132,236,236,107,130,130,28,88,88,162,207,207,273,273,291,192,77,77,164,164,180,198,8,61,92,92,134,134,134,134,184,184,184,242,242,242,263,263,263,49,75,75],"floor_reached":57,"language":"ENG","playtime":2310,"items_purged":["Shoot","Defend_Dante","Redorb+1"],"score":3490,"play_id":"2de0d9f7-262c-4f84-a93e-e2c474048f70","local_time":"20210221000219","is_ascension_mode":true,"campfire_choices":[{"data":"Swordmaster","floor":8,"key":"SMITH"},{"data":"Swordcombo","floor":15,"key":"SMITH"},{"data":"Rebellion","floor":23,"key":"SMITH"},{"data":"Redorb","floor":28,"key":"SMITH"},{"floor":32,"key":"RECALL"},{"data":"Attack_b","floor":40,"key":"SMITH"},{"data":"Stinger","floor":42,"key":"SMITH"},{"data":"Provocation","floor":47,"key":"SMITH"},{"data":"Millionstab","floor":49,"key":"SMITH"},{"data":"Stinger","floor":53,"key":"SMITH"}],"circlet_count":0,"master_deck":["AscendersBane","Attack_a","Attack_a","Attack_b+1","Provocation+1","Defend_Dante","Defend_Dante","Royaldefend","Millionstab","Rebellion+1","Swordmaster+1","Hightime+1","Dash1+1","Swordcombo+1","Purpleorb+1","Millionstab+1","Weaponchange+1","Demonreform+1","Trickster+1","Stinger+1","SSScard+1","Stinger","Millionstab","Royaldefend+1","Swordmaster+1","Stinger+1","Royaldefend+1","Dash2+1","Swordmaster+1","Enemystep+1","Stylechange+1","Dark Shackles+1"],"relics":["SSS","Combocheck","ScarletDevilRocket","Odd Mushroom","Prayer Wheel","Toxic Egg 2","Kunai","Question Card","TheAbacus","Sozu","Oddly Smooth Stone","TungstenRod","Pen Nib","Omamori","Strawberry","Dead Branch","Anchor"],"acts_visited":["Exordium","TheCity","TheBeyond","TheEnding"],"potions_floor_usage":[7,56],"damage_taken":[{"damage":8.0,"enemies":"2 Louse","floor":1.0,"turns":3.0},{"damage":0.0,"enemies":"Cultist","floor":4.0,"turns":4.0},{"damage":0,"enemies":"3 Sentries","floor":6,"turns":2},{"damage":0,"enemies":"The Mushroom Lair","floor":7,"turns":2},{"damage":0,"enemies":"Lagavulin","floor":10,"turns":3},{"damage":0,"enemies":"3 Sentries","floor":12,"turns":2},{"damage":0,"enemies":"Jaw Worm","floor":14,"turns":3},{"damage":0,"enemies":"Slime Boss","floor":16,"turns":3},{"damage":0,"enemies":"Spheric Guardian","floor":18,"turns":2},{"damage":0,"enemies":"3 Byrds","floor":19,"turns":2},{"damage":0,"enemies":"Cultist and Chosen","floor":21,"turns":1},{"damage":0,"enemies":"Centurion and Healer","floor":22,"turns":2},{"damage":0,"enemies":"Book of Stabbing","floor":24,"turns":1},{"damage":0,"enemies":"Snake Plant","floor":25,"turns":1},{"damage":10,"enemies":"Gremlin Leader","floor":27,"turns":2},{"damage":0,"enemies":"Sentry and Sphere","floor":29,"turns":1},{"damage":0,"enemies":"Centurion and Healer","floor":30,"turns":2},{"damage":0,"enemies":"Snake Plant","floor":31,"turns":2},{"damage":0,"enemies":"Automaton","floor":33,"turns":2},{"damage":0,"enemies":"3 Darklings","floor":35,"turns":1},{"damage":0,"enemies":"Orb Walker","floor":36,"turns":2},{"damage":0,"enemies":"Writhing Mass","floor":38,"turns":2},{"damage":0,"enemies":"Maw","floor":39,"turns":2},{"damage":0,"enemies":"Reptomancer","floor":41,"turns":1},{"damage":0,"enemies":"Giant Head","floor":48,"turns":1},{"damage":0,"enemies":"Time Eater","floor":50,"turns":3},{"damage":0,"enemies":"Donu and Deca","floor":51,"turns":2},{"damage":0,"enemies":"Shield and Spear","floor":55,"turns":1},{"damage":46,"enemies":"The Heart","floor":56,"turns":5}],"seed_played":"-2695422010995533390","potions_obtained":[{"floor":1.0,"key":"SkillPotion"},{"floor":10,"key":"ColorlessPotion"},{"floor":14,"key":"Dexterity Potion"},{"floor":16,"key":"Block Potion"}],"is_trial":false,"path_per_floor":["M","$","?","M","?","E","?","R","T","E","T","E","$","M","R","B",null,"M","M","?","M","M","R","E","M","T","E","R","M","M","M","R","B",null,"M","M","$","M","M","R","E","R","T","?","T","?","R","E","R","B","B",null,"R","$","E","B",null],"character_chosen":"DANTE","items_purchased":["Rebellion","TheAbacus","Royaldefend+1","Dark Shackles+1"],"campfire_rested":0,"item_purchase_floors":[2,13,37,54],"current_hp_per_floor":[60,60,60,60,53,53,53,53,53,53,53,53,53,53,53,53,70,70,70,70,70,70,70,70,70,70,75,75,75,75,75,75,75,75,75,75,75,75,75,75,75,75,75,75,82,82,82,82,82,82,82,82,82,82,82,72],"gold":75,"neow_bonus":"THREE_CARDS","is_daily":false,"chose_seed":false,"campfire_upgraded":9,"win_rate":0.0,"timestamp":1613833339,"path_taken":["M","$","?","M","?","E","?","R","T","E","?","E","$","M","R","BOSS","M","M","?","M","M","R","E","M","T","E","R","M","M","M","R","BOSS","M","?","?","M","?","R","E","R","T","?","?","?","R","E","R","BOSS","BOSS","R","$","E","BOSS"],"items_purchased_type":["Card","Relic","Card","Card"],"build_version":"2020-12-22","purchased_purges":3,"victory":true,"max_hp_per_floor":[75,75,75,75,75,75,75,75,75,75,75,75,75,75,75,75,75,75,75,75,75,75,75,75,75,75,75,75,75,75,75,75,75,75,75,75,75,75,75,75,75,75,75,75,82,82,82,82,82,82,82,82,82,82,82,82],"card_choices":[{"not_picked":["Stinger","Weaponupgrade"],"picked":"Royaldefend","floor":0.0},{"not_picked":["Honeycombofire","Millionkick"],"picked":"Millionstab","floor":1.0},{"not_picked":["Millionkick","Rebellion"],"picked":"Swordmaster","floor":4.0},{"not_picked":["VitalstarM","Rebellion","Chargeshoot"],"picked":"SKIP","floor":6},{"not_picked":["Weaponupgrade+1","BeastUppercut"],"picked":"Hightime+1","floor":10},{"not_picked":["CoyoteA","LucifercomboD","Honeycombofire+1"],"picked":"SKIP","floor":12},{"not_picked":["Honeycombofire+1","DT+1","Airhike+1"],"picked":"Dash1+1","floor":14},{"not_picked":["Gunslinger+1","Chargeshoot","Airhike+1"],"picked":"Swordcombo","floor":14},{"not_picked":["Stylechange+1","Goldorb+1","Trickster+1"],"picked":"Purpleorb+1","floor":16},{"not_picked":["Pandora","Straight","EbonyIvory","CoyoteA"],"picked":"SKIP","floor":18},{"not_picked":["Millionkick","Weaponupgrade+1","Kick13","Whiteorb+1"],"picked":"SKIP","floor":18},{"not_picked":["EbonyIvory+1","DT+1","Chargeshoot"],"picked":"Millionstab","floor":19},{"not_picked":["EbonyIvory","Whiteorb+1","Gilgamesh","BeastUppercut"],"picked":"SKIP","floor":19},{"not_picked":["Trickster+1","Chargeshoot2","VitalstarM+1"],"picked":"Weaponchange+1","floor":21},{"not_picked":["LucifercomboD","LucifercomboB","Straight","LucifercomboA"],"picked":"SKIP","floor":21},{"not_picked":["Weaponupgrade+1","Hightime+1","Chargeshoot"],"picked":"Demonreform+1","floor":22},{"not_picked":["LucifercomboD","Fullhouse","Holywater+1","DevilstarS+1"],"picked":"SKIP","floor":22},{"not_picked":["Dash2+1","LucifercomboC","VitalstarL+1"],"picked":"Trickster+1","floor":24},{"not_picked":["GilgameshcomboA+1","Straight","CoyoteA+1","DevilstarS+1"],"picked":"SKIP","floor":25},{"not_picked":["Chargeshoot","Airhike+1","Weaponchange+1","Weaponupgrade+1"],"picked":"SKIP","floor":25},{"not_picked":["Gunslinger+1","Shock","LucifercomboA","Blueorb+1"],"picked":"SKIP","floor":27},{"not_picked":["Gunslinger+1","Shock","LucifercomboA","Blueorb+1"],"picked":"SKIP","floor":27},{"not_picked":["EbonyIvory","Greenorb+1","LucifercomboB"],"picked":"Stinger","floor":29},{"not_picked":["Shock","Lucifer","LucifercomboD"],"picked":"SSScard+1","floor":29},{"not_picked":["Greenorb+1","EbonyIvory+1","Rebellion"],"picked":"Stinger","floor":30},{"not_picked":["BeastUppercut+1","Demonreform+1","Millionkick"],"picked":"Millionstab","floor":30},{"not_picked":["Stinger+1","DevilstarL+1","GilgameshcomboA"],"picked":"Royaldefend+1","floor":31},{"not_picked":["VitalstarS+1","BeastUppercut+1","Weaponchange+1","LucifercomboB"],"picked":"SKIP","floor":31},{"not_picked":["Darkslayer+1","Goldorb+1","Demonreform+1"],"picked":"Stylechange+1","floor":33},{"not_picked":["VitalstarM+1","CoyoteA","Chargeshoot","Shock"],"picked":"SKIP","floor":35},{"not_picked":["Ecstasy+1","Shock","Chargeshoot2","Honeycombofire+1"],"picked":"SKIP","floor":35},{"not_picked":["LucifercomboC","Whiteorb+1","Chargeshoot2"],"picked":"Swordmaster+1","floor":36},{"not_picked":["Lucifer+1","Straight","EbonyIvory+1"],"picked":"Stinger","floor":36},{"not_picked":["Fullhouse","CoyoteA","Hightime+1"],"picked":"Dash2+1","floor":38},{"not_picked":["Chargeshoot","Lucifer","Greenorb+1","Gunslinger+1"],"picked":"SKIP","floor":38},{"not_picked":["LucifercomboC+1","SSScard+1","LucifercomboB+1"],"picked":"Swordmaster+1","floor":39},{"not_picked":["Airhike+1","CoyoteA","Chargeshoot+1","LucifercomboB"],"picked":"SKIP","floor":39},{"not_picked":["Gilgamesh","LucifercomboC","Shock"],"picked":"Enemystep+1","floor":41},{"not_picked":["LucifercomboB","Dash2+1","Whiteorb+1"],"picked":"Stylechange+1","floor":48},{"not_picked":["BeastUppercut","Weaponchange+1","Splesh+1","Fullhouse+1"],"picked":"SKIP","floor":55}],"player_experience":1239830,"relics_obtained":[{"floor":6,"key":"ScarletDevilRocket"},{"floor":7,"key":"Odd Mushroom"},{"floor":9,"key":"Prayer Wheel"},{"floor":10,"key":"Toxic Egg 2"},{"floor":11,"key":"Kunai"},{"floor":12,"key":"Question Card"},{"floor":24,"key":"Oddly Smooth Stone"},{"floor":26,"key":"TungstenRod"},{"floor":27,"key":"Pen Nib"},{"floor":41,"key":"Omamori"},{"floor":45,"key":"Strawberry"},{"floor":48,"key":"Dead Branch"},{"floor":55,"key":"Anchor"}],"event_choices":[{"cards_removed":["Shoot"],"damage_healed":0.0,"max_hp_gain":0.0,"max_hp_loss":0.0,"gold_gain":0.0,"event_name":"Golden Wing","player_choice":"Card Removal","floor":5.0,"gold_loss":0.0,"damage_taken":7.0},{"damage_healed":0,"gold_gain":0,"player_choice":"Fought Mushrooms","damage_taken":0,"max_hp_gain":0,"max_hp_loss":0,"event_name":"Mushrooms","floor":7,"gold_loss":0},{"cards_removed":["Defend_Dante"],"damage_healed":0,"gold_gain":0,"player_choice":"Offered Basic","damage_taken":0,"max_hp_gain":0,"max_hp_loss":0,"event_name":"Bonfire Elementals","floor":20,"gold_loss":0},{"damage_healed":0,"gold_gain":0,"player_choice":"Memory 1","damage_taken":0,"max_hp_gain":0,"max_hp_loss":0,"event_name":"SensoryStone","floor":44,"gold_loss":0},{"cards_removed":["Stylechange"],"damage_healed":0,"gold_gain":0,"player_choice":"Removed Skill","damage_taken":0,"max_hp_gain":0,"max_hp_loss":0,"event_name":"Falling","floor":46,"gold_loss":0}],"is_beta":false,"boss_relics":[{"not_picked":["Pandora\u0027s Box","SlaversCollar"],"picked":"Sozu"},{"not_picked":["Velvet Choker","Runic Dome","jedi:battlestandard"]}],"items_purged_floors":[2,37,54],"is_endless":false,"potions_floor_spawned":[1,10,14,16,21,24,25,27,29,38,41],"ascension_level":20}}