{"host":"agga6lej02o7kt08","time":1613832646,"event":{"mods":["Act Like it!","Arknights","Aspiration","BaseMod","Better Third Choice","BetterRewards","Colored Map","Colored Powertips","Gensokyo","Hubris","Minty Spire (QoL Compilation)","Spicy Shops","StSLib","¡¼?Úª?ø«¡½REMEMod"],"gold_per_floor":[143,143,161,161,171,204,204,237,237,237,257,290,320,351,351,451,451,464,117,117,0,12,341,341,576,600,628,568,568,568,448,448,553,553,573,591,591,608,608,635,635,212,212,89,108,75,86,116,116,116,116,116,28,59,59],"floor_reached":56,"language":"KOR","playtime":3016,"items_purged":["ats:Strike V","ats:Defend","ats:Strike G","ats:Strike C+1","ats:Defend+1"],"score":1942,"play_id":"ac99221a-11e0-403f-b1cb-3c539840f5cd","local_time":"20210220235046","is_ascension_mode":true,"campfire_choices":[{"data":"ats:Emotion Absorption","floor":7,"key":"SMITH"},{"data":"ats:Emotion Absorption","floor":10,"key":"SMITH"},{"data":"ats:Thorns","floor":15,"key":"SMITH"},{"data":"ats:Thorns","floor":24,"key":"SMITH"},{"data":"ats:Neurotoxin","floor":29,"key":"SMITH"},{"data":"ats:Poison Spread","floor":32,"key":"SMITH"},{"data":"ats:Ambush","floor":41,"key":"SMITH"},{"floor":49,"key":"RECALL"},{"data":"ats:Poison Spread","floor":52,"key":"SMITH"}],"circlet_count":0,"master_deck":["ats:Strike S","ats:Armor Crushing Shot","ats:Defend+1","ats:Defend+1","ats:Emotion Absorption+1","ats:Neurotoxin+1","ats:Emotion Absorption+1","ats:Thorns+1","ats:Poison Spread+1","ats:Thorns+1","ats:Echo Reverb","ats:Ambush+1","ats:Shell Defense+1","Gensokyo:EverlastingLife","ats:Consecutive Shot Auto","ats:Poison Spread+1"],"relics":["ats:Sanity","REME_ComplimentaryCards","Bird Faced Urn","ats:Defend","Unceasing Top","Lantern","ats:Rhine Circuitry","Lizard Tail","aspiration:HummingbirdHeart","ats:Originium","aspiration:FrozenJewel","Potion Belt","The Courier","ats:Berate","War Paint","Nunchaku","Sozu","Medical Kit","aspiration:Nostalgia","Ring of the Snake","hubris:Icosahedron","Bag of Marbles","aspiration:HatOfInfinitePower","Omamori","Question Card","hubris:Towel","Gensokyo:SpiderMask","Busted Crown","TungstenRod","Anchor","Membership Card","Ornamental Fan","Mango","Mummified Hand","hubris:DeckOfHolding"],"acts_visited":["Gensokyo:Gensokyo","Gensokyo:Gensokyoer","Gensokyo:Gensokyoest","TheEnding"],"potions_floor_usage":[8,8,12,25,27],"damage_taken":[{"damage":2.0,"enemies":"Gensokyo:3_Fairies","floor":1.0,"turns":5.0},{"damage":2.0,"enemies":"Gensokyo:Python","floor":3.0,"turns":4.0},{"damage":0.0,"enemies":"Gensokyo:Gryphon","floor":5.0,"turns":4.0},{"damage":15.0,"enemies":"Gensokyo:Cirno","floor":6.0,"turns":7.0},{"damage":10,"enemies":"Gensokyo:Aya","floor":8,"turns":6},{"damage":0,"enemies":"Gensokyo:LivingMonolith","floor":11,"turns":3},{"damage":0,"enemies":"Gensokyo:Cirno","floor":12,"turns":6},{"damage":0,"enemies":"Gensokyo:Aya","floor":13,"turns":5},{"damage":0,"enemies":"Gensokyo:Cirno","floor":14,"turns":6},{"damage":0,"enemies":"Gensokyo:Reimu","floor":16,"turns":10},{"damage":5,"enemies":"Gensokyo:AngelMirror","floor":18,"turns":4},{"damage":0,"enemies":"Gensokyo:Chomper","floor":22,"turns":6},{"damage":40,"enemies":"Gensokyo:Koishi","floor":23,"turns":7},{"damage":0,"enemies":"Gensokyo:Tenshi","floor":25,"turns":5},{"damage":0,"enemies":"Gensokyo:Reisen","floor":27,"turns":5},{"damage":23,"enemies":"Gensokyo:Eternal_Rivals","floor":33,"turns":7},{"damage":0,"enemies":"Gensokyo:3_Bats","floor":35,"turns":4},{"damage":0,"enemies":"Gensokyo:3_Boulders","floor":36,"turns":4},{"damage":0,"enemies":"Gensokyo:Dusk_and_Dawn","floor":38,"turns":5},{"damage":4,"enemies":"Gensokyo:Kasen","floor":40,"turns":6},{"damage":0,"enemies":"Gensokyo:SeedOfUnknown","floor":45,"turns":5},{"damage":2,"enemies":"Gensokyo:AtlasGolem","floor":46,"turns":5},{"damage":0,"enemies":"Gensokyo:Rafflesia","floor":47,"turns":8},{"damage":0,"enemies":"Gensokyo:Marisa","floor":48,"turns":5},{"damage":0,"enemies":"Gensokyo:Yuyuko","floor":50,"turns":4},{"damage":0,"enemies":"Shield and Spear","floor":54,"turns":5},{"damage":46,"enemies":"The Heart","floor":55,"turns":7}],"seed_played":"7848410824971085231","potions_obtained":[{"floor":1.0,"key":"Regen Potion"},{"floor":5.0,"key":"SneckoOil"},{"floor":6.0,"key":"SteroidPotion"},{"floor":11,"key":"ats:Burn Small Potion"},{"floor":12,"key":"DuplicationPotion"}],"is_trial":false,"path_per_floor":["M","?","M","?","M","E","R","E","T","R","M","E","?","E","R","B",null,"M","COS","?","?","M","E","R","E","T","E","$","R","?","?","R","B",null,"M","M","?","M","?","E","R","$","T","$","M","M","M","E","R","B",null,"R","$","E","B",null],"character_chosen":"DOCTOR_CLASS","items_purchased":["ats:Defend","Lantern","ats:Rhine Circuitry","aspiration:HummingbirdHeart","REME_GoldPotion","Membership Card","Ornamental Fan","Mango"],"campfire_rested":0,"item_purchase_floors":[0,0,0,0,0,42,42,42],"current_hp_per_floor":[28,35,33,33,35,24,24,18,18,18,22,41,45,51,51,57,72,69,69,69,69,72,32,32,40,40,46,46,46,46,46,46,29,72,72,72,44,52,52,64,64,78,78,78,86,86,86,86,86,86,86,86,86,86,49],"gold":59,"neow_bonus":"","is_daily":false,"chose_seed":false,"campfire_upgraded":8,"win_rate":0.0,"timestamp":1613832646,"path_taken":["M","?","?","?","M","E","R","E","T","R","M","E","?","E","R","BOSS","M","COS","?","?","M","E","R","E","T","E","$","R","?","?","R","BOSS","M","M","?","M","?","E","R","$","T","?","M","M","?","E","R","BOSS","R","$","E","BOSS"],"items_purchased_type":["Card","Relic","Relic","Relic","Potion","Relic","Relic","Relic"],"build_version":"2020-12-22","purchased_purges":5,"victory":true,"max_hp_per_floor":[72,72,72,72,72,72,72,72,72,72,72,72,72,72,72,72,72,72,72,72,72,72,72,72,72,72,72,72,72,72,72,72,72,72,72,72,72,72,72,72,72,86,86,86,86,86,86,86,86,86,86,86,86,86,86],"card_choices":[{"not_picked":["ats:Apocalypse","ats:Hammer On","ats:Blood Oath"],"picked":"SKIP","floor":1.0},{"not_picked":["ats:Leaping Hammer","ats:Collapsing Strike"],"picked":"ats:Neurotoxin","floor":3.0},{"not_picked":["ats:Very Hot Blade","ats:Guardian Obelisk"],"picked":"ats:Thorns","floor":5.0},{"not_picked":["ats:LN2 Cannon","ats:Cat Scratch","ats:Blood Oath"],"picked":"SKIP","floor":6.0},{"not_picked":["ats:Ignite","ats:Guard Mode"],"picked":"ats:Poison Spread","floor":8},{"not_picked":["ats:LN2 Cannon","ats:Very Hot Blade","ats:Guard Mode"],"picked":"SKIP","floor":11},{"not_picked":["ats:Closed Bolt Burst Fire","ats:Encircling Forest","ats:Powerful Strike"],"picked":"SKIP","floor":12},{"not_picked":["ats:Song Of Battle","ats:Closed Bolt Burst Fire"],"picked":"ats:Thorns","floor":13},{"not_picked":["ats:Collapsing Strike","ats:Composite Medical Shells","ats:Song Of Battle"],"picked":"SKIP","floor":14},{"not_picked":["ats:Rat Pack","ats:Fractured Body"],"picked":"ats:Echo Reverb","floor":16},{"not_picked":["ats:Flexible Camouflage","ats:Flame Of Heaven","ats:Curse Doll"],"picked":"SKIP","floor":18},{"not_picked":["ats:Very Hot Blade","ats:Support Order","ats:Hammer On"],"picked":"SKIP","floor":22},{"not_picked":["ats:Thermite Blade+1","ats:Burning Ground","ats:Song Of Battle"],"picked":"SKIP","floor":23},{"not_picked":["ats:Demon Strength","ats:Encircling Forest+1","ats:Blood Oath"],"picked":"SKIP","floor":25},{"not_picked":["ats:Demon Strength","ats:Cat Scratch","ats:Sashimi Platter+1"],"picked":"SKIP","floor":27},{"not_picked":["ats:Echo Reverb","ats:Fractured Body","ats:Wolf Pack"],"picked":"ats:Ambush","floor":33},{"not_picked":["ats:Very Hot Blade","ats:Guard Mode"],"picked":"SKIP","floor":35},{"not_picked":["ats:Absolute Focus","ats:Very Hot Blade+1"],"picked":"SKIP","floor":36},{"not_picked":["ats:Defend Order"],"picked":"ats:Shell Defense+1","floor":38},{"not_picked":["Gensokyo:NewMoon","Gensokyo:MorningMist"],"picked":"Gensokyo:EverlastingLife","floor":39},{"not_picked":["ats:Absolute Focus+1","ats:LN2 Cannon+1"],"picked":"SKIP","floor":40},{"not_picked":["ats:Counter Healing Mode","ats:Shadow Assault"],"picked":"SKIP","floor":45},{"not_picked":["ats:Apocalypse","ats:Curse Doll+1"],"picked":"SKIP","floor":46},{"not_picked":["ats:Flexible Camouflage+1"],"picked":"ats:Consecutive Shot Auto","floor":47},{"not_picked":["ats:Flexible Camouflage+1"],"picked":"ats:Poison Spread","floor":48},{"not_picked":["ats:Closed Bolt Burst Fire+1","ats:Counter Healing Mode"],"picked":"SKIP","floor":54}],"player_experience":880417,"relics_obtained":[{"floor":6.0,"key":"ats:Originium"},{"floor":6.0,"key":"aspiration:FrozenJewel"},{"floor":8,"key":"ats:Originium"},{"floor":8,"key":"Potion Belt"},{"floor":9,"key":"The Courier"},{"floor":12,"key":"ats:Originium"},{"floor":12,"key":"ats:Berate"},{"floor":13,"key":"ats:Originium"},{"floor":13,"key":"War Paint"},{"floor":14,"key":"Nunchaku"},{"floor":23,"key":"Bag of Marbles"},{"floor":25,"key":"aspiration:HatOfInfinitePower"},{"floor":26,"key":"Omamori"},{"floor":27,"key":"Question Card"},{"floor":40,"key":"Anchor"},{"floor":48,"key":"Mummified Hand"},{"floor":54,"key":"hubris:DeckOfHolding"}],"event_choices":[],"is_beta":false,"boss_relics":[{"not_picked":["Tiny House","aspiration:SilentSkillbook"],"picked":"Sozu"},{"not_picked":["Astrolabe","REME_DuelDisc"],"picked":"Busted Crown"}],"items_purged_floors":[28,42,44,44,53],"is_endless":false,"potions_floor_spawned":[1,5,6,11,12,25,38,45,48],"ascension_level":1}}