{"host":"p1xsuo25udtrkbq2","time":1613849261,"event":{"mods":["BaseMod","Colored Map","Googly Eyes","Highlight Path","Minty Spire (QoL Compilation)","Quick Restart","Rare Cards Sparkle","Relic Stats","Slay the Relics Exporter","StSLib","everything is the same but u backflip on backflip"],"gold_per_floor":[113,113,113,113,127,152,152,170,170,204,216,231,242,242,242,242,242],"floor_reached":16,"language":"ENG","playtime":1140,"items_purged":[],"score":274,"play_id":"09efa025-1cbc-4175-a48c-96cc8624e2a9","local_time":"20210220142741","is_ascension_mode":true,"campfire_choices":[{"data":"Caltrops","floor":7,"key":"SMITH"},{"data":"1","floor":15,"key":"LIFT"}],"circlet_count":0,"master_deck":["AscendersBane","Strike_G","Strike_G","Strike_G","Strike_G","Defend_G","Defend_G","Defend_G","Defend_G","Defend_G","Survivor","Neutralize","Flying Knee","Masterful Stab","Caltrops+1","Quick Slash","Footwork","Footwork","Blade Dance"],"relics":["Ring of the Snake","NeowsBlessing","Bird Faced Urn","Strawberry","Girya","InkBottle","Matryoshka"],"acts_visited":["Exordium"],"potions_floor_usage":[10,13],"damage_taken":[{"damage":0,"enemies":"2 Louse","floor":1,"turns":1},{"damage":0,"enemies":"Jaw Worm","floor":5,"turns":1},{"damage":0,"enemies":"3 Sentries","floor":6,"turns":1},{"damage":0,"enemies":"Small Slimes","floor":8,"turns":3},{"damage":31,"enemies":"Gremlin Nob","floor":10,"turns":4},{"damage":5,"enemies":"Gremlin Gang","floor":11,"turns":4},{"damage":0,"enemies":"Blue Slaver","floor":12,"turns":5},{"damage":11,"enemies":"3 Louse","floor":13,"turns":5},{"damage":33,"enemies":"Hexaghost","floor":16,"turns":9}],"seed_played":"6844114531347295785","potions_obtained":[{"floor":1,"key":"Regen Potion"},{"floor":8,"key":"CunningPotion"},{"floor":11,"key":"Ancient Potion"},{"floor":13,"key":"Explosive Potion"}],"is_trial":false,"path_per_floor":["M","?","?","?","M","E","R","M","T","E","M","M","M","?","R","B"],"character_chosen":"THE_SILENT","items_purchased":[],"campfire_rested":0,"item_purchase_floors":[],"current_hp_per_floor":[59,59,33,33,33,40,40,42,42,13,12,18,27,27,27,0,0],"gold":242,"neow_bonus":"THREE_ENEMY_KILL","is_daily":false,"chose_seed":false,"campfire_upgraded":1,"win_rate":0.0,"timestamp":1613849261,"path_taken":["M","?","?","?","M","E","R","M","T","E","M","M","?","?","R","BOSS"],"items_purchased_type":[],"build_version":"2020-12-22","purchased_purges":0,"victory":false,"max_hp_per_floor":[66,66,66,66,66,73,73,73,73,73,73,73,73,73,73,73,73],"relic_stats":{"counters":[9,33],"Bird Faced Urn":[26],"obtain_stats":[{"Girya":9,"Matryoshka":14,"NeowsBlessing":0,"Bird Faced Urn":3,"Strawberry":6,"InkBottle":10,"Ring of the Snake":0},{"Girya":4,"Matryoshka":8,"NeowsBlessing":0,"Bird Faced Urn":1,"Strawberry":3,"InkBottle":5,"Ring of the Snake":0},{"Girya":6,"Matryoshka":24,"NeowsBlessing":0,"Bird Faced Urn":1,"Strawberry":3,"InkBottle":10,"Ring of the Snake":0}],"InkBottle":[8],"Ring of the Snake":[18]},"card_choices":[{"not_picked":["Flechettes","Acrobatics"],"picked":"Flying Knee","floor":1},{"not_picked":["Deflect","Skewer"],"picked":"Masterful Stab","floor":5},{"not_picked":["Flying Knee","Acrobatics"],"picked":"Caltrops","floor":6},{"not_picked":["Bane","Dagger Spray"],"picked":"Quick Slash","floor":8},{"not_picked":["Riddle With Holes","Terror"],"picked":"Footwork","floor":10},{"not_picked":["Acrobatics","Deflect"],"picked":"Footwork","floor":11},{"not_picked":["Dagger Spray","Underhanded Strike"],"picked":"Blade Dance","floor":12},{"not_picked":["Dagger Spray","Expertise","Bouncing Flask"],"picked":"SKIP","floor":13}],"player_experience":1111859,"relics_obtained":[{"floor":6,"key":"Strawberry"},{"floor":9,"key":"Girya"},{"floor":10,"key":"InkBottle"}],"event_choices":[{"damage_healed":0,"gold_gain":0,"player_choice":"Ignored","damage_taken":0,"max_hp_gain":0,"max_hp_loss":0,"event_name":"Liars Game","floor":2,"gold_loss":0},{"damage_healed":0,"gold_gain":0,"player_choice":"Success","damage_taken":26,"relics_obtained":["Bird Faced Urn"],"max_hp_gain":0,"max_hp_loss":0,"event_name":"Scrap Ooze","floor":3,"gold_loss":0},{"cards_removed":["Strike_G"],"damage_healed":0,"gold_gain":0,"player_choice":"Purged","damage_taken":0,"max_hp_gain":0,"max_hp_loss":0,"event_name":"Purifier","floor":4,"gold_loss":0},{"damage_healed":0,"gold_gain":0,"player_choice":"Searched \u00271\u0027 times","damage_taken":0,"relics_obtained":["Matryoshka"],"max_hp_gain":0,"max_hp_loss":0,"event_name":"Dead Adventurer","floor":14,"gold_loss":0}],"is_beta":false,"boss_relics":[],"items_purged_floors":[],"is_endless":false,"potions_floor_spawned":[1,8,11,13],"killed_by":"Hexaghost","ascension_level":20}}