{"host":"vx9g5eyuglzorf3u","time":1613850138,"event":{"mods":["2.2 Compatiblity","BaseMod","DeckTracker","Keyboard Shortcuts","Minty Spire (QoL Compilation)","Relic Stats","StSLib","SuperFastMode","everything is the same but u backflip on backflip"],"gold_per_floor":[15,34,34,58,58,58,92,92,92,92,17,42,42,57,57,156,156,170,208,208,21,41,41,65,65,117,142,163,63,63,81,81,81,81],"floor_reached":33,"language":"KOR","playtime":682,"items_purged":["Strike_R","Wild Strike"],"score":569,"play_id":"53aec6b9-7c67-4eb0-a56e-09d6bf9fffce","local_time":"20210221044218","is_ascension_mode":true,"campfire_choices":[{"data":"Demon Form","floor":6.0,"key":"SMITH"},{"data":"Sword Boomerang","floor":8.0,"key":"SMITH"},{"floor":13.0,"key":"REST"},{"floor":15.0,"key":"REST"},{"floor":23.0,"key":"REST"},{"floor":25.0,"key":"REST"},{"floor":32.0,"key":"REST"}],"circlet_count":0,"master_deck":["AscendersBane","Defend_R","Defend_R","Defend_R","Defend_R","Bash","Dark Embrace","Sword Boomerang+1","Demon Form+1","Twin Strike+1","Heavy Blade+1","Immolate+1","Pommel Strike+1","Dropkick+1","Bite+1","Bite+1","Bite+1","Bite+1","Bite+1","Apotheosis","Thunderclap+1","Reaper+1","Whirlwind+1"],"relics":["Burning Blood","Golden Idol","Molten Egg 2","Fusion Hammer","Red Mask","Bag of Marbles"],"acts_visited":["Exordium","TheCity"],"potions_floor_usage":[],"damage_taken":[{"damage":11.0,"enemies":"Jaw Worm","floor":1.0,"turns":6.0},{"damage":11.0,"enemies":"Small Slimes","floor":2.0,"turns":4.0},{"damage":8.0,"enemies":"2 Louse","floor":4.0,"turns":3.0},{"damage":22.0,"enemies":"Lagavulin","floor":7.0,"turns":5.0},{"damage":8.0,"enemies":"Exordium Wildlife","floor":12.0,"turns":4.0},{"damage":28.0,"enemies":"Gremlin Gang","floor":14.0,"turns":5.0},{"damage":45.0,"enemies":"The Guardian","floor":16.0,"turns":9.0},{"damage":11.0,"enemies":"Spheric Guardian","floor":18.0,"turns":3.0},{"damage":46.0,"enemies":"Masked Bandits","floor":19.0,"turns":4.0},{"damage":4.0,"enemies":"3 Byrds","floor":22.0,"turns":5.0},{"damage":12.0,"enemies":"3 Cultists","floor":24.0,"turns":3.0},{"damage":20.0,"enemies":"Snecko","floor":27.0,"turns":3.0},{"damage":33.0,"enemies":"Sentry and Sphere","floor":28.0,"turns":5.0},{"damage":57.0,"enemies":"Shelled Parasite and Fungi","floor":31.0,"turns":6.0},{"damage":59,"enemies":"Collector","floor":33,"turns":5}],"seed_played":"1612705439299829649","potions_obtained":[{"floor":2.0,"key":"ElixirPotion"},{"floor":12.0,"key":"Block Potion"},{"floor":19.0,"key":"SneckoOil"},{"floor":24.0,"key":"Explosive Potion"},{"floor":28.0,"key":"LiquidMemories"}],"is_trial":false,"path_per_floor":["M","M","?","M","?","R","E","R","T","$","$","M","R","M","R","B",null,"M","?","?","$","M","R","M","R","T","M","M","$","?","M","R","B"],"character_chosen":"IRONCLAD","items_purchased":["Apotheosis"],"campfire_rested":5,"item_purchase_floors":[21],"current_hp_per_floor":[63,58,58,56,56,56,40,40,40,40,40,38,58,36,56,17,55,50,10,10,10,27,41,41,47,47,36,24,24,57,24,41,0,0],"gold":81,"neow_bonus":"TRANSFORM_TWO_CARDS","is_daily":false,"chose_seed":false,"campfire_upgraded":2,"win_rate":0.0,"timestamp":1613850138,"path_taken":["M","M","?","M","?","R","E","R","T","?","$","M","R","M","R","BOSS","M","?","?","?","M","R","M","R","T","M","?","$","?","?","R","BOSS"],"items_purchased_type":["Card"],"build_version":"2020-12-22","purchased_purges":2,"victory":false,"max_hp_per_floor":[75,75,68,68,68,68,68,68,68,68,68,68,68,68,68,68,68,68,68,47,47,47,47,47,47,47,47,47,47,57,57,57,57,57],"relic_stats":{"counters":[15,70],"Golden Idol":73,"obtain_stats":[{"Golden Idol":3,"Molten Egg 2":7,"Fusion Hammer":17,"Red Mask":19,"Bag of Marbles":26,"Burning Blood":0},{"Golden Idol":2,"Molten Egg 2":4,"Fusion Hammer":7,"Red Mask":9,"Bag of Marbles":11,"Burning Blood":0},{"Golden Idol":10,"Molten Egg 2":18,"Fusion Hammer":36,"Red Mask":43,"Bag of Marbles":51,"Burning Blood":0}],"Burning Blood":84},"card_choices":[{"not_picked":["Twin Strike","Anger"],"picked":"Sword Boomerang","floor":1.0},{"not_picked":["Twin Strike","Cleave"],"picked":"Wild Strike","floor":2.0},{"not_picked":["Body Slam","Clash"],"picked":"Demon Form","floor":4.0},{"not_picked":["True Grit","Cleave+1"],"picked":"Twin Strike+1","floor":7.0},{"not_picked":["Iron Wave+1","Pommel Strike+1"],"picked":"Heavy Blade+1","floor":12.0},{"not_picked":["Feel No Pain","Havoc","Headbutt+1"],"picked":"SKIP","floor":14.0},{"not_picked":["Feed+1","Demon Form"],"picked":"Immolate+1","floor":16.0},{"not_picked":["Thunderclap+1","Dark Embrace"],"picked":"Pommel Strike+1","floor":18.0},{"not_picked":["Headbutt+1","Heavy Blade+1"],"picked":"Dropkick+1","floor":19.0},{"not_picked":["Cleave+1","Warcry","Heavy Blade+1"],"picked":"SKIP","floor":22.0},{"not_picked":["Cleave+1","Warcry","Heavy Blade+1"],"picked":"SKIP","floor":22.0},{"not_picked":["Clothesline+1","Ghostly Armor"],"picked":"Thunderclap+1","floor":24.0},{"not_picked":["Rupture","Body Slam+1"],"picked":"Reaper+1","floor":27.0},{"not_picked":["Heavy Blade+1","Twin Strike+1","True Grit"],"picked":"SKIP","floor":28.0},{"not_picked":["Iron Wave+1","Infernal Blade+1"],"picked":"Whirlwind+1","floor":31.0}],"player_experience":1542480,"relics_obtained":[{"floor":7.0,"key":"Molten Egg 2"},{"floor":19.0,"key":"Red Mask"},{"floor":26.0,"key":"Bag of Marbles"}],"event_choices":[{"damage_healed":0.0,"max_hp_gain":0.0,"max_hp_loss":7.0,"gold_gain":0.0,"event_name":"Golden Idol","player_choice":"Lose Max HP","floor":3.0,"gold_loss":0.0,"damage_taken":0.0,"relics_obtained":["Golden Idol"]},{"damage_healed":0.0,"max_hp_gain":0.0,"max_hp_loss":0.0,"gold_gain":0.0,"event_name":"Liars Game","player_choice":"Ignored","floor":5.0,"gold_loss":0.0,"damage_taken":0.0},{"damage_healed":0.0,"max_hp_gain":0.0,"max_hp_loss":0.0,"gold_gain":0.0,"event_name":"Masked Bandits","player_choice":"Fought Bandits","floor":19.0,"gold_loss":0.0,"damage_taken":0.0},{"damage_healed":0.0,"max_hp_gain":0.0,"max_hp_loss":21.0,"gold_gain":0.0,"event_name":"Vampires","player_choice":"Became a vampire","floor":20.0,"gold_loss":0.0,"damage_taken":0.0,"cards_obtained":["Bite","Bite","Bite","Bite","Bite"]},{"cards_removed":["Brutality"],"damage_healed":23.0,"max_hp_gain":10.0,"max_hp_loss":0.0,"gold_gain":0.0,"event_name":"Bonfire Elementals","player_choice":"Offered Rare","floor":30.0,"gold_loss":0.0,"damage_taken":0.0}],"is_beta":false,"boss_relics":[{"not_picked":["Pandora\u0027s Box","Sozu"],"picked":"Fusion Hammer"}],"items_purged_floors":[11,29],"is_endless":false,"potions_floor_spawned":[2,12,19,24,28,31],"killed_by":"Collector","ascension_level":20}}