{"host":"shco1hyybuygyub0","time":1613818000,"event":{"mods":["BaseMod","Minty Spire (QoL Compilation)","StSLib","SuperFastMode"],"gold_per_floor":[109,109,128,144,154,154,172,191,217,231,246,270,304,323,323,399,399,409,459,29,39,58,58,58,58],"floor_reached":24,"language":"KOR","playtime":839,"items_purged":["Strike_G"],"score":408,"play_id":"d6541157-5363-4ac4-9c3b-3a5cb2e7d7b7","local_time":"20210220194640","is_ascension_mode":true,"campfire_choices":[{"floor":6,"key":"REST"},{"floor":15,"key":"REST"},{"floor":23,"key":"REST"}],"circlet_count":0,"master_deck":["AscendersBane","Strike_G","Strike_G","Strike_G","Strike_G","Defend_G","Defend_G","Defend_G","Defend_G","Defend_G","Survivor","Neutralize","All Out Attack","Blade Dance","Choke","Acrobatics","Blur","Terror","A Thousand Cuts","Venomology","Well Laid Plans+1"],"relics":["Fusion Hammer","Ancient Tea Set","Odd Mushroom","Thread and Needle","SacredBark","Frozen Egg 2"],"acts_visited":["TheCity"],"potions_floor_usage":[5,16,16,18,21,22,22,24],"damage_taken":[{"damage":9.0,"enemies":"Jaw Worm","floor":1.0,"turns":7.0},{"damage":0,"enemies":"Cultist","floor":3,"turns":4},{"damage":0,"enemies":"Small Slimes","floor":4,"turns":3},{"damage":10,"enemies":"Exordium Thugs","floor":5,"turns":3},{"damage":8,"enemies":"Large Slime","floor":7,"turns":5},{"damage":1,"enemies":"Looter","floor":8,"turns":3},{"damage":16,"enemies":"2 Fungi Beasts","floor":10,"turns":3},{"damage":2,"enemies":"Large Slime","floor":11,"turns":5},{"damage":0,"enemies":"The Mushroom Lair","floor":12,"turns":4},{"damage":12,"enemies":"3 Sentries","floor":13,"turns":7},{"damage":2,"enemies":"Looter","floor":14,"turns":4},{"damage":4,"enemies":"The Guardian","floor":16,"turns":10},{"damage":23,"enemies":"3 Byrds","floor":18,"turns":5},{"damage":0,"enemies":"Spheric Guardian","floor":21,"turns":5},{"damage":22,"enemies":"Snake Plant","floor":22,"turns":5},{"damage":21,"enemies":"Gremlin Leader","floor":24,"turns":4}],"seed_played":"3687708554842368758","potions_obtained":[{"floor":3,"key":"FearPotion"},{"floor":4,"key":"CultistPotion"},{"floor":8,"key":"Energy Potion"},{"floor":18,"key":"AttackPotion"}],"is_trial":false,"path_per_floor":["M","?","M","M","M","R","M","M","T","M","M","?","E","M","R","B",null,"M","?","$","M","M","R","E"],"character_chosen":"THE_SILENT","items_purchased":["Frozen Egg 2","Well Laid Plans+1"],"campfire_rested":3,"item_purchase_floors":[20,20],"current_hp_per_floor":[50,50,50,50,40,59,51,50,50,34,32,32,20,18,37,33,58,35,29,29,29,7,26,5,5],"gold":58,"neow_bonus":"BOSS_RELIC","is_daily":false,"chose_seed":false,"campfire_upgraded":0,"win_rate":0.0,"timestamp":1613818000,"path_taken":["M","?","M","M","M","R","M","M","T","M","?","?","E","M","R","BOSS","M","?","$","M","M","R","E"],"items_purchased_type":["Relic","Card"],"build_version":"2020-12-22","purchased_purges":1,"victory":false,"max_hp_per_floor":[66,66,66,66,66,66,66,66,66,66,66,66,66,66,66,66,66,66,66,66,66,66,66,66,66],"card_choices":[{"not_picked":["Dagger Spray","Sucker Punch"],"picked":"All Out Attack","floor":1.0},{"not_picked":["Reflex","Cloak And Dagger"],"picked":"Choke","floor":3},{"not_picked":["Reflex","Bane","Flying Knee"],"picked":"SKIP","floor":4},{"not_picked":["Quick Slash","Calculated Gamble"],"picked":"Acrobatics","floor":5},{"not_picked":["Acrobatics","Dodge and Roll","Quick Slash"],"picked":"SKIP","floor":7},{"not_picked":["Blade Dance","Bullet Time","Deflect"],"picked":"SKIP","floor":8},{"not_picked":["Prepared","Dodge and Roll"],"picked":"Blur","floor":10},{"not_picked":["Quick Slash","Acrobatics"],"picked":"Terror","floor":11},{"not_picked":["Dagger Throw","Cloak And Dagger"],"picked":"A Thousand Cuts","floor":12},{"not_picked":["Underhanded Strike","Storm of Steel","Heel Hook"],"picked":"SKIP","floor":13},{"not_picked":["Endless Agony","Acrobatics","Dagger Spray"],"picked":"SKIP","floor":14},{"not_picked":["Die Die Die","Malaise"],"picked":"Venomology","floor":16},{"not_picked":["Flying Knee","Blade Dance","Setup"],"picked":"SKIP","floor":18},{"not_picked":["Deflect","Dagger Spray","Quick Slash"],"picked":"SKIP","floor":21},{"not_picked":["Sucker Punch","Cloak And Dagger","Deflect"],"picked":"SKIP","floor":22}],"player_experience":1288860,"relics_obtained":[{"floor":9,"key":"Ancient Tea Set"},{"floor":12,"key":"Odd Mushroom"},{"floor":13,"key":"Thread and Needle"}],"event_choices":[{"damage_healed":0,"gold_gain":0,"player_choice":"1 cards matched","damage_taken":0,"max_hp_gain":0,"max_hp_loss":0,"event_name":"Match and Keep!","floor":2,"gold_loss":0,"cards_obtained":["Blade Dance"]},{"damage_healed":0,"gold_gain":0,"player_choice":"Fought Mushrooms","damage_taken":0,"max_hp_gain":0,"max_hp_loss":0,"event_name":"Mushrooms","floor":12,"gold_loss":0},{"damage_healed":0,"gold_gain":50,"player_choice":"Touch","damage_taken":6,"max_hp_gain":0,"max_hp_loss":0,"event_name":"FaceTrader","floor":19,"gold_loss":0}],"is_beta":false,"boss_relics":[{"not_picked":["WristBlade","Runic Dome"],"picked":"SacredBark"}],"items_purged_floors":[20],"is_endless":false,"potions_floor_spawned":[3,4,8,12,13,14,18],"killed_by":"Gremlin Leader","ascension_level":20}}