{"host":"d73an99q9oevilk5","time":1613788150,"event":{"mods":["2.2 Compatiblity","AchievementEnabler","Act Like it!","Aspiration","BaseMod","Beaked The Cultist","Better Third Choice","BetterRewards","Colored Map","Colored Powertips","Conspire","Downfall","GifTheSpireLib","Halation","Hubris","Infinite Spire","Marisa????????","Mimic Mod","Minty Spire (QoL Compilation)","MostiFishMod","Quick Restart","Relic Sorter","Reliquary","Replay The Spire","Shop Mod","Spikes Relics","StSLib","Stuff the Spire","The Cursed","The Jungle","The Necromancer","The Saiyan","Waifu the Spire","egg","slay the spire mod where everything is the same but ironclad has a cowboy hat"],"gold_per_floor":[109,109,109,127,139,171,185,185,211,223,237,262,279,279,279,375,375,385,401,462,482,482,482,497,524,558,574,574,574,574,605,605,745,745,811,861,937,1016,1016,1112,1198,1198,1280,1378,1378,1378,1487,1603,1603,1603],"floor_reached":51,"language":"ENG","playtime":2698,"items_purged":[],"score":1383,"play_id":"762357f5-74be-424e-a476-a335cac6b30d","local_time":"20210219192910","is_ascension_mode":false,"campfire_choices":[{"data":"beaked:Ceremony","floor":8.0,"key":"SMITH"},{"data":"beaked:Ceremony","floor":15.0,"key":"SMITH"},{"data":"beaked:BloodRitual","floor":23.0,"key":"SMITH"},{"data":"beaked:Ceremony","floor":28.0,"key":"SMITH"},{"data":"beaked:CrazyRituals","floor":28.0,"key":"SMITH"},{"data":"beaked:CrazyRituals","floor":30.0,"key":"SMITH"},{"data":"beaked:Foresight","floor":30.0,"key":"SMITH"},{"data":"StuffTheSpire:Coldhearted","floor":32,"key":"SMITH"},{"data":"beaked:Hexing","floor":32,"key":"SMITH"},{"data":"beaked:CrazyRituals","floor":42,"key":"SMITH"},{"data":"beaked:Sacrifice","floor":42,"key":"SMITH"},{"data":"beaked:Insight","floor":49,"key":"SMITH"},{"data":"beaked:Brace","floor":49,"key":"SMITH"}],"circlet_count":0,"master_deck":["beaked:Strike_Y","beaked:Strike_Y","beaked:Strike_Y","beaked:Strike_Y","beaked:Strike_Y","beaked:Defend_Y","beaked:Defend_Y+1","beaked:Defend_Y","beaked:Defend_Y","beaked:Ceremony+1","beaked:Ceremony+1","beaked:Ceremony+1","beaked:BloodForTheGods","beaked:CrazyRituals+1","beaked:Evade","beaked:CrazyRituals+1","beaked:BloodRitual+1","beaked:ScreechingChant","beaked:AwakenedForm","beaked:Foresight+1","beaked:Foresight+1","beaked:WarriorSpirit","beaked:MachineSpirit","StuffTheSpire:Coldhearted+1","beaked:Hexing+1","beaked:CrazyRituals+1","beaked:Brace+1","beaked:Sacrifice+1","beaked:Insight+1","beaked:Foresight+1","beaked:CrazyRituals+1","beaked:CursingBlood+1","beaked:Strike_Y+1","beaked:WarriorEssence+1","beaked:CrazyRituals+1"],"relics":["beaked:MendingPlumage","MostiFishMod:Haymaker","Dodecahedron","DaveBox","Lizard Tail","SynthV:TestCard","Potion Belt","StuffTheSpire:OldFever","aspiration:Lifesprig","hubris:TinFlute","aspiration:ChemicalBlood","Turnip","halation:PenCase","Pen Nib","infinitespire:EvilPickle","reliquary:RedPaperclip","CatCart","StuffTheSpire:Mouthbags","ImprovedEquipment"],"acts_visited":["Exordium","TheCity","TheBeyond"],"potions_floor_usage":[33,33,33,36,36,36,36,36,36,38,38,40,40,40,41,41,44,44,47,47,50,50,50,50,50,50],"damage_taken":[{"damage":10.0,"enemies":"conspire:RoseBush","floor":1.0,"turns":4.0},{"damage":18.0,"enemies":"infinitespire:Voidling","floor":4.0,"turns":4.0},{"damage":26.0,"enemies":"Jaw Worm","floor":5.0,"turns":5.0},{"damage":37.0,"enemies":"Replay:BlueRogue","floor":6.0,"turns":6.0},{"damage":11.0,"enemies":"2 Fungi Beasts","floor":7.0,"turns":3.0},{"damage":20.0,"enemies":"Gremlin Gang","floor":10.0,"turns":4.0},{"damage":28.0,"enemies":"Large Slime","floor":11.0,"turns":5.0},{"damage":60.0,"enemies":"3 Sentries","floor":12.0,"turns":5.0},{"damage":66.0,"enemies":"Blue Slaver","floor":13.0,"turns":8.0},{"damage":17.0,"enemies":"Hexaghost","floor":16.0,"turns":7.0},{"damage":29.0,"enemies":"Shell Parasite","floor":18.0,"turns":6.0},{"damage":7.0,"enemies":"3 Byrds","floor":19.0,"turns":4.0},{"damage":23.0,"enemies":"Centurion and Healer","floor":21.0,"turns":5.0},{"damage":9.0,"enemies":"3 Cultists","floor":24.0,"turns":6.0},{"damage":20.0,"enemies":"conspire:Head Lice","floor":25.0,"turns":8.0},{"damage":34.0,"enemies":"Snake Plant","floor":26.0,"turns":8.0},{"damage":14.0,"enemies":"Snake Plant","floor":27.0,"turns":4.0},{"damage":38.0,"enemies":"Gremlin Leader","floor":31.0,"turns":5.0},{"damage":12,"enemies":"Pondfish","floor":33,"turns":9},{"damage":21,"enemies":"3 Darklings","floor":35,"turns":7},{"damage":68,"enemies":"Orin","floor":36,"turns":6},{"damage":5,"enemies":"Orb Walker","floor":37,"turns":5},{"damage":25,"enemies":"3 Darklings","floor":38,"turns":4},{"damage":38,"enemies":"Reptomancer","floor":40,"turns":7},{"damage":57,"enemies":"Sphere and 2 Shapes","floor":41,"turns":6},{"damage":27,"enemies":"4 Shapes","floor":44,"turns":5},{"damage":16,"enemies":"Transient","floor":47,"turns":5},{"damage":2,"enemies":"Sphere and 2 Shapes","floor":48,"turns":6},{"damage":55,"enemies":"Donu and Deca","floor":50,"turns":8}],"seed_played":"-7630546668000571467","potions_obtained":[{"floor":1.0,"key":"sneckomod:MuddlingPotion"},{"floor":7.0,"key":"PowerPotion"},{"floor":11.0,"key":"PowerPotion"},{"floor":12.0,"key":"Reflective Coating"},{"floor":18.0,"key":"EssenceOfSteel"},{"floor":20.0,"key":"SkillPotion"},{"floor":25.0,"key":"DuplicationPotion"},{"floor":26.0,"key":"Flashbang"},{"floor":26.0,"key":"Venom Potion"},{"floor":33,"key":"Slimebound:ThreeZeroPotion"},{"floor":36,"key":"hexamod:SoulburnPotion"},{"floor":36,"key":"Dexterity Potion"},{"floor":40,"key":"Explosive Potion"},{"floor":40,"key":"bronze:BurnAndBuffPotion"},{"floor":41,"key":"BlessingOfTheForge"},{"floor":41,"key":"Swift Potion"},{"floor":44,"key":"LifebloodPotion"},{"floor":44,"key":"Fruit Juice"},{"floor":47,"key":"Block Potion"}],"is_trial":false,"path_per_floor":["M","?","?","M","M","E","M","R","T","M","M","E","M","?","R","B",null,"M","M","?","M","?","R","M","E","MIM","M","R","AVR","R","E","R","B",null,"M","?","M","M","?","E","M","R","T","M","?","?","M","M","R","B",null],"character_chosen":"BEAKED_THE_CULTIST","items_purchased":[],"campfire_rested":0,"item_purchase_floors":[],"current_hp_per_floor":[46,43,48,40,46,36,29,29,29,45,50,31,41,41,41,50,50,50,50,30,50,50,50,50,50,50,41,41,41,41,50,50,50,50,50,50,49,53,53,53,16,16,16,26,53,53,53,56,56,56],"gold":1603,"neow_bonus":"","is_daily":false,"chose_seed":false,"campfire_upgraded":13,"win_rate":0.0,"timestamp":1613788150,"path_taken":["M","?","?","M","M","E","M","R","T","M","?","E","M","?","R","BOSS","M","M","?","?","?","R","M","E","MIM","?","R","AVR","R","E","R","BOSS","M","?","M","M","?","E","M","R","T","M","?","?","?","M","R","BOSS"],"items_purchased_type":[],"build_version":"2020-12-22","purchased_purges":0,"victory":true,"max_hp_per_floor":[50,50,50,50,50,50,50,50,50,50,50,50,50,50,50,50,50,50,50,50,50,50,50,50,50,50,50,50,50,50,50,50,50,50,50,50,50,53,53,53,56,56,56,61,53,53,53,56,56,56],"card_choices":[{"not_picked":["ReplayTheSpireMod:RavenHex","beaked:BarbedWire","beaked:DesperateSwing"],"picked":"SKIP","floor":1.0},{"not_picked":["ReplayTheSpireMod:Prepare the Ceremony","beaked:Resilience","beaked:BraceForImpact","beaked:RuinSticks","beaked:WarriorEssence"],"picked":"SKIP","floor":4.0},{"not_picked":["beaked:Tradeoff","beaked:Negation","beaked:HuntressEssence","beaked:SacrificialDive"],"picked":"beaked:CrazyRituals","floor":5.0},{"not_picked":["beaked:SacrificialScars","beaked:BloodForTheGods","beaked:Redirect","beaked:Brace"],"picked":"beaked:Evade","floor":6.0},{"not_picked":["beaked:Tweet","beaked:Insight","beaked:SacrificialScars","beaked:Daydream"],"picked":"beaked:CrazyRituals","floor":7.0},{"not_picked":["beaked:Resilience","beaked:RitualOfBody","beaked:Insight","beaked:TuckingFeathers","beaked:Negation"],"picked":"SKIP","floor":10.0},{"not_picked":["beaked:DigDeep","beaked:Tradeoff","ReplayTheSpireMod:Prepare the Ceremony","beaked:CursingBlood"],"picked":"beaked:BloodRitual","floor":11.0},{"not_picked":["beaked:StunningBlow","beaked:SacrificialScars","beaked:Redirect","beaked:VigorBurst","beaked:Windmill"],"picked":"SKIP","floor":12.0},{"not_picked":["beaked:CursingBlood","beaked:Tradeoff","beaked:WarriorEssence","beaked:TuckingFeathers"],"picked":"beaked:ScreechingChant","floor":13.0},{"not_picked":["beaked:DarkPact","ReplayTheSpireMod:Owlgaze","beaked:WildInstinct","beaked:ScreechingChant"],"picked":"beaked:AwakenedForm","floor":16.0},{"not_picked":["beaked:SurvivalInstinct+1","beaked:Mantra","beaked:Flinch","beaked:TuckingFeathers+1"],"picked":"beaked:Foresight+1","floor":18.0},{"not_picked":["beaked:Overpower","beaked:Molting","beaked:MimicMachine","beaked:BounceBack"],"picked":"beaked:Foresight","floor":19.0},{"not_picked":["beaked:Overexert+1","beaked:MimicMachine+1","beaked:BraceForImpact","beaked:RitualOfBody"],"picked":"beaked:WarriorSpirit","floor":20.0},{"not_picked":["beaked:RitualOfBody","beaked:Evade+1","beaked:WindBringer","beaked:TuckingFeathers"],"picked":"beaked:MachineSpirit","floor":21.0},{"not_picked":["beaked:StickSmack+1","beaked:Windmill","beaked:Poke","beaked:Resilience"],"picked":"beaked:Hexing","floor":24.0},{"not_picked":["beaked:StickSmack","beaked:Mantra","beaked:Overexert","beaked:Redirect","beaked:SurvivalInstinct"],"picked":"SKIP","floor":25.0},{"not_picked":["beaked:Evade","ReplayTheSpireMod:RavenHex","beaked:Brace","beaked:Recite+1"],"picked":"beaked:CrazyRituals+1","floor":27.0},{"not_picked":["beaked:DesperateSwing+1","beaked:FullHouse","beaked:DarkPact","beaked:Mantra+1"],"picked":"beaked:Brace","floor":31.0},{"not_picked":["ReplayTheSpireMod:Owlgaze","beaked:DarkTribute","beaked:MachineEssence","beaked:LiftOff"],"picked":"beaked:Sacrifice","floor":33},{"not_picked":["beaked:Poke","beaked:CursingBlood","beaked:Daydream","beaked:StickSmack"],"picked":"beaked:Insight","floor":35},{"not_picked":["beaked:DigDeep+1","beaked:Windmill","beaked:Flinch","beaked:BraceForImpact"],"picked":"beaked:Foresight+1","floor":36},{"not_picked":["beaked:CursingBlood+1","beaked:FeelMyPain+1","beaked:TuckingFeathers","beaked:Poke+1"],"picked":"beaked:CrazyRituals","floor":37},{"not_picked":["beaked:StunningBlow+1","beaked:TuckingFeathers","beaked:WildInstinct","beaked:Evade+1"],"picked":"beaked:CursingBlood+1","floor":38},{"not_picked":["beaked:MachineSpirit+1","beaked:Daydream","beaked:CursingBlood","beaked:Roost+1","beaked:SacrificialAttack"],"picked":"SKIP","floor":40},{"not_picked":["beaked:Overexert","beaked:Brace+1","beaked:CursingBlood","beaked:Redirect+1"],"picked":"beaked:WarriorEssence+1","floor":41},{"not_picked":["beaked:Flinch","beaked:MimicMachine+1","beaked:Foresight","beaked:HuntressEssence+1","beaked:FeelMyPain"],"picked":"SKIP","floor":44},{"not_picked":["beaked:FeelMyPain","beaked:Foresight+1","beaked:Insight+1","ReplayTheSpireMod:Prepare the Ceremony"],"picked":"beaked:CrazyRituals+1","floor":47},{"not_picked":["beaked:TuckingFeathers","beaked:Hexing","beaked:Daydream+1","beaked:DigDeep+1","beaked:StunningBlow"],"picked":"SKIP","floor":48}],"player_experience":1942634,"relics_obtained":[{"floor":1.0,"key":"SynthV:TestCard"},{"floor":6.0,"key":"StuffTheSpire:OldFever"},{"floor":9.0,"key":"aspiration:Lifesprig"},{"floor":12.0,"key":"hubris:TinFlute"},{"floor":13.0,"key":"aspiration:ChemicalBlood"},{"floor":20.0,"key":"Rawhide"},{"floor":25.0,"key":"Turnip"},{"floor":26.0,"key":"halation:PenCase"},{"floor":31.0,"key":"Replay:Rubber Ducky"},{"floor":36,"key":"CatCart"},{"floor":40,"key":"StuffTheSpire:Mouthbags"},{"floor":43,"key":"ImprovedEquipment"}],"event_choices":[{"damage_healed":0.0,"max_hp_gain":0.0,"max_hp_loss":0.0,"gold_gain":0.0,"event_name":"betterThird:BetterScrap","player_choice":"Relic ","floor":2.0,"gold_loss":0.0,"damage_taken":3.0,"cards_obtained":["ReplayTheSpireMod:GoodbyeWorld"]},{"damage_healed":0.0,"max_hp_gain":0.0,"max_hp_loss":0.0,"gold_gain":0.0,"event_name":"The Library","player_choice":"Read","floor":22.0,"gold_loss":0.0,"damage_taken":0.0,"cards_obtained":["StuffTheSpire:Coldhearted"]},{"damage_healed":0,"gold_gain":0,"player_choice":"Fight","damage_taken":0,"max_hp_gain":0,"max_hp_loss":0,"event_name":"OrinTheCat","floor":36,"gold_loss":0},{"damage_healed":53,"gold_gain":0,"player_choice":"Heal","damage_taken":0,"max_hp_gain":0,"max_hp_loss":8,"event_name":"The Moai Head","floor":45,"gold_loss":0},{"damage_healed":0,"gold_gain":0,"player_choice":"Forge","damage_taken":0,"max_hp_gain":0,"max_hp_loss":0,"event_name":"Accursed Blacksmith","floor":46,"gold_loss":0,"cards_upgraded":["beaked:Strike_Y"]}],"is_beta":false,"boss_relics":[{"not_picked":["halation:Prosthetics","hubris:VirtuousBlindfold","RhineFirstAidKit"]},{"not_picked":["TimeKeys","conspire:RoyalGoblet"],"picked":"reliquary:RedPaperclip"}],"items_purged_floors":[],"is_endless":false,"potions_floor_spawned":[1,7,11,12,18,25,31,33,36,44,47],"ascension_level":0}}