{"host":"°¶±ßÂ¶°é","time":1613813745,"event":{"mods":["AchievementEnabler","BaseMod","Downfall","Marisa£¨ìFÓê¡¡Ä§ÀíÉ³£©","Minty Spire (QoL Compilation)","StSLib","The Servant 0.9.4"],"gold_per_floor":[99,109,129,143,143,143,143,143,158,158,64,87,80,80,105,209,209,209,236,259,287,311,193,261,279,299,299,326,347,366,366,391,391,391,391],"floor_reached":33,"language":"ZHS","playtime":3682,"items_purged":["hexamod:Strike"],"score":247,"play_id":"9b02e386-4d7e-4158-9a3a-042a2314a07a","local_time":"20210220173545","is_ascension_mode":false,"campfire_choices":[{"data":"hexamod:Float","floor":1.0,"key":"SMITH"},{"data":"hexamod:CatchUp","floor":6.0,"key":"SMITH"},{"data":"hexamod:TimeOfNeed","floor":8.0,"key":"SMITH"},{"data":"hexamod:SkipABeat","floor":18,"key":"SMITH"},{"data":"hexamod:NecessarySacrifice","floor":27,"key":"SMITH"}],"circlet_count":0,"master_deck":["hexamod:Strike+1","hexamod:Strike","hexamod:Strike+1","hexamod:Defend","hexamod:Defend+1","hexamod:Defend+1","hexamod:Defend+1","hexamod:Sear+1","hexamod:Float+1","hexamod:NecessarySacrifice+1","hexamod:SpectersWail+1","hexamod:SkipABeat+1","hexamod:CatchUp+1","hexamod:TimeOfNeed+1","hexamod:NightmareGuise","hexamod:StepThrough+1","hexamod:SecondSeal","hexamod:FastForward+1","hexamod:SixthSeal","hexamod:EmpoweredFlame+1","hexamod:AdvancingGuard+1","hexamod:Again+1","hexamod:FirstSeal"],"relics":["hexamod:SpiritBrand","hexamod:MatchstickCase","Toy Ornithopter","expansioncontent:StudyCardRelic","Sundial"],"acts_visited":["Exordium","TheCity"],"potions_floor_usage":[15,16,33],"damage_taken":[{"damage":2.0,"enemies":"Small Slimes","floor":2.0,"turns":4.0},{"damage":0.0,"enemies":"Cultist","floor":3.0,"turns":4.0},{"damage":0.0,"enemies":"2 Louse","floor":4.0,"turns":2.0},{"damage":0.0,"enemies":"Exordium Thugs","floor":9.0,"turns":4.0},{"damage":5.0,"enemies":"downfall:FleeingMerchant","floor":11.0,"turns":4.0},{"damage":1.0,"enemies":"2 Fungi Beasts","floor":12.0,"turns":4.0},{"damage":5.0,"enemies":"downfall:FleeingMerchant","floor":13.0,"turns":4.0},{"damage":15,"enemies":"Gremlin Gang","floor":15,"turns":6},{"damage":52,"enemies":"WA_ARCHETYPE_RETAIN","floor":16,"turns":12},{"damage":5,"enemies":"3 Byrds","floor":19,"turns":3},{"damage":0,"enemies":"Chosen","floor":20,"turns":4},{"damage":2,"enemies":"Centurion and Healer","floor":21,"turns":8},{"damage":8,"enemies":"3 Cultists","floor":22,"turns":4},{"damage":0,"enemies":"downfall:FleeingMerchant","floor":23,"turns":4},{"damage":7,"enemies":"Shelled Parasite and Fungi","floor":25,"turns":5},{"damage":16,"enemies":"Snake Plant","floor":26,"turns":4},{"damage":0,"enemies":"Chosen and Byrds","floor":28,"turns":4},{"damage":0,"enemies":"Centurion and Healer","floor":29,"turns":5},{"damage":0,"enemies":"Shelled Parasite and Fungi","floor":30,"turns":3},{"damage":0,"enemies":"Snecko","floor":32,"turns":4},{"damage":52,"enemies":"SI_MIRROR_ARCHETYPE","floor":33,"turns":8}],"seed_played":"5085987243630246477","potions_obtained":[{"floor":2.0,"key":"Guardian:BlockOnCardUsePotion"},{"floor":3.0,"key":"Slimebound:ThreeZeroPotion"},{"floor":12.0,"key":"DistilledChaos"},{"floor":16,"key":"Fire Potion"},{"floor":19,"key":"SmokeBomb"},{"floor":20,"key":"DistilledChaos"},{"floor":25,"key":"Swift Potion"}],"is_trial":false,"path_per_floor":["R","M","M","M","?","R","T","R","M","?","$","M","$","?","M","B",null,"R","M","M","M","M","$","T","M","M","R","M","M","M","?","M","B"],"character_chosen":"THE_SPIRIT","items_purchased":["hexamod:SecondSeal","hexamod:EmpoweredFlame"],"campfire_rested":0,"item_purchase_floors":[11,23],"current_hp_per_floor":[77,75,75,75,75,75,75,75,75,75,70,69,64,64,54,7,77,77,72,72,70,62,62,62,55,39,39,39,39,39,39,46,0,0,0],"gold":391,"neow_bonus":"TEN_PERCENT_HP_BONUS","is_daily":false,"chose_seed":false,"campfire_upgraded":5,"win_rate":0.0,"timestamp":1613813745,"path_taken":["R","M","M","M","?","R","T","R","?","?","$","M","?","?","M","BOSS","R","M","?","M","M","$","T","M","M","R","M","M","M","?","M","BOSS"],"items_purchased_type":["Card","Card"],"build_version":"2020-12-18","purchased_purges":1,"victory":false,"max_hp_per_floor":[77,77,77,77,77,77,77,77,77,77,77,77,77,77,77,77,77,77,77,77,77,77,77,77,77,77,77,77,77,77,77,77,77,77,77],"card_choices":[{"not_picked":["hexamod:Firestarter","hexamod:GhostShield"],"picked":"hexamod:NecessarySacrifice","floor":2.0},{"not_picked":["hexamod:InspiringFlames","hexamod:BurningTouch"],"picked":"hexamod:SpectersWail","floor":3.0},{"not_picked":["hexamod:EtherealExpedition","hexamod:ChargedBarrage"],"picked":"hexamod:SkipABeat","floor":4.0},{"not_picked":["hexamod:EtherealExpedition","hexamod:RainOfEmbers"],"picked":"hexamod:StepThrough","floor":9.0},{"not_picked":["hexamod:HeatShield","hexamod:SpectersWail","hexamod:TurnItUp"],"picked":"SKIP","floor":11.0},{"not_picked":["hexamod:GhostShield","hexamod:HauntingEcho"],"picked":"hexamod:FastForward","floor":12.0},{"not_picked":["hexamod:CatchUp","hexamod:Again","hexamod:Rewind"],"picked":"SKIP","floor":13.0},{"not_picked":["hexamod:SecondSeal","hexamod:NightmareGuise","hexamod:EtherealExpedition"],"picked":"SKIP","floor":15},{"not_picked":["hexamod:VolcanoVisage","hexamod:HexaLevel"],"picked":"hexamod:SixthSeal","floor":16},{"not_picked":["hexamod:NightmareStrike","hexamod:FastForward","hexamod:SpectersWail"],"picked":"SKIP","floor":19},{"not_picked":["hexamod:GhostLash","hexamod:GhostShield+1","hexamod:HauntingEcho"],"picked":"SKIP","floor":20},{"not_picked":["hexamod:InspiringFlames","hexamod:HauntingEcho+1","hexamod:BurningTouch"],"picked":"SKIP","floor":21},{"not_picked":["hexamod:HeatMetal","hexamod:Firestarter","hexamod:RecurringNightmare"],"picked":"SKIP","floor":22},{"not_picked":["hexamod:GhostLash","hexamod:SixthSeal","hexamod:SpectersWail"],"picked":"SKIP","floor":23},{"not_picked":["hexamod:NightmareStrike+1","hexamod:ThermalTransfer","hexamod:ShieldOfDarkness"],"picked":"SKIP","floor":25},{"not_picked":["hexamod:InspiringFlames","hexamod:SpectersWail+1"],"picked":"hexamod:AdvancingGuard+1","floor":26},{"not_picked":["hexamod:SecondSeal","hexamod:TimeWarp"],"picked":"hexamod:Again","floor":28},{"not_picked":["hexamod:Firestarter","hexamod:HeatMetal","hexamod:SoulSteal"],"picked":"SKIP","floor":29},{"not_picked":["hexamod:GhostLash","hexamod:NightmareStrike","hexamod:RetreatToShadows"],"picked":"SKIP","floor":30},{"not_picked":["hexamod:FastForward+1","hexamod:ShieldOfDarkness+1","hexamod:NightmareGuise"],"picked":"SKIP","floor":32}],"player_experience":841597,"relics_obtained":[{"floor":7.0,"key":"hexamod:MatchstickCase"},{"floor":10.0,"key":"Toy Ornithopter"},{"floor":24,"key":"Sundial"}],"event_choices":[{"damage_healed":0.0,"max_hp_gain":0.0,"max_hp_loss":0.0,"gold_gain":0.0,"event_name":"Wheel of Change","player_choice":"Relic","floor":10.0,"gold_loss":0.0,"damage_taken":0.0},{"damage_healed":0,"gold_gain":0,"player_choice":"Ignored","damage_taken":0,"max_hp_gain":0,"max_hp_loss":0,"event_name":"NoteForYourself","floor":14,"gold_loss":0},{"damage_healed":0,"gold_gain":0,"player_choice":"Read","damage_taken":0,"max_hp_gain":0,"max_hp_loss":0,"event_name":"The Library","floor":31,"gold_loss":0,"cards_obtained":["hexamod:FirstSeal"]}],"is_beta":true,"boss_relics":[{"not_picked":["Tiny House","Snecko Eye"],"picked":"expansioncontent:StudyCardRelic"}],"items_purged_floors":[23],"is_endless":false,"potions_floor_spawned":[2,3,12,16,19,20,25,26,30,32],"killed_by":"SI_MIRROR_ARCHETYPE","ascension_level":0}}