{"host":"kdt6w7ix8lwe69i9","time":1613842728,"event":{"mods":["100% Spire Juice","BaseMod","ChefMod","Evolution","Koishi","Minty Spire (QoL Compilation)","Poor People Problems","Reimu（博丽灵梦）","Robot Space Explorer","Shade Mod","Shapeshifter Mod","StSLib","The Druid","The Gatherer","The Poker Player","The Servant 0.9.4","TheSurvivalist"],"gold_per_floor":[113,133,133,133,150,150,169,203,228,228,81,94,104,279,279,383,383,398,398,0,20,46,46,80,2,80,80,93,93,93,93,93,195,245,265,111,131,131,145,145,180,197,197,197,247,247,247,247,247,247,247],"floor_reached":50,"language":"ENG","playtime":52299,"items_purged":[],"score":541,"play_id":"a89addb6-a9ea-4657-94a4-cddb6645493f","local_time":"20210220123848","is_ascension_mode":false,"campfire_choices":[{"floor":6,"key":"REST"},{"floor":10,"key":"REST"},{"data":"StSShapeShifter:Sap_Burst","floor":15,"key":"SMITH"},{"data":"StSShapeShifter:BurrBomb","floor":23,"key":"SMITH"},{"floor":27,"key":"REST"},{"floor":32,"key":"REST"},{"floor":40,"key":"RECALL"},{"data":"StSShapeShifter:UnicornForm","floor":47,"key":"SMITH"},{"data":"StSShapeShifter:Synchronicity","floor":49,"key":"SMITH"}],"circlet_count":0,"master_deck":["StSShapeShifter:BloomingSlash","StSShapeShifter:BloomingSlash","StSShapeShifter:BloomingSlash","StSShapeShifter:BloomingSlash","StSShapeShifter:BloomingSlash+1","StSShapeShifter:FallingLeaves","StSShapeShifter:FallingLeaves","StSShapeShifter:FallingLeaves","StSShapeShifter:FallingLeaves","StSShapeShifter:FallingLeaves","StSShapeShifter:HydraForm+1","StSShapeShifter:RockSlide","StSShapeShifter:ClimbTree","StSShapeShifter:StormGryphonForm+1","StSShapeShifter:MonkeyForm","StSShapeShifter:VineHandcuffs","StSShapeShifter:Sap_Burst+1","StSShapeShifter:OakBlade","StSShapeShifter:BarkSkin","StSShapeShifter:BurrBomb+1","CurseOfTheBell","StSShapeShifter:ReplenishingNectar","StSShapeShifter:BurstingSpore+1","StSShapeShifter:BarkSkin","StSShapeShifter:DeepWound","StSShapeShifter:Sap_Burst","StSShapeShifter:Summer","StSShapeShifter:Bonk+1","StSShapeShifter:Synchronicity+1","StSShapeShifter:ThornedSkin+1","StSShapeShifter:PantherForm","StSShapeShifter:BarkSkin+1","Parasite","StSShapeShifter:EmbraceTheCycle","Writhe","StSShapeShifter:SpiritOfTheEarth","StSShapeShifter:UnicornForm+1"],"relics":["StSShapeShifter:AnimalHeart","StSShapeShifter:TheShapeShiftersMagnolia","EVO:Axolotl","Toy Ornithopter","Blood Vial","Tiny Chest","Calling Bell","StSShapeShifter:BeastkeepersGift","HornCleat","FossilizedHelix","NlothsMask","Letter Opener","Strange Spoon","Red Mask","Meat on the Bone","Pocketwatch","Tiny House","Strawberry","Regal Pillow","Boot","Turnip","StSShapeShifter:ThornsOfSummi"],"acts_visited":["Exordium","TheCity","TheBeyond"],"potions_floor_usage":[7,8,21,21,32,35,39,41,50,50],"damage_taken":[{"damage":1,"enemies":"Jaw Worm","floor":1,"turns":3},{"damage":6,"enemies":"Cultist","floor":2,"turns":3},{"damage":0,"enemies":"Small Slimes","floor":5,"turns":2},{"damage":0,"enemies":"2 Fungi Beasts","floor":7,"turns":2},{"damage":12,"enemies":"Gremlin Nob","floor":8,"turns":4},{"damage":12,"enemies":"Lots of Slimes","floor":12,"turns":5},{"damage":19,"enemies":"Blue Slaver","floor":13,"turns":3},{"damage":31,"enemies":"The Guardian","floor":16,"turns":11},{"damage":22,"enemies":"Spheric Guardian","floor":18,"turns":6},{"damage":0,"enemies":"2 Thieves","floor":21,"turns":5},{"damage":52,"enemies":"Masked Bandits","floor":24,"turns":6},{"damage":31,"enemies":"Shelled Parasite and Fungi","floor":28,"turns":7},{"damage":49,"enemies":"Collector","floor":33,"turns":11},{"damage":0,"enemies":"Orb Walker","floor":35,"turns":4},{"damage":9,"enemies":"3 Shapes","floor":37,"turns":8},{"damage":15,"enemies":"Maw","floor":39,"turns":9},{"damage":109,"enemies":"Giant Head","floor":41,"turns":14},{"damage":12,"enemies":"Writhing Mass","floor":42,"turns":7},{"damage":23,"enemies":"Mind Bloom Boss Battle","floor":45,"turns":9},{"damage":103,"enemies":"Awakened One","floor":50,"turns":11}],"seed_played":"-994782735209453005","potions_obtained":[{"floor":1,"key":"Explosive Potion"},{"floor":7,"key":"Strength Potion"},{"floor":12,"key":"Explosive Potion"},{"floor":18,"key":"Energy Potion"},{"floor":28,"key":"EntropicBrew"},{"floor":34,"key":"Fire Potion"},{"floor":35,"key":"FearPotion"},{"floor":37,"key":"SkillPotion"},{"floor":42,"key":"Swift Potion"},{"floor":45,"key":"SpeedPotion"}],"is_trial":false,"path_per_floor":["M","M","?","?","M","R","M","E","T","R","$","M","M","?","R","B",null,"M","?","$","M","T","R","?","$","T","R","M","$","?","T","R","B",null,"M","$","M","$","M","R","E","M","T","?","?","?","R","T","R","B"],"character_chosen":"SHAPESHIFTER","items_purchased":["Tiny Chest","Letter Opener","Strange Spoon","StSShapeShifter:DeepWound","Strawberry"],"campfire_rested":4,"item_purchase_floors":[11,20,20,25,36],"current_hp_per_floor":[56,50,43,43,43,66,66,54,54,77,77,68,51,51,51,22,78,56,56,56,69,69,69,21,21,21,44,30,30,30,30,58,27,83,83,90,86,86,81,81,39,49,49,72,60,60,60,60,60,0,0],"gold":247,"neow_bonus":"THREE_RARE_CARDS","is_daily":false,"chose_seed":false,"campfire_upgraded":4,"win_rate":0.0,"timestamp":1613842728,"path_taken":["M","M","?","?","M","R","M","E","T","R","$","M","?","?","R","BOSS","M","?","$","M","?","R","?","$","T","R","M","?","?","?","R","BOSS","M","$","M","$","M","R","E","M","T","?","?","?","R","?","R","BOSS"],"items_purchased_type":["Relic","Relic","Relic","Card","Relic"],"build_version":"2020-12-22","purchased_purges":0,"victory":false,"max_hp_per_floor":[78,78,78,78,78,78,78,78,78,78,78,78,78,78,78,78,78,78,78,78,78,78,78,78,78,78,78,78,78,78,78,78,78,83,83,90,90,90,90,90,90,90,90,90,90,90,90,90,90,90,90],"card_choices":[{"not_picked":["StSShapeShifter:Tornado","StSShapeShifter:Winter"],"picked":"StSShapeShifter:HydraForm","floor":0},{"not_picked":["StSShapeShifter:CosmicShifter","StSShapeShifter:BloomingSlash"],"picked":"StSShapeShifter:RockSlide","floor":1},{"not_picked":["StSShapeShifter:BurstingSpore","StSShapeShifter:Consume"],"picked":"StSShapeShifter:ClimbTree","floor":2},{"not_picked":["StSShapeShifter:VineHandcuffs","StSShapeShifter:Garden"],"picked":"StSShapeShifter:MonkeyForm","floor":5},{"not_picked":["StSShapeShifter:Rest","StSShapeShifter:FallingLeaves"],"picked":"StSShapeShifter:VineHandcuffs","floor":7},{"not_picked":["StSShapeShifter:DeerForm","StSShapeShifter:RitualOfTheExtinct"],"picked":"StSShapeShifter:Sap_Burst","floor":8},{"not_picked":["StSShapeShifter:Maul","StSShapeShifter:ThornToss"],"picked":"StSShapeShifter:OakBlade","floor":12},{"not_picked":["StSShapeShifter:MonkeyForm","StSShapeShifter:MagicMushrooms"],"picked":"StSShapeShifter:BarkSkin","floor":13},{"not_picked":["StSShapeShifter:Forgiveness","StSShapeShifter:LionForm"],"picked":"StSShapeShifter:BurrBomb","floor":16},{"not_picked":["StSShapeShifter:OwlForm","StSShapeShifter:FruitBasket"],"picked":"StSShapeShifter:ReplenishingNectar","floor":18},{"not_picked":["StSShapeShifter:ShiftingStrike","StSShapeShifter:RockSlide"],"picked":"StSShapeShifter:BurstingSpore+1","floor":21},{"not_picked":["StSShapeShifter:Maul+1","StSShapeShifter:FesteringBite"],"picked":"StSShapeShifter:BarkSkin","floor":24},{"not_picked":["StSShapeShifter:Consume","StSShapeShifter:DeerForm"],"picked":"StSShapeShifter:Sap_Burst","floor":28},{"not_picked":["StSShapeShifter:RestoreBalance","StSShapeShifter:Spring"],"picked":"StSShapeShifter:Summer","floor":33},{"not_picked":["StSShapeShifter:Roar","StSShapeShifter:VileMushroom"],"picked":"StSShapeShifter:Bonk+1","floor":34},{"not_picked":["StSShapeShifter:BladeOfGrass","StSShapeShifter:MagicMushrooms+1"],"picked":"StSShapeShifter:Synchronicity","floor":35},{"not_picked":["StSShapeShifter:GoldenBerries+1","StSShapeShifter:BladeOfGrass+1"],"picked":"StSShapeShifter:ThornedSkin+1","floor":37},{"not_picked":["StSShapeShifter:VineHandcuffs+1","StSShapeShifter:BloomingSlash"],"picked":"StSShapeShifter:PantherForm","floor":39},{"not_picked":["StSShapeShifter:OakBlade+1","StSShapeShifter:Maul"],"picked":"StSShapeShifter:BarkSkin+1","floor":41},{"not_picked":["StSShapeShifter:MonkeyForm+1","StSShapeShifter:BloomingSlash"],"picked":"StSShapeShifter:EmbraceTheCycle","floor":42},{"not_picked":["StSShapeShifter:BladeOfGrass","StSShapeShifter:FlowerShield"],"picked":"StSShapeShifter:SpiritOfTheEarth","floor":45}],"player_experience":1692145,"relics_obtained":[{"floor":8,"key":"Toy Ornithopter"},{"floor":9,"key":"Blood Vial"},{"floor":17,"key":"StSShapeShifter:BeastkeepersGift"},{"floor":17,"key":"HornCleat"},{"floor":17,"key":"FossilizedHelix"},{"floor":24,"key":"Red Mask"},{"floor":26,"key":"Meat on the Bone"},{"floor":31,"key":"Pocketwatch"},{"floor":41,"key":"Regal Pillow"},{"floor":43,"key":"Boot"},{"floor":45,"key":"Turnip"},{"floor":48,"key":"StSShapeShifter:ThornsOfSummi"}],"event_choices":[{"damage_healed":0,"gold_gain":0,"player_choice":"Ignored","damage_taken":0,"max_hp_gain":0,"max_hp_loss":0,"event_name":"NoteForYourself","floor":4,"gold_loss":0},{"damage_healed":0,"gold_gain":175,"player_choice":"AGREE","damage_taken":0,"max_hp_gain":0,"max_hp_loss":0,"event_name":"Liars Game","floor":14,"gold_loss":0,"cards_obtained":["Doubt"]},{"damage_healed":0,"gold_gain":0,"player_choice":"Trade","damage_taken":0,"relics_obtained":["NlothsMask"],"max_hp_gain":0,"max_hp_loss":0,"event_name":"FaceTrader","floor":19,"gold_loss":0},{"damage_healed":0,"gold_gain":0,"player_choice":"Fought Bandits","damage_taken":0,"max_hp_gain":0,"max_hp_loss":0,"event_name":"Masked Bandits","floor":24,"gold_loss":0},{"cards_removed":["Doubt"],"damage_healed":0,"gold_gain":0,"player_choice":"Elegance","damage_taken":0,"max_hp_gain":0,"max_hp_loss":0,"event_name":"Back to Basics","floor":30,"gold_loss":0},{"damage_healed":23,"gold_gain":0,"player_choice":"Writhe","damage_taken":0,"max_hp_gain":0,"max_hp_loss":0,"event_name":"Winding Halls","floor":44,"gold_loss":0,"cards_obtained":["Writhe"]},{"damage_healed":0,"gold_gain":0,"player_choice":"Fight","damage_taken":0,"max_hp_gain":0,"max_hp_loss":0,"event_name":"MindBloom","floor":45,"gold_loss":0}],"is_beta":false,"boss_relics":[{"not_picked":["Runic Pyramid","Runic Dome"],"picked":"Calling Bell"},{"not_picked":["Pandora\u0027s Box","RedLine:ReiMu"],"picked":"Tiny House"}],"items_purged_floors":[],"is_endless":false,"potions_floor_spawned":[1,7,12,18,28,33,35,37,42,45],"killed_by":"Awakened One","ascension_level":0}}