{"host":"2yqfi47fogfu1ic4","time":1613820208,"event":{"mods":["AchievementEnabler","BaseMod","Colored Map","Colored Powertips","Highlight Path","Minty Spire (QoL Compilation)","Permanent Neow","Relic Stats","StSLib"],"gold_per_floor":[112,123,21,41,41,41,41,72,72,113,38,38,38,77,77,77,77],"floor_reached":16,"language":"DEU","playtime":601,"items_purged":["Strike_G"],"score":232,"play_id":"a0aeb5b3-df3d-4501-9042-9ca9dbe8f730","local_time":"20210220122328","is_ascension_mode":true,"campfire_choices":[{"data":"Predator","floor":6.0,"key":"SMITH"},{"floor":13,"key":"REST"},{"data":"Noxious Fumes","floor":15,"key":"SMITH"}],"circlet_count":0,"master_deck":["AscendersBane","Strike_G","Strike_G","Strike_G","Defend_G","Defend_G","Defend_G","Defend_G","Defend_G","Survivor","Neutralize","Backstab","Poisoned Stab","Discovery","Predator+1","Venomology","Noxious Fumes+1","Cloak And Dagger"],"relics":["Sozu","Golden Idol","Lantern","Paper Crane","Snake Skull","Oddly Smooth Stone"],"acts_visited":["Exordium"],"potions_floor_usage":[],"damage_taken":[{"damage":0.0,"enemies":"2 Louse","floor":1.0,"turns":3.0},{"damage":4.0,"enemies":"Jaw Worm","floor":2.0,"turns":3.0},{"damage":0.0,"enemies":"Small Slimes","floor":4.0,"turns":3.0},{"damage":25,"enemies":"Lagavulin","floor":8,"turns":8},{"damage":28,"enemies":"Gremlin Nob","floor":10,"turns":4},{"damage":4,"enemies":"Lagavulin","floor":14,"turns":7},{"damage":19,"enemies":"Hexaghost","floor":16,"turns":7}],"seed_played":"6352628865252253243","potions_obtained":[],"is_trial":false,"path_per_floor":["M","M","$","M","?","R","?","E","T","E","$","?","R","E","R","B"],"character_chosen":"THE_SILENT","items_purchased":["Discovery"],"campfire_rested":1,"item_purchase_floors":[3],"current_hp_per_floor":[59,55,55,55,55,55,55,30,30,2,2,2,20,16,16,0,0],"gold":77,"neow_bonus":"BOSS_RELIC","is_daily":false,"chose_seed":false,"campfire_upgraded":2,"win_rate":0.0,"timestamp":1613820208,"path_taken":["M","M","$","M","?","R","?","E","T","E","?","?","R","E","R","BOSS"],"items_purchased_type":["Card"],"build_version":"2020-12-22","purchased_purges":1,"victory":false,"max_hp_per_floor":[66,66,66,66,60,60,60,60,60,60,60,60,60,60,60,60,60],"relic_stats":{"Sozu":5,"counters":[7,35],"Golden Idol":22,"Snake Skull":[15],"obtain_stats":[{"Sozu":0,"Lantern":8,"Golden Idol":5,"Oddly Smooth Stone":14,"Snake Skull":10,"Paper Crane":9,"Ring of the Snake":0},{"Sozu":0,"Lantern":4,"Golden Idol":3,"Oddly Smooth Stone":6,"Snake Skull":5,"Paper Crane":4,"Ring of the Snake":0},{"Sozu":0,"Lantern":17,"Golden Idol":9,"Oddly Smooth Stone":28,"Snake Skull":21,"Paper Crane":17,"Ring of the Snake":0}]},"card_choices":[{"not_picked":["Bane","Backflip"],"picked":"Backstab","floor":1.0},{"not_picked":["Backstab","Concentrate"],"picked":"Poisoned Stab","floor":2.0},{"not_picked":["Flying Knee","Escape Plan"],"picked":"Predator","floor":4.0},{"not_picked":["Flying Knee","Concentrate"],"picked":"Noxious Fumes","floor":8},{"not_picked":["Deflect","Storm of Steel"],"picked":"Cloak And Dagger","floor":10},{"not_picked":["Outmaneuver","Quick Slash","Flying Knee"],"picked":"SKIP","floor":14}],"player_experience":1917009,"relics_obtained":[{"floor":8,"key":"Lantern"},{"floor":9,"key":"Paper Crane"},{"floor":10,"key":"Snake Skull"},{"floor":14,"key":"Oddly Smooth Stone"}],"event_choices":[{"damage_healed":0.0,"max_hp_gain":0.0,"max_hp_loss":6.0,"gold_gain":0.0,"event_name":"Golden Idol","player_choice":"Lose Max HP","floor":5.0,"gold_loss":0.0,"damage_taken":0.0,"relics_obtained":["Golden Idol"]},{"damage_healed":0,"gold_gain":0,"cards_transformed":["Strike_G"],"player_choice":"Change","damage_taken":0,"max_hp_gain":0,"max_hp_loss":0,"event_name":"Living Wall","floor":7,"gold_loss":0,"cards_obtained":["Venomology"]},{"damage_healed":0,"gold_gain":0,"player_choice":"Ignored","damage_taken":0,"max_hp_gain":0,"max_hp_loss":0,"event_name":"Liars Game","floor":12,"gold_loss":0}],"is_beta":false,"boss_relics":[],"items_purged_floors":[11],"is_endless":false,"potions_floor_spawned":[1,10],"killed_by":"Hexaghost","ascension_level":20}}