{"host":"x4954lblgztusody","time":1613798035,"event":{"mods":["BaseMod","Clockwork Mod","Colored Map","Curses Come First","Minty Spire (QoL Compilation)","Rare Cards Sparkle","Shop Mod","StSLib","The Animator","WarShipGirlsR/战舰少女R mod"],"gold_per_floor":[115,129,145,145,163,175,26,61,88,118,149,192,220,185,197,304,316,339,450,462,474,237,252,34,50,75,109,109,135,151,251,251,349,349,360,380,392,392,392,421,456,482,507,535,204,204,80,95,95,95,95,95,7,35,35],"floor_reached":56,"language":"ENG","playtime":6635,"items_purged":["Clockwork:Strike","Clockwork:Strike","Clockwork:Strike","Clockwork:Tinker+1","Clockwork:CogToss"],"score":1467,"play_id":"23583510-370a-4fbe-a4e5-5a23a1894412","local_time":"20210219211355","is_ascension_mode":false,"campfire_choices":[{"data":"Clockwork:SiegeStrike","floor":15.0,"key":"SMITH"},{"data":"Clockwork:Pluck","floor":28,"key":"SMITH"},{"data":"Clockwork:Pluck","floor":32,"key":"SMITH"},{"data":"Clockwork:PerfectForm","floor":46,"key":"SMITH"},{"floor":49,"key":"RECALL"},{"data":"Clockwork:ReactiveNanites","floor":52,"key":"SMITH"}],"circlet_count":0,"master_deck":["Clockwork:Shield","Clockwork:Shield","Clockwork:Shield","Clockwork:Shield+1","Clockwork:WarmUp","Clockwork:SiegeStrike+1","Clockwork:SnapKeep","Clockwork:LiteraryArmor","Clockwork:ReactiveNanites+1","Clockwork:Pluck+1","Clockwork:PerfectForm+1","Clockwork:TimeOut+1","Clockwork:Pluck+1","Clockwork:Selectivity+1","Clockwork:SiegeStrike","Clockwork:LiteraryArmor+1","Good Instincts","Clockwork:InertialShield+1","Clockwork:SiegeStrike","Clockwork:InertialShield+1","Clockwork:OccamsRazor"],"relics":["Clockwork:MomentumEngine","War Paint","Juzu Bracelet","MawBank","Oddly Smooth Stone","Philosopher\u0027s Stone","ClockworkSouvenir","Membership Card","MealTicket","Peace Pipe","Clockwork:GoldenCog","Dream Catcher","WingedGreaves","Ornamental Fan","Coffee Dripper","Gambling Chip","Letter Opener","Vajra","Darkstone Periapt","DollysMirror","Mango","Strawberry","Shuriken"],"acts_visited":["Exordium","TheCity","TheBeyond","TheEnding"],"potions_floor_usage":[29,30,31,31,50,55,55],"damage_taken":[{"damage":5.0,"enemies":"2 Louse","floor":1.0,"turns":4.0},{"damage":6.0,"enemies":"Cultist","floor":2.0,"turns":6.0},{"damage":0.0,"enemies":"Jaw Worm","floor":3.0,"turns":7.0},{"damage":2.0,"enemies":"Large Slime","floor":5.0,"turns":6.0},{"damage":4.0,"enemies":"Red Slaver","floor":6.0,"turns":6.0},{"damage":6.0,"enemies":"Lagavulin","floor":8.0,"turns":10.0},{"damage":8.0,"enemies":"3 Louse","floor":10.0,"turns":7.0},{"damage":13.0,"enemies":"Large Slime","floor":11.0,"turns":9.0},{"damage":1.0,"enemies":"3 Sentries","floor":12.0,"turns":9.0},{"damage":9.0,"enemies":"Looter","floor":13.0,"turns":4.0},{"damage":22.0,"enemies":"The Guardian","floor":16.0,"turns":10.0},{"damage":1,"enemies":"3 Byrds","floor":18,"turns":5},{"damage":1,"enemies":"Spheric Guardian","floor":23,"turns":5},{"damage":0,"enemies":"Snecko","floor":25,"turns":5},{"damage":21,"enemies":"Gremlin Leader","floor":27,"turns":6},{"damage":8,"enemies":"Slavers","floor":29,"turns":9},{"damage":0,"enemies":"Centurion and Healer","floor":30,"turns":7},{"damage":0,"enemies":"Colosseum Slavers","floor":31,"turns":5},{"damage":29,"enemies":"Colosseum Nobs","floor":31,"turns":8},{"damage":0,"enemies":"Champ","floor":33,"turns":8},{"damage":0,"enemies":"Orb Walker","floor":35,"turns":5},{"damage":0,"enemies":"3 Darklings","floor":36,"turns":6},{"damage":0,"enemies":"Jaw Worm Horde","floor":37,"turns":4},{"damage":0,"enemies":"Giant Head","floor":40,"turns":6},{"damage":21,"enemies":"Nemesis","floor":41,"turns":7},{"damage":14,"enemies":"Reptomancer","floor":42,"turns":4},{"damage":0,"enemies":"Nemesis","floor":44,"turns":7},{"damage":3,"enemies":"Transient","floor":48,"turns":5},{"damage":12,"enemies":"Donu and Deca","floor":50,"turns":6},{"damage":0,"enemies":"Shield and Spear","floor":54,"turns":3},{"damage":58,"enemies":"The Heart","floor":55,"turns":8}],"seed_played":"3314980231254689306","potions_obtained":[{"floor":1.0,"key":"PowerPotion"},{"floor":2.0,"key":"Fire Potion"},{"floor":8.0,"key":"Dexterity Potion"},{"floor":10.0,"key":"BlessingOfTheForge"},{"floor":12.0,"key":"BlessingOfTheForge"},{"floor":13.0,"key":"FearPotion"},{"floor":20,"key":"Regen Potion"},{"floor":20,"key":"Explosive Potion"},{"floor":20,"key":"Swift Potion"},{"floor":25,"key":"Regen Potion"},{"floor":29,"key":"SkillPotion"},{"floor":33,"key":"FearPotion"},{"floor":35,"key":"Dexterity Potion"},{"floor":42,"key":"Dexterity Potion"},{"floor":48,"key":"LiquidMemories"},{"floor":54,"key":"SkillPotion"}],"is_trial":false,"path_per_floor":["M","M","M","?","M","M","$","E","T","M","M","E","M","?","R","B",null,"M","?","?","?","$","M","$","M","T","E","R","E","M","?","R","B",null,"M","M","M","?","?","E","E","E","T","E","$","R","$","M","R","B",null,"R","$","E","B",null],"character_chosen":"CLOCKWORK","items_purchased":["Clockwork:CraftMomentumEngine","ClockworkSouvenir","Membership Card","DollysMirror","Clockwork:OccamsRazor","Mango","Strawberry","FairyPotion"],"campfire_rested":0,"item_purchase_floors":[7,22,24,45,45,45,45,47],"current_hp_per_floor":[80,74,74,74,72,68,68,62,62,54,41,40,31,31,31,9,85,84,84,84,85,85,84,84,84,84,63,63,55,55,71,71,71,85,85,85,85,85,85,85,64,50,50,50,86,86,101,98,98,86,106,106,106,106,48],"gold":35,"neow_bonus":"TRANSFORM_CARD","is_daily":false,"chose_seed":false,"campfire_upgraded":5,"win_rate":0.0,"timestamp":1613798035,"path_taken":["M","M","M","?","?","M","$","E","T","M","M","E","M","?","R","BOSS","M","?","?","?","?","M","$","M","T","E","R","E","M","?","R","BOSS","M","M","M","?","?","E","E","E","T","E","$","R","$","M","R","BOSS","R","$","E","BOSS"],"items_purchased_type":["Card","Relic","Relic","Relic","Card","Relic","Relic","Potion"],"build_version":"2020-12-22","purchased_purges":5,"victory":true,"max_hp_per_floor":[85,85,85,85,85,85,85,85,85,85,85,85,85,85,85,85,85,85,85,85,85,85,85,85,85,85,85,85,85,85,85,85,85,85,85,85,85,85,85,85,85,85,85,85,106,106,106,106,106,106,106,106,106,106,106],"card_choices":[{"not_picked":["Clockwork:SystemHardening","Clockwork:Downsize"],"picked":"Clockwork:SnapKeep","floor":1.0},{"not_picked":["Clockwork:OccamsRazor","Clockwork:ForgeStrike","Clockwork:AdaptiveCannon"],"picked":"SKIP","floor":2.0},{"not_picked":["Clockwork:PerfectedShield","Clockwork:Pluck"],"picked":"Clockwork:LiteraryArmor","floor":3.0},{"not_picked":["Clockwork:Efficiency","Clockwork:SpringShield","Clockwork:SpurOn"],"picked":"SKIP","floor":5.0},{"not_picked":["Clockwork:SnapKeep","Clockwork:SystemHardening"],"picked":"Clockwork:CogToss","floor":6.0},{"not_picked":["Clockwork:CogToss","Clockwork:FalseStart"],"picked":"Clockwork:ReactiveNanites","floor":8.0},{"not_picked":["Clockwork:SnapKeep","Clockwork:Improve","Clockwork:OccamsRazor"],"picked":"SKIP","floor":10.0},{"not_picked":["Clockwork:AdaptiveCannon","Clockwork:Enhance","Clockwork:RampUp"],"picked":"SKIP","floor":11.0},{"not_picked":["Clockwork:AdaptiveCannon","Clockwork:Enhance","Clockwork:AdaptiveShield"],"picked":"SKIP","floor":12.0},{"not_picked":["Clockwork:Friction","Clockwork:SearingStrike"],"picked":"Clockwork:Pluck","floor":13.0},{"not_picked":["Clockwork:WindupStrike","Clockwork:Halt"],"picked":"Clockwork:PerfectForm","floor":16.0},{"not_picked":["Clockwork:Improve+1","Clockwork:Friction"],"picked":"Clockwork:TimeOut+1","floor":18},{"not_picked":["Clockwork:SnapKeep","Clockwork:Friction"],"picked":"Clockwork:Pluck","floor":23},{"not_picked":["Clockwork:ChargingBlade+1","Clockwork:ForgeStrike+1","Clockwork:AeonShield"],"picked":"SKIP","floor":25},{"not_picked":["Clockwork:SmithsMallet","Clockwork:Enhance","Clockwork:SystemHardening"],"picked":"SKIP","floor":27},{"not_picked":["Clockwork:SpringShield","Clockwork:Downsize","Clockwork:EnthusiasticStrike"],"picked":"SKIP","floor":29},{"not_picked":["Clockwork:ElasticNanites","Clockwork:ForgeStrike","Clockwork:Improve"],"picked":"SKIP","floor":30},{"not_picked":["Clockwork:Scour","Clockwork:SpurOn"],"picked":"Clockwork:Selectivity+1","floor":31},{"not_picked":["Clockwork:UnlimitedCogworks","Clockwork:ZeroPointEnergy"],"picked":"Clockwork:SiegeStrike","floor":33},{"not_picked":["Clockwork:SystemScan+1","Clockwork:Pluck","Clockwork:Selectivity"],"picked":"SKIP","floor":35},{"not_picked":["Clockwork:SearingStrike+1","Clockwork:Friction+1"],"picked":"Clockwork:LiteraryArmor+1","floor":36},{"not_picked":["Clockwork:Improve","Clockwork:LogisticRegression+1","Clockwork:PerfectedShield"],"picked":"SKIP","floor":37},{"not_picked":["Dark Shackles","Impatience"],"picked":"Good Instincts","floor":39},{"not_picked":["Clockwork:CogBarrier+1","Clockwork:TiltAWhirl"],"picked":"Clockwork:InertialShield+1","floor":40},{"not_picked":["Clockwork:CogShield+1","Clockwork:SnapKeep+1","Clockwork:ForgeStrike"],"picked":"SKIP","floor":41},{"not_picked":["Clockwork:ChargingBlade+1","Clockwork:Enhance+1","Clockwork:Minimalism"],"picked":"SKIP","floor":42},{"not_picked":["Clockwork:RevUp","Clockwork:ChargingBlade+1"],"picked":"Clockwork:SiegeStrike","floor":44},{"not_picked":["Clockwork:ReserveSystems","Clockwork:ElasticNanites+1","Clockwork:CogBarrier+1"],"picked":"SKIP","floor":48},{"not_picked":["Clockwork:SmithsMallet","Clockwork:Enhance+1","Clockwork:Roundhouse"],"picked":"SKIP","floor":54}],"player_experience":94088,"relics_obtained":[{"floor":8.0,"key":"Juzu Bracelet"},{"floor":9.0,"key":"MawBank"},{"floor":12.0,"key":"Oddly Smooth Stone"},{"floor":26,"key":"MealTicket"},{"floor":27,"key":"Peace Pipe"},{"floor":29,"key":"Dream Catcher"},{"floor":31,"key":"WingedGreaves"},{"floor":31,"key":"Ornamental Fan"},{"floor":40,"key":"Gambling Chip"},{"floor":41,"key":"Letter Opener"},{"floor":42,"key":"Vajra"},{"floor":44,"key":"Darkstone Periapt"},{"floor":54,"key":"Shuriken"}],"event_choices":[{"damage_healed":0.0,"max_hp_gain":0.0,"max_hp_loss":0.0,"gold_gain":0.0,"event_name":"WeMeetAgain","player_choice":"Gave Potion","floor":4.0,"gold_loss":0.0,"damage_taken":0.0,"relics_obtained":["War Paint"]},{"damage_healed":0.0,"max_hp_gain":0.0,"max_hp_loss":0.0,"gold_gain":0.0,"event_name":"World of Goop","player_choice":"Left Gold","floor":14.0,"gold_loss":47.0,"damage_taken":0.0},{"damage_healed":0,"gold_gain":99,"player_choice":"Stole From Cult","damage_taken":0,"max_hp_gain":0,"max_hp_loss":0,"event_name":"Nest","floor":19,"gold_loss":0},{"damage_healed":0,"gold_gain":0,"player_choice":"Got Potions","damage_taken":0,"max_hp_gain":0,"max_hp_loss":0,"event_name":"Lab","floor":20,"gold_loss":0},{"damage_healed":1,"gold_gain":0,"player_choice":"Full Heal","damage_taken":0,"max_hp_gain":0,"max_hp_loss":0,"event_name":"Wheel of Change","floor":21,"gold_loss":0},{"damage_healed":0,"gold_gain":0,"player_choice":"Fight","damage_taken":0,"max_hp_gain":0,"max_hp_loss":0,"event_name":"Colosseum","floor":31,"gold_loss":0},{"damage_healed":0,"gold_gain":0,"player_choice":"Fought Nobs","damage_taken":0,"max_hp_gain":0,"max_hp_loss":0,"event_name":"Colosseum","floor":31,"gold_loss":0},{"damage_healed":0,"gold_gain":0,"player_choice":"Ignored","damage_taken":0,"max_hp_gain":0,"max_hp_loss":0,"event_name":"Tomb of Lord Red Mask","floor":38,"gold_loss":0},{"damage_healed":0,"gold_gain":0,"player_choice":"Memory 1","damage_taken":0,"max_hp_gain":0,"max_hp_loss":0,"event_name":"SensoryStone","floor":39,"gold_loss":0}],"is_beta":false,"boss_relics":[{"not_picked":["Runic Pyramid","Tiny House"],"picked":"Philosopher\u0027s Stone"},{"not_picked":["Snecko Eye","Calling Bell"],"picked":"Coffee Dripper"}],"items_purged_floors":[7,22,24,47,53],"is_endless":false,"potions_floor_spawned":[1,2,8,10,12,13,25,27,29,33,35,42,48,54],"ascension_level":0}}