{"host":"7hppq3hpkrufijwt","time":1613851652,"event":{"mods":["AchievementEnabler","BaseMod","Colored Powertips","Minty Spire (QoL Compilation)","Quick Restart"],"gold_per_floor":[118,47,47,23,23,46,46,80,80,111,124,144,188,188,188,309,309,323,248,289,112,127,127,127,127,127,148,166,66,79,104,104,233,233,253,267,267,285,285,320,320,355,400,463,463,79,99,99,99,99,99],"floor_reached":50,"language":"ENG","playtime":4174,"items_purged":["Strike_B","Meteor Strike","Defend_B"],"score":568,"play_id":"10b28f8d-8c77-4c43-999e-54eaa1b4e7ef","local_time":"20210220210732","is_ascension_mode":false,"campfire_choices":[{"floor":7,"key":"REST"},{"floor":15,"key":"REST"},{"floor":23,"key":"REST"},{"data":"Redo","floor":25,"key":"SMITH"},{"floor":32,"key":"REST"},{"data":"Electrodynamics","floor":41,"key":"SMITH"},{"floor":45,"key":"REST"},{"data":"Redo","floor":49,"key":"SMITH"}],"circlet_count":0,"master_deck":["Strike_B","Defend_B","Defend_B","Defend_B","Zap","Dualcast","Compile Driver","Loop+1","Beam Cell","Conserve Battery","Redo+1","Turbo","Electrodynamics+1","All For One","CurseOfTheBell","Turbo","Electrodynamics","Static Discharge+1","Redo+1","Sunder","Loop","Steam Power+1","Reboot","BootSequence+1","Storm+1","Multi-Cast","Apotheosis","Ball Lightning"],"relics":["Cracked Core","NeowsBlessing","Golden Idol","FossilizedHelix","White Beast Statue","Letter Opener","Strawberry","Darkstone Periapt","Calling Bell","Lantern","InkBottle","Lizard Tail","Red Mask","Blue Candle","Nuclear Battery","Pen Nib","Oddly Smooth Stone","Bronze Scales","Bird Faced Urn"],"acts_visited":["Exordium","TheCity","TheBeyond"],"potions_floor_usage":[10,11,27,30,33,33,38,44,47,50],"damage_taken":[{"damage":0,"enemies":"Small Slimes","floor":1,"turns":1},{"damage":0,"enemies":"2 Louse","floor":6,"turns":2},{"damage":0,"enemies":"Lagavulin","floor":8,"turns":1},{"damage":12,"enemies":"Gremlin Nob","floor":10,"turns":4},{"damage":0,"enemies":"Cultist","floor":11,"turns":3},{"damage":5,"enemies":"Exordium Thugs","floor":12,"turns":3},{"damage":33,"enemies":"3 Sentries","floor":13,"turns":8},{"damage":49,"enemies":"The Guardian","floor":16,"turns":11},{"damage":32,"enemies":"3 Byrds","floor":18,"turns":4},{"damage":19,"enemies":"Masked Bandits","floor":20,"turns":3},{"damage":0,"enemies":"Spheric Guardian","floor":22,"turns":3},{"damage":25,"enemies":"Centurion and Healer","floor":27,"turns":4},{"damage":30,"enemies":"3 Cultists","floor":28,"turns":3},{"damage":0,"enemies":"Sentry and Sphere","floor":30,"turns":3},{"damage":12,"enemies":"Centurion and Healer","floor":31,"turns":4},{"damage":61,"enemies":"Collector","floor":33,"turns":8},{"damage":12,"enemies":"3 Darklings","floor":35,"turns":2},{"damage":2,"enemies":"3 Shapes","floor":36,"turns":3},{"damage":0,"enemies":"3 Darklings","floor":38,"turns":1},{"damage":0,"enemies":"Reptomancer","floor":40,"turns":4},{"damage":25,"enemies":"Nemesis","floor":42,"turns":4},{"damage":15,"enemies":"Mind Bloom Boss Battle","floor":44,"turns":3},{"damage":4,"enemies":"Maw","floor":47,"turns":6},{"damage":79,"enemies":"Awakened One","floor":50,"turns":6}],"seed_played":"-5848932288404512047","potions_obtained":[{"floor":6,"key":"GamblersBrew"},{"floor":10,"key":"Weak Potion"},{"floor":11,"key":"PowerPotion"},{"floor":12,"key":"FairyPotion"},{"floor":13,"key":"Weak Potion"},{"floor":18,"key":"Swift Potion"},{"floor":27,"key":"Regen Potion"},{"floor":30,"key":"PotionOfCapacity"},{"floor":33,"key":"BlessingOfTheForge"},{"floor":35,"key":"PowerPotion"},{"floor":36,"key":"DistilledChaos"},{"floor":38,"key":"ColorlessPotion"},{"floor":40,"key":"Explosive Potion"},{"floor":44,"key":"Block Potion"},{"floor":47,"key":"ColorlessPotion"}],"is_trial":false,"path_per_floor":["M","$","?","$","?","M","R","E","T","E","M","M","E","T","R","B",null,"M","?","?","$","M","R","?","R","T","M","M","$","M","M","R","B",null,"M","M","?","M","?","E","R","E","T","?","R","$","M","?","R","B"],"character_chosen":"DEFECT","items_purchased":["Loop","Beam Cell","Static Discharge","Redo","Multi-Cast","Apotheosis"],"campfire_rested":5,"item_purchase_floors":[2,4,21,21,46,46],"current_hp_per_floor":[75,75,57,57,57,57,75,75,75,63,63,58,32,32,56,7,88,56,56,37,37,37,63,63,63,63,38,8,8,13,1,27,44,88,76,74,74,74,74,74,74,49,49,34,60,60,68,68,68,0,0],"gold":99,"neow_bonus":"THREE_ENEMY_KILL","is_daily":false,"chose_seed":false,"campfire_upgraded":3,"win_rate":0.0,"timestamp":1613851652,"path_taken":["M","$","?","$","?","M","R","E","T","E","M","?","E","?","R","BOSS","M","?","?","$","M","R","?","R","T","M","?","?","?","M","R","BOSS","M","M","?","M","?","E","R","E","T","?","R","$","M","?","R","BOSS"],"items_purchased_type":["Card","Card","Card","Card","Card","Card"],"build_version":"2020-12-22","purchased_purges":3,"victory":false,"max_hp_per_floor":[75,75,75,75,75,75,75,75,75,75,75,75,82,82,82,82,88,88,88,88,88,88,88,88,88,88,88,88,88,88,88,88,88,88,88,88,88,88,88,88,88,88,88,88,88,88,88,84,84,84,84],"card_choices":[{"not_picked":["Stack","Beam Cell"],"picked":"Compile Driver","floor":1},{"not_picked":["Hologram","Streamline"],"picked":"Conserve Battery","floor":6},{"not_picked":["Tempest","Cold Snap"],"picked":"Redo","floor":8},{"not_picked":["White Noise","Coolheaded","Rebound"],"picked":"SKIP","floor":10},{"not_picked":["Compile Driver","Go for the Eyes"],"picked":"Turbo","floor":11},{"not_picked":["White Noise","Coolheaded"],"picked":"Meteor Strike","floor":12},{"not_picked":["Turbo","Gash"],"picked":"Electrodynamics","floor":13},{"not_picked":["Biased Cognition","Hyperbeam"],"picked":"All For One","floor":16},{"not_picked":["Skim","Go for the Eyes"],"picked":"Turbo","floor":18},{"not_picked":["Go for the Eyes","Hologram"],"picked":"Electrodynamics","floor":20},{"not_picked":["Recycle","Rebound"],"picked":"Sunder","floor":22},{"not_picked":["Consume","Steam"],"picked":"Loop","floor":27},{"not_picked":["Streamline","Blizzard"],"picked":"Steam Power+1","floor":28},{"not_picked":["Redo","Barrage","Genetic Algorithm+1"],"picked":"SKIP","floor":30},{"not_picked":["Heatsinks+1","Coolheaded","Darkness"],"picked":"SKIP","floor":31},{"not_picked":["Amplify","Meteor Strike"],"picked":"Reboot","floor":33},{"not_picked":["Stack+1","Go for the Eyes"],"picked":"BootSequence+1","floor":35},{"not_picked":["Conserve Battery+1","Steam Power+1"],"picked":"Storm+1","floor":36},{"not_picked":["Reprogram","Go for the Eyes+1","Turbo"],"picked":"SKIP","floor":38},{"not_picked":["Redo","Scrape","Beam Cell"],"picked":"SKIP","floor":40},{"not_picked":["Gash","Rip and Tear","Conserve Battery"],"picked":"SKIP","floor":42},{"not_picked":["Rebound","Steam"],"picked":"Ball Lightning","floor":47}],"player_experience":105949,"relics_obtained":[{"floor":8,"key":"FossilizedHelix"},{"floor":9,"key":"White Beast Statue"},{"floor":10,"key":"Letter Opener"},{"floor":13,"key":"Strawberry"},{"floor":14,"key":"Darkstone Periapt"},{"floor":17,"key":"Lantern"},{"floor":17,"key":"InkBottle"},{"floor":17,"key":"Lizard Tail"},{"floor":20,"key":"Red Mask"},{"floor":26,"key":"Blue Candle"},{"floor":40,"key":"Pen Nib"},{"floor":42,"key":"Oddly Smooth Stone"},{"floor":43,"key":"Bronze Scales"},{"floor":44,"key":"Bird Faced Urn"}],"event_choices":[{"damage_healed":0,"gold_gain":0,"player_choice":"Take Damage","damage_taken":18,"relics_obtained":["Golden Idol"],"max_hp_gain":0,"max_hp_loss":0,"event_name":"Golden Idol","floor":3,"gold_loss":0},{"damage_healed":0,"gold_gain":0,"player_choice":"Upgraded","damage_taken":0,"max_hp_gain":0,"max_hp_loss":0,"event_name":"Upgrade Shrine","floor":5,"gold_loss":0,"cards_upgraded":["Loop"]},{"cards_removed":["Strike_B"],"damage_healed":0,"gold_gain":0,"player_choice":"Gave Gold","damage_taken":0,"max_hp_gain":0,"max_hp_loss":0,"event_name":"Beggar","floor":19,"gold_loss":75},{"damage_healed":0,"gold_gain":0,"player_choice":"Fought Bandits","damage_taken":0,"max_hp_gain":0,"max_hp_loss":0,"event_name":"Masked Bandits","floor":20,"gold_loss":0},{"damage_healed":0,"gold_gain":0,"player_choice":"Upgraded","damage_taken":0,"max_hp_gain":0,"max_hp_loss":0,"event_name":"Upgrade Shrine","floor":24,"gold_loss":0,"cards_upgraded":["Static Discharge"]},{"damage_healed":0,"gold_gain":0,"player_choice":"Ignored","damage_taken":0,"max_hp_gain":0,"max_hp_loss":0,"event_name":"Mysterious Sphere","floor":37,"gold_loss":0},{"cards_removed":["Strike_B"],"damage_healed":0,"gold_gain":0,"player_choice":"Removed Attack","damage_taken":0,"max_hp_gain":0,"max_hp_loss":0,"event_name":"Falling","floor":39,"gold_loss":0},{"damage_healed":0,"gold_gain":0,"player_choice":"Fight","damage_taken":0,"max_hp_gain":0,"max_hp_loss":0,"event_name":"MindBloom","floor":44,"gold_loss":0},{"damage_healed":0,"gold_gain":0,"player_choice":"Max HP","damage_taken":0,"max_hp_gain":0,"max_hp_loss":4,"event_name":"Winding Halls","floor":48,"gold_loss":0}],"is_beta":false,"boss_relics":[{"not_picked":["SacredBark","Cursed Key"],"picked":"Calling Bell"},{"not_picked":["Busted Crown","Coffee Dripper"],"picked":"Nuclear Battery"}],"items_purged_floors":[21,29,46],"is_endless":false,"potions_floor_spawned":[6,10,11,12,13,16,18,20,22,27,28,30,31,33,35,36,38,40,42,44,47],"killed_by":"Awakened One","ascension_level":0}}