{"host":"t5vp0whyqzs05fb6","time":1613805097,"event":{"mods":["AchievementEnabler","BaseMod","Colored Map","Minty Spire (QoL Compilation)","Rare Cards Sparkle","SuperFastMode","everything is the same but u backflip on backflip"],"gold_per_floor":[18,29,47,58,78,78,102,131,131,157,157,178,178,194,194,322,322,347,347,360,130,151,151,151,172,172,172,66,86,100,124,124,124,124],"floor_reached":33,"language":"KOR","playtime":1073,"items_purged":["Strike_G","Writhe"],"score":263,"play_id":"100e28e9-3379-488b-a58b-c106a89c3bca","local_time":"20210220161137","is_ascension_mode":false,"campfire_choices":[{"data":"Dash","floor":6,"key":"SMITH"},{"floor":13,"key":"REST"},{"data":"Caltrops","floor":15,"key":"SMITH"},{"data":"Noxious Fumes","floor":23,"key":"SMITH"},{"floor":32,"key":"REST"}],"circlet_count":0,"master_deck":["Strike_G","Strike_G","Strike_G","Defend_G","Defend_G","Defend_G","Defend_G","Survivor","Neutralize","Dash+1","Dagger Throw","Backstab","Dagger Spray","Dagger Throw","Caltrops+1","After Image","Underhanded Strike+1","Noxious Fumes+1","Noxious Fumes","Purity","Acrobatics","Parasite","Noxious Fumes","Bouncing Flask","Catalyst","Catalyst"],"relics":["Ring of the Snake","Odd Mushroom","Smiling Mask","The Courier","Toy Ornithopter","Golden Idol","Cursed Key","White Beast Statue","Question Card"],"acts_visited":["Exordium","TheCity"],"potions_floor_usage":[10,16,25,25,29,31,31,33],"damage_taken":[{"damage":2,"enemies":"2 Louse","floor":1,"turns":3},{"damage":3,"enemies":"Small Slimes","floor":2,"turns":3},{"damage":0,"enemies":"Cultist","floor":3,"turns":3},{"damage":16,"enemies":"Exordium Thugs","floor":4,"turns":6},{"damage":0,"enemies":"Blue Slaver","floor":5,"turns":3},{"damage":0,"enemies":"The Mushroom Lair","floor":7,"turns":4},{"damage":2,"enemies":"3 Sentries","floor":8,"turns":6},{"damage":23,"enemies":"Gremlin Nob","floor":10,"turns":4},{"damage":2,"enemies":"3 Louse","floor":12,"turns":2},{"damage":2,"enemies":"Looter","floor":14,"turns":2},{"damage":19,"enemies":"The Guardian","floor":16,"turns":13},{"damage":0,"enemies":"Chosen","floor":18,"turns":4},{"damage":12,"enemies":"3 Byrds","floor":20,"turns":4},{"damage":7,"enemies":"Cultist and Chosen","floor":22,"turns":6},{"damage":10,"enemies":"Centurion and Healer","floor":25,"turns":8},{"damage":25,"enemies":"Snake Plant","floor":29,"turns":4},{"damage":15,"enemies":"Snecko","floor":30,"turns":5},{"damage":15,"enemies":"Shelled Parasite and Fungi","floor":31,"turns":4},{"damage":38,"enemies":"Collector","floor":33,"turns":4}],"seed_played":"-300212275290446750","potions_obtained":[{"floor":1,"key":"Regen Potion"},{"floor":4,"key":"AttackPotion"},{"floor":5,"key":"EssenceOfSteel"},{"floor":8,"key":"Fruit Juice"},{"floor":16,"key":"FearPotion"},{"floor":20,"key":"FearPotion"},{"floor":22,"key":"SkillPotion"},{"floor":25,"key":"ColorlessPotion"},{"floor":29,"key":"Explosive Potion"},{"floor":30,"key":"EssenceOfSteel"},{"floor":31,"key":"GamblersBrew"}],"is_trial":false,"path_per_floor":["M","M","M","M","M","R","?","E","T","E","?","M","R","M","R","B",null,"M","?","M","$","M","R","?","M","T","T","$","M","M","M","R","B"],"character_chosen":"THE_SILENT","items_purchased":["Noxious Fumes","Noxious Fumes","Purity","Noxious Fumes"],"campfire_rested":2,"item_purchase_floors":[21,21,21,28],"current_hp_per_floor":[68,65,65,49,49,49,49,47,47,24,24,22,41,39,39,39,65,65,65,53,53,46,46,46,51,51,51,51,31,16,11,32,0,0],"gold":124,"neow_bonus":"REMOVE_TWO","is_daily":false,"chose_seed":false,"campfire_upgraded":3,"win_rate":0.0,"timestamp":1613805097,"path_taken":["M","M","M","M","M","R","?","E","T","E","?","M","R","M","R","BOSS","M","?","M","$","M","R","?","?","T","?","$","M","M","M","R","BOSS"],"items_purchased_type":["Card","Card","Card","Card"],"build_version":"2020-12-22","purchased_purges":2,"victory":false,"max_hp_per_floor":[70,70,70,70,70,70,70,70,70,70,65,65,65,65,65,65,65,65,65,65,65,65,65,65,70,70,70,70,70,70,70,70,70,70],"card_choices":[{"not_picked":["Leg Sweep","Riddle With Holes"],"picked":"Dash","floor":1},{"not_picked":["Dagger Spray","Underhanded Strike"],"picked":"Dagger Throw","floor":2},{"not_picked":["Slice","Dodge and Roll"],"picked":"Backstab","floor":3},{"not_picked":["Cloak And Dagger","Outmaneuver","Dagger Throw"],"picked":"SKIP","floor":4},{"not_picked":["Heel Hook","Unload"],"picked":"Dagger Spray","floor":5},{"not_picked":["Heel Hook","Dash"],"picked":"Dagger Throw","floor":7},{"not_picked":["Dagger Throw","Deflect","Choke"],"picked":"SKIP","floor":8},{"not_picked":["Poisoned Stab","Prepared"],"picked":"Caltrops","floor":10},{"not_picked":["Dodge and Roll","Deadly Poison","Terror"],"picked":"SKIP","floor":12},{"not_picked":["Prepared","Predator","Slice"],"picked":"SKIP","floor":14},{"not_picked":["Wraith Form v2","Malaise"],"picked":"After Image","floor":16},{"not_picked":["PiercingWail","Sucker Punch"],"picked":"Underhanded Strike+1","floor":18},{"not_picked":["Eviscerate+1","Deflect+1","All Out Attack"],"picked":"SKIP","floor":20},{"not_picked":["Dodge and Roll","Slice","Dagger Throw"],"picked":"SKIP","floor":22},{"not_picked":["Dodge and Roll","Footwork"],"picked":"Acrobatics","floor":25},{"not_picked":["Deflect","Masterful Stab+1","Expertise"],"picked":"Bouncing Flask","floor":29},{"not_picked":["Calculated Gamble","Underhanded Strike+1","Night Terror"],"picked":"Catalyst","floor":30},{"not_picked":["Deflect+1","Concentrate+1","Deadly Poison"],"picked":"Catalyst","floor":31}],"player_experience":238845,"relics_obtained":[{"floor":7,"key":"Odd Mushroom"},{"floor":8,"key":"Smiling Mask"},{"floor":9,"key":"The Courier"},{"floor":10,"key":"Toy Ornithopter"},{"floor":26,"key":"White Beast Statue"},{"floor":27,"key":"Question Card"}],"event_choices":[{"damage_healed":0,"gold_gain":0,"player_choice":"Fought Mushrooms","damage_taken":0,"max_hp_gain":0,"max_hp_loss":0,"event_name":"Mushrooms","floor":7,"gold_loss":0},{"damage_healed":0,"gold_gain":0,"player_choice":"Lose Max HP","damage_taken":0,"relics_obtained":["Golden Idol"],"max_hp_gain":0,"max_hp_loss":5,"event_name":"Golden Idol","floor":11,"gold_loss":0},{"damage_healed":0,"gold_gain":0,"player_choice":"Ignored","damage_taken":0,"max_hp_gain":0,"max_hp_loss":0,"event_name":"The Mausoleum","floor":19,"gold_loss":0},{"damage_healed":0,"gold_gain":0,"player_choice":"Ignored","damage_taken":0,"max_hp_gain":0,"max_hp_loss":0,"event_name":"N\u0027loth","floor":24,"gold_loss":0}],"is_beta":false,"boss_relics":[{"not_picked":["Busted Crown","Coffee Dripper"],"picked":"Cursed Key"}],"items_purged_floors":[21,28],"is_endless":false,"potions_floor_spawned":[1,4,5,8,16,20,22,25,29,30,31],"killed_by":"Collector","ascension_level":0}}