{"host":"ovivighfa421z0zp","time":1613814130,"event":{"mods":["BaseMod","Colored Map","DeckTracker","Keyboard Shortcuts","Minty Spire (QoL Compilation)","Permanent Neow","Quick Restart","Replay The Spire","StSLib","SuperFastMode","The Cursed","The Hierophant","The Poker Player","The Runesmith"],"gold_per_floor":[14,32,52,71,84,112,112,287,311,343,343,343,355,380,380,478,478,491,191,202,202,217,217,251,251,326,345,345,361,361,113,113,218,218,237,256,256,36,50,79,79,113,113,113,176,8,8,8,8,24,24,24],"floor_reached":53,"language":"KOR","playtime":2474,"items_purged":["TheCursedMod:Strike_TheCursed","TheCursedMod:OutForBlood","TheCursedMod:Defend_TheCursed","TheCursedMod:Defend_TheCursed"],"score":964,"play_id":"b2602025-1580-436b-86b6-0d5175b637ad","local_time":"20210220184210","is_ascension_mode":true,"campfire_choices":[{"data":"TheCursedMod:CleanUpWorkshop","floor":7.0,"key":"SMITH"},{"data":"TheCursedMod:DarkBarrier","floor":11.0,"key":"SMITH"},{"floor":15.0,"key":"DIG"},{"floor":23.0,"key":"REST"},{"data":"TheCursedMod:HellfireBreathing","floor":25,"key":"SMITH"},{"data":"TheCursedMod:RapidMovement","floor":30,"key":"SMITH"},{"floor":32,"key":"REST"},{"data":"Panacea","floor":41,"key":"SMITH"},{"data":"TheCursedMod:SpitefulPlan","floor":49,"key":"SMITH"}],"circlet_count":0,"master_deck":["TheCursedMod:CursedWand","TheCursedMod:CleanUpWorkshop+1","TheCursedMod:Dregs","TheCursedMod:ReleasedStrength","TheCursedMod:CursedStaff","TheCursedMod:TroublousMinions","TheCursedMod:RapidMovement+1","TheCursedMod:DarkBarrier+1","Doubt","TheCursedMod:HellfireBreathing+1","TheCursedMod:DemonSword","ReplayTheSpireMod:IOU","TheCursedMod:CursedBlade+1","TheCursedMod:AbyssShockwave","TheCursedMod:WearCloak+1","TheCursedMod:ReleasedStrength","TheCursedMod:RapidMovement+1","TheCursedMod:DoubleShield","ReplayTheSpireMod:IOU","Apotheosis+1","Panacea+1","TheCursedMod:Stretching+1","TheCursedMod:StingEye","TheCursedMod:VoidForm","TheCursedMod:RapidMovement+1","ReplayTheSpireMod:IOU","TheCursedMod:SpitefulPray","Finesse","TheCursedMod:SpitefulPlan+1","TheCursedMod:AshesToAshes+1","TheCursedMod:Evocation","TheCursedMod:SpitefulPlan+1","Finesse","Violence","Apotheosis+1","ReplayTheSpireMod:Splinters","ReplayTheSpireMod:IOU","TheCursedMod:Neurasthenia","TheCursedMod:Torture"],"relics":["TheCursedMod:BlackMagic101","Mango","Pocketwatch","Happy Flower","Replay:Wax Seal","Lantern","Replay:PocketPolymizer","ReplayTheSpireMod:TigerMarble","TheCursedMod:FourLeafCloverCharm","Membership Card","PreservedInsect","Regal Pillow","Du-Vu Doll","Kunai","War Paint","OrangePellets","TheCursedMod:OminousMark","Lee\u0027s Waffle","Boot","Nunchaku","Iron Hammer","Runesmith:Nanobots","Toy Ornithopter","Durian"],"acts_visited":["Exordium","TheCity","TheBeyond"],"potions_floor_usage":[33,52],"damage_taken":[{"damage":3.0,"enemies":"Jaw Worm","floor":1.0,"turns":3.0},{"damage":0.0,"enemies":"Small Slimes","floor":2.0,"turns":3.0},{"damage":0.0,"enemies":"Cultist","floor":3.0,"turns":3.0},{"damage":4.0,"enemies":"3 Louse","floor":4.0,"turns":4.0},{"damage":0.0,"enemies":"Looter","floor":5.0,"turns":3.0},{"damage":0.0,"enemies":"Replay:BlueRogue","floor":6.0,"turns":6.0},{"damage":1.0,"enemies":"Gremlin Nob","floor":10.0,"turns":3.0},{"damage":2.0,"enemies":"Exordium Wildlife","floor":13.0,"turns":4.0},{"damage":4.0,"enemies":"Replay:BlueRogue","floor":14.0,"turns":5.0},{"damage":12.0,"enemies":"Slime Boss","floor":16.0,"turns":8.0},{"damage":17.0,"enemies":"2 Thieves","floor":18.0,"turns":4.0},{"damage":18.0,"enemies":"Shell Parasite","floor":20.0,"turns":5.0},{"damage":21.0,"enemies":"3 Cultists","floor":22.0,"turns":4.0},{"damage":14,"enemies":"Replay:Snechameleon","floor":24,"turns":5},{"damage":9,"enemies":"Centurion and Healer","floor":27,"turns":5},{"damage":0,"enemies":"Chosen and Byrds","floor":29,"turns":3},{"damage":0,"enemies":"Collector","floor":33,"turns":6},{"damage":5,"enemies":"Orb Walker","floor":35,"turns":4},{"damage":0,"enemies":"3 Shapes","floor":36,"turns":3},{"damage":20,"enemies":"3 Darklings","floor":39,"turns":4},{"damage":0,"enemies":"Reptomancer","floor":40,"turns":4},{"damage":0,"enemies":"R_Hoarder","floor":42,"turns":4},{"damage":1,"enemies":"4 Shapes","floor":50,"turns":4},{"damage":0,"enemies":"Replay:Hell Engine","floor":52,"turns":9}],"seed_played":"-9155804832592698455","potions_obtained":[{"floor":1.0,"key":"Dexterity Potion"},{"floor":4.0,"key":"BlessingOfTheForge"},{"floor":6.0,"key":"LiquidBronze"},{"floor":13.0,"key":"Adrenaline Potion"},{"floor":20.0,"key":"SpeedPotion"},{"floor":24,"key":"Adrenaline Potion"},{"floor":40,"key":"Swift Potion"}],"is_trial":false,"path_per_floor":["M","M","M","M","M","E","R","?","T","E","R","?","M","E","R_BF","B",null,"M","$","M","?","M","R","E","R","T","M","?","M","R","$","R","B",null,"M","M","?","$","M","E","R","E","T","?","?","$","PTL","PTL","R","M","R_BF","B",null],"character_chosen":"THE_CURSED","items_purchased":["Membership Card","PreservedInsect","Regal Pillow","TheCursedMod:CursedBlade+1","TheCursedMod:AbyssShockwave","Apotheosis","Panacea","War Paint","TheCursedMod:Stretching+1","OrangePellets","TheCursedMod:SpitefulPray","Finesse","TheCursedMod:SpitefulPlan","Lee\u0027s Waffle","Boot","TheCursedMod:HellsGateOpen","Durian"],"campfire_rested":2,"item_purchase_floors":[19,19,19,19,19,31,31,31,31,31,38,38,38,38,38,46,46],"current_hp_per_floor":[86,86,86,82,82,82,82,82,82,81,81,63,61,57,57,45,89,72,72,54,54,33,74,60,60,60,51,43,43,43,43,84,84,89,84,84,84,96,76,80,80,80,80,70,70,75,75,75,75,74,101,101],"gold":24,"neow_bonus":"ONE_RARE_RELIC","is_daily":false,"chose_seed":false,"campfire_upgraded":6,"win_rate":0.0,"timestamp":1613814130,"path_taken":["M","M","M","M","M","E","R","?","T","E","R","?","M","E","R_BF","BOSS","M","$","M","?","M","R","E","R","T","M","?","M","R","$","R","BOSS","M","?","?","$","M","E","R","E","T","?","?","$","PTL","PTL","R","M","R_BF","BOSS"],"items_purchased_type":["Relic","Relic","Relic","Card","Card","Card","Card","Relic","Card","Relic","Card","Card","Card","Relic","Relic","Card","Relic"],"build_version":"2020-12-22","purchased_purges":4,"victory":true,"max_hp_per_floor":[89,89,89,89,89,89,89,89,89,89,89,89,89,89,89,89,89,89,89,89,89,89,89,89,89,89,89,89,89,89,89,89,89,89,89,89,89,96,96,96,96,96,96,96,96,101,101,101,101,101,101,101],"card_choices":[{"not_picked":["TheCursedMod:RapidMovement","TheCursedMod:WearCloak"],"picked":"TheCursedMod:ReleasedStrength","floor":1.0},{"not_picked":["TheCursedMod:RavingStaff","TheCursedMod:FleshFromBone"],"picked":"TheCursedMod:CursedStaff","floor":2.0},{"not_picked":["TheCursedMod:SmokeScreen","TheCursedMod:CircleOfCorruption"],"picked":"TheCursedMod:TroublousMinions","floor":3.0},{"not_picked":["TheCursedMod:Stigma","TheCursedMod:Stretching"],"picked":"TheCursedMod:SpitefulStrike","floor":4.0},{"not_picked":["TheCursedMod:LuckyCharm","TheCursedMod:Stretching"],"picked":"TheCursedMod:RapidMovement","floor":5.0},{"not_picked":["TheCursedMod:CursedAmulet","TheCursedMod:CursedStaff"],"picked":"TheCursedMod:DarkBarrier","floor":6.0},{"not_picked":["TheCursedMod:Mangle","TheCursedMod:Stretching"],"picked":"TheCursedMod:HellfireBreathing","floor":10.0},{"not_picked":["TheCursedMod:Obscuration","TheCursedMod:Torture","TheCursedMod:CursedShiv"],"picked":"SKIP","floor":13.0},{"not_picked":["TheCursedMod:BloodBarrier","TheCursedMod:Stretching","TheCursedMod:CursedBlade"],"picked":"SKIP","floor":14.0},{"not_picked":["TheCursedMod:CursedRelics","TheCursedMod:DarkBarrier"],"picked":"TheCursedMod:DemonSword","floor":16.0},{"not_picked":["TheCursedMod:FuryStrike","TheCursedMod:CircleOfFocus","TheCursedMod:CursedAmulet"],"picked":"SKIP","floor":18.0},{"not_picked":["TheCursedMod:Torture","TheCursedMod:WearCloak","TheCursedMod:SpitefulStrike+1"],"picked":"SKIP","floor":20.0},{"not_picked":["TheCursedMod:CursedBlade","TheCursedMod:CircleOfCorruption","TheCursedMod:Mangle"],"picked":"SKIP","floor":22.0},{"not_picked":["TheCursedMod:UltimatePain","TheCursedMod:CursedMace+1"],"picked":"TheCursedMod:WearCloak+1","floor":24},{"not_picked":["TheCursedMod:Grudge","TheCursedMod:CircleOfCorruption"],"picked":"TheCursedMod:RapidMovement","floor":27},{"not_picked":["TheCursedMod:AbyssShockwave","TheCursedMod:WearCloak","TheCursedMod:Stigma"],"picked":"SKIP","floor":29},{"not_picked":["TheCursedMod:UltimatePain","TheCursedMod:ParallelWorld"],"picked":"TheCursedMod:VoidForm","floor":33},{"not_picked":["TheCursedMod:SoulCrush","TheCursedMod:SpitefulStrike+1","TheCursedMod:RavingStaff+1"],"picked":"SKIP","floor":35},{"not_picked":["TheCursedMod:VitalStrike","TheCursedMod:CursedStaff"],"picked":"TheCursedMod:RapidMovement+1","floor":36},{"not_picked":["TheCursedMod:WearCloak","TheCursedMod:CursedMace+1"],"picked":"TheCursedMod:AshesToAshes+1","floor":39},{"not_picked":["TheCursedMod:CursedStaff","TheCursedMod:Torture+1","TheCursedMod:StunningStrike"],"picked":"SKIP","floor":40},{"not_picked":["TheCursedMod:ReleasedKnowledge+1","TheCursedMod:HellsGateOpen+1"],"picked":"TheCursedMod:SpitefulPlan+1","floor":42},{"not_picked":["Enlightenment","Specialist"],"picked":"Finesse","floor":44},{"not_picked":["ReplayTheSpireMod:Trickstab","Deep Breath"],"picked":"Violence","floor":44},{"not_picked":["ReplayTheSpireMod:Uncanny Aura","Swift Strike"],"picked":"Apotheosis","floor":44},{"not_picked":["TheCursedMod:HellsGateOpen+1","TheCursedMod:Stretching","TheCursedMod:CursedBlade"],"picked":"SKIP","floor":50}],"player_experience":796006,"relics_obtained":[{"floor":6.0,"key":"Pocketwatch"},{"floor":9.0,"key":"Happy Flower"},{"floor":10.0,"key":"Replay:Wax Seal"},{"floor":14.0,"key":"Replay:PocketPolymizer"},{"floor":15.0,"key":"ReplayTheSpireMod:TigerMarble"},{"floor":24,"key":"Du-Vu Doll"},{"floor":26,"key":"Kunai"},{"floor":40,"key":"Nunchaku"},{"floor":42,"key":"Iron Hammer"},{"floor":43,"key":"Runesmith:Nanobots"},{"floor":45,"key":"Toy Ornithopter"}],"event_choices":[{"damage_healed":0.0,"max_hp_gain":0.0,"max_hp_loss":0.0,"gold_gain":175.0,"event_name":"Liars Game","player_choice":"AGREE","floor":8.0,"gold_loss":0.0,"damage_taken":0.0,"cards_obtained":["Doubt"]},{"damage_healed":0.0,"max_hp_gain":0.0,"max_hp_loss":0.0,"gold_gain":0.0,"event_name":"Scrap Ooze","player_choice":"Success","floor":12.0,"gold_loss":0.0,"damage_taken":18.0,"relics_obtained":["Lantern"]},{"damage_healed":0.0,"max_hp_gain":0.0,"max_hp_loss":0.0,"gold_gain":0.0,"event_name":"Ghosts","player_choice":"Ignored","floor":21.0,"gold_loss":0.0,"damage_taken":0.0},{"damage_healed":0,"gold_gain":0,"player_choice":"Damaged","damage_taken":8,"max_hp_gain":0,"max_hp_loss":0,"event_name":"Wheel of Change","floor":28,"gold_loss":0},{"damage_healed":0,"gold_gain":0,"player_choice":"Ignored","damage_taken":0,"max_hp_gain":0,"max_hp_loss":0,"event_name":"Tomb of Lord Red Mask","floor":37,"gold_loss":0},{"damage_healed":0,"gold_gain":0,"player_choice":"Memory 3","damage_taken":10,"max_hp_gain":0,"max_hp_loss":0,"event_name":"SensoryStone","floor":44,"gold_loss":0}],"is_beta":false,"boss_relics":[{"not_picked":["Ectoplasm","Runic Pyramid"],"picked":"TheCursedMod:FourLeafCloverCharm"},{"not_picked":["Replay:Drink Me","Painkiller Herb"],"picked":"TheCursedMod:OminousMark"}],"items_purged_floors":[19,31,38,46],"is_endless":false,"potions_floor_spawned":[1,4,6,13,20,24,27,40,42],"ascension_level":1}}