{"host":"spd19cimorv47raq","time":1613839097,"event":{"mods":["AchievementEnabler","BaseMod","Colored Map","DeckTracker","Keyboard Shortcuts","Minty Spire (QoL Compilation)","Quick Restart","StSLib","SuperFastMode"],"gold_per_floor":[117,117,131,206,224,224,257,257,257,276,226,239,259,20,20,117,117,129,129,129,149,23,23,58,58,58,74,74,101,101,101,101,203,203,215,215,215,227,2,2,30,30,30,44,54,54,54,67,67,67],"floor_reached":51,"language":"KOR","playtime":1763,"items_purged":["Defend_R"],"score":713,"play_id":"94f8a7c4-3814-4bfd-90ec-6d8a30a96482","local_time":"20210221013817","is_ascension_mode":false,"campfire_choices":[{"data":"Armaments","floor":6.0,"key":"SMITH"},{"data":"Whirlwind","floor":15.0,"key":"SMITH"},{"data":"Entrench","floor":23.0,"key":"SMITH"},{"data":"Shockwave","floor":25.0,"key":"SMITH"},{"data":"Inflame","floor":28.0,"key":"SMITH"},{"data":"Intimidate","floor":32.0,"key":"SMITH"},{"data":"Battle Trance","floor":40.0,"key":"SMITH"},{"data":"Berserk","floor":42.0,"key":"SMITH"},{"data":"Inflame","floor":47,"key":"SMITH"},{"floor":49,"key":"REST"}],"circlet_count":0,"master_deck":["Bash","Entrench+1","Fire Breathing","Shockwave+1","Armaments+1","Whirlwind+1","Intimidate+1","Wild Strike","Inflame+1","Double Tap","Ghostly Armor+1","Armaments+1","Sentinel+1","Flex+1","Necronomicurse","Burning Pact+1","Headbutt+1","Inflame+1","Battle Trance+1","Berserk+1","Feel No Pain","Shrug It Off+1","Impervious","Body Slam+1","Ghostly Armor+1"],"relics":["Burning Blood","StrikeDummy","Bird Faced Urn","Regal Pillow","Chemical X","Astrolabe","Necronomicon","Mango","Molten Egg 2","Bronze Scales","Bottled Lightning","Pandora\u0027s Box","PreservedInsect","Oddly Smooth Stone","HornCleat"],"acts_visited":["Exordium","TheCity","TheBeyond"],"potions_floor_usage":[50,50,50],"damage_taken":[{"damage":1.0,"enemies":"Jaw Worm","floor":1.0,"turns":3.0},{"damage":0.0,"enemies":"Small Slimes","floor":3.0,"turns":2.0},{"damage":3.0,"enemies":"2 Louse","floor":5.0,"turns":3.0},{"damage":16.0,"enemies":"Lagavulin","floor":7.0,"turns":4.0},{"damage":13.0,"enemies":"Exordium Wildlife","floor":10.0,"turns":5.0},{"damage":5.0,"enemies":"Blue Slaver","floor":12.0,"turns":4.0},{"damage":9.0,"enemies":"Exordium Thugs","floor":13.0,"turns":3.0},{"damage":7.0,"enemies":"Hexaghost","floor":16.0,"turns":7.0},{"damage":0.0,"enemies":"3 Byrds","floor":18.0,"turns":6.0},{"damage":6.0,"enemies":"Shell Parasite","floor":21.0,"turns":4.0},{"damage":6.0,"enemies":"Gremlin Leader","floor":24.0,"turns":5.0},{"damage":0.0,"enemies":"Centurion and Healer","floor":27.0,"turns":4.0},{"damage":3.0,"enemies":"Book of Stabbing","floor":29.0,"turns":3.0},{"damage":75.0,"enemies":"Automaton","floor":33.0,"turns":9.0},{"damage":26.0,"enemies":"3 Shapes","floor":35.0,"turns":3.0},{"damage":12.0,"enemies":"Orb Walker","floor":38.0,"turns":4.0},{"damage":10.0,"enemies":"Giant Head","floor":41.0,"turns":3.0},{"damage":31.0,"enemies":"Sphere and 2 Shapes","floor":44.0,"turns":3.0},{"damage":0.0,"enemies":"3 Darklings","floor":45.0,"turns":2.0},{"damage":15,"enemies":"4 Shapes","floor":48,"turns":3},{"damage":14,"enemies":"Donu and Deca","floor":50,"turns":6}],"seed_played":"1178156279311843182","potions_obtained":[{"floor":1.0,"key":"Strength Potion"},{"floor":3.0,"key":"DistilledChaos"},{"floor":7.0,"key":"DuplicationPotion"},{"floor":27.0,"key":"Weak Potion"},{"floor":35.0,"key":"HeartOfIron"},{"floor":38.0,"key":"DuplicationPotion"},{"floor":45.0,"key":"Weak Potion"}],"is_trial":false,"path_per_floor":["M","?","M","?","M","R","E","?","T","M","?","M","M","$","R","B",null,"M","?","?","M","$","R","E","R","T","M","R","E","?","T","R","B",null,"M","$","?","M","$","R","E","R","T","M","M","?","R","M","R","B",null],"character_chosen":"IRONCLAD","items_purchased":["Chemical X","HeartOfIron","BloodPotion","Feel No Pain","PreservedInsect"],"campfire_rested":1,"item_purchase_floors":[14,14,22,39,39],"current_hp_per_floor":[72,72,72,61,64,64,54,47,47,42,42,43,40,40,40,43,72,72,72,56,58,58,58,76,76,76,82,82,86,86,86,86,38,86,68,68,68,66,66,66,72,72,72,47,55,55,55,52,82,76],"gold":67,"neow_bonus":"TRANSFORM_TWO_CARDS","is_daily":false,"chose_seed":false,"campfire_upgraded":9,"win_rate":0.0,"timestamp":1613839097,"path_taken":["M","?","M","?","M","R","E","?","T","M","?","M","M","$","R","BOSS","M","?","?","M","?","R","E","R","T","?","R","E","?","?","R","BOSS","M","$","?","M","$","R","E","R","T","M","M","?","R","M","R","BOSS"],"items_purchased_type":["Relic","Potion","Potion","Card","Relic"],"build_version":"2020-12-22","purchased_purges":1,"victory":true,"max_hp_per_floor":[72,72,72,72,72,72,72,72,72,72,72,72,72,72,72,72,72,72,72,72,72,72,72,86,86,86,86,86,86,86,86,86,86,86,86,86,82,82,82,82,82,82,82,82,82,82,82,82,82,82],"card_choices":[{"not_picked":["Pummel","Flex"],"picked":"Fire Breathing","floor":1.0},{"not_picked":["Armaments","Iron Wave"],"picked":"Shockwave","floor":3.0},{"not_picked":["Thunderclap","Heavy Blade"],"picked":"Armaments","floor":5.0},{"not_picked":["Carnage","Armaments"],"picked":"Whirlwind","floor":7.0},{"not_picked":["Twin Strike","Havoc"],"picked":"Intimidate","floor":10.0},{"not_picked":["Perfected Strike","Heavy Blade"],"picked":"Wild Strike","floor":12.0},{"not_picked":["Pummel","Battle Trance"],"picked":"Inflame","floor":13.0},{"not_picked":["Berserk","Fiend Fire"],"picked":"Double Tap","floor":16.0},{"not_picked":["Sword Boomerang","Cleave"],"picked":"Flex+1","floor":18.0},{"not_picked":["Anger+1","Juggernaut"],"picked":"Burning Pact+1","floor":21.0},{"not_picked":["Clash+1","Exhume","Havoc"],"picked":"SKIP","floor":24.0},{"not_picked":["Heavy Blade+1","Flex","Havoc"],"picked":"SKIP","floor":27.0},{"not_picked":["Clothesline+1","Metallicize"],"picked":"Headbutt+1","floor":29.0},{"not_picked":["Fiend Fire+1","Limit Break"],"picked":"Berserk","floor":33.0},{"not_picked":["Carnage+1","Thunderclap+1","Heavy Blade+1"],"picked":"SKIP","floor":35.0},{"not_picked":["Clash+1","Sword Boomerang+1","Metallicize"],"picked":"SKIP","floor":38.0},{"not_picked":["Inflame+1","Headbutt+1"],"picked":"Shrug It Off+1","floor":41.0},{"not_picked":["Hemokinesis+1","Sever Soul+1"],"picked":"Impervious","floor":44.0},{"not_picked":["Sword Boomerang+1","Anger+1"],"picked":"Body Slam+1","floor":45.0},{"not_picked":["Rampage+1","Rupture"],"picked":"Ghostly Armor+1","floor":48}],"player_experience":889299,"relics_obtained":[{"floor":7.0,"key":"Bird Faced Urn"},{"floor":9.0,"key":"Regal Pillow"},{"floor":20.0,"key":"Necronomicon"},{"floor":24.0,"key":"Mango"},{"floor":26.0,"key":"Molten Egg 2"},{"floor":29.0,"key":"Bronze Scales"},{"floor":31.0,"key":"Bottled Lightning"},{"floor":41.0,"key":"Oddly Smooth Stone"},{"floor":43.0,"key":"HornCleat"}],"event_choices":[{"damage_healed":0.0,"max_hp_gain":0.0,"max_hp_loss":0.0,"gold_gain":0.0,"event_name":"Big Fish","player_choice":"Box","floor":2.0,"gold_loss":0.0,"damage_taken":0.0,"relics_obtained":["StrikeDummy"],"cards_obtained":["Regret"]},{"damage_healed":0.0,"max_hp_gain":0.0,"max_hp_loss":0.0,"gold_gain":75.0,"event_name":"World of Goop","player_choice":"Gather Gold","floor":4.0,"gold_loss":0.0,"damage_taken":11.0},{"cards_removed":["Regret"],"damage_healed":0.0,"max_hp_gain":0.0,"max_hp_loss":0.0,"gold_gain":0.0,"event_name":"Golden Wing","player_choice":"Card Removal","floor":8.0,"gold_loss":0.0,"damage_taken":7.0},{"cards_removed":["Strike_R"],"damage_healed":0.0,"max_hp_gain":0.0,"max_hp_loss":0.0,"gold_gain":0.0,"event_name":"The Cleric","player_choice":"Card Removal","floor":11.0,"gold_loss":50.0,"damage_taken":0.0},{"damage_healed":0.0,"max_hp_gain":0.0,"max_hp_loss":0.0,"gold_gain":0.0,"event_name":"Ghosts","player_choice":"Ignored","floor":19.0,"gold_loss":0.0,"damage_taken":0.0},{"damage_healed":0.0,"max_hp_gain":0.0,"max_hp_loss":0.0,"gold_gain":0.0,"event_name":"Cursed Tome","player_choice":"Obtained Book","floor":20.0,"gold_loss":0.0,"damage_taken":16.0},{"damage_healed":0.0,"max_hp_gain":0.0,"max_hp_loss":0.0,"gold_gain":0.0,"event_name":"Vampires","player_choice":"Ignored","floor":30.0,"gold_loss":0.0,"damage_taken":0.0},{"damage_healed":0.0,"max_hp_gain":0.0,"max_hp_loss":4.0,"gold_gain":0.0,"event_name":"Winding Halls","player_choice":"Max HP","floor":37.0,"gold_loss":0.0,"damage_taken":0.0},{"cards_removed":["Berserk"],"damage_healed":0,"gold_gain":0,"player_choice":"Purged","damage_taken":0,"max_hp_gain":0,"max_hp_loss":0,"event_name":"Purifier","floor":46,"gold_loss":0}],"is_beta":false,"boss_relics":[{"not_picked":["Black Blood","Runic Cube"],"picked":"Astrolabe"},{"not_picked":["Coffee Dripper","Snecko Eye"],"picked":"Pandora\u0027s Box"}],"items_purged_floors":[22],"is_endless":false,"potions_floor_spawned":[1,3,7,27,35,38,45],"ascension_level":0}}