{"host":"lxihx0b6awoz2w1j","time":1613844337,"event":{"mods":["BaseMod","Better Third Choice","BetterRewards","CapriCore","Colored Powertips","Conspire","Downfall","Fox Events","Hubris","Infinite Spire","Melee Mod","Minty Spire (QoL Compilation)","Permanent Neow","Quick Restart","Relic Stats","Reliquary","Replay The Spire","Spicy Shops","StSLib","The Alterego","The Blue Laboratory","The Death Knight","The Forsaken","The Jungle","Waifu the Spire"],"gold_per_floor":[119,119,136,154,164,164,197,49,49,64,27,27,59,72,72,176,176,188,103,135,153,0,32,32,67,149,167,167,167,185,204,204,302,302,318,318,318,338,358,358,408,433,433,433,447,447,447,464,464,464,464,464],"floor_reached":53,"language":"ENG","playtime":2720,"items_purged":[],"score":823,"play_id":"69ce20dc-c3e9-48a9-bac6-7b85d9c80c64","local_time":"20210220190537","is_ascension_mode":true,"campfire_choices":[{"data":"DeathKnight:DarkSuccor","floor":6.0,"key":"SMITH"},{"floor":12.0,"key":"REST"},{"data":"DeathKnight:Runesurge","floor":15.0,"key":"SMITH"},{"floor":24.0,"key":"REST"},{"floor":28.0,"key":"REST"},{"data":"DeathKnight:RuneStrike","floor":32.0,"key":"SMITH"},{"data":"infinitespire:Oblivion","floor":40,"key":"SMITH"},{"data":"DeathKnight:BloodBoil","floor":44,"key":"SMITH"},{"data":"DeathKnight:Runesurge","floor":46,"key":"SMITH"},{"floor":51,"key":"DIG"}],"circlet_count":0,"master_deck":["DeathKnight:Strike_DeathKnight","DeathKnight:Strike_DeathKnight","DeathKnight:Strike_DeathKnight","DeathKnight:Strike_DeathKnight","DeathKnight:Strike_DeathKnight","DeathKnight:Defend_DeathKnight","DeathKnight:Defend_DeathKnight","DeathKnight:Defend_DeathKnight","DeathKnight:Defend_DeathKnight","DeathKnight:Defend_DeathKnight","DeathKnight:RuneTap","DeathKnight:RuneStrike+1","DeathKnight:Runesurge+1","DeathKnight:BloodStrike+1","DeathKnight:HartStrike+1","Replay:Dark Deal","DeathKnight:BloodStrike+1","DeathKnight:HornOfWinter+1","DeathKnight:BloodTap+1","DeathKnight:DarkSuccor+1","DeathKnight:BludPresence+1","DeathKnight:Hysteria+1","DeathKnight:BloodStrike+1","DeathKnight:BloodStrike+1","DeathKnight:BloodTap+1","DeathKnight:AntiMagicShell","DeathKnight:Runesurge+1","DeathKnight:Razorice","DeathKnight:BludPresence+1","DeathKnight:HartStrike+1","DeathKnight:DarkSuccor+1","DeathKnight:ShatteringStrikes+1","infinitespire:NeuralNetwork","infinitespire:Oblivion+1","DeathKnight:IceboundArmor+1","DeathKnight:IcyTouch+1","DeathKnight:Runesurge","DeathKnight:BladedArmor+1","DeathKnight:Runeguard+1","DeathKnight:FrosPresence+1","DeathKnight:BloodBoil+1","DeathKnight:FrostStrike+1","DeathKnight:RuneShock+1"],"relics":["DeathKnight:BrokenRuneblade","theForsaken:HumbleEgg","reliquary:PartyBalloon","infinitespire:Satchel","reliquary:FingerTrap","infinitespire:Eraser","DeathKnight:PreciousRibbon","ChewingGum","conspire:GiftBox","Red Mask","Lee\u0027s Waffle","DeathKnight:LanathelsBloodyNail","Ornamental Fan","reliquary:IridiumChain","Oddly Smooth Stone","SlaversCollar","Du-Vu Doll","CaptainsWheel","reliquary:Aerogel","Sundial","reliquary:HotPoker","Chameleon Ring"],"acts_visited":["Exordium","TheCity","TheBeyond"],"potions_floor_usage":[52],"damage_taken":[{"damage":5.0,"enemies":"Small Slimes","floor":1.0,"turns":3.0},{"damage":0.0,"enemies":"Cultist","floor":3.0,"turns":2.0},{"damage":0.0,"enemies":"Jaw Worm","floor":4.0,"turns":2.0},{"damage":1.0,"enemies":"2 Fungi Beasts","floor":5.0,"turns":3.0},{"damage":26.0,"enemies":"Lagavulin","floor":7.0,"turns":4.0},{"damage":0.0,"enemies":"Large Slime","floor":10.0,"turns":4.0},{"damage":10.0,"enemies":"Gremlin Nob","floor":13.0,"turns":4.0},{"damage":11.0,"enemies":"3 Louse","floor":14.0,"turns":3.0},{"damage":32.0,"enemies":"The Guardian","floor":16.0,"turns":6.0},{"damage":0.0,"enemies":"Chosen","floor":18.0,"turns":3.0},{"damage":36.0,"enemies":"Masked Bandits","floor":20.0,"turns":5.0},{"damage":7.0,"enemies":"Spheric Guardian","floor":21.0,"turns":3.0},{"damage":31.0,"enemies":"Slavers","floor":23.0,"turns":4.0},{"damage":24.0,"enemies":"conspire:SneckoGhost","floor":25.0,"turns":4.0},{"damage":0.0,"enemies":"Shelled Parasite and Fungi","floor":27.0,"turns":2.0},{"damage":0.0,"enemies":"conspire:HollyBat","floor":30.0,"turns":5.0},{"damage":11.0,"enemies":"3 Cultists","floor":31.0,"turns":4.0},{"damage":14,"enemies":"Automaton","floor":33,"turns":7},{"damage":7,"enemies":"Orb Walker","floor":35,"turns":3},{"damage":0,"enemies":"3 Shapes","floor":38,"turns":4},{"damage":1,"enemies":"Transient","floor":39,"turns":5},{"damage":0,"enemies":"Mind Bloom Boss Battle","floor":41,"turns":4},{"damage":2,"enemies":"Giant Head","floor":42,"turns":5},{"damage":7,"enemies":"Jaw Worm Horde","floor":45,"turns":4},{"damage":12,"enemies":"Spire Growth","floor":48,"turns":5},{"damage":55,"enemies":"Awakened One","floor":52,"turns":5}],"seed_played":"-8523449967685514463","potions_obtained":[{"floor":2.0,"key":"Dexterity Potion"},{"floor":2.0,"key":"Ancient Potion"},{"floor":2.0,"key":"blueLaboratory:NullPotion"},{"floor":5.0,"key":"Block Potion"},{"floor":16.0,"key":"blueLaboratory:FruitPunch"},{"floor":23.0,"key":"PowerPotion"}],"is_trial":false,"path_per_floor":["M","?","M","M","M","R","E","$","T","M","$","R","E","M","R","B",null,"M","?","?","M","$","E","R","E","T","M","R","AVR","M","M","R","B",null,"M","?","AVR","M","M","R","?","E","T","R","M","R","?","M","PTL","PTL","R","B",null],"character_chosen":"DEATH_KNIGHT","items_purchased":["DeathKnight:Runesurge","theForsaken:HumbleEgg","DeathKnight:BloodStrike+1","DeathKnight:HartStrike+1","reliquary:PartyBalloon","reliquary:FingerTrap","DeathKnight:BloodStrike+1","Lee\u0027s Waffle"],"campfire_rested":3,"item_purchase_floors":[0,0,0,0,0,8,11,22],"current_hp_per_floor":[62,62,62,62,61,61,35,35,35,50,50,72,62,51,51,19,75,75,75,39,34,84,53,78,54,54,54,79,79,79,68,68,54,84,77,77,77,84,83,83,83,81,81,81,74,74,74,62,62,62,62,7],"gold":464,"neow_bonus":"","is_daily":false,"chose_seed":false,"campfire_upgraded":6,"win_rate":0.0,"timestamp":1613844337,"path_taken":["M","?","M","M","M","R","E","?","T","M","$","R","E","M","R","BOSS","M","?","?","M","$","E","R","E","T","M","R","AVR","M","M","R","BOSS","M","?","AVR","M","M","R","?","E","T","R","M","R","?","M","PTL","PTL","R","BOSS"],"items_purchased_type":["Card","Relic","Card","Card","Relic","Relic","Card","Relic"],"build_version":"2020-12-22","purchased_purges":0,"victory":true,"max_hp_per_floor":[75,75,75,75,75,75,75,75,75,75,75,75,75,75,75,75,75,75,75,75,77,84,84,84,84,84,84,84,84,84,84,84,84,84,84,84,84,84,84,84,84,84,84,84,84,84,84,84,84,84,84,84],"relic_stats":{"Lee\u0027s Waffle":50,"counters":[26,103],"Ornamental Fan":[24],"Sundial":[0],"obtain_stats":[{"DeathKnight:LanathelsBloodyNail":23,"Lee\u0027s Waffle":22,"reliquary:PartyBalloon":0,"reliquary:Aerogel":42,"Oddly Smooth Stone":29,"DeathKnight:PreciousRibbon":13,"reliquary:IridiumChain":26,"Du-Vu Doll":37,"theForsaken:HumbleEgg":0,"SlaversCollar":34,"conspire:GiftBox":19,"CaptainsWheel":41,"reliquary:HotPoker":47,"Chameleon Ring":51,"Ornamental Fan":25,"Sundial":43,"infinitespire:Satchel":7,"ChewingGum":17,"Red Mask":20,"reliquary:FingerTrap":8,"infinitespire:Eraser":9,"DeathKnight:BrokenRuneblade":0},{"DeathKnight:LanathelsBloodyNail":13,"Lee\u0027s Waffle":12,"reliquary:PartyBalloon":0,"reliquary:Aerogel":23,"Oddly Smooth Stone":15,"DeathKnight:PreciousRibbon":7,"reliquary:IridiumChain":14,"Du-Vu Doll":19,"theForsaken:HumbleEgg":0,"SlaversCollar":18,"conspire:GiftBox":10,"CaptainsWheel":22,"reliquary:HotPoker":24,"Chameleon Ring":25,"Ornamental Fan":14,"Sundial":23,"infinitespire:Satchel":5,"ChewingGum":9,"Red Mask":11,"reliquary:FingerTrap":5,"infinitespire:Eraser":5,"DeathKnight:BrokenRuneblade":0},{"DeathKnight:LanathelsBloodyNail":46,"Lee\u0027s Waffle":42,"reliquary:PartyBalloon":0,"reliquary:Aerogel":89,"Oddly Smooth Stone":52,"DeathKnight:PreciousRibbon":22,"reliquary:IridiumChain":50,"Du-Vu Doll":71,"theForsaken:HumbleEgg":0,"SlaversCollar":68,"conspire:GiftBox":34,"CaptainsWheel":84,"reliquary:HotPoker":93,"Chameleon Ring":98,"Ornamental Fan":50,"Sundial":89,"infinitespire:Satchel":14,"ChewingGum":31,"Red Mask":39,"reliquary:FingerTrap":14,"infinitespire:Eraser":14,"DeathKnight:BrokenRuneblade":0}]},"card_choices":[{"not_picked":["DeathKnight:AntiMagicShell","DeathKnight:UnholyPresence+1"],"picked":"DeathKnight:BloodStrike+1","floor":1.0},{"not_picked":["DeathKnight:Ossuary+1","DeathKnight:RuneShock+1"],"picked":"DeathKnight:HornOfWinter+1","floor":3.0},{"not_picked":["DeathKnight:Hysteria+1","DeathKnight:DeathAndDecay+1"],"picked":"DeathKnight:BloodTap+1","floor":4.0},{"not_picked":["DeathKnight:IceboundArmor+1","DeathKnight:WraithWalk"],"picked":"DeathKnight:DarkSuccor","floor":5.0},{"not_picked":["DeathKnight:SindragosasBreath","DeathKnight:FrostStrike"],"picked":"DeathKnight:BludPresence+1","floor":7.0},{"not_picked":["DeathKnight:HornOfWinter+1","DeathKnight:DreadStrike+1"],"picked":"DeathKnight:Hysteria+1","floor":10.0},{"not_picked":["DeathKnight:DeathRune","DeathKnight:BloodStrike+1"],"picked":"DeathKnight:BloodTap+1","floor":13.0},{"not_picked":["DeathKnight:Parry+1","DeathKnight:Runeguard"],"picked":"DeathKnight:AntiMagicShell","floor":14.0},{"not_picked":["DeathKnight:Simulacrum","DeathKnight:Defile"],"picked":"DeathKnight:Runesurge","floor":16.0},{"not_picked":["DeathKnight:DreadStrike+1","DeathKnight:ScourgeStrike","DeathKnight:UnholyFrenzy+1"],"picked":"SKIP","floor":18.0},{"not_picked":["DeathKnight:Outbreak","DeathKnight:VampiricBlood"],"picked":"DeathKnight:Razorice","floor":19.0},{"not_picked":["DeathKnight:Hysteria+1","DeathKnight:ThirstingStrike"],"picked":"DeathKnight:BludPresence+1","floor":20.0},{"not_picked":["DeathKnight:SindragosasBreath","DeathKnight:UnholyFrenzy+1"],"picked":"DeathKnight:HartStrike+1","floor":21.0},{"not_picked":["DeathKnight:PillarOfFrost","DeathKnight:DeathGrip+1","DeathKnight:PlagueStrike"],"picked":"SKIP","floor":23.0},{"not_picked":["DeathKnight:BladedArmor+1","DeathKnight:MutagenicPlague+1"],"picked":"DeathKnight:DarkSuccor+1","floor":25.0},{"not_picked":["DeathKnight:UnholyFrenzy+1","DeathKnight:BloodStrike+1"],"picked":"DeathKnight:ShatteringStrikes+1","floor":27.0},{"not_picked":["DeathKnight:Hysteria+1","DeathKnight:HartStrike+1"],"picked":"DeathKnight:IceboundArmor+1","floor":30.0},{"not_picked":["DeathKnight:Razorice","DeathKnight:Contagion"],"picked":"DeathKnight:IcyTouch+1","floor":31.0},{"not_picked":["DeathKnight:ArmyOfTheDead","DeathKnight:BoneStorm"],"picked":"DeathKnight:Runesurge","floor":33},{"not_picked":["DeathKnight:ShatteringStrikes+1","DeathKnight:WraithWalk+1"],"picked":"DeathKnight:BladedArmor+1","floor":35},{"not_picked":["DeathKnight:MutagenicPlague+1","DeathKnight:RunicCorruption+1"],"picked":"DeathKnight:Runeguard+1","floor":38},{"not_picked":["DeathKnight:ThirstingStrike","DeathKnight:Parry+1"],"picked":"DeathKnight:FrosPresence+1","floor":39},{"not_picked":["DeathKnight:UnholyAssault+1","DeathKnight:UnholyFrenzy+1"],"picked":"DeathKnight:BloodBoil","floor":41},{"not_picked":["DeathKnight:DeathCoil+1","DeathKnight:UnholyAssault+1"],"picked":"DeathKnight:FrostStrike+1","floor":42},{"not_picked":["DeathKnight:UnholyPresence+1","DeathKnight:DeathCoil+1","DeathKnight:Pestilence+1"],"picked":"SKIP","floor":45},{"not_picked":["DeathKnight:Hysteria+1","DeathKnight:BloodPact+1"],"picked":"DeathKnight:RuneShock+1","floor":48}],"player_experience":622045,"relics_obtained":[{"floor":7.0,"key":"infinitespire:Satchel"},{"floor":9.0,"key":"infinitespire:Eraser"},{"floor":13.0,"key":"DeathKnight:PreciousRibbon"},{"floor":20.0,"key":"Red Mask"},{"floor":23.0,"key":"DeathKnight:LanathelsBloodyNail"},{"floor":25.0,"key":"Ornamental Fan"},{"floor":26.0,"key":"reliquary:IridiumChain"},{"floor":41,"key":"CaptainsWheel"},{"floor":42,"key":"reliquary:Aerogel"},{"floor":43,"key":"Sundial"},{"floor":47,"key":"reliquary:HotPoker"},{"floor":51,"key":"Chameleon Ring"}],"event_choices":[{"damage_healed":0.0,"max_hp_gain":0.0,"max_hp_loss":0.0,"gold_gain":0.0,"event_name":"Lab","player_choice":"Got Potions","floor":2.0,"gold_loss":0.0,"damage_taken":0.0},{"damage_healed":0.0,"max_hp_gain":0.0,"max_hp_loss":0.0,"gold_gain":0.0,"event_name":"Addict","player_choice":"Obtained Relic","floor":19.0,"gold_loss":85.0,"damage_taken":0.0,"relics_obtained":["conspire:GiftBox"]},{"damage_healed":0.0,"max_hp_gain":0.0,"max_hp_loss":0.0,"gold_gain":0.0,"event_name":"Masked Bandits","player_choice":"Fought Bandits","floor":20.0,"gold_loss":0.0,"damage_taken":0.0},{"damage_healed":0,"gold_gain":0,"player_choice":"Fight","damage_taken":0,"max_hp_gain":0,"max_hp_loss":0,"event_name":"MindBloom","floor":41,"gold_loss":0},{"damage_healed":0,"gold_gain":0,"player_choice":"Relic","damage_taken":0,"max_hp_gain":0,"max_hp_loss":0,"event_name":"Wheel of Change","floor":47,"gold_loss":0}],"is_beta":false,"boss_relics":[{"not_picked":["Abe\u0027s Treasure","Replay:Ancient Bell"],"picked":"ChewingGum"},{"not_picked":["Replay:Bronze Core","hubris:Stopwatch"],"picked":"SlaversCollar"}],"items_purged_floors":[],"is_endless":false,"potions_floor_spawned":[3,4,5,16,18,23,30,33,38,39,41,42],"ascension_level":1}}