{"host":"6gwm7y0tp7acoxay","time":1613821262,"event":{"mods":["BaseMod","Colored Map","Keyboard Shortcuts","Minty Spire (QoL Compilation)","Quick Restart","StSLib","SuperFastMode","everything is the same but u backflip on backflip"],"gold_per_floor":[114,128,128,128,128,157,190,190,190,220,145,173,185,226,238,326,338,364,266,294,322,334,377,420,432,468,39,39,39,39,39,39,112,112,123,123,123,134,34,65,90,121,173,173,198,228,228,258,258,258,258,258,258,22,49,49],"floor_reached":57,"language":"KOR","playtime":2229,"items_purged":["Conserve Battery","Decay","Gash"],"score":3313,"play_id":"a4723b59-cfc4-4ad3-b47c-5a9ed366cc43","local_time":"20210220204102","daily_mods":["SealedDeck","Heirloom","Flight"],"is_ascension_mode":true,"campfire_choices":[{"data":"Coolheaded","floor":8.0,"key":"SMITH"},{"data":"Fusion","floor":13.0,"key":"SMITH"},{"data":"Capacitor","floor":15.0,"key":"SMITH"},{"floor":25,"key":"REST"},{"data":"Capacitor","floor":28,"key":"SMITH"},{"floor":30,"key":"REST"},{"data":"Double Energy","floor":32,"key":"SMITH"},{"data":"Consume","floor":44,"key":"SMITH"},{"floor":49,"key":"RECALL"},{"data":"Coolheaded","floor":53,"key":"SMITH"}],"circlet_count":0,"master_deck":["AscendersBane","Double Energy+1","Doom and Gloom","BootSequence","Ball Lightning","Go for the Eyes","Beam Cell","Coolheaded+1","Chill","Defragment+1","Seek+1","Fusion+1","Capacitor+1","CurseOfTheBell","Echo Form","Consume+1","Capacitor+1","Gash","Coolheaded+1","Reboot","White Noise","Redo+1","Hologram+1","Echo Form"],"relics":["Cracked Core","Du-Vu Doll","Incense Burner","Bronze Scales","Pen Nib","Torii","Bag of Marbles","MawBank","Oddly Smooth Stone","Calling Bell","Blood Vial","Shuriken","Mango","Calipers","Vajra","Regal Pillow","Meat on the Bone","Orrery","Inserter","Lizard Tail","DataDisk","Potion Belt","Sundial","Happy Flower","CaptainsWheel","Emotion Chip"],"acts_visited":["Exordium","TheCity","TheBeyond","TheEnding"],"potions_floor_usage":[21,41,45,51,55,56,56,56],"damage_taken":[{"damage":0.0,"enemies":"Jaw Worm","floor":1.0,"turns":2.0},{"damage":0.0,"enemies":"Small Slimes","floor":2.0,"turns":1.0},{"damage":7.0,"enemies":"Gremlin Nob","floor":6.0,"turns":3.0},{"damage":2.0,"enemies":"3 Sentries","floor":7.0,"turns":3.0},{"damage":0.0,"enemies":"Lagavulin","floor":10.0,"turns":5.0},{"damage":1.0,"enemies":"Gremlin Nob","floor":12.0,"turns":3.0},{"damage":0.0,"enemies":"3 Sentries","floor":14.0,"turns":4.0},{"damage":12.0,"enemies":"The Guardian","floor":16.0,"turns":7.0},{"damage":0.0,"enemies":"Shell Parasite","floor":18.0,"turns":4.0},{"damage":1.0,"enemies":"2 Thieves","floor":20.0,"turns":3.0},{"damage":10,"enemies":"Snecko","floor":21,"turns":3},{"damage":34,"enemies":"Gremlin Leader","floor":23,"turns":5},{"damage":25,"enemies":"Book of Stabbing","floor":24,"turns":5},{"damage":0,"enemies":"Collector","floor":33,"turns":8},{"damage":0,"enemies":"3 Shapes","floor":35,"turns":5},{"damage":0,"enemies":"3 Darklings","floor":38,"turns":4},{"damage":0,"enemies":"Giant Head","floor":40,"turns":6},{"damage":8,"enemies":"Nemesis","floor":41,"turns":5},{"damage":9,"enemies":"Giant Head","floor":42,"turns":7},{"damage":36,"enemies":"Reptomancer","floor":45,"turns":5},{"damage":10,"enemies":"Giant Head","floor":46,"turns":8},{"damage":21,"enemies":"Nemesis","floor":48,"turns":5},{"damage":35,"enemies":"Donu and Deca","floor":50,"turns":9},{"damage":25,"enemies":"Awakened One","floor":51,"turns":12},{"damage":20,"enemies":"Shield and Spear","floor":55,"turns":9},{"damage":19,"enemies":"The Heart","floor":56,"turns":11}],"seed_played":"5873116312599623590","potions_obtained":[{"floor":1.0,"key":"DistilledChaos"},{"floor":2.0,"key":"SpeedPotion"},{"floor":23,"key":"Energy Potion"},{"floor":38,"key":"Swift Potion"},{"floor":42,"key":"Regen Potion"}],"is_trial":true,"path_per_floor":["M","M","?","?","?","E","E","R","T","E","$","E","R","E","R","B",null,"M","?","M","M","?","E","E","R","T","$","R","?","R","?","R","B",null,"M","?","?","M","$","E","E","E","T","R","E","E","?","E","R","B","B",null,"R","$","E","B",null],"character_chosen":"DEFECT","items_purchased":["Meat on the Bone","Orrery","EntropicBrew"],"campfire_rested":2,"item_purchase_floors":[27,27,54],"current_hp_per_floor":[64,64,64,69,64,57,55,55,55,55,55,54,54,54,54,42,82,84,84,85,77,77,45,22,49,49,49,49,22,65,65,65,67,88,90,90,90,90,90,90,82,75,75,75,53,57,57,50,50,29,33,76,76,76,58,53],"gold":49,"neow_bonus":"","is_daily":false,"chose_seed":false,"campfire_upgraded":7,"win_rate":0.0,"timestamp":1613821262,"path_taken":["M","M","?","?","?","E","E","R","T","E","?","E","R","E","R","BOSS","M","?","?","M","?","E","E","R","T","$","R","?","R","?","R","BOSS","M","?","?","?","$","E","E","E","T","R","E","E","?","E","R","BOSS","BOSS","R","$","E","BOSS"],"items_purchased_type":["Relic","Relic","Potion"],"build_version":"2020-12-22","purchased_purges":3,"victory":true,"max_hp_per_floor":[71,71,71,76,76,76,76,76,76,76,76,76,76,76,76,76,90,90,90,90,90,90,90,90,90,90,90,90,95,95,95,95,95,95,95,90,90,90,90,90,90,90,90,90,90,90,90,90,90,90,90,90,90,90,90,90],"card_choices":[{"not_picked":["Ball Lightning","Gash"],"picked":"Defragment","floor":1.0},{"not_picked":["BootSequence","Go for the Eyes","Heatsinks"],"picked":"SKIP","floor":2.0},{"not_picked":["Glacier","Go for the Eyes"],"picked":"Seek","floor":6.0},{"not_picked":["Rip and Tear","Gash"],"picked":"Conserve Battery","floor":7.0},{"not_picked":["Barrage","Coolheaded","Stack"],"picked":"SKIP","floor":10.0},{"not_picked":["Skim","Reinforced Body"],"picked":"Fusion","floor":12.0},{"not_picked":["Rip and Tear","Leap"],"picked":"Capacitor","floor":14.0},{"not_picked":["Beam Cell","Stack","Cold Snap"],"picked":"SKIP","floor":18.0},{"not_picked":["Hello World+1","Storm"],"picked":"Echo Form","floor":20.0},{"not_picked":["Rebound","Go for the Eyes","Ball Lightning"],"picked":"SKIP","floor":21},{"not_picked":["Force Field","Leap"],"picked":"Consume","floor":23},{"not_picked":["Undo","Streamline","Beam Cell"],"picked":"SKIP","floor":24},{"not_picked":["Fission","Stack"],"picked":"Capacitor","floor":27},{"not_picked":["Barrage","Leap"],"picked":"Gash","floor":27},{"not_picked":["Barrage","Multi-Cast"],"picked":"Coolheaded","floor":27},{"not_picked":["Seek","Meteor Strike"],"picked":"Reboot","floor":33},{"not_picked":["Compile Driver","Rebound"],"picked":"White Noise","floor":35},{"not_picked":["Barrage","Sweeping Beam","Stack"],"picked":"SKIP","floor":38},{"not_picked":["Rebound","Doom and Gloom"],"picked":"Redo","floor":40},{"not_picked":["Self Repair","Beam Cell","Storm"],"picked":"SKIP","floor":41},{"not_picked":["Leap+1","FTL"],"picked":"Hologram+1","floor":42},{"not_picked":["Double Energy","Hologram","Redo"],"picked":"SKIP","floor":45},{"not_picked":["Scrape","Stack","White Noise"],"picked":"SKIP","floor":46},{"not_picked":["Steam","Conserve Battery"],"picked":"Echo Form","floor":48},{"not_picked":["Conserve Battery","Echo Form","Stack+1"],"picked":"SKIP","floor":55}],"player_experience":4584908,"relics_obtained":[{"floor":6.0,"key":"Bronze Scales"},{"floor":7.0,"key":"Pen Nib"},{"floor":9.0,"key":"Torii"},{"floor":10.0,"key":"Bag of Marbles"},{"floor":12.0,"key":"MawBank"},{"floor":14.0,"key":"Oddly Smooth Stone"},{"floor":17.0,"key":"Blood Vial"},{"floor":17.0,"key":"Shuriken"},{"floor":17.0,"key":"Mango"},{"floor":23,"key":"Calipers"},{"floor":24,"key":"Vajra"},{"floor":26,"key":"Regal Pillow"},{"floor":40,"key":"Lizard Tail"},{"floor":41,"key":"DataDisk"},{"floor":42,"key":"Potion Belt"},{"floor":45,"key":"Sundial"},{"floor":46,"key":"Happy Flower"},{"floor":48,"key":"CaptainsWheel"},{"floor":55,"key":"Emotion Chip"}],"event_choices":[{"damage_healed":0.0,"max_hp_gain":0.0,"max_hp_loss":0.0,"gold_gain":0.0,"event_name":"Living Wall","player_choice":"Grow","floor":3.0,"gold_loss":0.0,"damage_taken":0.0,"cards_upgraded":["Defragment"]},{"damage_healed":0.0,"max_hp_gain":5.0,"max_hp_loss":0.0,"gold_gain":0.0,"event_name":"Big Fish","player_choice":"Donut","floor":4.0,"gold_loss":0.0,"damage_taken":0.0},{"damage_healed":0.0,"max_hp_gain":0.0,"max_hp_loss":0.0,"gold_gain":0.0,"event_name":"Scrap Ooze","player_choice":"Success","floor":5.0,"gold_loss":0.0,"damage_taken":5.0,"relics_obtained":["Incense Burner"]},{"cards_removed":["Glacier"],"damage_healed":0.0,"max_hp_gain":0.0,"max_hp_loss":0.0,"gold_gain":0.0,"event_name":"Designer","player_choice":"Upgrade and Remove","floor":19.0,"gold_loss":110.0,"damage_taken":0.0,"cards_upgraded":["Seek"]},{"damage_healed":0,"gold_gain":0,"player_choice":"Ignored","damage_taken":0,"max_hp_gain":0,"max_hp_loss":0,"event_name":"Cursed Tome","floor":22,"gold_loss":0},{"damage_healed":0,"gold_gain":0,"player_choice":"Shed Blood","damage_taken":32,"max_hp_gain":5,"max_hp_loss":0,"event_name":"Forgotten Altar","floor":29,"gold_loss":0},{"damage_healed":0,"gold_gain":0,"player_choice":"Ignored","damage_taken":0,"max_hp_gain":0,"max_hp_loss":0,"event_name":"Ghosts","floor":31,"gold_loss":0},{"damage_healed":0,"gold_gain":0,"player_choice":"Max HP","damage_taken":0,"max_hp_gain":0,"max_hp_loss":5,"event_name":"Winding Halls","floor":36,"gold_loss":0},{"damage_healed":0,"gold_gain":0,"player_choice":"Cursed","damage_taken":0,"max_hp_gain":0,"max_hp_loss":0,"event_name":"Wheel of Change","floor":37,"gold_loss":0,"cards_obtained":["Decay"]},{"damage_healed":0,"gold_gain":0,"player_choice":"Upgraded","damage_taken":0,"max_hp_gain":0,"max_hp_loss":0,"event_name":"Upgrade Shrine","floor":47,"gold_loss":0,"cards_upgraded":["Redo"]}],"is_beta":false,"boss_relics":[{"not_picked":["Philosopher\u0027s Stone","Fusion Hammer"],"picked":"Calling Bell"},{"not_picked":["Black Star","Busted Crown"],"picked":"Inserter"}],"items_purged_floors":[11,39,54],"is_endless":false,"potions_floor_spawned":[1,2,12,23,33,38,42,55],"ascension_level":20}}