{"host":"py7qdianp3jrm8dm","time":1613844483,"event":{"mods":["AchievementEnabler","BaseMod","Bestiary","Downfall","Highlight Path","Minty Spire (QoL Compilation)","StSLib"],"gold_per_floor":[117,129,149,149,162,162,21,52,122,16,30,30,96,159,159,159,159],"floor_reached":16,"language":"ENG","playtime":847,"items_purged":[],"score":182,"play_id":"9259d6c9-eb42-4d66-9b0a-8d22a1b6a9e7","local_time":"20210220180803","is_ascension_mode":true,"campfire_choices":[{"data":"Heavy Blade","floor":6,"key":"SMITH"},{"floor":12,"key":"REST"},{"data":"Fire Breathing","floor":15,"key":"SMITH"}],"circlet_count":0,"master_deck":["AscendersBane","Strike_R","Strike_R","Strike_R","Strike_R","Strike_R","Defend_R","Defend_R","Defend_R","Defend_R","Bash","downfall:Malfunctioning","Twin Strike","Heavy Blade+1","Clash","Battle Trance","Uppercut","Rage","Twin Strike","Whirlwind","Fire Breathing+1","Sever Soul","Flex","Hemokinesis","Fire Breathing"],"relics":["Burning Blood","SsserpentHead","Champion Belt","Blue Candle"],"acts_visited":["Exordium"],"potions_floor_usage":[16,16],"damage_taken":[{"damage":11,"enemies":"2 Louse","floor":1,"turns":3},{"damage":1,"enemies":"Cultist","floor":2,"turns":4},{"damage":12,"enemies":"Jaw Worm","floor":3,"turns":2},{"damage":40,"enemies":"Gremlin Gang","floor":5,"turns":5},{"damage":29,"enemies":"3 Sentries","floor":8,"turns":11},{"damage":6,"enemies":"Looter","floor":11,"turns":3},{"damage":3,"enemies":"2 Fungi Beasts","floor":13,"turns":3},{"damage":24,"enemies":"Gremlin Gang","floor":14,"turns":4},{"damage":30,"enemies":"Hexaghost","floor":16,"turns":7}],"seed_played":"-7001505944586171110","potions_obtained":[{"floor":8,"key":"bronze:BurnAndBuffPotion"},{"floor":11,"key":"ColorlessPotion"}],"is_trial":false,"path_per_floor":["M","M","M","?","M","R","$","E","T","$","M","R","M","M","R","B"],"character_chosen":"IRONCLAD","items_purchased":["Uppercut","Rage","Twin Strike","Fire Breathing","Sever Soul"],"campfire_rested":1,"item_purchase_floors":[7,7,7,10,10],"current_hp_per_floor":[77,82,76,76,42,42,42,19,19,19,19,45,48,30,30,0,0],"gold":159,"neow_bonus":"TWENTY_PERCENT_HP_BONUS","is_daily":false,"chose_seed":false,"campfire_upgraded":2,"win_rate":0.0,"timestamp":1613844483,"path_taken":["M","M","M","?","M","R","?","E","T","$","M","R","?","?","R","BOSS"],"items_purchased_type":["Card","Card","Card","Card","Card"],"build_version":"2020-12-22","purchased_purges":0,"victory":false,"max_hp_per_floor":[89,89,89,89,89,89,89,89,89,89,89,89,89,89,89,89,89],"card_choices":[{"not_picked":["Armaments","Havoc"],"picked":"Twin Strike","floor":1},{"not_picked":["Intimidate","Warcry"],"picked":"Heavy Blade","floor":2},{"not_picked":["Thunderclap","Cleave"],"picked":"Clash","floor":3},{"not_picked":["Perfected Strike","Cleave"],"picked":"Battle Trance","floor":5},{"not_picked":["Iron Wave","Evolve"],"picked":"Whirlwind","floor":8},{"not_picked":["Rampage","Heavy Blade"],"picked":"Flex","floor":11},{"not_picked":["Flame Barrier","Perfected Strike"],"picked":"Hemokinesis","floor":13},{"not_picked":["Battle Trance","Corruption"],"picked":"Fire Breathing","floor":14}],"player_experience":626158,"relics_obtained":[{"floor":8,"key":"Champion Belt"},{"floor":9,"key":"Blue Candle"}],"event_choices":[{"damage_healed":0,"gold_gain":0,"player_choice":"Trade","damage_taken":0,"relics_obtained":["SsserpentHead"],"max_hp_gain":0,"max_hp_loss":0,"event_name":"FaceTrader","floor":4,"gold_loss":0}],"is_beta":false,"boss_relics":[],"items_purged_floors":[],"is_endless":false,"potions_floor_spawned":[8,11,13,14],"killed_by":"Hexaghost","ascension_level":15}}