{"host":"zu1swnxjkaahohqc","time":1613783411,"event":{"mods":["BaseMod","Hubris","Minty Spire (QoL Compilation)","Replay The Spire","StSLib"],"gold_per_floor":[111,209,134,134,152,152,187,187,214,241,267,167,185,60,60,157,157,172,172,172,190,206,206,238,238,238,38,66,66,92,103,103,208,208,220,56,56,71,71,101,101,131,157,170,170,204,102,102,102,102],"floor_reached":51,"language":"ENG","playtime":2987,"items_purged":["Strike_P","Defend_P","Strike_P","Strike_P","Replay:BluntJabs+1"],"score":1299,"play_id":"8506ca28-e14a-4202-bf8a-0ea17a451617","local_time":"20210219201011","is_ascension_mode":true,"campfire_choices":[{"data":"Eruption","floor":6,"key":"SMITH"},{"data":"CrushJoints","floor":8,"key":"SMITH"},{"data":"Defend_P","floor":15,"key":"SMITH"},{"data":"Ragnarok","floor":23,"key":"SMITH"},{"data":"FollowUp","floor":25,"key":"SMITH"},{"data":"Defend_P","floor":32,"key":"PURGE"},{"data":"Master of Strategy","floor":41,"key":"SMITH"},{"data":"Vigilance","floor":45,"key":"SMITH"},{"floor":49,"key":"DIG"}],"circlet_count":0,"master_deck":["Defend_P+1","Eruption+1","Vigilance+1","FollowUp+1","Ragnarok+1","CrushJoints+1","Ragnarok+1","Replay:ManipulateFuture+1","Master of Strategy+1","Evaluate+1","WheelKick+1","ClearTheMind","Enlightenment"],"relics":["PureWater","NeowsBlessing","Pet Ghost","Replay:Ringing Soul","Replay:Baseball","Anchor","Odd Mushroom","ReplayTheSpireMod:DimensionalGlitch","Letter Opener","WingedGreaves","Smiling Mask","HandDrill","hubris:FunFungus","Quantum Egg","Empty Cage","hubris:TenFootPole","StrikeDummy","MealTicket","Blue Candle","Art of War"],"acts_visited":["Exordium","TheCity","TheBeyond"],"potions_floor_usage":[11,28,30,33,42,46],"damage_taken":[{"damage":0,"enemies":"Jaw Worm","floor":1,"turns":1},{"damage":0,"enemies":"2 Louse","floor":5,"turns":1},{"damage":0,"enemies":"3 Sentries","floor":7,"turns":1},{"damage":0,"enemies":"Gremlin Nob","floor":10,"turns":2},{"damage":0,"enemies":"The Mushroom Lair","floor":11,"turns":2},{"damage":0,"enemies":"Cultist","floor":13,"turns":1},{"damage":53,"enemies":"Hexaghost","floor":16,"turns":6},{"damage":2,"enemies":"Chosen","floor":18,"turns":3},{"damage":0,"enemies":"3 Byrds","floor":21,"turns":3},{"damage":0,"enemies":"Snecko","floor":22,"turns":2},{"damage":0,"enemies":"Gremlin Leader","floor":24,"turns":4},{"damage":1,"enemies":"Replay:Snechameleon","floor":28,"turns":2},{"damage":9,"enemies":"Gremlin Leader","floor":30,"turns":4},{"damage":0,"enemies":"Centurion and Healer","floor":31,"turns":2},{"damage":37,"enemies":"Pondfish","floor":33,"turns":9},{"damage":33,"enemies":"3 Shapes","floor":35,"turns":15},{"damage":0,"enemies":"3 Darklings","floor":38,"turns":2},{"damage":3,"enemies":"Nemesis","floor":40,"turns":3},{"damage":9,"enemies":"R_Hoarder","floor":42,"turns":5},{"damage":0,"enemies":"Spire Growth","floor":44,"turns":2},{"damage":19,"enemies":"Nemesis","floor":46,"turns":3},{"damage":60,"enemies":"Time Eater","floor":50,"turns":7}],"seed_played":"5449092862570337740","potions_obtained":[{"floor":7,"key":"PowerPotion"},{"floor":10,"key":"DistilledChaos"},{"floor":11,"key":"Ancient Potion"},{"floor":18,"key":"Weak Potion"},{"floor":24,"key":"Block Potion"},{"floor":31,"key":"Venom Potion"},{"floor":33,"key":"BlessingOfTheForge"},{"floor":44,"key":"Adrenaline Potion"},{"floor":46,"key":"Elixir"}],"is_trial":false,"path_per_floor":["M","?","$","?","M","R","E","R","T","E","?","$","M","$","R","B",null,"M","?","?","M","M","R","E","R","T","$","E","?","E","M","R","B",null,"M","$","?","M","?","E","R","E","T","M","R","E","$","?","R","B",null],"character_chosen":"WATCHER","items_purchased":["HandDrill","Master of Strategy","ClearTheMind"],"campfire_rested":0,"item_purchase_floors":[27,36,47],"current_hp_per_floor":[72,72,72,72,72,72,75,75,75,75,75,75,75,75,75,25,78,79,79,79,79,79,79,79,79,79,79,78,78,71,74,74,39,84,77,80,80,81,81,80,80,77,77,77,77,62,80,83,83,29],"gold":102,"neow_bonus":"THREE_ENEMY_KILL","is_daily":false,"chose_seed":false,"campfire_upgraded":7,"win_rate":0.0,"timestamp":1613783411,"path_taken":["M","?","?","?","M","R","E","R","T","E","?","$","M","$","R","BOSS","M","?","?","M","?","R","E","R","T","$","E","?","E","M","R","BOSS","M","$","?","?","?","E","R","E","T","M","R","E","$","?","R","BOSS"],"items_purchased_type":["Relic","Card","Card"],"build_version":"2020-12-13","purchased_purges":5,"victory":true,"max_hp_per_floor":[72,72,72,72,72,72,75,75,75,75,75,75,75,75,75,78,78,81,81,81,81,81,81,81,81,81,81,81,81,81,84,84,84,84,87,90,90,90,90,90,90,93,93,93,93,96,99,102,102,102],"card_choices":[{"not_picked":["FearNoEvil","DeusExMachina"],"picked":"Tantrum","floor":2},{"not_picked":["CrushJoints","Crescendo"],"picked":"FollowUp","floor":2},{"not_picked":["Worship","Wireheading","EmptyFist"],"picked":"SKIP","floor":5},{"not_picked":["Swivel","CrushJoints","MentalFortress"],"picked":"SKIP","floor":7},{"not_picked":["Swivel","MentalFortress"],"picked":"CrushJoints","floor":7},{"not_picked":["MentalFortress","Weave","FearNoEvil"],"picked":"SKIP","floor":10},{"not_picked":["Replay:BluntJabs","FlurryOfBlows","CarveReality"],"picked":"SKIP","floor":13},{"not_picked":["Devotion","MasterReality"],"picked":"Ragnarok","floor":16},{"not_picked":["Replay:BluntJabs","CrushJoints"],"picked":"Replay:ManipulateFuture+1","floor":18},{"not_picked":["Consecrate","Replay:AtTheReady","Replay:Cycle"],"picked":"SKIP","floor":21},{"not_picked":["Replay:Battleflow","PathToVictory","SashWhip"],"picked":"SKIP","floor":22},{"not_picked":["ClearTheMind","MasterReality","Evaluate"],"picked":"SKIP","floor":24},{"not_picked":["Replay:Battleflow","FlyingSleeves","FollowUp"],"picked":"SKIP","floor":28},{"not_picked":["ThirdEye","FlurryOfBlows","Halt"],"picked":"SKIP","floor":30},{"not_picked":["Prostrate+1","BowlingBash"],"picked":"EmptyBody+1","floor":31},{"not_picked":["Consecrate","CrushJoints"],"picked":"Replay:BluntJabs+1","floor":35},{"not_picked":["Pray","ThirdEye","Replay:AtTheReady+1"],"picked":"SKIP","floor":38},{"not_picked":["Pray","FearNoEvil","BowlingBash"],"picked":"SKIP","floor":40},{"not_picked":["SignatureMove+1","Crescendo+1"],"picked":"Evaluate+1","floor":42},{"not_picked":["CrushJoints","FlyingSleeves","TalkToTheHand"],"picked":"SKIP","floor":44},{"not_picked":["ThirdEye","JustLucky"],"picked":"WheelKick+1","floor":46},{"not_picked":["ReplayTheSpireMod:Necrogeddon","hubris:Ssssneak"],"picked":"Enlightenment","floor":48}],"player_experience":20175,"relics_obtained":[{"floor":2,"key":"Pet Ghost"},{"floor":7,"key":"Replay:Ringing Soul"},{"floor":9,"key":"Replay:Baseball"},{"floor":10,"key":"Anchor"},{"floor":11,"key":"Odd Mushroom"},{"floor":24,"key":"WingedGreaves"},{"floor":26,"key":"Smiling Mask"},{"floor":28,"key":"hubris:FunFungus"},{"floor":30,"key":"Quantum Egg"},{"floor":40,"key":"hubris:TenFootPole"},{"floor":42,"key":"StrikeDummy"},{"floor":43,"key":"MealTicket"},{"floor":46,"key":"Blue Candle"},{"floor":49,"key":"Art of War"}],"event_choices":[{"damage_healed":0,"gold_gain":0,"player_choice":"Fought Mushrooms","damage_taken":0,"max_hp_gain":0,"max_hp_loss":0,"event_name":"Mushrooms","floor":11,"gold_loss":0},{"damage_healed":0,"gold_gain":0,"player_choice":"Gave Potion","damage_taken":0,"relics_obtained":["Letter Opener"],"max_hp_gain":0,"max_hp_loss":0,"event_name":"WeMeetAgain","floor":20,"gold_loss":0},{"damage_healed":0,"gold_gain":0,"player_choice":"Upgraded","damage_taken":0,"max_hp_gain":0,"max_hp_loss":0,"event_name":"Upgrade Shrine","floor":29,"gold_loss":0,"cards_upgraded":["Defend_P"]},{"damage_healed":0,"gold_gain":0,"player_choice":"0 cards matched","damage_taken":0,"max_hp_gain":0,"max_hp_loss":0,"event_name":"Match and Keep!","floor":37,"gold_loss":0,"cards_obtained":[]},{"cards_removed":["EmptyBody"],"damage_healed":0,"gold_gain":0,"player_choice":"Removed Skill","damage_taken":0,"max_hp_gain":0,"max_hp_loss":0,"event_name":"Falling","floor":39,"gold_loss":0},{"damage_healed":0,"gold_gain":0,"player_choice":"Memory 1","damage_taken":0,"max_hp_gain":0,"max_hp_loss":0,"event_name":"SensoryStone","floor":48,"gold_loss":0}],"is_beta":false,"boss_relics":[{"not_picked":["hubris:GrandSneckoEye","SlaversCollar"],"picked":"ReplayTheSpireMod:DimensionalGlitch"},{"not_picked":["Tiny House","Replay:Bronze Core"],"picked":"Empty Cage"}],"items_purged_floors":[3,12,14,27,47],"is_endless":false,"potions_floor_spawned":[7,10,11,18,24,31,33,44,46],"ascension_level":4}}