{"host":"ul3z8ex5o8l5j7mh","time":1613829961,"event":{"mods":["AchievementEnabler","BaseMod","Bestiary","Colored Map","Colored Powertips","DeckTracker","Keyboard Shortcuts","Minty Spire (QoL Compilation)","Relic Sorter","Relic Stats","SuperFastMode"],"gold_per_floor":[118,118,137,17,36,63,63,76,101,136,150,150,161,14,14,110,110,124,140,172,172,172,198,29,47,98,115,115,115,132,148,148,253,253,264,282,504,56,73,73,87,115,141,151,151,165,165,178,178,178,178],"floor_reached":50,"language":"ENG","playtime":3301,"items_purged":["Strike_R","Defend_R","Power Through"],"score":558,"play_id":"cceb4645-a02a-43b0-994a-7e2981f4eae8","local_time":"20210220150601","is_ascension_mode":false,"campfire_choices":[{"data":"Searing Blow","floor":7.0,"key":"SMITH"},{"floor":12.0,"key":"REST"},{"data":"Searing Blow+1","floor":15.0,"key":"SMITH"},{"floor":29.0,"key":"RECALL"},{"floor":32.0,"key":"REST"},{"data":"RitualDagger","floor":40.0,"key":"SMITH"},{"floor":47.0,"key":"REST"},{"floor":49.0,"key":"REST"}],"circlet_count":0,"master_deck":["Defend_R","Defend_R","Defend_R","Bash","Clothesline","Shrug It Off","Pommel Strike","Searing Blow+2","Shrug It Off","Dropkick","Cleave","Demon Form+1","Fire Breathing","Dropkick+1","True Grit+1","Bite","Bite","Bite","Bite","Bite","RitualDagger+1","True Grit","Dark Embrace","Corruption","Blood for Blood","Pommel Strike+1"],"relics":["Runic Pyramid","Red Skull","Akabeko","Lantern","Happy Flower","Mark of Pain","Red Mask","Blood Vial","Philosopher\u0027s Stone","Self Forming Clay","Letter Opener","Toy Ornithopter"],"acts_visited":["Exordium","TheCity","TheBeyond"],"potions_floor_usage":[],"damage_taken":[{"damage":1.0,"enemies":"Jaw Worm","floor":1.0,"turns":3.0},{"damage":4.0,"enemies":"Cultist","floor":3.0,"turns":3.0},{"damage":1.0,"enemies":"2 Louse","floor":5.0,"turns":3.0},{"damage":33.0,"enemies":"3 Sentries","floor":6.0,"turns":11.0},{"damage":9.0,"enemies":"Exordium Wildlife","floor":8.0,"turns":5.0},{"damage":3.0,"enemies":"Gremlin Nob","floor":10.0,"turns":4.0},{"damage":0.0,"enemies":"2 Fungi Beasts","floor":11.0,"turns":2.0},{"damage":5.0,"enemies":"Lots of Slimes","floor":13.0,"turns":3.0},{"damage":39.0,"enemies":"The Guardian","floor":16.0,"turns":10.0},{"damage":0.0,"enemies":"Spheric Guardian","floor":18.0,"turns":1.0},{"damage":0.0,"enemies":"Chosen","floor":19.0,"turns":4.0},{"damage":26.0,"enemies":"Masked Bandits","floor":20.0,"turns":5.0},{"damage":31.0,"enemies":"Slavers","floor":23.0,"turns":4.0},{"damage":3.0,"enemies":"Snecko","floor":25.0,"turns":4.0},{"damage":23.0,"enemies":"Sentry and Sphere","floor":27.0,"turns":5.0},{"damage":16.0,"enemies":"Centurion and Healer","floor":30.0,"turns":8.0},{"damage":11.0,"enemies":"Snake Plant","floor":31.0,"turns":4.0},{"damage":32.0,"enemies":"Automaton","floor":33.0,"turns":8.0},{"damage":7.0,"enemies":"3 Darklings","floor":35.0,"turns":6.0},{"damage":14.0,"enemies":"3 Shapes","floor":36.0,"turns":3.0},{"damage":29.0,"enemies":"3 Darklings","floor":39.0,"turns":4.0},{"damage":38.0,"enemies":"Sphere and 2 Shapes","floor":41.0,"turns":5.0},{"damage":37.0,"enemies":"Giant Head","floor":42.0,"turns":7.0},{"damage":11.0,"enemies":"Transient","floor":44.0,"turns":5.0},{"damage":18.0,"enemies":"3 Darklings","floor":46.0,"turns":4.0},{"damage":45.0,"enemies":"Spire Growth","floor":48.0,"turns":5.0},{"damage":43,"enemies":"Donu and Deca","floor":50,"turns":3}],"seed_played":"1148708717049889340","potions_obtained":[{"floor":8.0,"key":"ElixirPotion"},{"floor":10.0,"key":"Dexterity Potion"},{"floor":11.0,"key":"BloodPotion"},{"floor":16.0,"key":"Fire Potion"},{"floor":25.0,"key":"Dexterity Potion"},{"floor":27.0,"key":"AttackPotion"},{"floor":42.0,"key":"BloodPotion"},{"floor":44.0,"key":"Dexterity Potion"},{"floor":46.0,"key":"Strength Potion"}],"is_trial":false,"path_per_floor":["M","?","M","$","M","E","R","M","T","E","M","R","M","$","R","B",null,"M","M","?","?","?","E","$","M","T","M","$","R","M","M","R","B",null,"M","M","?","$","M","R","M","E","T","M","?","M","R","M","R","B"],"character_chosen":"IRONCLAD","items_purchased":["Shrug It Off","Happy Flower","Dark Embrace","Self Forming Clay","Blood for Blood"],"campfire_rested":4,"item_purchase_floors":[4,14,24,38,38],"current_hp_per_floor":[79,79,75,75,74,41,41,32,32,29,29,53,48,48,48,9,80,80,80,54,54,48,25,25,34,34,25,25,25,25,24,40,28,56,56,46,46,46,31,31,7,7,7,8,8,28,44,18,34,0,0],"gold":178,"neow_bonus":"BOSS_RELIC","is_daily":false,"chose_seed":false,"campfire_upgraded":3,"win_rate":0.0,"timestamp":1613829961,"path_taken":["M","?","M","?","?","E","R","M","T","E","M","R","?","?","R","BOSS","M","M","?","?","?","E","$","M","T","?","$","R","M","M","R","BOSS","M","M","?","$","M","R","M","E","T","M","?","M","R","M","R","BOSS"],"items_purchased_type":["Card","Relic","Card","Relic","Card"],"build_version":"2020-12-22","purchased_purges":3,"victory":false,"max_hp_per_floor":[80,80,80,80,80,80,80,80,80,80,80,80,80,80,80,80,80,80,80,80,56,56,56,56,56,56,56,56,56,56,56,56,56,56,56,56,56,56,56,56,56,56,56,56,56,56,56,56,56,56,56],"relic_stats":{"Blood Vial":24,"Happy Flower":[31],"counters":[27,129],"Self Forming Clay":[60],"Letter Opener":[20],"obtain_stats":[{"Lantern":10,"Happy Flower":14,"Self Forming Clay":38,"Letter Opener":42,"Burning Blood":0,"Akabeko":9,"Blood Vial":23,"Philosopher\u0027s Stone":34,"Mark of Pain":17,"Red Mask":20,"Red Skull":6,"Toy Ornithopter":43,"Runic Pyramid":0},{"Lantern":6,"Happy Flower":8,"Self Forming Clay":20,"Letter Opener":23,"Burning Blood":0,"Akabeko":5,"Blood Vial":13,"Philosopher\u0027s Stone":18,"Mark of Pain":9,"Red Mask":12,"Red Skull":4,"Toy Ornithopter":23,"Runic Pyramid":0},{"Lantern":29,"Happy Flower":34,"Self Forming Clay":96,"Letter Opener":112,"Burning Blood":0,"Akabeko":25,"Blood Vial":58,"Philosopher\u0027s Stone":87,"Mark of Pain":44,"Red Mask":54,"Red Skull":20,"Toy Ornithopter":112,"Runic Pyramid":0}],"Toy Ornithopter":20},"card_choices":[{"not_picked":["Sword Boomerang","Hemokinesis"],"picked":"Clothesline","floor":1.0},{"not_picked":["Heavy Blade","Headbutt","Disarm"],"picked":"SKIP","floor":3.0},{"not_picked":["Perfected Strike","Battle Trance"],"picked":"Pommel Strike","floor":5.0},{"not_picked":["Rage","Iron Wave"],"picked":"Searing Blow","floor":6.0},{"not_picked":["Twin Strike","Iron Wave"],"picked":"Shrug It Off","floor":8.0},{"not_picked":["Twin Strike","Wild Strike"],"picked":"Dropkick","floor":10.0},{"not_picked":["Warcry","Twin Strike"],"picked":"Cleave","floor":11.0},{"not_picked":["Clash","Clothesline","Fire Breathing"],"picked":"SKIP","floor":13.0},{"not_picked":["Double Tap","Exhume"],"picked":"Demon Form","floor":16.0},{"not_picked":["Clash","True Grit"],"picked":"Fire Breathing","floor":18.0},{"not_picked":["Flex+1","Inflame"],"picked":"Dropkick+1","floor":19.0},{"not_picked":["Perfected Strike","Sword Boomerang"],"picked":"True Grit+1","floor":20.0},{"not_picked":["Havoc","Rage"],"picked":"True Grit","floor":23.0},{"not_picked":["Wild Strike","Armaments","Battle Trance"],"picked":"SKIP","floor":25.0},{"not_picked":["Ghostly Armor","True Grit","Anger"],"picked":"SKIP","floor":27.0},{"not_picked":["Impervious","Seeing Red","Perfected Strike"],"picked":"SKIP","floor":30.0},{"not_picked":["Reckless Charge+1","Shockwave+1","Body Slam"],"picked":"SKIP","floor":31.0},{"not_picked":["Impervious","Offering"],"picked":"Corruption","floor":33.0},{"not_picked":["Dark Embrace+1","Havoc","Clash+1"],"picked":"SKIP","floor":35.0},{"not_picked":["Anger+1","Intimidate+1","Warcry"],"picked":"SKIP","floor":36.0},{"not_picked":["Inflame+1","Thunderclap","Entrench+1"],"picked":"SKIP","floor":39.0},{"not_picked":["Clash+1","Havoc","Headbutt+1"],"picked":"SKIP","floor":41.0},{"not_picked":["Warcry+1","Uppercut","Shockwave+1"],"picked":"SKIP","floor":42.0},{"not_picked":["Thunderclap","Cleave+1","Berserk"],"picked":"SKIP","floor":44.0},{"not_picked":["Perfected Strike","Disarm"],"picked":"Pommel Strike+1","floor":46.0},{"not_picked":["Burning Pact","Cleave","Flex+1"],"picked":"SKIP","floor":48.0}],"player_experience":400288,"relics_obtained":[{"floor":6.0,"key":"Red Skull"},{"floor":9.0,"key":"Akabeko"},{"floor":10.0,"key":"Lantern"},{"floor":20.0,"key":"Red Mask"},{"floor":23.0,"key":"Blood Vial"},{"floor":42.0,"key":"Letter Opener"},{"floor":43.0,"key":"Toy Ornithopter"}],"event_choices":[{"damage_healed":0.0,"max_hp_gain":0.0,"max_hp_loss":0.0,"gold_gain":0.0,"cards_transformed":["Strike_R"],"event_name":"Transmorgrifier","player_choice":"Transformed","floor":2.0,"gold_loss":0.0,"damage_taken":0.0,"cards_obtained":["Power Through"]},{"damage_healed":0.0,"max_hp_gain":0.0,"max_hp_loss":0.0,"gold_gain":0.0,"event_name":"Masked Bandits","player_choice":"Fought Bandits","floor":20.0,"gold_loss":0.0,"damage_taken":0.0},{"damage_healed":0.0,"max_hp_gain":0.0,"max_hp_loss":24.0,"gold_gain":0.0,"event_name":"Vampires","player_choice":"Became a vampire","floor":21.0,"gold_loss":0.0,"damage_taken":0.0,"cards_obtained":["Bite","Bite","Bite","Bite","Bite"]},{"damage_healed":0.0,"max_hp_gain":0.0,"max_hp_loss":0.0,"gold_gain":0.0,"event_name":"Nest","player_choice":"Joined the Cult","floor":22.0,"gold_loss":0.0,"damage_taken":6.0,"cards_obtained":["RitualDagger"]},{"damage_healed":0.0,"max_hp_gain":0.0,"max_hp_loss":0.0,"gold_gain":222.0,"event_name":"Tomb of Lord Red Mask","player_choice":"Wore Mask","floor":37.0,"gold_loss":0.0,"damage_taken":0.0},{"damage_healed":0.0,"max_hp_gain":0.0,"max_hp_loss":0.0,"gold_gain":0.0,"event_name":"Upgrade Shrine","player_choice":"Upgraded","floor":45.0,"gold_loss":0.0,"damage_taken":0.0,"cards_upgraded":["Demon Form"]}],"is_beta":false,"boss_relics":[{"not_picked":["Sozu","SacredBark"],"picked":"Mark of Pain"},{"not_picked":["Black Star","Coffee Dripper"],"picked":"Philosopher\u0027s Stone"}],"items_purged_floors":[4,24,38],"is_endless":false,"potions_floor_spawned":[8,10,11,16,25,27,42,44,46],"killed_by":"Donu and Deca","ascension_level":0}}