{"host":"uv231blk40vjdojr","time":1613825181,"event":{"mods":["BaseMod","Minty Spire (QoL Compilation)","Relic Stats","ojb\u0027s Info Mod"],"gold_per_floor":[112,129,146,146,146,146,173,185,223,252,292,304,350,101,101,196,196,211,225,225,239,139,139,171,171,171,196,206,238,238,238],"floor_reached":30,"language":"ENG","playtime":1361,"items_purged":["Strike_P","FlurryOfBlows"],"score":528,"play_id":"49cd3946-562a-457d-ac57-6693d490416f","local_time":"20210220134621","is_ascension_mode":true,"campfire_choices":[{"data":"Eruption","floor":6,"key":"SMITH"},{"data":"Wallop","floor":8,"key":"SMITH"},{"data":"Indignation","floor":15,"key":"SMITH"},{"data":"Alpha","floor":23,"key":"SMITH"},{"data":"SashWhip","floor":25,"key":"SMITH"}],"circlet_count":0,"master_deck":["Strike_P","Strike_P","Defend_P","Defend_P","Defend_P","Defend_P","Eruption+1","Vigilance","Wallop+1","SashWhip+1","LikeWater","SandsOfTime","EmptyMind","Halt","Indignation+1","Alpha+1","Scrawl","FearNoEvil+1","Wireheading","Meditate"],"relics":["Velvet Choker","MawBank","Shuriken","Pocketwatch","Oddly Smooth Stone","Centennial Puzzle","Snecko Eye","TeardropLocket","Matryoshka","Damaru","Yang"],"acts_visited":["Exordium","TheCity"],"potions_floor_usage":[11,21,27,29,30],"damage_taken":[{"damage":0,"enemies":"Small Slimes","floor":1,"turns":3},{"damage":0,"enemies":"2 Louse","floor":2,"turns":2},{"damage":0,"enemies":"Jaw Worm","floor":3,"turns":3},{"damage":17,"enemies":"3 Sentries","floor":7,"turns":8},{"damage":6,"enemies":"3 Louse","floor":10,"turns":2},{"damage":0,"enemies":"Gremlin Nob","floor":11,"turns":1},{"damage":0,"enemies":"Lagavulin","floor":13,"turns":4},{"damage":0,"enemies":"Hexaghost","floor":16,"turns":6},{"damage":14,"enemies":"3 Byrds","floor":18,"turns":5},{"damage":5,"enemies":"Spheric Guardian","floor":19,"turns":4},{"damage":0,"enemies":"Chosen and Byrds","floor":21,"turns":5},{"damage":1,"enemies":"Gremlin Leader","floor":24,"turns":4},{"damage":1,"enemies":"Book of Stabbing","floor":27,"turns":4},{"damage":2,"enemies":"Centurion and Healer","floor":28,"turns":3},{"damage":34,"enemies":"Gremlin Leader","floor":29,"turns":4},{"damage":13,"enemies":"Snake Plant","floor":30,"turns":2}],"seed_played":"904053835386002912","potions_obtained":[{"floor":1,"key":"BlessingOfTheForge"},{"floor":2,"key":"SteroidPotion"},{"floor":13,"key":"DuplicationPotion"},{"floor":16,"key":"Dexterity Potion"},{"floor":21,"key":"Energy Potion"}],"is_trial":false,"path_per_floor":["M","M","M","?","?","R","E","R","T","M","E","?","E","$","R","B",null,"M","M","?","M","$","R","E","R","T","E","M","E","M"],"character_chosen":"WATCHER","items_purchased":["Centennial Puzzle","Indignation"],"campfire_rested":0,"item_purchase_floors":[14,14],"current_hp_per_floor":[65,65,65,70,63,63,46,46,46,40,40,33,33,33,33,33,66,52,47,47,47,47,47,46,46,46,45,43,9,0,0],"gold":238,"neow_bonus":"BOSS_RELIC","is_daily":false,"chose_seed":false,"campfire_upgraded":5,"win_rate":0.0,"timestamp":1613825181,"path_taken":["M","M","M","?","?","R","E","R","T","M","E","?","E","$","R","BOSS","M","M","?","M","$","R","E","R","T","E","M","E","M"],"items_purchased_type":["Relic","Card"],"build_version":"2020-12-22","purchased_purges":2,"victory":false,"max_hp_per_floor":[72,72,72,77,77,77,77,77,77,77,77,77,77,77,77,77,77,77,77,77,77,77,77,77,77,77,77,77,77,77,77],"relic_stats":{"Centennial Puzzle":[21],"counters":[16,60],"Shuriken":[9],"Snecko Eye":[85,62,67,56],"Yang":[2],"MawBank":84,"obtain_stats":[{"Centennial Puzzle":14,"Matryoshka":26,"Shuriken":11,"Velvet Choker":0,"Oddly Smooth Stone":13,"Snecko Eye":17,"Damaru":27,"Yang":29,"TeardropLocket":24,"PureWater":0,"MawBank":7,"Pocketwatch":12},{"Centennial Puzzle":7,"Matryoshka":12,"Shuriken":6,"Velvet Choker":0,"Oddly Smooth Stone":7,"Snecko Eye":8,"Damaru":13,"Yang":15,"TeardropLocket":12,"PureWater":0,"MawBank":4,"Pocketwatch":6},{"Centennial Puzzle":23,"Matryoshka":47,"Shuriken":19,"Velvet Choker":0,"Oddly Smooth Stone":23,"Snecko Eye":29,"Damaru":51,"Yang":58,"TeardropLocket":47,"PureWater":0,"MawBank":16,"Pocketwatch":19}],"Pocketwatch":[26]},"card_choices":[{"not_picked":["Weave","Wireheading"],"picked":"Wallop","floor":1},{"not_picked":["ThirdEye","WheelKick"],"picked":"SashWhip","floor":2},{"not_picked":["SignatureMove","PathToVictory"],"picked":"FlurryOfBlows","floor":3},{"not_picked":["DeceiveReality","EmptyMind"],"picked":"LikeWater","floor":7},{"not_picked":["SashWhip","MentalFortress"],"picked":"SandsOfTime","floor":10},{"not_picked":["WaveOfTheHand","BowlingBash"],"picked":"EmptyMind","floor":11},{"not_picked":["SashWhip","Prostrate"],"picked":"Halt","floor":13},{"not_picked":["MasterReality","Establishment"],"picked":"Alpha","floor":16},{"not_picked":["PathToVictory+1","SandsOfTime","Prostrate"],"picked":"SKIP","floor":18},{"not_picked":["Prostrate","JustLucky","FlurryOfBlows+1"],"picked":"SKIP","floor":19},{"not_picked":["Prostrate","Indignation+1"],"picked":"Scrawl","floor":21},{"not_picked":["ThirdEye","SashWhip"],"picked":"FearNoEvil+1","floor":24},{"not_picked":["SandsOfTime","Halt"],"picked":"Wireheading","floor":27},{"not_picked":["FlurryOfBlows","PathToVictory"],"picked":"Meditate","floor":28},{"not_picked":["SashWhip+1","JustLucky","Weave"],"picked":"SKIP","floor":29}],"player_experience":783201,"relics_obtained":[{"floor":7,"key":"MawBank"},{"floor":11,"key":"Shuriken"},{"floor":13,"key":"Oddly Smooth Stone"},{"floor":24,"key":"TeardropLocket"},{"floor":26,"key":"Matryoshka"},{"floor":27,"key":"Damaru"},{"floor":29,"key":"Yang"}],"event_choices":[{"damage_healed":0,"gold_gain":0,"player_choice":"Donut","damage_taken":0,"max_hp_gain":5,"max_hp_loss":0,"event_name":"Big Fish","floor":4,"gold_loss":0},{"cards_removed":["Strike_P"],"damage_healed":0,"gold_gain":0,"player_choice":"Card Removal","damage_taken":7,"max_hp_gain":0,"max_hp_loss":0,"event_name":"Golden Wing","floor":5,"gold_loss":0},{"damage_healed":0,"gold_gain":0,"player_choice":"Success","damage_taken":7,"relics_obtained":["Pocketwatch"],"max_hp_gain":0,"max_hp_loss":0,"event_name":"Scrap Ooze","floor":12,"gold_loss":0},{"damage_healed":0,"gold_gain":0,"player_choice":"Ignored","damage_taken":0,"max_hp_gain":0,"max_hp_loss":0,"event_name":"The Mausoleum","floor":20,"gold_loss":0}],"is_beta":false,"boss_relics":[{"not_picked":["Astrolabe","Runic Dome"],"picked":"Snecko Eye"}],"items_purged_floors":[14,22],"is_endless":false,"potions_floor_spawned":[1,2,13,16,18,21,24],"killed_by":"Snake Plant","ascension_level":6}}