{"host":"wrdw6zkxuilnr6rg","time":1613790386,"event":{"mods":["BaseMod","Colored Powertips","Minty Spire (QoL Compilation)","Relic Stats","StSLib"],"gold_per_floor":[117,117,417,436,447,447,447,447],"floor_reached":7,"language":"ENG","playtime":125,"items_purged":[],"score":82,"play_id":"c971c49d-9b98-44ac-a0e6-44e108c8cd25","local_time":"20210220060626","is_ascension_mode":true,"campfire_choices":[{"data":"Dualcast","floor":6,"key":"SMITH"}],"circlet_count":0,"master_deck":["AscendersBane","Strike_B","Strike_B","Strike_B","Strike_B","Defend_B","Defend_B","Defend_B","Defend_B","Zap","Dualcast+1","Conserve Battery","Coolheaded","Genetic Algorithm"],"relics":["Cracked Core","Omamori","Bag of Preparation","Old Coin"],"acts_visited":["Exordium"],"potions_floor_usage":[],"damage_taken":[{"damage":15,"enemies":"Small Slimes","floor":1,"turns":4},{"damage":0,"enemies":"Jaw Worm","floor":4,"turns":3},{"damage":0,"enemies":"Cultist","floor":5,"turns":4},{"damage":8,"enemies":"Gremlin Nob","floor":7,"turns":3}],"seed_played":"-1860026437558334930","potions_obtained":[],"is_trial":false,"path_per_floor":["M","?","T","M","M","R","E"],"character_chosen":"DEFECT","items_purchased":[],"campfire_rested":0,"item_purchase_floors":[],"current_hp_per_floor":[49,49,49,49,49,49,41,41],"gold":447,"neow_bonus":"RANDOM_COMMON_RELIC","is_daily":false,"chose_seed":false,"campfire_upgraded":1,"win_rate":0.0,"timestamp":1613790386,"path_taken":["M","?","?","M","M","R","E"],"items_purchased_type":[],"build_version":"2020-12-22","purchased_purges":0,"victory":false,"max_hp_per_floor":[71,71,71,71,71,71,71,71],"relic_stats":{"counters":[4,14],"Bag of Preparation":[6],"obtain_stats":[{"Omamori":0,"Bag of Preparation":2,"Cracked Core":0,"Old Coin":3},{"Omamori":0,"Bag of Preparation":1,"Cracked Core":0,"Old Coin":1},{"Omamori":0,"Bag of Preparation":4,"Cracked Core":0,"Old Coin":4}]},"card_choices":[{"not_picked":["Barrage","Stack"],"picked":"Conserve Battery","floor":1},{"not_picked":["Double Energy","Beam Cell"],"picked":"Coolheaded","floor":4},{"not_picked":["Double Energy","Go for the Eyes"],"picked":"Genetic Algorithm","floor":5}],"player_experience":1466289,"relics_obtained":[{"floor":3,"key":"Old Coin"}],"event_choices":[{"damage_healed":0,"gold_gain":0,"player_choice":"Box","damage_taken":0,"relics_obtained":["Bag of Preparation"],"max_hp_gain":0,"max_hp_loss":0,"event_name":"Big Fish","floor":2,"gold_loss":0,"cards_obtained":["Regret"]}],"is_beta":false,"boss_relics":[],"items_purged_floors":[],"is_endless":false,"potions_floor_spawned":[],"killed_by":"Gremlin Nob","ascension_level":20}}