{"host":"12g8pzxdn4uh7yby","time":1613846940,"event":{"mods":["AchievementEnabler","BaseMod","Colored Map","Highlight Path","Minty Spire (QoL Compilation)","Relic Stats","StSLib"],"gold_per_floor":[118,70,84,103,103,139,151,198,236,281,316,344,356,382,394,537,549,555,567,6,6,19,55,55,95,95,95,23,23,23,61,61,192,192,206,221,221,241,265,304,60,74,74,74,117,117,140,178,178,178,178,178,13,49,49,49],"floor_reached":55,"playtime":20068,"items_purged":["Strike_G","Writhe"],"score":911,"play_id":"00eeec37-3232-4b43-b6b5-00f00e9a8e36","local_time":"20210220114900","is_ascension_mode":true,"campfire_choices":[{"floor":7,"key":"REST"},{"floor":15,"key":"REST"},{"floor":24,"key":"RECALL"},{"floor":29,"key":"REST"},{"floor":32,"key":"REST"},{"floor":44,"key":"REST"},{"floor":46,"key":"REST"},{"floor":49,"key":"REST"},{"floor":52,"key":"REST"}],"circlet_count":0,"master_deck":["Strike_G+1","Defend_G","Defend_G","Defend_G","Defend_G","Defend_G","Survivor","Neutralize","Dagger Throw+1","Deadly Poison","Dash","Blade Dance","Catalyst","Catalyst","Well Laid Plans","PiercingWail","Wraith Form v2","Predator+1","Noxious Fumes","All Out Attack","Adrenaline","Poisoned Stab","Endless Agony+1","Acrobatics","Acrobatics","Venomology","Tactician","Blind","Acrobatics+1","Blur+1","Calculated Gamble","Caltrops+1","Crippling Poison+1","Dash","Noxious Fumes","Adrenaline"],"relics":["Fusion Hammer","Golden Idol","MawBank","Whetstone","Bronze Scales","HoveringKite","Tingsha","Eternal Feather","MealTicket","Akabeko","Letter Opener","Bottled Tornado","Runic Pyramid","Ginger","TwistedFunnel","Mummified Hand","Question Card","Ancient Tea Set","Nunchaku"],"acts_visited":["Exordium","TheCity","TheBeyond","TheEnding"],"potions_floor_usage":[10,14,16,22,25,33,36,39,40,42,45,45,47,48,50,50,55,55],"damage_taken":[{"damage":0,"enemies":"2 Louse","floor":1,"turns":3},{"damage":0,"enemies":"Jaw Worm","floor":3,"turns":3},{"damage":0,"enemies":"Small Slimes","floor":4,"turns":3},{"damage":21,"enemies":"3 Sentries","floor":6,"turns":10},{"damage":25,"enemies":"Gremlin Nob","floor":8,"turns":5},{"damage":11,"enemies":"3 Sentries","floor":10,"turns":8},{"damage":0,"enemies":"Blue Slaver","floor":11,"turns":2},{"damage":9,"enemies":"3 Louse","floor":12,"turns":2},{"damage":13,"enemies":"Large Slime","floor":14,"turns":6},{"damage":13,"enemies":"The Guardian","floor":16,"turns":10},{"damage":5,"enemies":"2 Thieves","floor":18,"turns":4},{"damage":6,"enemies":"Shell Parasite","floor":22,"turns":4},{"damage":1,"enemies":"Book of Stabbing","floor":23,"turns":5},{"damage":11,"enemies":"Gremlin Leader","floor":25,"turns":6},{"damage":20,"enemies":"Book of Stabbing","floor":31,"turns":4},{"damage":64,"enemies":"Automaton","floor":33,"turns":9},{"damage":10,"enemies":"3 Darklings","floor":35,"turns":4},{"damage":6,"enemies":"3 Shapes","floor":36,"turns":3},{"damage":3,"enemies":"Jaw Worm Horde","floor":38,"turns":4},{"damage":3,"enemies":"Transient","floor":39,"turns":5},{"damage":10,"enemies":"Reptomancer","floor":40,"turns":5},{"damage":12,"enemies":"Maw","floor":42,"turns":6},{"damage":8,"enemies":"Giant Head","floor":45,"turns":7},{"damage":6,"enemies":"4 Shapes","floor":47,"turns":3},{"damage":3,"enemies":"Nemesis","floor":48,"turns":7},{"damage":62,"enemies":"Awakened One","floor":50,"turns":12},{"damage":55,"enemies":"Shield and Spear","floor":54,"turns":6},{"damage":10,"enemies":"The Heart","floor":55,"turns":2}],"seed_played":"-8464382470431164653","potions_obtained":[{"floor":1,"key":"Energy Potion"},{"floor":6,"key":"SkillPotion"},{"floor":11,"key":"Regen Potion"},{"floor":12,"key":"SteroidPotion"},{"floor":14,"key":"LiquidMemories"},{"floor":16,"key":"Fire Potion"},{"floor":25,"key":"Strength Potion"},{"floor":39,"key":"Dexterity Potion"},{"floor":45,"key":"FearPotion"},{"floor":48,"key":"SpeedPotion"}],"is_trial":false,"path_per_floor":["M","$","M","M","?","E","R","E","T","E","M","M","?","M","R","B",null,"M","?","$","?","M","E","R","E","T","?","$","R","?","E","R","B",null,"M","M","?","M","M","E","$","M","T","R","E","R","M","E","R","B",null,"R","$","E","B"],"character_chosen":"THE_SILENT","items_purchased":["Deadly Poison","Adrenaline","Tingsha","Poisoned Stab","LiquidBronze","TwistedFunnel","SteroidPotion","Dash","Noxious Fumes"],"campfire_rested":8,"item_purchase_floors":[2,20,20,20,28,41,53,53,53],"current_hp_per_floor":[70,70,70,70,65,44,63,38,38,27,27,18,11,13,32,19,65,60,60,60,60,54,53,65,54,54,54,65,65,65,45,65,1,65,55,49,44,41,38,28,43,31,31,65,57,65,59,56,65,3,65,65,65,10,0,0],"gold":49,"neow_bonus":"BOSS_RELIC","is_daily":false,"chose_seed":false,"campfire_upgraded":0,"win_rate":0.0,"timestamp":1613846940,"path_taken":["M","$","M","M","?","E","R","E","T","E","M","M","?","M","R","BOSS","M","?","$","?","M","E","R","E","T","?","?","R","?","E","R","BOSS","M","M","?","M","M","E","$","M","T","R","E","R","M","E","R","BOSS","R","$","E","BOSS"],"items_purchased_type":["Card","Card","Relic","Card","Potion","Relic","Potion","Card","Card"],"build_version":"2020-12-13","purchased_purges":2,"victory":false,"max_hp_per_floor":[70,70,70,70,65,65,65,65,65,65,65,65,65,65,65,65,65,65,65,65,65,65,65,65,65,65,65,65,65,65,65,65,65,65,65,65,65,65,65,65,65,65,65,65,65,65,65,65,65,65,65,65,65,65,65,65],"relic_stats":{"counters":[28,148],"Golden Idol":196,"HoveringKite":[69],"Tingsha":[333],"Eternal Feather":62,"Whetstone":["Dagger Throw","Strike_G"],"Letter Opener":[279],"Ginger":[6],"MawBank":168,"Question Card":3,"Nunchaku":[0],"Mummified Hand":[19],"Bronze Scales":[408],"MealTicket":26,"obtain_stats":[{"TwistedFunnel":41,"Golden Idol":5,"HoveringKite":17,"Tingsha":20,"Eternal Feather":21,"Whetstone":8,"Letter Opener":26,"Ginger":40,"Bottled Tornado":31,"MawBank":6,"Question Card":45,"Ancient Tea Set":48,"Akabeko":25,"Nunchaku":54,"Mummified Hand":43,"Bronze Scales":10,"MealTicket":23,"Fusion Hammer":0,"Ring of the Snake":0,"Runic Pyramid":34},{"TwistedFunnel":21,"Golden Idol":3,"HoveringKite":10,"Tingsha":11,"Eternal Feather":11,"Whetstone":5,"Letter Opener":14,"Ginger":21,"Bottled Tornado":15,"MawBank":4,"Question Card":23,"Ancient Tea Set":25,"Akabeko":14,"Nunchaku":27,"Mummified Hand":22,"Bronze Scales":6,"MealTicket":13,"Fusion Hammer":0,"Ring of the Snake":0,"Runic Pyramid":16},{"TwistedFunnel":105,"Golden Idol":9,"HoveringKite":52,"Tingsha":56,"Eternal Feather":56,"Whetstone":24,"Letter Opener":71,"Ginger":105,"Bottled Tornado":75,"MawBank":19,"Question Card":118,"Ancient Tea Set":128,"Akabeko":71,"Nunchaku":146,"Mummified Hand":111,"Bronze Scales":32,"MealTicket":65,"Fusion Hammer":0,"Ring of the Snake":0,"Runic Pyramid":84}]},"card_choices":[{"not_picked":["Well Laid Plans","Quick Slash"],"picked":"Dagger Throw","floor":1},{"not_picked":["Acrobatics","Reflex"],"picked":"Dash","floor":3},{"not_picked":["Outmaneuver","Slice"],"picked":"Blade Dance","floor":4},{"not_picked":["Riddle With Holes","Corpse Explosion"],"picked":"Catalyst","floor":6},{"not_picked":["Deflect","Leg Sweep"],"picked":"Catalyst","floor":8},{"not_picked":["Eviscerate","Bane","Sucker Punch"],"picked":"SKIP","floor":10},{"not_picked":["Quick Slash","Poisoned Stab","Flying Knee"],"picked":"SKIP","floor":11},{"not_picked":["Eviscerate","Quick Slash"],"picked":"Well Laid Plans","floor":12},{"not_picked":["Underhanded Strike","Slice"],"picked":"PiercingWail","floor":14},{"not_picked":["Tools of the Trade","Malaise"],"picked":"Wraith Form v2","floor":16},{"not_picked":["Blade Dance","Underhanded Strike"],"picked":"Predator+1","floor":18},{"not_picked":["Terror+1","Riddle With Holes"],"picked":"Endless Agony+1","floor":22},{"not_picked":["Eviscerate","Backflip","Caltrops"],"picked":"SKIP","floor":23},{"not_picked":["Dagger Spray","Envenom","Bane"],"picked":"SKIP","floor":25},{"not_picked":["Caltrops+1","Reflex"],"picked":"Acrobatics","floor":31},{"not_picked":["Storm of Steel","After Image"],"picked":"Venomology","floor":33},{"not_picked":["Choke+1","Backstab+1"],"picked":"Tactician","floor":35},{"not_picked":["Heel Hook+1","Dagger Throw","Riddle With Holes"],"picked":"SKIP","floor":36},{"not_picked":["Madness","Mind Blast"],"picked":"Blind","floor":37},{"not_picked":["Slice+1","Poisoned Stab+1"],"picked":"Acrobatics+1","floor":38},{"not_picked":["Poisoned Stab+1","Dagger Spray"],"picked":"Blur+1","floor":39},{"not_picked":["Expertise","Blade Dance"],"picked":"Calculated Gamble","floor":40},{"not_picked":["Terror+1","Prepared","Heel Hook"],"picked":"SKIP","floor":42},{"not_picked":["Terror+1","Prepared","Heel Hook"],"picked":"SKIP","floor":42},{"not_picked":["Underhanded Strike","Dodge and Roll+1","Outmaneuver"],"picked":"SKIP","floor":45},{"not_picked":["PiercingWail+1","Blade Dance","Quick Slash+1"],"picked":"Caltrops+1","floor":47},{"not_picked":["Leg Sweep","Flying Knee+1","Poisoned Stab+1"],"picked":"Crippling Poison+1","floor":48},{"not_picked":["Riddle With Holes+1","Dagger Spray","Bane+1"],"picked":"Adrenaline","floor":54}],"player_experience":103782,"relics_obtained":[{"floor":6,"key":"MawBank"},{"floor":8,"key":"Whetstone"},{"floor":10,"key":"Bronze Scales"},{"floor":23,"key":"MealTicket"},{"floor":25,"key":"Akabeko"},{"floor":26,"key":"Letter Opener"},{"floor":31,"key":"Bottled Tornado"},{"floor":40,"key":"Ginger"},{"floor":43,"key":"Mummified Hand"},{"floor":45,"key":"Question Card"},{"floor":48,"key":"Ancient Tea Set"},{"floor":54,"key":"Nunchaku"}],"event_choices":[{"damage_healed":0,"gold_gain":0,"player_choice":"Lose Max HP","damage_taken":0,"relics_obtained":["Golden Idol"],"max_hp_gain":0,"max_hp_loss":5,"event_name":"Golden Idol","floor":5,"gold_loss":0},{"cards_removed":["Strike_G"],"damage_healed":0,"gold_gain":0,"player_choice":"Card Removal","damage_taken":7,"max_hp_gain":0,"max_hp_loss":0,"event_name":"Golden Wing","floor":13,"gold_loss":0},{"damage_healed":0,"gold_gain":0,"cards_transformed":["Strike_G","Strike_G"],"player_choice":"Became Test Subject","damage_taken":0,"max_hp_gain":0,"max_hp_loss":0,"event_name":"Drug Dealer","floor":19,"gold_loss":0,"cards_obtained":["Noxious Fumes","All Out Attack"]},{"damage_healed":0,"gold_gain":0,"player_choice":"Opened","damage_taken":0,"relics_obtained":["Eternal Feather"],"max_hp_gain":0,"max_hp_loss":0,"event_name":"The Mausoleum","floor":21,"gold_loss":0,"cards_obtained":["Writhe"]},{"damage_healed":0,"gold_gain":0,"player_choice":"Read","damage_taken":0,"max_hp_gain":0,"max_hp_loss":0,"event_name":"The Library","floor":27,"gold_loss":0,"cards_obtained":["Acrobatics"]},{"damage_healed":0,"gold_gain":0,"player_choice":"Memory 2","damage_taken":5,"max_hp_gain":0,"max_hp_loss":0,"event_name":"SensoryStone","floor":37,"gold_loss":0}],"is_beta":false,"boss_relics":[{"not_picked":["Velvet Choker","Coffee Dripper"],"picked":"HoveringKite"},{"not_picked":["WristBlade","Black Star"],"picked":"Runic Pyramid"}],"items_purged_floors":[20,41],"is_endless":false,"potions_floor_spawned":[1,6,11,12,14,16,18,25,39,42,45,48],"killed_by":"The Heart","ascension_level":2}}