{"host":"8g24zuco0epbjwbo","time":1613805878,"event":{"mods":["BaseMod","Downfall","Minty Spire (QoL Compilation)","Relic Stats","StSLib"],"gold_per_floor":[99,99,199,209,268,279,279,308,308,341,358,376,410,423,439,538,538,438,438,458,477,477,477,477,377,73,107,120,120,135,20,31,128,128,128,141,141,191,321,350,374,76,91,102,135,35,53,82,93,93,93,93,93,93],"floor_reached":52,"language":"ENG","playtime":3354,"items_purged":["champ:Strike","champ:Defend","champ:Strike"],"score":997,"play_id":"7cdf2885-6b58-4848-989f-d49e70be06f7","local_time":"20210220022438","is_ascension_mode":true,"campfire_choices":[{"data":"champ:Taunt","floor":1.0,"key":"SMITH"},{"floor":9.0,"key":"REST"},{"floor":18.0,"key":"RECALL"},{"data":"champ:MurderStrike","floor":25.0,"key":"SMITH"},{"data":"champ:SwordSigil","floor":29.0,"key":"SMITH"},{"data":"expansioncontent:DashGenerateEvil","floor":35.0,"key":"SMITH"},{"data":"champ:GladiatorForm","floor":46.0,"key":"SMITH"}],"circlet_count":0,"master_deck":["champ:Strike","champ:Strike","champ:Defend+1","champ:Defend","champ:Defend","champ:Execute","champ:Taunt+1","champ:RisingSlash","champ:StanceDance+1","champ:GutPunch","champ:ShieldWall","champ:PreciseThrust","champ:CrownThrow","champ:RageSigil+1","champ:DefensiveShout","champ:Devastate","champ:EndlessRage+1","champ:MurderStrike+1","champ:Duel","champ:RageSigil","champ:FlashCut","champ:SwordSigil+1","expansioncontent:DashGenerateEvil+1","champ:FocusedBerserking","champ:FanOfKnives","champ:Shatter","champ:Circumvent","champ:ShieldSlam","champ:GladiatorForm+1","champ:SwordSigil+1","champ:EndlessRage","champ:TornadoPunch+1","champ:BladeFlurry","Parasite","champ:ShieldWall+1"],"relics":["champ:ChampionCrown","champ:LiftRelic","CloakClasp","Lantern","Kunai","Akabeko","War Paint","Regal Pillow","Black Star","downfall:HeartBlessingGreen","Slimebound:PreparedRelic","downfall:HeartBlessingRed","Mercury Hourglass","champ:FightingForDummies","Busted Crown","Peace Pipe","Pen Nib","Juzu Bracelet","Lee\u0027s Waffle","Oddly Smooth Stone","Ice Cream","Singing Bowl","downfall:HeartBlessingBlue","Ginger","Happy Flower"],"acts_visited":["Exordium","TheCity","TheBeyond","TheEnding"],"potions_floor_usage":[],"damage_taken":[{"damage":122.0,"enemies":"downfall:FleeingMerchant","floor":3.0,"turns":12.0},{"damage":18.0,"enemies":"Jaw Worm","floor":4.0,"turns":4.0},{"damage":38.0,"enemies":"Lagavulin Event","floor":5.0,"turns":5.0},{"damage":10.0,"enemies":"2 Louse","floor":6.0,"turns":2.0},{"damage":10.0,"enemies":"Gremlin Nob","floor":8.0,"turns":3.0},{"damage":37.0,"enemies":"Lagavulin","floor":10.0,"turns":5.0},{"damage":10.0,"enemies":"Small Slimes","floor":11.0,"turns":3.0},{"damage":15.0,"enemies":"Exordium Wildlife","floor":12.0,"turns":2.0},{"damage":0.0,"enemies":"3 Sentries","floor":13.0,"turns":3.0},{"damage":10.0,"enemies":"3 Louse","floor":14.0,"turns":2.0},{"damage":10.0,"enemies":"Lots of Slimes","floor":15.0,"turns":4.0},{"damage":48.0,"enemies":"WA_ARCHETYPE_RETAIN","floor":16.0,"turns":7.0},{"damage":17.0,"enemies":"Spheric Guardian","floor":20.0,"turns":3.0},{"damage":20.0,"enemies":"Chosen","floor":21.0,"turns":3.0},{"damage":40.0,"enemies":"downfall:FleeingMerchant","floor":26.0,"turns":4.0},{"damage":40.0,"enemies":"Book of Stabbing","floor":27.0,"turns":3.0},{"damage":7.0,"enemies":"Snecko","floor":28.0,"turns":4.0},{"damage":0.0,"enemies":"Shelled Parasite and Fungi","floor":30.0,"turns":2.0},{"damage":58.0,"enemies":"downfall:FleeingMerchant","floor":31.0,"turns":4.0},{"damage":32.0,"enemies":"Snake Plant","floor":32.0,"turns":3.0},{"damage":94.0,"enemies":"SI_MIRROR_ARCHETYPE","floor":33.0,"turns":8.0},{"damage":40.0,"enemies":"3 Darklings","floor":36.0,"turns":4.0},{"damage":20.0,"enemies":"3 Darklings","floor":38.0,"turns":6.0},{"damage":34.0,"enemies":"downfall:FleeingMerchant","floor":39.0,"turns":3.0},{"damage":98.0,"enemies":"Nemesis","floor":40.0,"turns":7.0},{"damage":15.0,"enemies":"3 Shapes","floor":43.0,"turns":3.0},{"damage":35.0,"enemies":"3 Darklings","floor":44.0,"turns":2.0},{"damage":34.0,"enemies":"Reptomancer","floor":45.0,"turns":5.0},{"damage":75.0,"enemies":"Transient","floor":47.0,"turns":5.0},{"damage":84.0,"enemies":"Giant Head","floor":48.0,"turns":7.0},{"damage":35,"enemies":"Writhing Mass","floor":49,"turns":3},{"damage":114,"enemies":"DF_ARCHETYPE_ORBS","floor":50,"turns":7},{"damage":130,"enemies":"downfall:CharBossMerchant","floor":52,"turns":8}],"seed_played":"-2379174555167943772","potions_obtained":[{"floor":3.0,"key":"CultistPotion"},{"floor":5.0,"key":"SkillPotion"},{"floor":11.0,"key":"champ:TechniquePotion"},{"floor":12.0,"key":"sneckomod:MuddlingPotion"},{"floor":15.0,"key":"FairyPotion"},{"floor":16.0,"key":"bronze:BurnAndBuffPotion"},{"floor":20.0,"key":"Guardian:BlockOnCardUsePotion"},{"floor":36.0,"key":"EntropicBrew"}],"is_trial":false,"path_per_floor":["R","?","?","M","?","M","T","E","R","E","M","M","E","M","M","B",null,"R","?","M","M","?","?","T","R","$","E","M","R","M","$","M","B",null,"R","M","?","?","$","E","T","$","M","M","E","R","M","E","M","B",null,"E"],"character_chosen":"THE_CHAMP","items_purchased":["champ:SwordSigil","expansioncontent:DashGenerateEvil","champ:EndlessRage","Lee\u0027s Waffle","Oddly Smooth Stone"],"campfire_rested":1,"item_purchase_floors":[26,26,39,42,42],"current_hp_per_floor":[99,99,32,29,12,12,12,12,41,29,29,29,29,29,29,8,99,99,99,97,97,97,77,77,77,77,77,70,70,70,67,65,45,104,104,104,104,104,95,62,62,111,111,111,104,114,114,102,102,18,125,0,0,0],"gold":93,"neow_bonus":"TEN_PERCENT_HP_BONUS","is_daily":false,"chose_seed":false,"campfire_upgraded":5,"win_rate":0.0,"timestamp":1613805878,"path_taken":["R","?","?","M","?","M","T","E","R","E","M","?","E","M","M","BOSS","R","?","M","?","?","?","T","R","$","E","M","R","M","$","M","BOSS","R","M","?","?","$","E","T","$","M","M","E","R","M","E","M","BOSS","E"],"items_purchased_type":["Card","Card","Card","Relic","Relic"],"build_version":"2020-12-22","purchased_purges":3,"victory":false,"max_hp_per_floor":[99,99,99,99,99,99,99,99,99,99,99,99,99,99,99,99,99,99,99,99,99,99,104,104,104,104,104,104,104,104,104,104,104,104,104,104,104,104,104,104,104,111,111,111,113,123,123,125,125,125,125,125,125,125],"relic_stats":{"Regal Pillow":0,"Lee\u0027s Waffle":49,"Singing Bowl":4,"Happy Flower":[6],"counters":[33,146],"Pen Nib":[10],"CloakClasp":[229],"Juzu Bracelet":0,"Ginger":[12],"War Paint":["champ:Defend","champ:StanceDance"],"Mercury Hourglass":[217],"Peace Pipe":0,"Busted Crown":20,"Black Star":4,"Kunai":[57],"obtain_stats":[{"Ice Cream":45,"Lantern":5,"Regal Pillow":13,"Singing Bowl":45,"champ:ChampionCrown":0,"downfall:HeartBlessingGreen":18,"CloakClasp":3,"Juzu Bracelet":40,"Ginger":48,"downfall:HeartBlessingBlue":46,"Kunai":7,"champ:FightingForDummies":27,"Lee\u0027s Waffle":42,"downfall:HeartBlessingRed":25,"Happy Flower":48,"Oddly Smooth Stone":42,"Pen Nib":40,"War Paint":10,"Akabeko":8,"Mercury Hourglass":27,"Peace Pipe":38,"Busted Crown":34,"champ:LiftRelic":2,"Slimebound:PreparedRelic":24,"Black Star":17},{"Ice Cream":28,"Lantern":3,"Regal Pillow":9,"Singing Bowl":28,"champ:ChampionCrown":0,"downfall:HeartBlessingGreen":12,"CloakClasp":1,"Juzu Bracelet":25,"Ginger":30,"downfall:HeartBlessingBlue":28,"Kunai":4,"champ:FightingForDummies":16,"Lee\u0027s Waffle":25,"downfall:HeartBlessingRed":14,"Happy Flower":30,"Oddly Smooth Stone":25,"Pen Nib":25,"War Paint":6,"Akabeko":5,"Mercury Hourglass":16,"Peace Pipe":23,"Busted Crown":21,"champ:LiftRelic":0,"Slimebound:PreparedRelic":14,"Black Star":12},{"Ice Cream":116,"Lantern":21,"Regal Pillow":39,"Singing Bowl":116,"champ:ChampionCrown":0,"downfall:HeartBlessingGreen":52,"CloakClasp":12,"Juzu Bracelet":106,"Ginger":128,"downfall:HeartBlessingBlue":116,"Kunai":23,"champ:FightingForDummies":65,"Lee\u0027s Waffle":106,"downfall:HeartBlessingRed":58,"Happy Flower":128,"Oddly Smooth Stone":106,"Pen Nib":106,"War Paint":31,"Akabeko":26,"Mercury Hourglass":65,"Peace Pipe":96,"Busted Crown":86,"champ:LiftRelic":0,"Slimebound:PreparedRelic":58,"Black Star":52}]},"card_choices":[{"not_picked":["champ:TornadoPunch","champ:FancyFootwork"],"picked":"champ:RisingSlash","floor":3.0},{"not_picked":["champ:Circumvent","champ:ViciousMockery"],"picked":"champ:StanceDance","floor":4.0},{"not_picked":["champ:Circumvent","champ:BringItOn"],"picked":"champ:GutPunch","floor":5.0},{"not_picked":["champ:StanceDance","champ:BringItOn"],"picked":"champ:ShieldWall","floor":6.0},{"not_picked":["champ:SetATrap","champ:BladeFlurry"],"picked":"champ:PreciseThrust","floor":8.0},{"not_picked":["champ:BerserkersShout","champ:RecklessLeap"],"picked":"champ:AdrenalArmor","floor":10.0},{"not_picked":["champ:BerserkersShout","champ:DefensiveStyle"],"picked":"champ:CrownThrow","floor":11.0},{"not_picked":["champ:FocusedBerserking","champ:DefensiveShout"],"picked":"champ:RageSigil","floor":12.0},{"not_picked":["champ:GutPunch","champ:EnGarde"],"picked":"champ:DefensiveShout","floor":13.0},{"not_picked":["champ:FlashCut","champ:EnragedBash"],"picked":"champ:Devastate","floor":14.0},{"not_picked":["champ:BringItOn","champ:BladeFlurry"],"picked":"champ:EndlessRage","floor":15.0},{"not_picked":["champ:EnchantSword","champ:VampiricStrike"],"picked":"champ:MurderStrike","floor":16.0},{"not_picked":["champ:FaceSlap","champ:AdrenalArmor"],"picked":"champ:Duel","floor":20.0},{"not_picked":["champ:FanOfKnives","champ:Circumvent"],"picked":"champ:RageSigil","floor":21.0},{"not_picked":["champ:Haymaker","champ:CrownThrow+1"],"picked":"champ:FlashCut","floor":26.0},{"not_picked":["champ:RisingSlash","champ:Duel+1"],"picked":"champ:FocusedBerserking","floor":27.0},{"not_picked":["champ:BerserkersShout","champ:Backstep"],"picked":"champ:FanOfKnives","floor":28.0},{"not_picked":["champ:BerserkersShout+1","champ:Backstep"],"picked":"champ:Shatter","floor":30.0},{"not_picked":["champ:ShieldSigil","champ:BerserkersShout"],"picked":"champ:Circumvent","floor":31.0},{"not_picked":["champ:Duel","champ:BerserkersShout"],"picked":"champ:ShieldSlam","floor":32.0},{"not_picked":["champ:LastStand","champ:EnchantCrown"],"picked":"champ:GladiatorForm","floor":33.0},{"not_picked":[],"picked":"champ:SwordSigil+1","floor":36.0},{"not_picked":["champ:GutPunch"],"picked":"SKIP","floor":39.0},{"not_picked":[],"picked":"champ:TornadoPunch+1","floor":40.0},{"not_picked":["champ:FanOfKnives"],"picked":"SKIP","floor":43.0},{"not_picked":["champ:PreemptiveStrike+1"],"picked":"SKIP","floor":44.0},{"not_picked":["champ:EnragedBash+1"],"picked":"Singing Bowl","floor":45.0},{"not_picked":[],"picked":"champ:BladeFlurry","floor":47.0},{"not_picked":["champ:ShieldSigil"],"picked":"Singing Bowl","floor":48.0},{"not_picked":[],"picked":"champ:ShieldWall+1","floor":49}],"player_experience":513800,"relics_obtained":[{"floor":3.0,"key":"CloakClasp"},{"floor":5.0,"key":"Lantern"},{"floor":7.0,"key":"Kunai"},{"floor":8.0,"key":"Akabeko"},{"floor":10.0,"key":"War Paint"},{"floor":13.0,"key":"Regal Pillow"},{"floor":24.0,"key":"Slimebound:PreparedRelic"},{"floor":27.0,"key":"Mercury Hourglass"},{"floor":27.0,"key":"champ:FightingForDummies"},{"floor":38.0,"key":"Peace Pipe"},{"floor":40.0,"key":"Pen Nib"},{"floor":40.0,"key":"Juzu Bracelet"},{"floor":45.0,"key":"Ice Cream"},{"floor":45.0,"key":"Singing Bowl"},{"floor":48.0,"key":"Ginger"},{"floor":48.0,"key":"Happy Flower"}],"event_choices":[{"cards_removed":["champ:AdrenalArmor"],"damage_healed":0.0,"max_hp_gain":0.0,"max_hp_loss":0.0,"gold_gain":0.0,"event_name":"Falling","player_choice":"Removed Skill","floor":37.0,"gold_loss":0.0,"damage_taken":0.0}],"is_beta":false,"boss_relics":[{"not_picked":["Sozu","Snecko Eye"],"picked":"Black Star"},{"not_picked":["Velvet Choker","Coffee Dripper"],"picked":"Busted Crown"}],"items_purged_floors":[26,31,39],"is_endless":false,"potions_floor_spawned":[3,5,11,12,15,16,20,21,27,32,36,43,48,49],"killed_by":"downfall:CharBossMerchant","ascension_level":1}}