{"host":"mwb0clku6crgv6yl","time":1613837956,"event":{"mods":["AchievementEnabler","BaseMod","Highlight Path","Minty Spire (QoL Compilation)","StSLib","The Cursed"],"gold_per_floor":[118,118,133,7,7,41,41,56,56,77,77,77,77,92,92,221,221,237,17,27,126,26,26,51,85,111,111,127,127,148,179,179,299,299,324,337,35,59,83,83,97,97,120,120,144,158,227,262,262,262,262,262,42,86,86],"floor_reached":56,"language":"ZHS","playtime":3355,"items_purged":["Pain","Defend_G","Strike_G"],"score":1394,"play_id":"612f5a36-e2bc-422b-b1f0-4212473bdf93","local_time":"20210221001916","is_ascension_mode":false,"campfire_choices":[{"data":"Neutralize","floor":7.0,"key":"SMITH"},{"data":"Accuracy","floor":11.0,"key":"SMITH"},{"data":"Footwork","floor":13.0,"key":"SMITH"},{"data":"Backflip","floor":15.0,"key":"SMITH"},{"data":"After Image","floor":23.0,"key":"SMITH"},{"floor":27.0,"key":"REST"},{"data":"Prepared","floor":32.0,"key":"SMITH"},{"data":"Acrobatics","floor":40.0,"key":"SMITH"},{"floor":42.0,"key":"RECALL"},{"floor":44.0,"key":"REST"},{"data":"Tools of the Trade","floor":49.0,"key":"SMITH"},{"data":"Infinite Blades","floor":52.0,"key":"SMITH"}],"circlet_count":0,"master_deck":["Strike_G","Defend_G","Defend_G","Defend_G","Defend_G","Survivor","Neutralize+1","Cloak And Dagger+1","Acrobatics+1","Backflip+1","Footwork+1","Accuracy+1","Escape Plan","After Image+1","Finisher+1","Infinite Blades+1","Prepared+1","Endless Agony","Blade Dance+1","Grand Finale","Storm of Steel","Blur","Tools of the Trade+1","Reflex"],"relics":["Ring of the Snake","NeowsBlessing","Golden Idol","WarpedTongs","Blue Candle","Boot","Empty Cage","OrangePellets","MealTicket","Smiling Mask","HornCleat","Busted Crown","Ice Cream","Prayer Wheel","Snake Skull","Happy Flower"],"acts_visited":["Exordium","TheCity","TheBeyond","TheEnding"],"potions_floor_usage":[53,55],"damage_taken":[{"damage":0.0,"enemies":"Small Slimes","floor":1.0,"turns":1.0},{"damage":0.0,"enemies":"Cultist","floor":3.0,"turns":1.0},{"damage":0.0,"enemies":"Gremlin Nob","floor":6.0,"turns":1.0},{"damage":0.0,"enemies":"2 Louse","floor":8.0,"turns":2.0},{"damage":4.0,"enemies":"Looter","floor":10.0,"turns":4.0},{"damage":1.0,"enemies":"Large Slime","floor":14.0,"turns":7.0},{"damage":8.0,"enemies":"The Guardian","floor":16.0,"turns":10.0},{"damage":1.0,"enemies":"Chosen","floor":18.0,"turns":7.0},{"damage":19.0,"enemies":"2 Thieves","floor":20.0,"turns":5.0},{"damage":11.0,"enemies":"Sentry and Sphere","floor":24.0,"turns":7.0},{"damage":10.0,"enemies":"Book of Stabbing","floor":25.0,"turns":12.0},{"damage":7.0,"enemies":"Shelled Parasite and Fungi","floor":28.0,"turns":7.0},{"damage":0.0,"enemies":"Snake Plant","floor":30.0,"turns":5.0},{"damage":0.0,"enemies":"Gremlin Leader","floor":31.0,"turns":5.0},{"damage":0.0,"enemies":"Champ","floor":33.0,"turns":7.0},{"damage":3.0,"enemies":"3 Darklings","floor":35.0,"turns":5.0},{"damage":0.0,"enemies":"Orb Walker","floor":36.0,"turns":4.0},{"damage":7.0,"enemies":"Jaw Worm Horde","floor":38.0,"turns":3.0},{"damage":9.0,"enemies":"Sphere and 2 Shapes","floor":39.0,"turns":5.0},{"damage":0.0,"enemies":"Spire Growth","floor":41.0,"turns":5.0},{"damage":5.0,"enemies":"Transient","floor":45.0,"turns":5.0},{"damage":0.0,"enemies":"3 Darklings","floor":46.0,"turns":4.0},{"damage":0.0,"enemies":"2 Orb Walkers","floor":47.0,"turns":4.0},{"damage":6.0,"enemies":"Reptomancer","floor":48.0,"turns":7.0},{"damage":36.0,"enemies":"Donu and Deca","floor":50.0,"turns":9.0},{"damage":13,"enemies":"Shield and Spear","floor":54,"turns":8},{"damage":26,"enemies":"The Heart","floor":55,"turns":10}],"seed_played":"5554567945844757035","potions_obtained":[{"floor":1.0,"key":"GhostInAJar"},{"floor":3.0,"key":"Block Potion"},{"floor":14.0,"key":"SkillPotion"},{"floor":20.0,"key":"Fruit Juice"},{"floor":28.0,"key":"Strength Potion"},{"floor":31.0,"key":"DistilledChaos"},{"floor":38.0,"key":"DuplicationPotion"},{"floor":46.0,"key":"Explosive Potion"}],"is_trial":false,"path_per_floor":["M","?","M","$","?","E","R","M","T","M","R","?","R","M","R","B",null,"M","$","M","?","$","R","M","E","T","R","M","?","M","E","R","B",null,"M","M","$","M","M","R","M","R","T","R","M","M","?","E","R","B",null,"R","$","E","B",null],"character_chosen":"THE_SILENT","items_purchased":["Backflip","Footwork","OrangePellets","Ice Cream","Reflex","Fruit Juice"],"campfire_rested":2,"item_purchase_floors":[4,4,19,37,53,53],"current_hp_per_floor":[70,53,53,53,53,53,53,53,53,49,49,49,49,48,48,40,70,69,69,55,55,55,55,44,34,34,56,49,49,49,49,49,49,75,72,72,75,68,59,59,59,59,59,75,70,70,70,64,64,28,75,75,80,67,41],"gold":86,"neow_bonus":"THREE_ENEMY_KILL","is_daily":false,"chose_seed":false,"campfire_upgraded":9,"win_rate":0.0,"timestamp":1613837956,"path_taken":["M","?","M","$","?","E","R","M","T","?","R","?","R","M","R","BOSS","M","$","M","?","$","R","M","E","T","R","M","?","?","E","R","BOSS","M","M","$","M","M","R","?","R","T","R","M","M","?","E","R","BOSS","R","$","E","BOSS"],"items_purchased_type":["Card","Card","Relic","Relic","Card","Potion"],"build_version":"2020-12-22","purchased_purges":3,"victory":true,"max_hp_per_floor":[70,70,70,70,70,70,70,70,70,70,70,70,70,70,70,70,70,70,70,75,75,75,75,75,75,75,75,75,75,75,75,75,75,75,75,75,75,75,75,75,75,75,75,75,75,75,75,75,75,75,75,75,80,80,80],"card_choices":[{"not_picked":["Finisher","Endless Agony"],"picked":"Cloak And Dagger","floor":1.0},{"not_picked":["Outmaneuver","Terror"],"picked":"Acrobatics","floor":3.0},{"not_picked":["Deflect","Unload"],"picked":"Accuracy","floor":6.0},{"not_picked":["Quick Slash","Dodge and Roll"],"picked":"Escape Plan","floor":8.0},{"not_picked":["Dodge and Roll","Endless Agony","Slice"],"picked":"SKIP","floor":10.0},{"not_picked":["Underhanded Strike","Deflect","Dagger Spray"],"picked":"SKIP","floor":14.0},{"not_picked":["Tools of the Trade","A Thousand Cuts"],"picked":"After Image","floor":16.0},{"not_picked":["Poisoned Stab","Outmaneuver+1","Skewer"],"picked":"SKIP","floor":18.0},{"not_picked":["Outmaneuver","Bane","Poisoned Stab"],"picked":"SKIP","floor":20.0},{"not_picked":["Sucker Punch","Crippling Poison"],"picked":"Finisher+1","floor":24.0},{"not_picked":["Footwork","Backflip"],"picked":"Infinite Blades","floor":25.0},{"not_picked":["Dagger Spray+1","All Out Attack"],"picked":"Prepared","floor":28.0},{"not_picked":["Deflect+1","Poisoned Stab+1"],"picked":"Blade Dance+1","floor":30.0},{"not_picked":["Deflect","Quick Slash+1"],"picked":"Grand Finale","floor":31.0},{"not_picked":["Wraith Form v2","Tools of the Trade"],"picked":"Storm of Steel","floor":33.0},{"not_picked":["Outmaneuver"],"picked":"SKIP","floor":35.0},{"not_picked":["Terror"],"picked":"SKIP","floor":36.0},{"not_picked":["Quick Slash+1"],"picked":"SKIP","floor":38.0},{"not_picked":[],"picked":"Blur","floor":39.0},{"not_picked":["Sucker Punch+1"],"picked":"SKIP","floor":41.0},{"not_picked":["Dagger Spray+1"],"picked":"SKIP","floor":45.0},{"not_picked":["Dagger Spray+1"],"picked":"SKIP","floor":46.0},{"not_picked":[],"picked":"Tools of the Trade","floor":48.0},{"not_picked":["Deadly Poison+1"],"picked":"SKIP","floor":54}],"player_experience":362962,"relics_obtained":[{"floor":6.0,"key":"Blue Candle"},{"floor":9.0,"key":"Boot"},{"floor":25.0,"key":"MealTicket"},{"floor":26.0,"key":"Smiling Mask"},{"floor":31.0,"key":"HornCleat"},{"floor":47.0,"key":"Prayer Wheel"},{"floor":48.0,"key":"Snake Skull"},{"floor":54,"key":"Happy Flower"}],"event_choices":[{"damage_healed":0.0,"max_hp_gain":0.0,"max_hp_loss":0.0,"gold_gain":0.0,"event_name":"Golden Idol","player_choice":"Take Damage","floor":2.0,"gold_loss":0.0,"damage_taken":17.0,"relics_obtained":["Golden Idol"]},{"damage_healed":0.0,"max_hp_gain":0.0,"max_hp_loss":0.0,"gold_gain":0.0,"event_name":"Accursed Blacksmith","player_choice":"Rummage","floor":5.0,"gold_loss":0.0,"damage_taken":0.0,"relics_obtained":["WarpedTongs"],"cards_obtained":["Pain"]},{"damage_healed":0.0,"max_hp_gain":0.0,"max_hp_loss":0.0,"gold_gain":0.0,"event_name":"Living Wall","player_choice":"Grow","floor":12.0,"gold_loss":0.0,"damage_taken":0.0,"cards_upgraded":["Cloak And Dagger"]},{"damage_healed":0.0,"max_hp_gain":0.0,"max_hp_loss":0.0,"gold_gain":99.0,"event_name":"Nest","player_choice":"Stole From Cult","floor":21.0,"gold_loss":0.0,"damage_taken":0.0},{"damage_healed":0.0,"max_hp_gain":0.0,"max_hp_loss":0.0,"gold_gain":0.0,"cards_transformed":["Strike_G"],"event_name":"Transmorgrifier","player_choice":"Transformed","floor":29.0,"gold_loss":0.0,"damage_taken":0.0,"cards_obtained":["Endless Agony"]},{"damage_healed":0.0,"max_hp_gain":0.0,"max_hp_loss":0.0,"gold_gain":0.0,"event_name":"Mysterious Sphere","player_choice":"Fight","floor":47.0,"gold_loss":0.0,"damage_taken":0.0}],"is_beta":false,"boss_relics":[{"not_picked":["SacredBark","Coffee Dripper"],"picked":"Empty Cage"},{"not_picked":["Sozu","Philosopher\u0027s Stone"],"picked":"Busted Crown"}],"items_purged_floors":[19,22,53],"is_endless":false,"potions_floor_spawned":[1,3,14,20,28,31,38,39,45,46],"ascension_level":0}}