{"host":"qc1sjgtdjonvdsd8","time":1613795380,"event":{"mods":["BaseMod","Colored Map","Colored Powertips","Curses Come First","Minty Spire (QoL Compilation)","Replay The Spire","StSLib"],"gold_per_floor":[110,110,110,130,3,3,16,16,16,16,36,54,54,85,85,85,85],"floor_reached":16,"language":"ENG","playtime":1020,"items_purged":["Strike_R"],"score":120,"play_id":"619ee99b-9eec-4a99-863b-f71e39b684cd","local_time":"20210219202940","is_ascension_mode":true,"campfire_choices":[{"data":"Body Slam","floor":6,"key":"SMITH"},{"floor":15,"key":"DIG"}],"circlet_count":0,"master_deck":["Strike_R","Strike_R+1","Strike_R","Strike_R","Defend_R","Defend_R+1","Defend_R","Defend_R","Bash","Burning Pact","Body Slam+1","Shrug It Off","Ghostly Armor","Shrug It Off","Reaper"],"relics":["Burning Blood","Calipers","Regal Pillow","PreservedInsect","Replay:Bottled Flurry","Toxic Egg 2","Frozen Egg 2"],"acts_visited":["Exordium"],"potions_floor_usage":[16],"damage_taken":[{"damage":8,"enemies":"2 Louse","floor":1,"turns":3},{"damage":0,"enemies":"Small Slimes","floor":4,"turns":3},{"damage":0,"enemies":"Cultist","floor":7,"turns":3},{"damage":13,"enemies":"Exordium Wildlife","floor":11,"turns":5},{"damage":0,"enemies":"Blue Slaver","floor":12,"turns":6},{"damage":16,"enemies":"3 Sentries","floor":14,"turns":10},{"damage":38,"enemies":"Hexaghost","floor":16,"turns":16}],"seed_played":"1055613406590928752","potions_obtained":[{"floor":4,"key":"Weak Potion"},{"floor":7,"key":"Block Potion"}],"is_trial":false,"path_per_floor":["M","?","?","M","$","R","M","?","T","?","M","M","T","E","R_BF","B"],"character_chosen":"IRONCLAD","items_purchased":["Shrug It Off"],"campfire_rested":0,"item_purchase_floors":[5],"current_hp_per_floor":[54,80,68,74,74,74,80,64,64,64,57,63,63,53,53,19,19],"gold":85,"neow_bonus":"ONE_RARE_RELIC","is_daily":false,"chose_seed":false,"campfire_upgraded":1,"win_rate":0.0,"timestamp":1613795380,"path_taken":["M","?","?","M","$","R","M","?","T","?","?","M","?","E","R_BF","BOSS"],"items_purchased_type":["Card"],"build_version":"2020-12-22","purchased_purges":1,"victory":false,"max_hp_per_floor":[80,80,80,80,80,80,80,80,80,80,80,80,80,80,80,80,80],"card_choices":[{"not_picked":["Headbutt","Wild Strike"],"picked":"Burning Pact","floor":1},{"not_picked":["Clash","Immolate"],"picked":"Body Slam","floor":4},{"not_picked":["ReplayTheSpireMod:Strike From Hell","Headbutt","Run Through"],"picked":"SKIP","floor":7},{"not_picked":["Clash","Replay:Undeath\u0027s Touch"],"picked":"Ghostly Armor","floor":11},{"not_picked":["Blood for Blood","Replay:Undeath\u0027s Touch"],"picked":"Shrug It Off","floor":12},{"not_picked":["Run Through","Twin Strike"],"picked":"Reaper","floor":14}],"player_experience":313416,"relics_obtained":[{"floor":13,"key":"Replay:Bottled Flurry"},{"floor":14,"key":"Toxic Egg 2"},{"floor":15,"key":"Frozen Egg 2"}],"event_choices":[{"damage_healed":26,"gold_gain":0,"player_choice":"Banana","damage_taken":0,"max_hp_gain":0,"max_hp_loss":0,"event_name":"Big Fish","floor":2,"gold_loss":0},{"damage_healed":0,"gold_gain":0,"player_choice":"Success","damage_taken":12,"relics_obtained":["Regal Pillow"],"max_hp_gain":0,"max_hp_loss":0,"event_name":"Scrap Ooze","floor":3,"gold_loss":0},{"damage_healed":0,"gold_gain":0,"player_choice":"Entered Light","damage_taken":16,"max_hp_gain":0,"max_hp_loss":0,"event_name":"Shining Light","floor":8,"gold_loss":0,"cards_upgraded":["Strike_R","Defend_R"]},{"damage_healed":0,"gold_gain":0,"player_choice":"Gave Potion","damage_taken":0,"relics_obtained":["PreservedInsect"],"max_hp_gain":0,"max_hp_loss":0,"event_name":"WeMeetAgain","floor":10,"gold_loss":0}],"is_beta":false,"boss_relics":[],"items_purged_floors":[5],"is_endless":false,"potions_floor_spawned":[4,7],"killed_by":"Hexaghost","ascension_level":4}}