{"host":"0kk91h4bq4kgfj0u","time":1613857705,"event":{"mods":["BaseMod","Bestiary","Block Reminder","Colored Map","Colored Powertips","Curses Come First","Highlight Path","Minty Spire (QoL Compilation)","Relic Stats","StSLib"],"gold_per_floor":[115,115,130,141,216,247,212,239,239,239,256,274,274,333,333,438,438,450,460,460,63,83,110,110,123,123,142,142,142,142],"floor_reached":29,"language":"ENG","playtime":924,"items_purged":[],"score":344,"play_id":"c4815605-7b2f-4119-8ef6-4d28188d810b","local_time":"20210220164825","is_ascension_mode":true,"campfire_choices":[{"floor":10,"key":"REST"},{"floor":13,"key":"REST"},{"floor":15,"key":"REST"},{"floor":24,"key":"REST"}],"circlet_count":0,"master_deck":["Strike_B+1","Strike_B+1","Strike_B+1","Strike_B+1","Defend_B+1","Defend_B+1","Defend_B+1","Defend_B+1","Zap","Dualcast","Static Discharge","Go for the Eyes","Ball Lightning","Auto Shields","Redo","Coolheaded","Conserve Battery","Core Surge+1","Beam Cell+1","Gash+1","Leap","Panache","Leap","Ball Lightning+1","Coolheaded"],"relics":["Cracked Core","Omamori","Mango","Molten Egg 2","Art of War","SacredBark","DataDisk","Shuriken","Ornamental Fan","Bag of Preparation"],"acts_visited":["Exordium","TheCity"],"potions_floor_usage":[14,23,23,23,29],"damage_taken":[{"damage":10,"enemies":"Small Slimes","floor":1,"turns":4},{"damage":3,"enemies":"2 Louse","floor":3,"turns":2},{"damage":1,"enemies":"Cultist","floor":4,"turns":3},{"damage":34,"enemies":"Gremlin Nob","floor":6,"turns":5},{"damage":45,"enemies":"3 Sentries","floor":8,"turns":6},{"damage":11,"enemies":"Large Slime","floor":11,"turns":5},{"damage":27,"enemies":"Lots of Slimes","floor":12,"turns":3},{"damage":19,"enemies":"Gremlin Nob","floor":14,"turns":4},{"damage":49,"enemies":"The Guardian","floor":16,"turns":13},{"damage":21,"enemies":"Shell Parasite","floor":18,"turns":6},{"damage":13,"enemies":"Spheric Guardian","floor":19,"turns":4},{"damage":13,"enemies":"Shelled Parasite and Fungi","floor":22,"turns":5},{"damage":21,"enemies":"Gremlin Leader","floor":23,"turns":6},{"damage":16,"enemies":"Snake Plant","floor":25,"turns":4},{"damage":4,"enemies":"Centurion and Healer","floor":27,"turns":7},{"damage":21,"enemies":"Slavers","floor":29,"turns":3}],"seed_played":"-313434605751503804","potions_obtained":[{"floor":4,"key":"DuplicationPotion"},{"floor":6,"key":"DuplicationPotion"},{"floor":8,"key":"Weak Potion"},{"floor":12,"key":"SkillPotion"},{"floor":19,"key":"AttackPotion"},{"floor":27,"key":"BlessingOfTheForge"}],"is_trial":false,"path_per_floor":["M","?","M","M","?","E","?","E","T","R","M","M","R","?","R","B",null,"M","M","?","$","M","E","R","M","T","M","?","E"],"character_chosen":"DEFECT","items_purchased":["DataDisk","Leap","Panache"],"campfire_rested":4,"item_purchase_floors":[21,21,21],"current_hp_per_floor":[72,77,74,73,62,28,49,18,18,48,37,10,40,21,51,2,76,55,42,42,42,29,8,38,22,22,18,18,0,0],"gold":142,"neow_bonus":"TEN_PERCENT_HP_BONUS","is_daily":false,"chose_seed":false,"campfire_upgraded":0,"win_rate":0.0,"timestamp":1613857705,"path_taken":["M","?","M","M","?","E","?","E","T","R","M","M","R","?","R","BOSS","M","M","?","$","M","E","R","M","T","M","?","E"],"items_purchased_type":["Relic","Card","Card"],"build_version":"2020-12-22","purchased_purges":0,"victory":false,"max_hp_per_floor":[82,87,87,87,87,87,87,101,101,101,101,101,101,101,101,101,101,101,101,101,101,101,101,101,101,101,101,101,101,101],"relic_stats":{"counters":[16,80],"Shuriken":[3],"Ornamental Fan":[8],"Art of War":[6],"Bag of Preparation":[2],"obtain_stats":[{"DataDisk":21,"Shuriken":23,"Ornamental Fan":26,"SacredBark":17,"Mango":8,"Molten Egg 2":9,"Omamori":6,"Art of War":14,"Bag of Preparation":28,"Cracked Core":0},{"DataDisk":11,"Shuriken":13,"Ornamental Fan":14,"SacredBark":9,"Mango":5,"Molten Egg 2":5,"Omamori":4,"Art of War":8,"Bag of Preparation":15,"Cracked Core":0},{"DataDisk":55,"Shuriken":66,"Ornamental Fan":70,"SacredBark":45,"Mango":20,"Molten Egg 2":20,"Omamori":14,"Art of War":32,"Bag of Preparation":77,"Cracked Core":0}]},"card_choices":[{"not_picked":["Go for the Eyes","Fusion"],"picked":"Static Discharge","floor":1},{"not_picked":["Storm","Steam","Fusion"],"picked":"SKIP","floor":3},{"not_picked":["Turbo","Reprogram"],"picked":"Go for the Eyes","floor":4},{"not_picked":["Rebound","Recycle"],"picked":"Ball Lightning","floor":6},{"not_picked":["BootSequence","Redo"],"picked":"Auto Shields","floor":8},{"not_picked":["Heatsinks","Compile Driver+1"],"picked":"Redo","floor":11},{"not_picked":["Redo","Chaos"],"picked":"Coolheaded","floor":12},{"not_picked":["Cold Snap+1","Tempest"],"picked":"Conserve Battery","floor":14},{"not_picked":["Meteor Strike+1","Creative AI"],"picked":"Core Surge+1","floor":16},{"not_picked":["Compile Driver+1","Steam"],"picked":"Beam Cell+1","floor":18},{"not_picked":["Conserve Battery","Reprogram"],"picked":"Gash+1","floor":19},{"not_picked":["Steam","Barrage+1"],"picked":"Leap","floor":22},{"not_picked":["Chaos","Core Surge+1"],"picked":"Ball Lightning+1","floor":23},{"not_picked":["Steam","Gash+1","Scrape+1"],"picked":"SKIP","floor":25},{"not_picked":["Hologram","Steam"],"picked":"Coolheaded","floor":27}],"player_experience":895537,"relics_obtained":[{"floor":6,"key":"Omamori"},{"floor":8,"key":"Mango"},{"floor":9,"key":"Molten Egg 2"},{"floor":14,"key":"Art of War"},{"floor":23,"key":"Shuriken"},{"floor":26,"key":"Ornamental Fan"}],"event_choices":[{"damage_healed":0,"gold_gain":0,"player_choice":"Donut","damage_taken":0,"max_hp_gain":5,"max_hp_loss":0,"event_name":"Big Fish","floor":2,"gold_loss":0},{"damage_healed":0,"gold_gain":75,"player_choice":"Gather Gold","damage_taken":11,"max_hp_gain":0,"max_hp_loss":0,"event_name":"World of Goop","floor":5,"gold_loss":0},{"damage_healed":21,"gold_gain":0,"player_choice":"Healed","damage_taken":0,"max_hp_gain":0,"max_hp_loss":0,"event_name":"The Cleric","floor":7,"gold_loss":35},{"damage_healed":0,"gold_gain":0,"player_choice":"Searched \u00271\u0027 times","damage_taken":0,"max_hp_gain":0,"max_hp_loss":0,"event_name":"Dead Adventurer","floor":14,"gold_loss":0},{"damage_healed":0,"gold_gain":0,"player_choice":"Simplicity","damage_taken":0,"max_hp_gain":0,"max_hp_loss":0,"event_name":"Back to Basics","floor":20,"gold_loss":0,"cards_upgraded":["Strike_B","Strike_B","Strike_B","Strike_B","Defend_B","Defend_B","Defend_B","Defend_B"]},{"damage_healed":0,"gold_gain":0,"player_choice":"Opened","damage_taken":0,"relics_obtained":["Bag of Preparation"],"max_hp_gain":0,"max_hp_loss":0,"event_name":"The Mausoleum","floor":28,"gold_loss":0,"cards_obtained":["Writhe"]}],"is_beta":false,"boss_relics":[{"not_picked":["Pandora\u0027s Box","Runic Pyramid"],"picked":"SacredBark"}],"items_purged_floors":[],"is_endless":false,"potions_floor_spawned":[4,6,8,12,19,22,27],"killed_by":"Slavers","ascension_level":5}}