{"host":"guzbs4v8630hpsy6","time":1613803969,"event":{"mods":["2.2 Compatiblity","AchievementEnabler","BaseMod","Minty Spire (QoL Compilation)","Relic Stats","ojb\u0027s Info Mod"],"gold_per_floor":[112,125,125,143,143,143,160,110,110,110,124,150,150,176,176,271,271,282,270,289,77,96,124,124,124,124,149,74,74,105,124,124,225,225,225,225],"floor_reached":35,"language":"ENG","playtime":1435,"items_purged":[],"score":748,"play_id":"a1ca95d3-e472-4a1e-8649-d7ad50ac62b1","local_time":"20210220145249","is_ascension_mode":true,"campfire_choices":[{"data":"Clothesline","floor":10.0,"key":"SMITH"},{"data":"Anger","floor":13.0,"key":"SMITH"},{"data":"Pommel Strike","floor":15.0,"key":"SMITH"},{"data":"Blood for Blood","floor":24.0,"key":"SMITH"},{"data":"Feed","floor":29.0,"key":"SMITH"},{"data":"Whirlwind","floor":32.0,"key":"SMITH"}],"circlet_count":0,"master_deck":["AscendersBane","Strike_R","Defend_R","Defend_R","Defend_R","Defend_R","Bash+1","Headbutt","Anger+1","Pommel Strike+1","Spot Weakness","Clothesline+1","Shrug It Off","Feel No Pain","Corruption","Shrug It Off","Burning Pact+1","Body Slam+1","Barricade","Feed+1","Disarm","Blood for Blood+1","Feel No Pain+1","Rage","Limit Break","Dark Embrace","Whirlwind+1","Shrug It Off","Impervious"],"relics":["Burning Blood","Pear","Ginger","Calipers","Prayer Wheel","Snecko Eye","Paper Frog","Unceasing Top","Ancient Tea Set","Runic Pyramid"],"acts_visited":["Exordium","TheCity","TheBeyond"],"potions_floor_usage":[],"damage_taken":[{"damage":1.0,"enemies":"Cultist","floor":1.0,"turns":3.0},{"damage":10.0,"enemies":"Small Slimes","floor":2.0,"turns":4.0},{"damage":3.0,"enemies":"2 Louse","floor":4.0,"turns":4.0},{"damage":8.0,"enemies":"Red Slaver","floor":7.0,"turns":4.0},{"damage":1.0,"enemies":"2 Fungi Beasts","floor":11.0,"turns":3.0},{"damage":25.0,"enemies":"Lagavulin","floor":12.0,"turns":5.0},{"damage":27.0,"enemies":"3 Sentries","floor":14.0,"turns":7.0},{"damage":28.0,"enemies":"Hexaghost","floor":16.0,"turns":9.0},{"damage":2.0,"enemies":"Chosen","floor":18.0,"turns":6.0},{"damage":28.0,"enemies":"2 Thieves","floor":19.0,"turns":4.0},{"damage":12.0,"enemies":"Snake Plant","floor":20.0,"turns":4.0},{"damage":27.0,"enemies":"Shelled Parasite and Fungi","floor":22.0,"turns":5.0},{"damage":0.0,"enemies":"Book of Stabbing","floor":23.0,"turns":5.0},{"damage":5.0,"enemies":"Gremlin Leader","floor":27.0,"turns":6.0},{"damage":23.0,"enemies":"Slavers","floor":30.0,"turns":5.0},{"damage":5.0,"enemies":"Sentry and Sphere","floor":31.0,"turns":4.0},{"damage":34.0,"enemies":"Collector","floor":33.0,"turns":9.0},{"damage":0,"enemies":"Orb Walker","floor":35,"turns":1}],"seed_played":"8461608847952000492","potions_obtained":[{"floor":4.0,"key":"Dexterity Potion"},{"floor":11.0,"key":"SmokeBomb"},{"floor":12.0,"key":"Weak Potion"},{"floor":19.0,"key":"GamblersBrew"},{"floor":30.0,"key":"Swift Potion"}],"is_trial":false,"path_per_floor":["M","M","?","M","?","?","M","?","T","R","M","E","R","E","R","B",null,"M","M","M","$","M","E","R","?","T","E","$","R","E","M","R","B",null,"M"],"character_chosen":"IRONCLAD","items_purchased":["Feed","BloodPotion","Dark Embrace"],"campfire_rested":0,"item_purchase_floors":[21,21,28],"current_hp_per_floor":[77,73,65,68,68,68,66,66,66,66,71,52,52,31,31,9,70,74,52,46,46,28,37,37,37,37,41,41,41,48,53,53,29,91,91,91],"gold":225,"neow_bonus":"UPGRADE_CARD","is_daily":false,"chose_seed":false,"campfire_upgraded":6,"win_rate":0.0,"timestamp":1613803969,"path_taken":["M","M","?","M","?","?","?","?","T","R","M","E","R","E","R","BOSS","M","M","M","$","M","E","R","?","T","E","$","R","E","M","R","BOSS","M"],"items_purchased_type":["Card","Potion","Card"],"build_version":"2020-12-22","purchased_purges":0,"victory":false,"max_hp_per_floor":[80,80,90,90,90,90,90,90,90,90,90,90,90,90,90,90,90,90,90,90,90,93,96,96,96,96,99,99,99,103,107,107,111,111,111,111],"relic_stats":{"counters":[18,88],"Snecko Eye":[103,103,114,96],"Prayer Wheel":5,"Ginger":[9],"obtain_stats":[{"Pear":3,"Calipers":12,"Snecko Eye":17,"Prayer Wheel":14,"Ginger":9,"Ancient Tea Set":30,"Burning Blood":0,"Unceasing Top":27,"Paper Frog":23,"Runic Pyramid":34},{"Pear":2,"Calipers":6,"Snecko Eye":8,"Prayer Wheel":7,"Ginger":4,"Ancient Tea Set":15,"Burning Blood":0,"Unceasing Top":14,"Paper Frog":13,"Runic Pyramid":17},{"Pear":7,"Calipers":23,"Snecko Eye":39,"Prayer Wheel":30,"Ginger":15,"Ancient Tea Set":74,"Burning Blood":0,"Unceasing Top":69,"Paper Frog":63,"Runic Pyramid":87}],"Burning Blood":102,"Unceasing Top":[0]},"card_choices":[{"not_picked":["Perfected Strike","Clash"],"picked":"Headbutt","floor":1.0},{"not_picked":["Dropkick","Burning Pact"],"picked":"Anger","floor":2.0},{"not_picked":["Thunderclap","Body Slam"],"picked":"Pommel Strike","floor":4.0},{"not_picked":["Shrug It Off","Sword Boomerang"],"picked":"Clothesline","floor":7.0},{"not_picked":["Body Slam","Havoc","Ghostly Armor"],"picked":"SKIP","floor":11.0},{"not_picked":["Second Wind","Pommel Strike"],"picked":"Shrug It Off","floor":12.0},{"not_picked":["Flex","Heavy Blade"],"picked":"Feel No Pain","floor":14.0},{"not_picked":["Brutality","Demon Form"],"picked":"Corruption","floor":16.0},{"not_picked":["Cleave+1","Rampage+1"],"picked":"Shrug It Off","floor":18.0},{"not_picked":["Thunderclap+1","Power Through"],"picked":"Burning Pact+1","floor":18.0},{"not_picked":["Warcry","Flex+1"],"picked":"Body Slam+1","floor":19.0},{"not_picked":["Shrug It Off","Perfected Strike","Sword Boomerang"],"picked":"SKIP","floor":19.0},{"not_picked":["Ghostly Armor","Sword Boomerang"],"picked":"Barricade","floor":20.0},{"not_picked":["Reckless Charge","Sword Boomerang","Clash"],"picked":"SKIP","floor":20.0},{"not_picked":["True Grit+1","Warcry"],"picked":"Disarm","floor":22.0},{"not_picked":["Spot Weakness","Clothesline"],"picked":"Blood for Blood","floor":22.0},{"not_picked":["Combust","Battle Trance"],"picked":"Feel No Pain+1","floor":23.0},{"not_picked":["Uppercut","True Grit"],"picked":"Limit Break","floor":27.0},{"not_picked":["Cleave","Wild Strike+1"],"picked":"Whirlwind","floor":30.0},{"not_picked":["Wild Strike","Twin Strike"],"picked":"Shrug It Off","floor":31.0},{"not_picked":["Heavy Blade","Iron Wave","Pommel Strike"],"picked":"SKIP","floor":31.0},{"not_picked":["Double Tap","Berserk"],"picked":"Impervious","floor":33.0}],"player_experience":668676,"relics_obtained":[{"floor":9.0,"key":"Ginger"},{"floor":12.0,"key":"Calipers"},{"floor":14.0,"key":"Prayer Wheel"},{"floor":23.0,"key":"Paper Frog"},{"floor":27.0,"key":"Unceasing Top"},{"floor":30.0,"key":"Ancient Tea Set"}],"event_choices":[{"damage_healed":0.0,"max_hp_gain":0.0,"max_hp_loss":0.0,"gold_gain":0.0,"event_name":"Scrap Ooze","player_choice":"Success","floor":3.0,"gold_loss":0.0,"damage_taken":18.0,"relics_obtained":["Pear"]},{"damage_healed":0.0,"max_hp_gain":0.0,"max_hp_loss":0.0,"gold_gain":0.0,"cards_transformed":["Strike_R"],"event_name":"Living Wall","player_choice":"Change","floor":5.0,"gold_loss":0.0,"damage_taken":0.0,"cards_obtained":["Spot Weakness"]},{"cards_removed":["Strike_R"],"damage_healed":0.0,"max_hp_gain":0.0,"max_hp_loss":0.0,"gold_gain":0.0,"event_name":"Bonfire Elementals","player_choice":"Offered Basic","floor":6.0,"gold_loss":0.0,"damage_taken":0.0},{"cards_removed":["Strike_R"],"damage_healed":0.0,"max_hp_gain":0.0,"max_hp_loss":0.0,"gold_gain":0.0,"event_name":"The Cleric","player_choice":"Card Removal","floor":8.0,"gold_loss":50.0,"damage_taken":0.0},{"damage_healed":0.0,"max_hp_gain":0.0,"max_hp_loss":0.0,"gold_gain":0.0,"cards_transformed":["Strike_R"],"event_name":"Transmorgrifier","player_choice":"Transformed","floor":25.0,"gold_loss":0.0,"damage_taken":0.0,"cards_obtained":["Rage"]}],"is_beta":false,"boss_relics":[{"not_picked":["Runic Cube","Philosopher\u0027s Stone"],"picked":"Snecko Eye"},{"not_picked":["SlaversCollar","Velvet Choker"],"picked":"Runic Pyramid"}],"items_purged_floors":[],"is_endless":false,"potions_floor_spawned":[4,11,12,19,30],"killed_by":"Orb Walker","ascension_level":11}}