{"host":"jz4ul6vrcxqkcr33","time":1613855752,"event":{"mods":["BaseMod","Minty Spire (QoL Compilation)","StSLib"],"gold_per_floor":[116,41,41,61,79,110,110,170,195,195,221,239,88,138,138,242,242,222,272,285,335,385,385,61,91,139,172,185,185,200,216,216,321,321,340,359,375,161,211,261,295,345,399,429,429,220,220,214,214,214,214,214,19,50,50,50],"floor_reached":55,"language":"ENG","playtime":2881,"items_purged":["Pain"],"score":1258,"play_id":"d4b4ea49-47a0-4af3-bce1-2c6da5c106f7","local_time":"20210220161552","is_ascension_mode":true,"campfire_choices":[{"data":"Perfected Strike","floor":7.0,"key":"SMITH"},{"data":"Wild Strike","floor":10.0,"key":"SMITH"},{"data":"Armaments","floor":15.0,"key":"SMITH"},{"data":"Spot Weakness","floor":23.0,"key":"SMITH"},{"data":"Demon Form","floor":29.0,"key":"SMITH"},{"floor":32.0,"key":"REST"},{"floor":45,"key":"RECALL"},{"data":"Heavy Blade","floor":47,"key":"SMITH"},{"floor":49,"key":"REST"},{"data":"Perfected Strike","floor":52,"key":"SMITH"}],"circlet_count":0,"master_deck":["Strike_R","Strike_R","Strike_R","Strike_R","Strike_R","Defend_R+1","Defend_R","Defend_R+1","Defend_R","Bash","Perfected Strike+1","Thunderclap","Bloodletting","Pommel Strike","Wild Strike+1","Armaments+1","Clothesline","Impervious","Pommel Strike+1","Power Through+1","Spot Weakness+1","Shrug It Off+1","Armaments+1","Demon Form+1","Shrug It Off+1","Seeing Red+1","Inflame+1","Twin Strike+1","Wild Strike+1","Reaper","Fire Breathing+1","Heavy Blade+1","Havoc+1","Exhume+1","Bloodletting+1","Transmutation+1","Perfected Strike+1","Warcry+1","Demon Form+1","Perfected Strike+1","Perfected Strike+1","Offering+1"],"relics":["Burning Blood","Thread and Needle","SsserpentHead","PreservedInsect","Potion Belt","Centennial Puzzle","Bronze Scales","SlaversCollar","Toxic Egg 2","Unceasing Top","Dream Catcher","Ancient Tea Set","SacredBark","Nunchaku","War Paint","DollysMirror","Oddly Smooth Stone","Strange Spoon","StoneCalendar"],"acts_visited":["Exordium","TheCity","TheBeyond","TheEnding"],"potions_floor_usage":[44,55,55,55],"damage_taken":[{"damage":10.0,"enemies":"2 Louse","floor":1.0,"turns":4.0},{"damage":0.0,"enemies":"Cultist","floor":4.0,"turns":3.0},{"damage":3.0,"enemies":"Jaw Worm","floor":5.0,"turns":2.0},{"damage":29.0,"enemies":"Lagavulin","floor":6.0,"turns":8.0},{"damage":4.0,"enemies":"Blue Slaver","floor":8.0,"turns":3.0},{"damage":0.0,"enemies":"Gremlin Nob","floor":11.0,"turns":2.0},{"damage":0.0,"enemies":"2 Fungi Beasts","floor":12.0,"turns":2.0},{"damage":57.0,"enemies":"The Guardian","floor":16.0,"turns":7.0},{"damage":0.0,"enemies":"2 Thieves","floor":18.0,"turns":4.0},{"damage":3.0,"enemies":"Spheric Guardian","floor":20.0,"turns":3.0},{"damage":1.0,"enemies":"Book of Stabbing","floor":25.0,"turns":4.0},{"damage":11.0,"enemies":"Gremlin Leader","floor":27.0,"turns":5.0},{"damage":1.0,"enemies":"Snecko","floor":28.0,"turns":4.0},{"damage":6.0,"enemies":"Centurion and Healer","floor":30.0,"turns":5.0},{"damage":3.0,"enemies":"Snake Plant","floor":31.0,"turns":3.0},{"damage":53.0,"enemies":"Collector","floor":33.0,"turns":8.0},{"damage":28.0,"enemies":"Orb Walker","floor":35.0,"turns":4.0},{"damage":4.0,"enemies":"3 Shapes","floor":36.0,"turns":5.0},{"damage":10.0,"enemies":"3 Darklings","floor":37.0,"turns":5.0},{"damage":20.0,"enemies":"Reptomancer","floor":41.0,"turns":4.0},{"damage":9,"enemies":"Giant Head","floor":44,"turns":5},{"damage":43,"enemies":"Time Eater","floor":50,"turns":5},{"damage":23,"enemies":"Shield and Spear","floor":54,"turns":4},{"damage":65,"enemies":"The Heart","floor":55,"turns":5}],"seed_played":"6671709138807013840","potions_obtained":[{"floor":4.0,"key":"Block Potion"},{"floor":8.0,"key":"Block Potion"},{"floor":11.0,"key":"Swift Potion"},{"floor":12.0,"key":"Swift Potion"},{"floor":16.0,"key":"Ancient Potion"},{"floor":25.0,"key":"LiquidMemories"},{"floor":27.0,"key":"LiquidBronze"},{"floor":30.0,"key":"Weak Potion"},{"floor":36.0,"key":"Swift Potion"},{"floor":41.0,"key":"BlessingOfTheForge"},{"floor":54,"key":"FearPotion"}],"is_trial":false,"path_per_floor":["M","$","?","M","M","E","R","M","T","R","E","M","$","?","R","B",null,"M","?","M","?","?","R","$","E","T","E","M","R","M","M","R","B",null,"M","M","M","$","?","?","E","?","T","E","R","$","R","?","R","B",null,"R","$","E","B"],"character_chosen":"IRONCLAD","items_purchased":["Bronze Scales","Toxic Egg 2","Shrug It Off+1","Armaments+1","Exhume+1","Bloodletting+1","DollysMirror","Perfected Strike","Strange Spoon","Weak Potion"],"campfire_rested":2,"item_purchase_floors":[13,24,24,24,38,38,46,46,53,53],"current_hp_per_floor":[76,76,76,80,80,57,57,59,59,59,65,71,71,76,76,25,70,76,60,63,63,63,63,63,68,68,63,68,68,68,71,90,43,78,73,90,86,86,86,85,71,71,71,68,68,68,68,68,85,71,82,82,82,65,0,0],"gold":50,"neow_bonus":"ONE_RARE_RELIC","is_daily":false,"chose_seed":false,"campfire_upgraded":7,"win_rate":0.0,"timestamp":1613855752,"path_taken":["M","$","?","M","M","E","R","?","T","R","E","M","$","?","R","BOSS","M","?","M","?","?","R","$","E","T","E","M","R","M","M","R","BOSS","M","M","M","$","?","?","E","?","T","E","R","$","R","?","R","BOSS","R","$","E","BOSS"],"items_purchased_type":["Relic","Relic","Card","Card","Card","Card","Relic","Card","Relic","Potion"],"build_version":"2020-12-13","purchased_purges":1,"victory":false,"max_hp_per_floor":[80,80,80,80,80,80,80,80,80,80,80,80,80,85,85,85,85,85,90,90,90,90,90,90,90,90,90,90,90,90,90,90,90,90,90,90,90,90,90,85,85,85,85,85,85,85,85,85,85,85,85,85,85,85,85,85],"card_choices":[{"not_picked":["Combust","Dual Wield"],"picked":"Perfected Strike","floor":1.0},{"not_picked":["True Grit","Pummel"],"picked":"Thunderclap","floor":4.0},{"not_picked":["Shrug It Off","Thunderclap"],"picked":"Bloodletting","floor":5.0},{"not_picked":["Havoc","Headbutt"],"picked":"Pommel Strike","floor":6.0},{"not_picked":["Thunderclap","Havoc"],"picked":"Wild Strike","floor":8.0},{"not_picked":["Shrug It Off","Second Wind"],"picked":"Armaments","floor":11.0},{"not_picked":["Headbutt","Cleave"],"picked":"Clothesline","floor":12.0},{"not_picked":["Juggernaut","Berserk"],"picked":"Impervious","floor":16.0},{"not_picked":["Rupture","Ghostly Armor"],"picked":"Pommel Strike+1","floor":18.0},{"not_picked":["Burning Pact","Disarm+1"],"picked":"Power Through+1","floor":20.0},{"not_picked":["Pommel Strike","Brutality"],"picked":"Demon Form","floor":25.0},{"not_picked":["Armaments+1","Iron Wave"],"picked":"Shrug It Off+1","floor":27.0},{"not_picked":["Body Slam","Havoc+1"],"picked":"Seeing Red+1","floor":28.0},{"not_picked":["Wild Strike","Twin Strike"],"picked":"Inflame+1","floor":30.0},{"not_picked":["Carnage","Sword Boomerang"],"picked":"Twin Strike+1","floor":31.0},{"not_picked":["Shrug It Off+1","Reckless Charge+1"],"picked":"Wild Strike+1","floor":32.0},{"not_picked":["Brutality","Fiend Fire"],"picked":"Reaper","floor":33.0},{"not_picked":["Seeing Red+1","Warcry+1"],"picked":"Fire Breathing+1","floor":35.0},{"not_picked":["Ghostly Armor+1","Iron Wave+1"],"picked":"Heavy Blade","floor":36.0},{"not_picked":["Clash","Body Slam"],"picked":"Havoc+1","floor":37.0},{"not_picked":["Dark Shackles+1","Blind+1"],"picked":"Transmutation+1","floor":39.0},{"not_picked":["Reaper","Cleave+1"],"picked":"Perfected Strike+1","floor":41.0},{"not_picked":["Shrug It Off+1","Rupture"],"picked":"Warcry+1","floor":44},{"not_picked":["Bloodletting+1","Flex+1"],"picked":"Perfected Strike+1","floor":49},{"not_picked":["Shockwave+1","Twin Strike"],"picked":"Offering+1","floor":54}],"player_experience":260097,"relics_obtained":[{"floor":6.0,"key":"PreservedInsect"},{"floor":9.0,"key":"Potion Belt"},{"floor":11.0,"key":"Centennial Puzzle"},{"floor":25.0,"key":"Unceasing Top"},{"floor":26.0,"key":"Dream Catcher"},{"floor":27.0,"key":"Ancient Tea Set"},{"floor":41.0,"key":"Nunchaku"},{"floor":44,"key":"War Paint"},{"floor":54,"key":"StoneCalendar"}],"event_choices":[{"damage_healed":0.0,"max_hp_gain":0.0,"max_hp_loss":0.0,"gold_gain":0.0,"event_name":"FaceTrader","player_choice":"Trade","floor":3.0,"gold_loss":0.0,"damage_taken":0.0,"relics_obtained":["SsserpentHead"]},{"damage_healed":0.0,"max_hp_gain":5.0,"max_hp_loss":0.0,"gold_gain":0.0,"event_name":"Big Fish","player_choice":"Donut","floor":14.0,"gold_loss":0.0,"damage_taken":0.0},{"damage_healed":0.0,"max_hp_gain":5.0,"max_hp_loss":0.0,"gold_gain":0.0,"event_name":"Forgotten Altar","player_choice":"Shed Blood","floor":19.0,"gold_loss":0.0,"damage_taken":21.0},{"damage_healed":0.0,"max_hp_gain":0.0,"max_hp_loss":0.0,"gold_gain":0.0,"event_name":"Ghosts","player_choice":"Ignored","floor":21.0,"gold_loss":0.0,"damage_taken":0.0},{"damage_healed":0.0,"max_hp_gain":0.0,"max_hp_loss":0.0,"gold_gain":0.0,"event_name":"The Library","player_choice":"Read","floor":22.0,"gold_loss":0.0,"damage_taken":0.0,"cards_obtained":["Spot Weakness"]},{"damage_healed":0.0,"max_hp_gain":0.0,"max_hp_loss":0.0,"gold_gain":0.0,"event_name":"SensoryStone","player_choice":"Memory 1","floor":39.0,"gold_loss":0.0,"damage_taken":0.0},{"damage_healed":0.0,"max_hp_gain":0.0,"max_hp_loss":5.0,"gold_gain":0.0,"event_name":"Winding Halls","player_choice":"Max HP","floor":40.0,"gold_loss":0.0,"damage_taken":0.0},{"damage_healed":0,"gold_gain":0,"player_choice":"Ignored","damage_taken":0,"max_hp_gain":0,"max_hp_loss":0,"event_name":"Mysterious Sphere","floor":42,"gold_loss":0},{"damage_healed":0,"gold_gain":0,"player_choice":"Paid Gold","damage_taken":0,"relics_obtained":["Oddly Smooth Stone"],"max_hp_gain":0,"max_hp_loss":0,"event_name":"WeMeetAgain","floor":48,"gold_loss":56}],"is_beta":false,"boss_relics":[{"not_picked":["Ectoplasm","Sozu"],"picked":"SlaversCollar"},{"not_picked":["Runic Pyramid","Runic Cube"],"picked":"SacredBark"}],"items_purged_floors":[2],"is_endless":false,"potions_floor_spawned":[4,8,11,12,16,25,27,30,36,41,54],"killed_by":"The Heart","ascension_level":5}}