{"host":"2ty4h143nj8vwezc","time":1613797138,"event":{"mods":["BaseMod","Colored Map","Googly Eyes","Highlight Path","Minty Spire (QoL Compilation)","Quick Restart","StSLib"],"gold_per_floor":[17,17,17,33,48,91,116,129,207,207,382,382,382],"floor_reached":12,"language":"ENG","playtime":332,"items_purged":[],"score":136,"play_id":"a6d90ac0-3bc1-40f7-9b24-b7574cdd9a3d","local_time":"20210219235858","is_ascension_mode":true,"campfire_choices":[{"floor":10,"key":"REST"}],"circlet_count":0,"master_deck":["AscendersBane","Strike_B","Strike_B","Strike_B","Strike_B","Defend_B","Defend_B","Defend_B","Defend_B","Zap","Dualcast","Biased Cognition","Leap","Injury","Defragment","Core Surge","Consume","BootSequence","Doubt"],"relics":["Cracked Core","Golden Idol","Juzu Bracelet","Bottled Lightning"],"acts_visited":["Exordium"],"potions_floor_usage":[6,12,12,12],"damage_taken":[{"damage":0,"enemies":"Small Slimes","floor":1,"turns":3},{"damage":8,"enemies":"2 Louse","floor":4,"turns":3},{"damage":3,"enemies":"Jaw Worm","floor":5,"turns":3},{"damage":25,"enemies":"Gremlin Nob","floor":6,"turns":4},{"damage":3,"enemies":"Looter","floor":7,"turns":3},{"damage":15,"enemies":"Exordium Thugs","floor":8,"turns":4},{"damage":33,"enemies":"Lagavulin","floor":12,"turns":6}],"seed_played":"-8369226787578315722","potions_obtained":[{"floor":4,"key":"Weak Potion"},{"floor":6,"key":"EntropicBrew"},{"floor":8,"key":"SpeedPotion"}],"is_trial":false,"path_per_floor":["M","$","?","M","M","E","M","M","T","R","?","E"],"character_chosen":"DEFECT","items_purchased":[],"campfire_rested":1,"item_purchase_floors":[],"current_hp_per_floor":[64,64,64,56,53,28,25,10,10,31,31,0,0],"gold":382,"neow_bonus":"THREE_RARE_CARDS","is_daily":false,"chose_seed":false,"campfire_upgraded":0,"win_rate":0.0,"timestamp":1613797138,"path_taken":["M","$","?","M","M","E","M","M","T","R","?","E"],"items_purchased_type":[],"build_version":"2020-12-22","purchased_purges":0,"victory":false,"max_hp_per_floor":[71,71,71,71,71,71,71,71,71,71,71,71,71],"card_choices":[{"not_picked":["Core Surge","Meteor Strike"],"picked":"Biased Cognition","floor":0},{"not_picked":["Streamline","Sunder"],"picked":"Leap","floor":1},{"not_picked":["Leap","Double Energy"],"picked":"Defragment","floor":4},{"not_picked":["Leap","Blizzard"],"picked":"Core Surge","floor":5},{"not_picked":["Beam Cell","All For One"],"picked":"Consume","floor":6},{"not_picked":["Steam","White Noise"],"picked":"BootSequence","floor":7},{"not_picked":["Hologram","Leap","Streamline"],"picked":"SKIP","floor":8}],"player_experience":448250,"relics_obtained":[{"floor":6,"key":"Juzu Bracelet"},{"floor":9,"key":"Bottled Lightning"}],"event_choices":[{"damage_healed":0,"gold_gain":0,"player_choice":"Take Wound","damage_taken":0,"relics_obtained":["Golden Idol"],"max_hp_gain":0,"max_hp_loss":0,"event_name":"Golden Idol","floor":3,"gold_loss":0,"cards_obtained":["Injury"]},{"damage_healed":0,"gold_gain":175,"player_choice":"AGREE","damage_taken":0,"max_hp_gain":0,"max_hp_loss":0,"event_name":"Liars Game","floor":11,"gold_loss":0,"cards_obtained":["Doubt"]}],"is_beta":false,"boss_relics":[],"items_purged_floors":[],"is_endless":false,"potions_floor_spawned":[4,6,8],"killed_by":"Lagavulin","ascension_level":14}}