{"host":"z4nt7tdd4gjrinn7","time":1613843578,"event":{"mods":["100% Spire Juice","BaseMod","Minty Spire (QoL Compilation)","StS++","StSLib","The Hierophant"],"gold_per_floor":[110,122,27,27,41,56,56,56,56,131,131,93,18,28,28,133,133,143,143,175,7,7,7,38,55,79,96,111,111,129,141,141,238,238,258,38,48,59,281,281,295,68,68,68,85,96,23,43,43,43,43],"floor_reached":50,"language":"ENG","playtime":4038,"items_purged":[],"score":531,"play_id":"974d6450-ae02-4ae1-aa11-57b8bf7ef965","local_time":"20210220125258","is_ascension_mode":false,"campfire_choices":[{"data":"Storm","floor":7,"key":"SMITH"},{"floor":11,"key":"REST"},{"data":"White Noise","floor":15,"key":"SMITH"},{"floor":23,"key":"REST"},{"floor":29,"key":"REST"},{"floor":32,"key":"REST"},{"floor":44,"key":"REST"},{"floor":49,"key":"REST"}],"circlet_count":0,"master_deck":["Strike_B+1","Strike_B+1","Strike_B+1","Strike_B+1","Defend_B+1","Defend_B+1","Defend_B+1","Defend_B+1","Zap","Dualcast","Storm+1","Beam Cell","Ball Lightning","Conserve Battery","Blizzard","White Noise+1","Self Repair","StSpp:Igniter","Sweeping Beam","Echo Form","Ball Lightning","Beam Cell+1","Gash","StSpp:Saturation","Ball Lightning","Doubt","Gash+1","Gash+1","Barrage","Leap","Amplify","Stack+1","Static Discharge","Gash+1","Cold Snap+1","Chill","Melter","Normality","Redo","Undo","Gash"],"relics":["Cracked Core","StSpp:Monolith","Orichalcum","Cursed Key","MutagenicStrength","Red Mask","Membership Card","Bag of Marbles","Regal Pillow","SlaversCollar","TungstenRod","TheAbacus","Vajra","Pen Nib","Mercury Hourglass","Lantern"],"acts_visited":["Exordium","TheCity","TheBeyond"],"potions_floor_usage":[16,31,33,33,41,50],"damage_taken":[{"damage":1,"enemies":"Cultist","floor":1,"turns":3},{"damage":0,"enemies":"Small Slimes","floor":2,"turns":3},{"damage":0,"enemies":"2 Louse","floor":5,"turns":3},{"damage":0,"enemies":"Large Slime","floor":6,"turns":4},{"damage":9,"enemies":"Blue Slaver","floor":14,"turns":3},{"damage":36,"enemies":"Hexaghost","floor":16,"turns":8},{"damage":8,"enemies":"3 Byrds","floor":18,"turns":4},{"damage":46,"enemies":"Masked Bandits","floor":20,"turns":4},{"damage":17,"enemies":"Book of Stabbing","floor":24,"turns":4},{"damage":0,"enemies":"Chosen","floor":25,"turns":3},{"damage":9,"enemies":"Snecko","floor":27,"turns":3},{"damage":18,"enemies":"Shelled Parasite and Fungi","floor":28,"turns":4},{"damage":22,"enemies":"Snake Plant","floor":30,"turns":4},{"damage":31,"enemies":"3 Cultists","floor":31,"turns":5},{"damage":53,"enemies":"Automaton","floor":33,"turns":8},{"damage":31,"enemies":"3 Darklings","floor":35,"turns":4},{"damage":12,"enemies":"3 Shapes","floor":37,"turns":5},{"damage":29,"enemies":"3 Darklings","floor":38,"turns":5},{"damage":21,"enemies":"Maw","floor":41,"turns":7},{"damage":26,"enemies":"Spire Growth","floor":45,"turns":4},{"damage":23,"enemies":"3 Darklings","floor":46,"turns":3},{"damage":3,"enemies":"Sphere and 2 Shapes","floor":48,"turns":4},{"damage":92,"enemies":"Awakened One","floor":50,"turns":6}],"seed_played":"-3257617913481763411","potions_obtained":[{"floor":0,"key":"FairyPotion"},{"floor":0,"key":"ColorlessPotion"},{"floor":0,"key":"Ancient Potion"},{"floor":5,"key":"PotionOfCapacity"},{"floor":16,"key":"Energy Potion"},{"floor":30,"key":"Fire Potion"},{"floor":31,"key":"FocusPotion"},{"floor":35,"key":"FearPotion"},{"floor":38,"key":"DistilledChaos"}],"is_trial":false,"path_per_floor":["M","M","$","?","M","M","R","?","T","?","R","$","$","M","R","B",null,"M","?","?","$","?","R","E","M","T","M","M","R","M","M","R","B",null,"M","$","M","M","?","?","M","$","T","R","M","M","$","M","R","B"],"character_chosen":"DEFECT","items_purchased":["Ball Lightning","Conserve Battery","Self Repair","StSpp:Igniter","Membership Card","Gash","TungstenRod","TheAbacus","Vajra","Chill","Melter","Pen Nib","Lantern"],"campfire_rested":6,"item_purchase_floors":[3,3,12,13,21,21,36,36,42,42,42,42,47],"current_hp_per_floor":[74,74,74,79,79,79,79,76,76,65,80,80,80,78,78,49,80,79,79,40,40,40,64,47,47,47,45,41,80,58,34,73,27,80,56,56,58,29,29,29,15,15,15,54,28,12,12,23,62,0,0],"gold":43,"neow_bonus":"THREE_SMALL_POTIONS","is_daily":false,"chose_seed":false,"campfire_upgraded":2,"win_rate":0.0,"timestamp":1613843578,"path_taken":["M","?","$","?","M","M","R","?","T","?","R","?","$","M","R","BOSS","M","?","?","$","?","R","E","M","T","?","M","R","?","M","R","BOSS","M","$","M","M","?","?","M","$","T","R","?","?","?","M","R","BOSS"],"items_purchased_type":["Card","Card","Card","Card","Relic","Card","Relic","Relic","Relic","Card","Card","Relic","Relic"],"build_version":"2020-12-22","purchased_purges":0,"victory":false,"max_hp_per_floor":[75,75,75,80,80,80,80,80,80,80,80,80,80,80,80,80,80,80,80,80,80,80,80,80,80,80,80,80,80,80,80,80,80,80,80,80,80,80,80,80,80,80,80,80,80,80,80,80,80,80,80],"card_choices":[{"not_picked":["Hologram","Steam Power"],"picked":"Storm","floor":1},{"not_picked":["Hologram","Compile Driver"],"picked":"Beam Cell","floor":2},{"not_picked":["Stack","Conserve Battery"],"picked":"Blizzard","floor":5},{"not_picked":["Barrage","Redo"],"picked":"White Noise","floor":6},{"not_picked":["White Noise","Steam Power"],"picked":"Sweeping Beam","floor":14},{"not_picked":["Amplify","Creative AI"],"picked":"Echo Form","floor":16},{"not_picked":["Turbo","Compile Driver"],"picked":"Ball Lightning","floor":18},{"not_picked":["Blizzard","Turbo+1"],"picked":"Beam Cell+1","floor":20},{"not_picked":["StSpp:Pointer","Ball Lightning"],"picked":"StSpp:Saturation","floor":24},{"not_picked":["Reprogram+1","Double Energy"],"picked":"Ball Lightning","floor":25},{"not_picked":["Darkness","Ball Lightning"],"picked":"Gash+1","floor":27},{"not_picked":["StSpp:Mask","Cold Snap"],"picked":"Gash+1","floor":28},{"not_picked":["Ball Lightning","Stack+1"],"picked":"Barrage","floor":30},{"not_picked":["Consume","Steam Power"],"picked":"Leap","floor":31},{"not_picked":["StSpp:Saturation","StSpp:MemoryLeak"],"picked":"Amplify","floor":33},{"not_picked":["Aggregate","Reinforced Body"],"picked":"Stack+1","floor":35},{"not_picked":["Gash","Stack+1"],"picked":"Static Discharge","floor":37},{"not_picked":["Streamline+1","Compile Driver"],"picked":"Gash+1","floor":38},{"not_picked":["Streamline","Sweeping Beam+1"],"picked":"Cold Snap+1","floor":41},{"not_picked":["Beam Cell","Cold Snap"],"picked":"Redo","floor":45},{"not_picked":["Cold Snap+1","Steam Power+1"],"picked":"Undo","floor":46},{"not_picked":["Rainbow","Leap+1"],"picked":"Gash","floor":48}],"player_experience":212232,"relics_obtained":[{"floor":9,"key":"Orichalcum"},{"floor":20,"key":"Red Mask"},{"floor":24,"key":"Bag of Marbles"},{"floor":26,"key":"Regal Pillow"},{"floor":43,"key":"Mercury Hourglass"}],"event_choices":[{"damage_healed":0,"gold_gain":0,"player_choice":"Donut","damage_taken":0,"max_hp_gain":5,"max_hp_loss":0,"event_name":"Big Fish","floor":4,"gold_loss":0},{"damage_healed":0,"gold_gain":0,"player_choice":"Success","damage_taken":3,"relics_obtained":["StSpp:Monolith"],"max_hp_gain":0,"max_hp_loss":0,"event_name":"Scrap Ooze","floor":8,"gold_loss":0},{"damage_healed":0,"gold_gain":75,"player_choice":"Gather Gold","damage_taken":11,"max_hp_gain":0,"max_hp_loss":0,"event_name":"World of Goop","floor":10,"gold_loss":0},{"damage_healed":0,"gold_gain":0,"player_choice":"Inject Mutagens","damage_taken":0,"relics_obtained":["MutagenicStrength"],"max_hp_gain":0,"max_hp_loss":0,"event_name":"Drug Dealer","floor":19,"gold_loss":0},{"damage_healed":0,"gold_gain":0,"player_choice":"Fought Bandits","damage_taken":0,"max_hp_gain":0,"max_hp_loss":0,"event_name":"Masked Bandits","floor":20,"gold_loss":0},{"damage_healed":0,"gold_gain":0,"player_choice":"Simplicity","damage_taken":0,"max_hp_gain":0,"max_hp_loss":0,"event_name":"Back to Basics","floor":22,"gold_loss":0,"cards_upgraded":["Strike_B","Strike_B","Strike_B","Strike_B","Defend_B","Defend_B","Defend_B","Defend_B"]},{"damage_healed":0,"gold_gain":222,"player_choice":"Wore Mask","damage_taken":0,"max_hp_gain":0,"max_hp_loss":0,"event_name":"Tomb of Lord Red Mask","floor":39,"gold_loss":0},{"damage_healed":0,"gold_gain":0,"player_choice":"Ignored","damage_taken":0,"max_hp_gain":0,"max_hp_loss":0,"event_name":"The Moai Head","floor":40,"gold_loss":0}],"is_beta":false,"boss_relics":[{"not_picked":["Pandora\u0027s Box","Sozu"],"picked":"Cursed Key"},{"not_picked":["Runic Dome","Nuclear Battery"],"picked":"SlaversCollar"}],"items_purged_floors":[],"is_endless":false,"potions_floor_spawned":[1,5,16,18,24,30,31,35,38],"killed_by":"Awakened One","ascension_level":0}}