{"host":"d52brwsy6af8zvaq","time":1613794553,"event":{"mods":["AchievementEnabler","BaseMod","Bestiary","Highlight Path","Minty Spire (QoL Compilation)","Quick Restart","Relic Stats","ojb\u0027s Better Paths Mod"],"gold_per_floor":[118,130,130,130,142,142,156,189,212,243,243,258,212,212,212,289,289,303,320,320,151,171,171,171],"floor_reached":23,"language":"ENG","playtime":815,"items_purged":["Strike_B"],"score":602,"play_id":"bcd36014-e41b-40b5-9ea3-1caf8e4cd8af","local_time":"20210219211553","is_ascension_mode":true,"campfire_choices":[{"data":"Streamline","floor":6.0,"key":"SMITH"},{"data":"Zap","floor":15.0,"key":"SMITH"}],"circlet_count":0,"master_deck":["AscendersBane","Strike_B","Strike_B","Strike_B","Defend_B","Defend_B+1","Defend_B","Defend_B","Zap+1","Dualcast","Glacier+1","Streamline+1","Self Repair","Gash","FTL","Gash","Coolheaded","Ball Lightning","All For One","Cold Snap","Stack","Undo","Coolheaded"],"relics":["Cracked Core","Bronze Scales","DataDisk","The Courier","Nuclear Battery","FaceOfCleric"],"acts_visited":["TheCity"],"potions_floor_usage":[16,18],"damage_taken":[{"damage":2.0,"enemies":"Small Slimes","floor":1.0,"turns":3.0},{"damage":1.0,"enemies":"Jaw Worm","floor":2.0,"turns":4.0},{"damage":0.0,"enemies":"Cultist","floor":5.0,"turns":3.0},{"damage":7.0,"enemies":"Exordium Wildlife","floor":7.0,"turns":5.0},{"damage":19.0,"enemies":"Lagavulin","floor":8.0,"turns":9.0},{"damage":16.0,"enemies":"3 Sentries","floor":10.0,"turns":6.0},{"damage":1.0,"enemies":"2 Fungi Beasts","floor":12.0,"turns":3.0},{"damage":18,"enemies":"The Guardian","floor":16,"turns":9},{"damage":32,"enemies":"Shell Parasite","floor":18,"turns":3},{"damage":0,"enemies":"Chosen","floor":19,"turns":4},{"damage":0,"enemies":"Snake Plant","floor":22,"turns":5},{"damage":52,"enemies":"Slavers","floor":23,"turns":4}],"seed_played":"-3477678308618257725","potions_obtained":[{"floor":8.0,"key":"PowerPotion"},{"floor":10.0,"key":"LiquidMemories"},{"floor":12.0,"key":"FearPotion"},{"floor":16,"key":"Fruit Juice"}],"is_trial":false,"path_per_floor":["M","M","?","?","M","R","M","E","T","E","T","M","$","?","R","B",null,"M","M","?","$","M","E"],"character_chosen":"DEFECT","items_purchased":["Ball Lightning","Undo","Coolheaded"],"campfire_rested":0,"item_purchase_floors":[13,21,21],"current_hp_per_floor":[62,61,66,43,43,43,43,31,31,22,22,28,28,28,28,17,61,34,41,41,41,49,0,0],"gold":171,"neow_bonus":"RANDOM_COLORLESS","is_daily":false,"chose_seed":false,"campfire_upgraded":2,"win_rate":0.0,"timestamp":1613794553,"path_taken":["M","M","?","?","M","R","M","E","T","E","?","?","$","?","R","BOSS","M","M","?","$","M","E"],"items_purchased_type":["Card","Card","Card"],"build_version":"2020-12-22","purchased_purges":1,"victory":false,"max_hp_per_floor":[71,71,76,76,76,76,76,76,76,76,76,76,76,76,76,76,76,81,81,81,81,82,82,82],"relic_stats":{"FaceOfCleric":1,"counters":[12,58],"Bronze Scales":[123],"obtain_stats":[{"DataDisk":10,"FaceOfCleric":20,"Bronze Scales":8,"The Courier":11,"Cracked Core":0,"Nuclear Battery":17},{"DataDisk":6,"FaceOfCleric":10,"Bronze Scales":5,"The Courier":6,"Cracked Core":0,"Nuclear Battery":8},{"DataDisk":30,"FaceOfCleric":49,"Bronze Scales":24,"The Courier":30,"Cracked Core":0,"Nuclear Battery":42}]},"card_choices":[{"not_picked":["Mind Blast","Discovery"],"picked":"Finesse","floor":0.0},{"not_picked":["Stack","Aggregate"],"picked":"Glacier","floor":1.0},{"not_picked":["Sweeping Beam","Glacier"],"picked":"Streamline","floor":2.0},{"not_picked":["Ball Lightning","FTL"],"picked":"Self Repair","floor":5.0},{"not_picked":["Thunder Strike","Double Energy"],"picked":"Gash","floor":7.0},{"not_picked":["Leap","Hologram"],"picked":"FTL","floor":8.0},{"not_picked":["Rebound","Capacitor"],"picked":"Gash","floor":10.0},{"not_picked":["Sweeping Beam","Conserve Battery"],"picked":"Coolheaded","floor":12.0},{"not_picked":["Fission","Reboot"],"picked":"All For One","floor":16},{"not_picked":["Redo","Heatsinks+1"],"picked":"Cold Snap","floor":18},{"not_picked":["Stack","Streamline","Self Repair"],"picked":"SKIP","floor":19},{"not_picked":["Streamline","Self Repair"],"picked":"Stack","floor":19},{"not_picked":["Coolheaded","Darkness","Melter"],"picked":"SKIP","floor":22}],"player_experience":2319140,"relics_obtained":[{"floor":8.0,"key":"Bronze Scales"},{"floor":10.0,"key":"DataDisk"},{"floor":11.0,"key":"The Courier"}],"event_choices":[{"damage_healed":0.0,"max_hp_gain":5.0,"max_hp_loss":0.0,"gold_gain":0.0,"event_name":"Big Fish","player_choice":"Donut","floor":3.0,"gold_loss":0.0,"damage_taken":0.0},{"damage_healed":0.0,"max_hp_gain":0.0,"max_hp_loss":0.0,"gold_gain":0.0,"event_name":"Shining Light","player_choice":"Entered Light","floor":4.0,"gold_loss":0.0,"damage_taken":23.0,"cards_upgraded":["Defend_B","Glacier"]},{"damage_healed":0.0,"max_hp_gain":0.0,"max_hp_loss":0.0,"gold_gain":0.0,"event_name":"Liars Game","player_choice":"Ignored","floor":14.0,"gold_loss":0.0,"damage_taken":0.0},{"damage_healed":0,"gold_gain":0,"player_choice":"Trade","damage_taken":0,"relics_obtained":["FaceOfCleric"],"max_hp_gain":0,"max_hp_loss":0,"event_name":"FaceTrader","floor":20,"gold_loss":0}],"is_beta":false,"boss_relics":[{"not_picked":["Snecko Eye","Busted Crown"],"picked":"Nuclear Battery"}],"items_purged_floors":[21],"is_endless":false,"potions_floor_spawned":[8,10,12,16],"killed_by":"Slavers","ascension_level":20}}