{"host":"py7qdianp3jrm8dm","time":1613859833,"event":{"mods":["AchievementEnabler","BaseMod","Bestiary","Downfall","Highlight Path","Minty Spire (QoL Compilation)","StSLib"],"gold_per_floor":[117,117,117,135,42,85,101,124,124,72,42,81,105,129,129,218,218,236,252,252,252],"floor_reached":20,"language":"ENG","playtime":1017,"items_purged":[],"score":380,"play_id":"1cb5c7cc-9f8e-4947-9531-dc9841530167","local_time":"20210220222353","is_ascension_mode":true,"campfire_choices":[{"floor":15,"key":"REST"}],"circlet_count":0,"master_deck":["AscendersBane","Strike_R","Strike_R","Strike_R","Strike_R","Strike_R","Defend_R","Defend_R","Defend_R","Defend_R","Bash","Disarm","Twin Strike","Disarm","Shrug It Off","Body Slam","Combust","Shrug It Off","Burning Pact","Blood for Blood","Shrug It Off","Berserk","Inflame","Clothesline+1","Ghostly","Ghostly","Ghostly"],"relics":["Burning Blood","NeowsBlessing","Golden Idol","PreservedInsect","Pear","StoneCalendar","Cursed Key"],"acts_visited":["Exordium","TheCity"],"potions_floor_usage":[12,13,16],"damage_taken":[{"damage":0,"enemies":"2 Louse","floor":1,"turns":1},{"damage":0,"enemies":"Small Slimes","floor":4,"turns":1},{"damage":0,"enemies":"3 Sentries","floor":6,"turns":1},{"damage":3,"enemies":"Jaw Worm","floor":7,"turns":4},{"damage":25,"enemies":"Gremlin Gang","floor":8,"turns":8},{"damage":10,"enemies":"Looter","floor":11,"turns":4},{"damage":13,"enemies":"Lagavulin","floor":12,"turns":8},{"damage":3,"enemies":"Large Slime","floor":13,"turns":4},{"damage":9,"enemies":"Red Slaver","floor":14,"turns":3},{"damage":33,"enemies":"The Guardian","floor":16,"turns":11},{"damage":43,"enemies":"Spheric Guardian","floor":18,"turns":6},{"damage":28,"enemies":"Chosen","floor":19,"turns":6}],"seed_played":"-335735352581080921","potions_obtained":[{"floor":7,"key":"EssenceOfSteel"},{"floor":12,"key":"DistilledChaos"},{"floor":13,"key":"Fruit Juice"},{"floor":18,"key":"Block Potion"}],"is_trial":false,"path_per_floor":["M","?","?","M","$","E","M","M","T","$","M","E","M","M","R","B",null,"M","M","?"],"character_chosen":"IRONCLAD","items_purchased":["Disarm","PowerPotion","Shrug It Off"],"campfire_rested":1,"item_purchase_floors":[5,5,10],"current_hp_per_floor":[74,48,48,54,54,60,63,44,54,54,50,43,51,48,75,48,80,43,21,21,21],"gold":252,"neow_bonus":"THREE_ENEMY_KILL","is_daily":false,"chose_seed":false,"campfire_upgraded":0,"win_rate":0.0,"timestamp":1613859833,"path_taken":["M","?","?","M","$","E","M","M","T","?","M","E","?","M","R","BOSS","M","M","?"],"items_purchased_type":["Card","Potion","Card"],"build_version":"2020-12-22","purchased_purges":0,"victory":false,"max_hp_per_floor":[75,75,75,75,75,75,75,75,85,85,85,85,90,90,90,90,90,90,90,45,45],"card_choices":[{"not_picked":["Iron Wave","True Grit"],"picked":"Disarm","floor":1},{"not_picked":["Perfected Strike","Battle Trance"],"picked":"Twin Strike","floor":4},{"not_picked":["Seeing Red","Armaments"],"picked":"Shrug It Off","floor":6},{"not_picked":["Armaments","Havoc"],"picked":"Body Slam","floor":7},{"not_picked":["Anger","Rampage"],"picked":"Combust","floor":8},{"not_picked":["Shrug It Off","Pommel Strike"],"picked":"Burning Pact","floor":11},{"not_picked":["Corruption","Clash"],"picked":"Blood for Blood","floor":12},{"not_picked":["Heavy Blade","Headbutt"],"picked":"Shrug It Off","floor":13},{"not_picked":["Thunderclap","Anger","Whirlwind"],"picked":"SKIP","floor":14},{"not_picked":["Reaper","Immolate"],"picked":"Berserk","floor":16},{"not_picked":["Heavy Blade","Feel No Pain"],"picked":"Inflame","floor":18},{"not_picked":["Clash","Feel No Pain"],"picked":"Clothesline+1","floor":19}],"player_experience":633305,"relics_obtained":[{"floor":6,"key":"PreservedInsect"},{"floor":9,"key":"Pear"},{"floor":12,"key":"StoneCalendar"}],"event_choices":[{"damage_healed":0,"gold_gain":0,"player_choice":"Take Damage","damage_taken":26,"relics_obtained":["Golden Idol"],"max_hp_gain":0,"max_hp_loss":0,"event_name":"Golden Idol","floor":2,"gold_loss":0},{"damage_healed":0,"gold_gain":0,"player_choice":"Ignored","damage_taken":0,"max_hp_gain":0,"max_hp_loss":0,"event_name":"Golden Wing","floor":3,"gold_loss":0},{"damage_healed":0,"gold_gain":0,"player_choice":"Became a Ghost","damage_taken":0,"max_hp_gain":0,"max_hp_loss":45,"event_name":"Ghosts","floor":20,"gold_loss":0,"cards_obtained":["Ghostly","Ghostly","Ghostly"]}],"is_beta":false,"boss_relics":[{"not_picked":["SlaversCollar","Runic Dome"],"picked":"Cursed Key"}],"items_purged_floors":[],"is_endless":false,"potions_floor_spawned":[7,8,12,13,18],"ascension_level":16}}