{"host":"vk2xyavtylxbvrfq","time":1613795403,"event":{"mods":["Bard","BaseMod","Bestiary","Better Altar","Better Match","Better Note","Better Sensory Stone","Better Skull","Better Vampires","Block Reminder","Bossed Relics","Colored Map","Curses Come First","Displayed Cursed Tome","Downfall","Extra Virgin Snecko Oil","Fox Events","Hermit","Ironclad Rager","Marked Mod","Minty Spire (QoL Compilation)","Quick Restart","Rare Cards Sparkle","Relic Sorter","Reliquary","Robot Space Explorer","Shapeshifter Mod","StSLib","The Hayseed","The Marked","The Runesmith","Unceasing Turn Reminder"],"gold_per_floor":[112,112,125,143,143,143,168,168,168,66,82,13,48,67,67,169,169,189,189,200,131,143,143,157,157,157],"floor_reached":25,"language":"ENG","playtime":879,"items_purged":[],"score":288,"play_id":"009a93d4-cf1a-4821-a76f-f4b2d13fe750","local_time":"20210219233003","is_ascension_mode":true,"campfire_choices":[{"data":"hermit:Manifest","floor":6.0,"key":"SMITH"},{"floor":8.0,"key":"REST"},{"floor":15.0,"key":"REST"},{"floor":23,"key":"REST"}],"circlet_count":0,"master_deck":["hermit:Strike_Hermit+1","hermit:Strike_Hermit","hermit:Strike_Hermit","hermit:Strike_Hermit","hermit:Defend_Hermit","hermit:Defend_Hermit","hermit:Defend_Hermit+1","hermit:Defend_Hermit","hermit:Snapshot","hermit:Covet","hermit:Manifest+1","Pain","hermit:ShadowCloak","hermit:SprayPray","hermit:Horror","hermit:Malice","hermit:Manifest","hermit:Virtue","hermit:BigShot","hermit:Misfire","hermit:Midnight","hermit:Reprieve","hermit:LowProfile","hermit:Determination","hermit:Snipe+1","hermit:Enervate"],"relics":["hermit:Momento","NeowsBlessing","WarpedTongs","Pen Nib","Darkstone Periapt","reliquary:TuningFork","Runesmith:UraniumAnvil"],"acts_visited":["Exordium","TheCity"],"potions_floor_usage":[16,24],"damage_taken":[{"damage":0.0,"enemies":"2 Louse","floor":1.0,"turns":1.0},{"damage":0.0,"enemies":"Cultist","floor":3.0,"turns":1.0},{"damage":0.0,"enemies":"Jaw Worm","floor":4.0,"turns":1.0},{"damage":5.0,"enemies":"Gremlin Nob","floor":7.0,"turns":4.0},{"damage":1.0,"enemies":"Exordium Wildlife","floor":11.0,"turns":4.0},{"damage":20.0,"enemies":"Lagavulin","floor":13.0,"turns":6.0},{"damage":8.0,"enemies":"3 Louse","floor":14.0,"turns":2.0},{"damage":24,"enemies":"Slime Boss","floor":16,"turns":11},{"damage":19,"enemies":"Spheric Guardian","floor":18,"turns":4},{"damage":53,"enemies":"3 Byrds","floor":20,"turns":8},{"damage":4,"enemies":"Centurion and Healer","floor":22,"turns":10},{"damage":63,"enemies":"Chosen and Byrds","floor":24,"turns":8},{"damage":6,"enemies":"3 Cultists","floor":25,"turns":2}],"seed_played":"207806584507567731","potions_obtained":[{"floor":1.0,"key":"DistilledChaos"},{"floor":7.0,"key":"Guardian:BlockOnCardUsePotion"},{"floor":11.0,"key":"AttackPotion"},{"floor":18,"key":"hermit:BlackBile"}],"is_trial":false,"path_per_floor":["M","?","M","M","?","R","E","R","T","$","M","$","E","M","R","B",null,"M","?","M","?","M","R","M","M"],"character_chosen":"HERMIT","items_purchased":["hermit:Malice","hermit:Manifest","hermit:BigShot"],"campfire_rested":3,"item_purchase_floors":[10,10,12],"current_hp_per_floor":[68,68,68,68,53,53,48,70,70,70,69,69,49,41,63,39,66,55,55,10,30,38,60,13,11,11],"gold":157,"neow_bonus":"THREE_ENEMY_KILL","is_daily":false,"chose_seed":false,"campfire_upgraded":1,"win_rate":0.0,"timestamp":1613795403,"path_taken":["M","?","M","?","?","R","E","R","T","$","M","?","E","M","R","BOSS","M","?","M","?","M","R","M","M"],"items_purchased_type":["Card","Card","Card"],"build_version":"2020-12-22","purchased_purges":0,"victory":false,"max_hp_per_floor":[75,75,75,75,75,75,75,75,75,75,75,75,75,75,75,75,75,75,75,75,75,75,75,75,75,75],"card_choices":[{"not_picked":["hermit:TakeCover","hermit:Feint"],"picked":"hermit:Manifest","floor":1.0},{"not_picked":["hermit:Misfire","hermit:Enervate"],"picked":"hermit:ShadowCloak","floor":3.0},{"not_picked":["hermit:FullyLoaded","hermit:WideOpen"],"picked":"hermit:SprayPray","floor":4.0},{"not_picked":["hermit:DeadMansHand","hermit:Headshot"],"picked":"hermit:Horror","floor":7.0},{"not_picked":["hermit:Quickdraw","hermit:Headshot"],"picked":"hermit:Virtue","floor":11.0},{"not_picked":["hermit:CursedWeapon","hermit:Feint"],"picked":"hermit:Misfire","floor":13.0},{"not_picked":["hermit:Ricochet","hermit:BodyArmor"],"picked":"hermit:Midnight","floor":14.0},{"not_picked":["hermit:Purgatory","hermit:BlackWind"],"picked":"hermit:Reprieve","floor":16},{"not_picked":["hermit:TrackingShot","hermit:NoHoldsBarred"],"picked":"hermit:LowProfile","floor":18},{"not_picked":["hermit:Manifest+1","hermit:Maintenance"],"picked":"hermit:Determination","floor":20},{"not_picked":["hermit:Feint","hermit:Quickdraw"],"picked":"hermit:Snipe+1","floor":22},{"not_picked":["hermit:ItchyTrigger","hermit:Virtue"],"picked":"hermit:Enervate","floor":24}],"player_experience":1444528,"relics_obtained":[{"floor":7.0,"key":"Pen Nib"},{"floor":9.0,"key":"Darkstone Periapt"},{"floor":13.0,"key":"reliquary:TuningFork"}],"event_choices":[{"damage_healed":0.0,"max_hp_gain":0.0,"max_hp_loss":0.0,"gold_gain":0.0,"event_name":"Accursed Blacksmith","player_choice":"Rummage","floor":2.0,"gold_loss":0.0,"damage_taken":0.0,"relics_obtained":["WarpedTongs"],"cards_obtained":["Pain"]},{"damage_healed":0.0,"max_hp_gain":0.0,"max_hp_loss":0.0,"gold_gain":0.0,"event_name":"Shining Light","player_choice":"Entered Light","floor":5.0,"gold_loss":0.0,"damage_taken":15.0,"cards_upgraded":["hermit:Defend_Hermit","hermit:Strike_Hermit"]}],"is_beta":false,"boss_relics":[{"not_picked":["Ectoplasm","Coffee Dripper"],"picked":"Runesmith:UraniumAnvil"}],"items_purged_floors":[],"is_endless":false,"potions_floor_spawned":[1,7,11,18],"killed_by":"3 Cultists","ascension_level":7}}