{"host":"gh97pv908ci4ql26","time":1613781244,"event":{"mods":["AchievementEnabler","BaseMod","Better Altar","Better Match","Better Note","Better Sensory Stone","Better Skull","Better Third Choice","Block Reminder","Colored Powertips","Curses Come First","Displayed Cursed Tome","Emptier Cage","Minty Spire (QoL Compilation)","Permanent Neow","Rare Cards Sparkle","Smile Girya","StSLib","Together in Spire"],"gold_per_floor":[109,126,39,114,289,324,324,358,430,440,24,50,50,78,78,176,176,192,206,226,237,252,252,177,197,224,252,252,281,281,315,315,415,415,435,455,455,467,14,47,63,0,0,20,20,35,65,115,115,115,115,115,15,50,50],"floor_reached":56,"language":"ENG","playtime":2291,"items_purged":["Writhe","Shame"],"score":1035,"play_id":"70d293b0-47af-416d-8e2a-126a0cea4043","local_time":"20210219163404","is_ascension_mode":false,"campfire_choices":[{"data":"TalkToTheHand","floor":13,"key":"SMITH"},{"data":"DeusExMachina","floor":15,"key":"SMITH"},{"data":"Crescendo","floor":23,"key":"SMITH"},{"data":"Establishment","floor":32,"key":"SMITH"},{"data":"Metamorphosis","floor":45,"key":"SMITH"},{"floor":49,"key":"DIG"},{"floor":52,"key":"DIG"}],"circlet_count":0,"master_deck":["Strike_P","Strike_P","Strike_P","Strike_P","Defend_P","Defend_P","Defend_P","Defend_P","Eruption","Vigilance","SashWhip","Consecrate","Bandage Up","Devotion","Ragnarok","TalkToTheHand+1","Metamorphosis+1","Prostrate","DeusExMachina+1","Tantrum","Wireheading","Perseverance","Vault","WindmillStrike","Consecrate","FearNoEvil","Prostrate","Crescendo+1","Establishment+1","SandsOfTime","Indignation","Shame","ClearTheMind","Scrawl","WaveOfTheHand","Prostrate+1","Finesse","Forethought","Prostrate","TalkToTheHand","WheelKick","FlyingSleeves","Prostrate","Pray+1","Omniscience","Evaluate+1","Prostrate+1"],"relics":["HolyWater","Anchor","Pen Nib","Ornamental Fan","Bottled Flame","Odd Mushroom","Cursed Key","Orichalcum","Darkstone Periapt","Bird Faced Urn","Pocketwatch","Ice Cream","Du-Vu Doll","MealTicket","Red Mask","TungstenRod","Shovel","Lizard Tail","Damaru","Pantograph","Bag of Preparation"],"acts_visited":["Exordium","TheCity","TheBeyond","TheEnding"],"potions_floor_usage":[55,55,55,55,55,55],"damage_taken":[{"damage":0,"enemies":"Small Slimes","floor":1,"turns":1},{"damage":0,"enemies":"2 Louse","floor":2,"turns":2},{"damage":13,"enemies":"3 Sentries","floor":6,"turns":5},{"damage":8,"enemies":"Lagavulin","floor":8,"turns":3},{"damage":0,"enemies":"Cultist","floor":10,"turns":4},{"damage":0,"enemies":"3 Sentries","floor":12,"turns":2},{"damage":11,"enemies":"The Mushroom Lair","floor":14,"turns":5},{"damage":0,"enemies":"Hexaghost","floor":16,"turns":1},{"damage":0,"enemies":"Spheric Guardian","floor":18,"turns":2},{"damage":0,"enemies":"Chosen","floor":19,"turns":1},{"damage":0,"enemies":"Snake Plant","floor":20,"turns":2},{"damage":0,"enemies":"Snecko","floor":21,"turns":2},{"damage":0,"enemies":"Shelled Parasite and Fungi","floor":22,"turns":3},{"damage":0,"enemies":"Cultist and Chosen","floor":25,"turns":1},{"damage":0,"enemies":"Gremlin Leader","floor":27,"turns":1},{"damage":15,"enemies":"Slavers","floor":29,"turns":2},{"damage":3,"enemies":"Gremlin Leader","floor":31,"turns":2},{"damage":0,"enemies":"Collector","floor":33,"turns":2},{"damage":9,"enemies":"3 Darklings","floor":35,"turns":3},{"damage":0,"enemies":"Orb Walker","floor":36,"turns":1},{"damage":0,"enemies":"4 Shapes","floor":38,"turns":2},{"damage":1,"enemies":"Giant Head","floor":40,"turns":2},{"damage":7,"enemies":"Jaw Worm Horde","floor":41,"turns":2},{"damage":0,"enemies":"Transient","floor":44,"turns":1},{"damage":0,"enemies":"Maw","floor":46,"turns":2},{"damage":0,"enemies":"Nemesis","floor":47,"turns":1},{"damage":18,"enemies":"Mind Bloom Boss Battle","floor":48,"turns":5},{"damage":0,"enemies":"Donu and Deca","floor":50,"turns":2},{"damage":0,"enemies":"Shield and Spear","floor":54,"turns":2},{"damage":21,"enemies":"The Heart","floor":55,"turns":5}],"seed_played":"7028274604978782890","potions_obtained":[{"floor":0,"key":"LiquidMemories"},{"floor":0,"key":"BottledMiracle"},{"floor":0,"key":"SteroidPotion"},{"floor":6,"key":"Energy Potion"},{"floor":25,"key":"AttackPotion"},{"floor":31,"key":"ColorlessPotion"},{"floor":54,"key":"EntropicBrew"}],"is_trial":false,"path_per_floor":["M","M","$","?","?","E","?","E","T","M","$","E","R","?","R","B",null,"M","M","M","M","M","R","?","M","T","E","?","E","?","E","R","B",null,"M","M","?","M","$","E","M","?","T","M","R","M","E","?","R","B",null,"R","$","E","B",null],"character_chosen":"WATCHER","items_purchased":["Bandage Up","Metamorphosis","Prostrate","DeusExMachina","Tantrum","Du-Vu Doll","TalkToTheHand"],"campfire_rested":0,"item_purchase_floors":[3,11,11,11,11,39,39],"current_hp_per_floor":[72,72,72,61,61,52,52,48,48,52,52,52,52,45,45,45,72,72,72,72,72,72,72,72,72,72,72,72,57,63,66,66,68,78,69,69,69,71,71,72,67,67,73,73,73,75,77,67,67,69,84,84,84,84,64],"gold":50,"neow_bonus":"THREE_SMALL_POTIONS","is_daily":false,"chose_seed":false,"campfire_upgraded":5,"win_rate":0.0,"timestamp":1613781244,"path_taken":["M","M","$","?","?","E","?","E","T","?","$","E","R","?","R","BOSS","M","M","M","M","M","R","?","M","T","E","?","E","?","E","R","BOSS","M","M","?","M","$","E","M","?","T","M","R","M","E","?","R","BOSS","R","$","E","BOSS"],"items_purchased_type":["Card","Card","Card","Card","Card","Relic","Card"],"build_version":"2020-12-22","purchased_purges":2,"victory":true,"max_hp_per_floor":[72,72,72,72,72,72,72,72,72,72,72,72,72,72,72,72,72,72,72,72,72,72,72,72,72,72,72,72,72,78,78,78,78,78,78,78,78,78,78,78,78,78,84,84,84,84,84,84,84,84,84,84,84,84,84],"card_choices":[{"not_picked":["CrushJoints","BowlingBash"],"picked":"SashWhip","floor":1},{"not_picked":["WheelKick","ClearTheMind"],"picked":"Consecrate","floor":2},{"not_picked":["CarveReality","Adaptation"],"picked":"Devotion","floor":6},{"not_picked":["Swivel","FlurryOfBlows"],"picked":"Ragnarok","floor":8},{"not_picked":["Wireheading","CutThroughFate"],"picked":"TalkToTheHand","floor":10},{"not_picked":["SandsOfTime","Blasphemy"],"picked":"Wireheading","floor":12},{"not_picked":["SashWhip","FlyingSleeves"],"picked":"Perseverance","floor":14},{"not_picked":["Blasphemy","SpiritShield"],"picked":"Vault","floor":16},{"not_picked":["Wireheading","Perseverance+1"],"picked":"WindmillStrike","floor":18},{"not_picked":["Crescendo","PathToVictory"],"picked":"Consecrate","floor":19},{"not_picked":["EmptyBody+1","JustLucky+1"],"picked":"FearNoEvil","floor":20},{"not_picked":["Consecrate","PathToVictory"],"picked":"Prostrate","floor":21},{"not_picked":["Sanctity","JustLucky"],"picked":"Crescendo","floor":22},{"not_picked":["Consecrate+1","BowlingBash"],"picked":"Establishment","floor":25},{"not_picked":["FearNoEvil","Evaluate"],"picked":"SandsOfTime","floor":27},{"not_picked":["Consecrate","FlyingSleeves+1"],"picked":"Indignation","floor":29},{"not_picked":["SashWhip","Halt"],"picked":"ClearTheMind","floor":31},{"not_picked":["Blasphemy","Judgement"],"picked":"Scrawl","floor":33},{"not_picked":["SashWhip","WheelKick+1"],"picked":"WaveOfTheHand","floor":35},{"not_picked":["FlurryOfBlows","FollowUp+1"],"picked":"Prostrate+1","floor":36},{"not_picked":["Discovery","Secret Weapon"],"picked":"Finesse","floor":37},{"not_picked":["Mayhem","Impatience"],"picked":"Forethought","floor":37},{"not_picked":["FearNoEvil","Pray"],"picked":"Prostrate","floor":38},{"not_picked":["EmptyFist+1","Protect+1"],"picked":"WheelKick","floor":40},{"not_picked":["EmptyFist+1","Alpha"],"picked":"FlyingSleeves","floor":41},{"not_picked":["EmptyBody","Adaptation"],"picked":"Prostrate","floor":44},{"not_picked":["Nirvana","Tantrum+1"],"picked":"Pray+1","floor":46},{"not_picked":["Evaluate+1","Protect+1"],"picked":"Omniscience","floor":47},{"not_picked":["Indignation+1","CutThroughFate+1"],"picked":"Evaluate+1","floor":48},{"not_picked":["BowlingBash+1","ForeignInfluence"],"picked":"Prostrate+1","floor":54}],"player_experience":147840,"relics_obtained":[{"floor":6,"key":"Anchor"},{"floor":8,"key":"Pen Nib"},{"floor":9,"key":"Ornamental Fan"},{"floor":12,"key":"Bottled Flame"},{"floor":14,"key":"Odd Mushroom"},{"floor":26,"key":"Orichalcum"},{"floor":27,"key":"Darkstone Periapt"},{"floor":29,"key":"Bird Faced Urn"},{"floor":31,"key":"Ice Cream"},{"floor":40,"key":"MealTicket"},{"floor":43,"key":"TungstenRod"},{"floor":47,"key":"Shovel"},{"floor":48,"key":"Lizard Tail"},{"floor":49,"key":"Damaru"},{"floor":52,"key":"Pantograph"},{"floor":54,"key":"Bag of Preparation"}],"event_choices":[{"damage_healed":0,"gold_gain":75,"player_choice":"Gold","damage_taken":11,"max_hp_gain":0,"max_hp_loss":0,"event_name":"betterThird:BetterGoop","floor":4,"gold_loss":0},{"damage_healed":0,"gold_gain":175,"player_choice":"AGREE","damage_taken":114,"max_hp_gain":0,"max_hp_loss":0,"event_name":"betterThird:BetterSerpent","floor":5,"gold_loss":0},{"cards_removed":["Devotion"],"damage_healed":0,"gold_gain":0,"player_choice":"Give","damage_taken":0,"max_hp_gain":0,"max_hp_loss":0,"event_name":"betterNote:BetterNote","floor":7,"gold_loss":0,"cards_obtained":["None"]},{"damage_healed":0,"gold_gain":0,"player_choice":"Fought Mushrooms","damage_taken":0,"max_hp_gain":0,"max_hp_loss":0,"event_name":"Mushrooms","floor":14,"gold_loss":0},{"cards_removed":["Doubt"],"damage_healed":0,"gold_gain":0,"player_choice":"Gave Gold","damage_taken":0,"max_hp_gain":0,"max_hp_loss":0,"event_name":"Beggar","floor":24,"gold_loss":75},{"damage_healed":0,"gold_gain":0,"player_choice":"Ignored","damage_taken":0,"max_hp_gain":0,"max_hp_loss":0,"event_name":"Vampires","floor":28,"gold_loss":0},{"damage_healed":0,"gold_gain":0,"player_choice":"Stole Relic","damage_taken":0,"relics_obtained":["Pocketwatch"],"max_hp_gain":0,"max_hp_loss":0,"event_name":"Addict","floor":30,"gold_loss":0,"cards_obtained":["Shame"]},{"damage_healed":0,"gold_gain":3,"player_choice":"1","damage_taken":0,"max_hp_gain":0,"max_hp_loss":0,"event_name":"betterStone:BetterStone","floor":37,"gold_loss":0},{"damage_healed":0,"gold_gain":0,"player_choice":"Paid","damage_taken":0,"relics_obtained":["Red Mask"],"max_hp_gain":0,"max_hp_loss":0,"event_name":"Tomb of Lord Red Mask","floor":42,"gold_loss":63},{"damage_healed":0,"gold_gain":0,"player_choice":"Fight","damage_taken":0,"max_hp_gain":0,"max_hp_loss":0,"event_name":"MindBloom","floor":48,"gold_loss":0}],"is_beta":false,"boss_relics":[{"not_picked":["Astrolabe","Tiny House"],"picked":"Cursed Key"},{"not_picked":["SlaversCollar","Calling Bell"],"picked":"HolyWater"}],"items_purged_floors":[39,53],"is_endless":false,"potions_floor_spawned":[6,10,12,19,20,21,25,31,35,38,40,44,47,54],"ascension_level":0}}