{"host":"or8fr2mp0k3eluj8","time":1613840095,"event":{"mods":["AchievementEnabler","BaseMod","Colored Map","DeckTracker","Keyboard Shortcuts","Minty Spire (QoL Compilation)","StSLib","SuperFastMode","everything is the same but u backflip on backflip"],"gold_per_floor":[116,131,131,156,156,191,210,242,289,44,44,69,84,84,84,186,236,255,255,266,278,288,319,319,319,319,345,364,377,387,400,400,502,502,518,529,543,443,459,459,474,502,526,526,526,401,401,415,415,415,415],"floor_reached":50,"language":"KOR","playtime":1238,"items_purged":["Strike_R","Strike_R+1","Defend_R"],"score":536,"play_id":"cffab284-ec0a-4f03-951a-58b9c82b80af","local_time":"20210221015455","is_ascension_mode":false,"campfire_choices":[{"floor":11,"key":"REST"},{"data":"Heavy Blade","floor":15,"key":"SMITH"},{"data":"Berserk","floor":24,"key":"SMITH"},{"data":"Double Tap","floor":32,"key":"SMITH"},{"floor":40,"key":"RECALL"},{"data":"Inflame","floor":45,"key":"SMITH"},{"data":"Clothesline","floor":47,"key":"SMITH"},{"data":"Cleave","floor":49,"key":"SMITH"}],"circlet_count":0,"master_deck":["Defend_R","Defend_R+1","Defend_R","Bash","Cleave+1","Inflame+1","Bludgeon","Clothesline+1","Heavy Blade+1","Impervious+1","Anger","Sword Boomerang+1","Berserk+1","Warcry+1","Double Tap+1","Battle Trance+1","Feed","Heavy Blade+1","Dark Shackles+1"],"relics":["Burning Blood","Oddly Smooth Stone","Ancient Tea Set","Red Skull","Regal Pillow","Sundial","Centennial Puzzle","Brimstone","HornCleat","Tiny House","Akabeko","Pantograph","Toxic Egg 2","Sozu","War Paint"],"acts_visited":["Exordium","TheCity","TheBeyond"],"potions_floor_usage":[16,16],"damage_taken":[{"damage":2,"enemies":"Small Slimes","floor":1,"turns":4},{"damage":1,"enemies":"Jaw Worm","floor":2,"turns":4},{"damage":27,"enemies":"Gremlin Nob","floor":6,"turns":4},{"damage":7,"enemies":"2 Louse","floor":7,"turns":2},{"damage":31,"enemies":"Lagavulin","floor":8,"turns":5},{"damage":6,"enemies":"Gremlin Nob","floor":12,"turns":3},{"damage":12,"enemies":"2 Fungi Beasts","floor":13,"turns":2},{"damage":20,"enemies":"Hexaghost","floor":16,"turns":5},{"damage":0,"enemies":"Spheric Guardian","floor":18,"turns":3},{"damage":6,"enemies":"Chosen","floor":20,"turns":3},{"damage":18,"enemies":"Snake Plant","floor":21,"turns":3},{"damage":6,"enemies":"Cultist and Chosen","floor":22,"turns":3},{"damage":26,"enemies":"Gremlin Leader","floor":23,"turns":5},{"damage":18,"enemies":"Book of Stabbing","floor":27,"turns":3},{"damage":0,"enemies":"Sentry and Sphere","floor":28,"turns":3},{"damage":12,"enemies":"Snecko","floor":29,"turns":4},{"damage":1,"enemies":"Centurion and Healer","floor":30,"turns":2},{"damage":8,"enemies":"Cultist and Chosen","floor":31,"turns":3},{"damage":35,"enemies":"Collector","floor":33,"turns":5},{"damage":6,"enemies":"3 Darklings","floor":35,"turns":3},{"damage":0,"enemies":"Orb Walker","floor":36,"turns":2},{"damage":6,"enemies":"3 Darklings","floor":37,"turns":3},{"damage":13,"enemies":"Spire Growth","floor":39,"turns":3},{"damage":16,"enemies":"Writhing Mass","floor":41,"turns":2},{"damage":24,"enemies":"Reptomancer","floor":42,"turns":4},{"damage":0,"enemies":"Jaw Worm Horde","floor":48,"turns":3},{"damage":84,"enemies":"Awakened One","floor":50,"turns":6}],"seed_played":"-6554113584326203839","potions_obtained":[{"floor":2,"key":"Weak Potion"},{"floor":6,"key":"ElixirPotion"},{"floor":12,"key":"Fire Potion"},{"floor":13,"key":"Block Potion"},{"floor":16,"key":"ColorlessPotion"},{"floor":17,"key":"BlessingOfTheForge"},{"floor":18,"key":"BloodPotion"}],"is_trial":false,"path_per_floor":["M","M","?","T","?","E","M","E","T","$","R","E","M","?","R","B",null,"M","?","M","M","M","E","R","?","T","E","M","M","M","M","R","B",null,"M","M","M","$","M","R","M","E","T","?","R","$","R","M","R","B"],"character_chosen":"IRONCLAD","items_purchased":["Brimstone","Heavy Blade"],"campfire_rested":1,"item_purchase_floors":[10,10],"current_hp_per_floor":[80,80,73,73,73,52,51,26,26,26,65,65,59,52,52,38,85,85,85,85,73,73,53,53,53,53,41,47,41,46,44,44,40,85,85,85,85,85,78,78,68,50,50,50,50,50,50,56,56,0,0],"gold":415,"neow_bonus":"RANDOM_COMMON_RELIC","is_daily":false,"chose_seed":false,"campfire_upgraded":6,"win_rate":0.0,"timestamp":1613840095,"path_taken":["M","M","?","?","?","E","M","E","T","$","R","E","M","?","R","BOSS","M","?","M","M","M","E","R","?","T","E","?","M","?","M","R","BOSS","M","M","?","$","M","R","M","E","T","?","R","$","R","M","R","BOSS"],"items_purchased_type":["Relic","Card"],"build_version":"2020-12-22","purchased_purges":3,"victory":false,"max_hp_per_floor":[80,80,80,80,80,80,80,80,80,80,80,80,80,80,80,80,85,85,85,85,85,85,85,85,85,85,85,85,85,85,85,85,85,85,85,85,85,85,85,85,85,85,85,85,85,85,85,85,85,88,88],"card_choices":[{"not_picked":["Warcry","Dropkick"],"picked":"Cleave","floor":1},{"not_picked":["Searing Blow","Iron Wave"],"picked":"Inflame","floor":2},{"not_picked":["Power Through","Havoc"],"picked":"Bludgeon","floor":6},{"not_picked":["Headbutt","Intimidate"],"picked":"Clothesline","floor":7},{"not_picked":["Sentinel","Metallicize","Infernal Blade"],"picked":"SKIP","floor":8},{"not_picked":["Pommel Strike","Metallicize","Cleave"],"picked":"SKIP","floor":12},{"not_picked":["Pommel Strike","Perfected Strike","Shockwave"],"picked":"SKIP","floor":13},{"not_picked":["Brutality","Barricade"],"picked":"Impervious","floor":16},{"not_picked":["Bloodletting","Feel No Pain"],"picked":"Anger","floor":17},{"not_picked":["Armaments","Clothesline"],"picked":"Sword Boomerang+1","floor":18},{"not_picked":["Combust","True Grit"],"picked":"Berserk","floor":20},{"not_picked":["Iron Wave+1","Combust"],"picked":"Warcry+1","floor":21},{"not_picked":["Clash","Rage+1","Thunderclap+1"],"picked":"SKIP","floor":22},{"not_picked":["Iron Wave","Evolve","Intimidate"],"picked":"SKIP","floor":23},{"not_picked":["Hemokinesis","Iron Wave"],"picked":"Battle Trance+1","floor":27},{"not_picked":["Searing Blow","Carnage","Feel No Pain+1"],"picked":"SKIP","floor":28},{"not_picked":["Perfected Strike+1","Power Through+1","Warcry+1"],"picked":"SKIP","floor":29},{"not_picked":["Clothesline","Armaments+1","Searing Blow+1"],"picked":"SKIP","floor":30},{"not_picked":["Inflame","Havoc+1","Clothesline+1"],"picked":"SKIP","floor":31},{"not_picked":["Fiend Fire","Barricade"],"picked":"Feed","floor":33},{"not_picked":["Pommel Strike+1","Iron Wave+1","Cleave"],"picked":"SKIP","floor":35},{"not_picked":["Warcry+1","Double Tap+1","Havoc+1"],"picked":"SKIP","floor":36},{"not_picked":["Metallicize+1","Shrug It Off+1","Blood for Blood+1"],"picked":"SKIP","floor":37},{"not_picked":["Rupture+1","Wild Strike+1"],"picked":"Heavy Blade+1","floor":39},{"not_picked":["True Grit+1","Cleave+1","Sever Soul"],"picked":"SKIP","floor":41},{"not_picked":["Bloodletting+1","Intimidate+1","Clash"],"picked":"SKIP","floor":42},{"not_picked":["Rupture+1","Bloodletting+1","Combust"],"picked":"SKIP","floor":48}],"player_experience":412377,"relics_obtained":[{"floor":4,"key":"Red Skull"},{"floor":6,"key":"Regal Pillow"},{"floor":8,"key":"Sundial"},{"floor":9,"key":"Centennial Puzzle"},{"floor":12,"key":"HornCleat"},{"floor":23,"key":"Akabeko"},{"floor":26,"key":"Pantograph"},{"floor":27,"key":"Toxic Egg 2"},{"floor":42,"key":"War Paint"}],"event_choices":[{"damage_healed":0,"gold_gain":0,"player_choice":"Success","damage_taken":7,"relics_obtained":["Ancient Tea Set"],"max_hp_gain":0,"max_hp_loss":0,"event_name":"Scrap Ooze","floor":3,"gold_loss":0},{"cards_removed":["Strike_R"],"damage_healed":0,"gold_gain":0,"player_choice":"Forget","damage_taken":0,"max_hp_gain":0,"max_hp_loss":0,"event_name":"Living Wall","floor":5,"gold_loss":0},{"cards_removed":["Strike_R"],"damage_healed":0,"gold_gain":0,"player_choice":"Card Removal","damage_taken":7,"max_hp_gain":0,"max_hp_loss":0,"event_name":"Golden Wing","floor":14,"gold_loss":0},{"damage_healed":0,"gold_gain":0,"player_choice":"Ignored","damage_taken":0,"max_hp_gain":0,"max_hp_loss":0,"event_name":"Vampires","floor":19,"gold_loss":0},{"damage_healed":0,"gold_gain":0,"cards_transformed":["Strike_R"],"player_choice":"Transformed","damage_taken":0,"max_hp_gain":0,"max_hp_loss":0,"event_name":"Transmorgrifier","floor":25,"gold_loss":0,"cards_obtained":["Double Tap"]},{"damage_healed":0,"gold_gain":0,"player_choice":"1 cards matched","damage_taken":0,"max_hp_gain":0,"max_hp_loss":0,"event_name":"Match and Keep!","floor":44,"gold_loss":0,"cards_obtained":["Dark Shackles"]}],"is_beta":false,"boss_relics":[{"not_picked":["Calling Bell","Mark of Pain"],"picked":"Tiny House"},{"not_picked":["Busted Crown","Velvet Choker"],"picked":"Sozu"}],"items_purged_floors":[10,38,46],"is_endless":false,"potions_floor_spawned":[2,6,12,13,16,18,22,23,27,33,35,36,39,41,48],"killed_by":"Awakened One","ascension_level":0}}