{"host":"oigynbtg272c19pw","time":1613857647,"event":{"mods":["BaseMod","Colored Map","Minty Spire (QoL Compilation)","Relic Stats","Slay the Relics Exporter","StSLib"],"gold_per_floor":[116,35,35,48,68,95,95,95,148,148,179,197,223,240,240,318,318,329,329,341,391,409,409,442,169,169,189,224,238,238,255,255,334,334,348,348,403,21,21,21,49,49,76,101,101,127,127,0,0,0,0,0,0,0,28,28],"floor_reached":57,"playtime":3612,"items_purged":[],"score":3038,"play_id":"656ec5fa-1be4-4fab-8f03-bad92e3517ab","local_time":"20210220224727","is_ascension_mode":true,"campfire_choices":[{"floor":7.0,"key":"REST"},{"data":"MentalFortress","floor":10.0,"key":"SMITH"},{"data":"EmptyFist","floor":15.0,"key":"SMITH"},{"floor":23.0,"key":"REST"},{"data":"Apotheosis","floor":30.0,"key":"SMITH"},{"data":"Blur","floor":32.0,"key":"SMITH"},{"data":"Sadistic Nature","floor":40.0,"key":"SMITH"},{"data":"Night Terror","floor":42.0,"key":"SMITH"},{"floor":45.0,"key":"RECALL"},{"data":"TalkToTheHand","floor":49.0,"key":"SMITH"},{"data":"Halt","floor":53.0,"key":"SMITH"}],"circlet_count":0,"master_deck":["AscendersBane","Eruption+1","Vigilance+1","WaveOfTheHand+1","FearNoEvil+1","EmptyFist+1","MentalFortress+1","Consecrate+1","Tantrum","EmptyMind+1","DeusExMachina+1","LessonLearned","Halt+1","Weave","ClearTheMind","TalkToTheHand+1","Weave+1","FearNoEvil+1","Adaptation+1","Indignation+1","EmptyBody","Sanctity+1","Anger+1","Apotheosis+1","Acrobatics","Seek+1","Blur+1","Sadistic Nature+1","Night Terror+1","Shrug It Off+1"],"relics":["PureWater","Bird Faced Urn","Boot","Whetstone","Pen Nib","Juzu Bracelet","Pandora\u0027s Box","Nilry\u0027s Codex","Torii","PrismaticShard","Gremlin Horn","CloakClasp","Coffee Dripper","GoldenEye","OrangePellets","Blood Vial","Anchor","Damaru","Red Mask","Sundial"],"acts_visited":["Exordium","TheCity","TheBeyond","TheEnding"],"potions_floor_usage":[56],"damage_taken":[{"damage":0.0,"enemies":"2 Louse","floor":1.0,"turns":4.0},{"damage":2.0,"enemies":"Jaw Worm","floor":4.0,"turns":3.0},{"damage":1.0,"enemies":"Cultist","floor":5.0,"turns":3.0},{"damage":49.0,"enemies":"Gremlin Nob","floor":6.0,"turns":5.0},{"damage":5.0,"enemies":"Lagavulin","floor":11.0,"turns":8.0},{"damage":6.0,"enemies":"3 Louse","floor":12.0,"turns":3.0},{"damage":0.0,"enemies":"Gremlin Nob","floor":13.0,"turns":2.0},{"damage":8.0,"enemies":"Large Slime","floor":14.0,"turns":3.0},{"damage":11.0,"enemies":"Slime Boss","floor":16.0,"turns":8.0},{"damage":0.0,"enemies":"Spheric Guardian","floor":18.0,"turns":1.0},{"damage":18.0,"enemies":"2 Thieves","floor":20.0,"turns":5.0},{"damage":16.0,"enemies":"3 Cultists","floor":22.0,"turns":3.0},{"damage":0.0,"enemies":"Gremlin Leader","floor":24.0,"turns":4.0},{"damage":1.0,"enemies":"Snake Plant","floor":27.0,"turns":2.0},{"damage":7.0,"enemies":"Book of Stabbing","floor":28.0,"turns":3.0},{"damage":0.0,"enemies":"Centurion and Healer","floor":29.0,"turns":6.0},{"damage":0.0,"enemies":"Sentry and Sphere","floor":31.0,"turns":2.0},{"damage":0.0,"enemies":"Automaton","floor":33.0,"turns":6.0},{"damage":0.0,"enemies":"3 Shapes","floor":35.0,"turns":5.0},{"damage":24.0,"enemies":"2 Orb Walkers","floor":37.0,"turns":5.0},{"damage":7.0,"enemies":"Reptomancer","floor":41.0,"turns":6.0},{"damage":0.0,"enemies":"Nemesis","floor":44.0,"turns":6.0},{"damage":0.0,"enemies":"Reptomancer","floor":46.0,"turns":5.0},{"damage":41.0,"enemies":"Time Eater","floor":50.0,"turns":10.0},{"damage":32.0,"enemies":"Donu and Deca","floor":51.0,"turns":10.0},{"damage":29.0,"enemies":"Shield and Spear","floor":55.0,"turns":5.0},{"damage":45,"enemies":"The Heart","floor":56,"turns":10}],"seed_played":"-81029789294515247","potions_obtained":[{"floor":6.0,"key":"EntropicBrew"},{"floor":11.0,"key":"BottledMiracle"},{"floor":12.0,"key":"Fire Potion"},{"floor":14.0,"key":"Energy Potion"},{"floor":16.0,"key":"FearPotion"},{"floor":18.0,"key":"Explosive Potion"},{"floor":22.0,"key":"SpeedPotion"},{"floor":29.0,"key":"GamblersBrew"},{"floor":41.0,"key":"Weak Potion"}],"is_trial":false,"path_per_floor":["M","$","?","M","M","E","R","?","T","R","E","M","E","M","R","B",null,"M","?","M","?","M","R","E","$","T","M","E","M","R","M","R","B",null,"M","?","?","$","?","R","E","R","T","E","R","E","?","?","R","B","B",null,"R","$","E","B",null],"character_chosen":"WATCHER","items_purchased":["FearNoEvil","EmptyBody","PrismaticShard","Sanctity","Sadistic Nature","OrangePellets"],"campfire_rested":2,"item_purchase_floors":[2,25,25,25,38,38],"current_hp_per_floor":[61,61,61,59,58,11,31,31,31,31,28,24,24,16,16,7,53,53,32,18,18,6,26,30,30,30,29,26,32,32,36,36,40,61,67,65,47,47,75,75,68,68,68,75,75,75,75,75,75,48,24,62,62,62,49,14],"gold":28,"neow_bonus":"ONE_RARE_RELIC","is_daily":false,"chose_seed":false,"campfire_upgraded":8,"win_rate":0.0,"timestamp":1613857647,"path_taken":["M","$","?","M","M","E","R","?","T","R","E","?","E","M","R","BOSS","M","?","M","?","M","R","E","$","T","M","E","M","R","M","R","BOSS","M","?","?","?","?","R","E","R","T","E","R","E","?","?","R","BOSS","BOSS","R","$","E","BOSS"],"items_purchased_type":["Card","Card","Relic","Card","Card","Relic"],"build_version":"2020-12-13","purchased_purges":0,"victory":true,"max_hp_per_floor":[68,68,68,68,68,68,68,68,68,68,68,68,68,68,68,68,68,68,68,68,68,68,68,68,68,68,68,68,68,68,68,68,68,68,68,65,65,65,75,75,75,75,75,75,75,75,75,75,75,75,75,75,75,75,75,75],"relic_stats":{"Torii":10,"Gremlin Horn":[25,23],"counters":[27,133],"Pen Nib":[29],"Juzu Bracelet":1,"CloakClasp":[222],"Whetstone":["Consecrate","FearNoEvil"],"Boot":[265],"GoldenEye":[10],"Blood Vial":8,"OrangePellets":[3],"Sundial":[0],"Bird Faced Urn":[97],"Pandora\u0027s Box":["LessonLearned","Halt","Weave","ClearTheMind","Judgement","TalkToTheHand","Weave","FearNoEvil"],"obtain_stats":[{"Torii":24,"Gremlin Horn":26,"Nilry\u0027s Codex":19,"Damaru":46,"Pen Nib":11,"Juzu Bracelet":13,"CloakClasp":28,"Whetstone":9,"Boot":6,"PrismaticShard":25,"GoldenEye":37,"Blood Vial":41,"OrangePellets":38,"Anchor":44,"Sundial":55,"Bird Faced Urn":0,"Pandora\u0027s Box":17,"Coffee Dripper":34,"Red Mask":48,"PureWater":0},{"Torii":13,"Gremlin Horn":13,"Nilry\u0027s Codex":10,"Damaru":23,"Pen Nib":5,"Juzu Bracelet":7,"CloakClasp":15,"Whetstone":4,"Boot":4,"PrismaticShard":13,"GoldenEye":20,"Blood Vial":21,"OrangePellets":20,"Anchor":22,"Sundial":26,"Bird Faced Urn":0,"Pandora\u0027s Box":9,"Coffee Dripper":18,"Red Mask":23,"PureWater":0},{"Torii":52,"Gremlin Horn":52,"Nilry\u0027s Codex":40,"Damaru":98,"Pen Nib":23,"Juzu Bracelet":28,"CloakClasp":57,"Whetstone":15,"Boot":15,"PrismaticShard":52,"GoldenEye":81,"Blood Vial":87,"OrangePellets":81,"Anchor":93,"Sundial":123,"Bird Faced Urn":0,"Pandora\u0027s Box":39,"Coffee Dripper":71,"Red Mask":98,"PureWater":0}]},"card_choices":[{"not_picked":["FollowUp","Protect"],"picked":"WaveOfTheHand","floor":1.0},{"not_picked":["Study","Halt"],"picked":"EmptyFist","floor":4.0},{"not_picked":["Evaluate","Meditate"],"picked":"MentalFortress","floor":5.0},{"not_picked":["EmptyMind","Crescendo"],"picked":"Consecrate","floor":6.0},{"not_picked":["MentalFortress","Wallop"],"picked":"Tantrum","floor":11.0},{"not_picked":["Study","FlyingSleeves","SashWhip"],"picked":"SKIP","floor":12.0},{"not_picked":["PathToVictory","Pray","Study"],"picked":"SKIP","floor":13.0},{"not_picked":["JustLucky","FollowUp"],"picked":"EmptyMind","floor":14.0},{"not_picked":["MasterReality","Devotion"],"picked":"DeusExMachina","floor":16.0},{"not_picked":["FollowUp","FearNoEvil"],"picked":"Adaptation","floor":18.0},{"not_picked":["Crescendo","ReachHeaven","Consecrate"],"picked":"SKIP","floor":20.0},{"not_picked":["Prostrate","WheelKick"],"picked":"Indignation+1","floor":22.0},{"not_picked":["Consecrate","Indignation","FollowUp"],"picked":"SKIP","floor":24.0},{"not_picked":["Flame Barrier","Steam"],"picked":"Anger+1","floor":27.0},{"not_picked":["Entrench","Deadly Poison"],"picked":"Apotheosis","floor":28.0},{"not_picked":["Setup","Leap"],"picked":"Acrobatics","floor":29.0},{"not_picked":["Ball Lightning+1","Sever Soul"],"picked":"Blur","floor":31.0},{"not_picked":["Electrodynamics","HandOfGreed"],"picked":"Seek","floor":33.0},{"not_picked":["Cleave","Steam Power"],"picked":"Blur+1","floor":35.0},{"not_picked":["Flex","Dark Shackles"],"picked":"Night Terror","floor":41.0},{"not_picked":["Steam+1","Backstab","Eviscerate+1"],"picked":"SKIP","floor":44.0},{"not_picked":["Doom and Gloom","Deflect"],"picked":"Shrug It Off+1","floor":46.0},{"not_picked":["Anger","Protect+1","Vengeance+1"],"picked":"SKIP","floor":55.0}],"player_experience":1633042,"relics_obtained":[{"floor":6.0,"key":"Boot"},{"floor":9.0,"key":"Whetstone"},{"floor":11.0,"key":"Pen Nib"},{"floor":13.0,"key":"Juzu Bracelet"},{"floor":19.0,"key":"Nilry\u0027s Codex"},{"floor":24.0,"key":"Torii"},{"floor":26.0,"key":"Gremlin Horn"},{"floor":28.0,"key":"CloakClasp"},{"floor":37.0,"key":"GoldenEye"},{"floor":41.0,"key":"Blood Vial"},{"floor":44.0,"key":"Anchor"},{"floor":46.0,"key":"Damaru"},{"floor":55.0,"key":"Sundial"}],"event_choices":[{"damage_healed":0.0,"max_hp_gain":0.0,"max_hp_loss":0.0,"gold_gain":0.0,"event_name":"Liars Game","player_choice":"Ignored","floor":3.0,"gold_loss":0.0,"damage_taken":0.0},{"cards_removed":["Injury"],"damage_healed":0.0,"max_hp_gain":0.0,"max_hp_loss":0.0,"gold_gain":0.0,"event_name":"Fountain of Cleansing","player_choice":"Removed Curses","floor":8.0,"gold_loss":0.0,"damage_taken":0.0},{"damage_healed":0.0,"max_hp_gain":0.0,"max_hp_loss":0.0,"gold_gain":0.0,"event_name":"Cursed Tome","player_choice":"Obtained Book","floor":19.0,"gold_loss":0.0,"damage_taken":21.0},{"damage_healed":0.0,"max_hp_gain":0.0,"max_hp_loss":0.0,"gold_gain":100.0,"event_name":"The Joust","player_choice":"Bet on Murderer","floor":21.0,"gold_loss":50.0,"damage_taken":0.0},{"damage_healed":0.0,"max_hp_gain":0.0,"max_hp_loss":3.0,"gold_gain":0.0,"event_name":"Winding Halls","player_choice":"Max HP","floor":36.0,"gold_loss":0.0,"damage_taken":0.0},{"damage_healed":0.0,"max_hp_gain":0.0,"max_hp_loss":0.0,"gold_gain":0.0,"event_name":"Mysterious Sphere","player_choice":"Fight","floor":37.0,"gold_loss":0.0,"damage_taken":0.0},{"cards_removed":["Judgement"],"damage_healed":18.0,"max_hp_gain":10.0,"max_hp_loss":0.0,"gold_gain":0.0,"event_name":"Bonfire Elementals","player_choice":"Offered Rare","floor":39.0,"gold_loss":0.0,"damage_taken":0.0},{"cards_removed":["Blur"],"damage_healed":0.0,"max_hp_gain":0.0,"max_hp_loss":0.0,"gold_gain":0.0,"event_name":"Falling","player_choice":"Removed Skill","floor":47.0,"gold_loss":0.0,"damage_taken":0.0},{"damage_healed":0.0,"max_hp_gain":0.0,"max_hp_loss":0.0,"gold_gain":0.0,"event_name":"Tomb of Lord Red Mask","player_choice":"Paid","floor":48.0,"gold_loss":127.0,"damage_taken":0.0,"relics_obtained":["Red Mask"]}],"is_beta":false,"boss_relics":[{"not_picked":["Ectoplasm","Runic Dome"],"picked":"Pandora\u0027s Box"},{"not_picked":["Tiny House","Astrolabe"],"picked":"Coffee Dripper"}],"items_purged_floors":[],"is_endless":false,"potions_floor_spawned":[6,11,12,14,16,18,22,24,29,33,41],"ascension_level":20}}