{"host":"8u9gkmadxi1im6dj","time":1613829686,"event":{"mods":["Act Like it!","Bard","BaseMod","Block Reminder","Colored Map","Colored Powertips","DeckTracker","Downfall","Infinite Spire","Jorbs\u0027s Wanderer Trilogy","Marisa????????","Minty Spire (QoL Compilation)","Pale of the Ancients","Permanent Neow","Quick Restart","Random Character Button","Relic Sorter","Relic Stats","Replay The Spire","Shade Mod","StSLib","The Bug Knight","The Cursed","The IronCluck","The Necromancer","The Servant 0.9.4"],"gold_per_floor":[211,235,10,23,23,42,42,76,129,154,172,238,238,251,251,251,251],"floor_reached":16,"language":"ENG","playtime":1138,"items_purged":[],"score":127,"play_id":"ae8746e8-9d4f-4e10-8aab-29c4a5859a68","local_time":"20210220150126","is_ascension_mode":true,"campfire_choices":[{"data":"Dodge and Roll","floor":7,"key":"SMITH"},{"floor":13,"key":"REST"},{"floor":15,"key":"REST"}],"circlet_count":0,"master_deck":["Strike_G","Strike_G","Strike_G","Strike_G","Strike_G","Defend_G","Defend_G","Defend_G","Defend_G","Defend_G","Survivor","Neutralize+1","Dodge and Roll+1","Draining Mist","Dagger Spray","Quick Slash","Replay:Poison Smokescreen","Deflect","Crippling Poison"],"relics":["Ring of the Snake","infinitespire:PuzzleCube","Pen Nib","Anchor","Blood Vial","Snack Pack","infinitespire:BottledMercury"],"acts_visited":["Exordium"],"potions_floor_usage":[10,16,16],"damage_taken":[{"damage":2,"enemies":"Cultist","floor":1,"turns":4},{"damage":11,"enemies":"Small Slimes","floor":4,"turns":4},{"damage":4,"enemies":"2 Louse","floor":6,"turns":2},{"damage":23,"enemies":"Lagavulin","floor":8,"turns":8},{"damage":21,"enemies":"3 Sentries","floor":10,"turns":8},{"damage":12,"enemies":"Exordium Wildlife","floor":11,"turns":5},{"damage":19,"enemies":"Gremlin Gang","floor":14,"turns":5},{"damage":45,"enemies":"Slime Boss","floor":16,"turns":10}],"seed_played":"1061279358999616651","potions_obtained":[{"floor":4,"key":"FearPotion"},{"floor":6,"key":"CunningPotion"},{"floor":11,"key":"bronze:BurnAndBuffPotion"},{"floor":12,"key":"SneckoOil"}],"is_trial":false,"path_per_floor":["M","T","$","M","?","M","R","E","T","E","M","?","R","M","R","B"],"character_chosen":"THE_SILENT","items_purchased":["Draining Mist","Pen Nib"],"campfire_rested":2,"item_purchase_floors":[3,3],"current_hp_per_floor":[68,68,68,57,57,53,53,30,30,11,3,3,24,7,28,0,0],"gold":251,"neow_bonus":"HUNDRED_GOLD","is_daily":false,"chose_seed":false,"campfire_upgraded":1,"win_rate":0.0,"timestamp":1613829686,"path_taken":["M","?","$","M","?","M","R","E","T","E","M","?","R","?","R","BOSS"],"items_purchased_type":["Card","Relic"],"build_version":"2020-12-22","purchased_purges":0,"victory":false,"max_hp_per_floor":[70,70,70,70,70,70,70,70,70,70,70,70,70,70,70,70,70],"relic_stats":{"Blood Vial":8,"counters":[8,46],"Pen Nib":[6],"obtain_stats":[{"Blood Vial":9,"infinitespire:BottledMercury":12,"Anchor":8,"Pen Nib":3,"Snack Pack":10,"infinitespire:PuzzleCube":2,"Ring of the Snake":0},{"Blood Vial":4,"infinitespire:BottledMercury":6,"Anchor":4,"Pen Nib":1,"Snack Pack":5,"infinitespire:PuzzleCube":1,"Ring of the Snake":0},{"Blood Vial":18,"infinitespire:BottledMercury":31,"Anchor":18,"Pen Nib":4,"Snack Pack":26,"infinitespire:PuzzleCube":4,"Ring of the Snake":0}],"Ring of the Snake":[16]},"card_choices":[{"not_picked":["Flying Knee","Endless Agony"],"picked":"Dodge and Roll","floor":1},{"not_picked":["ReplayTheSpireMod:Speed Training","Deflect"],"picked":"Dagger Spray","floor":4},{"not_picked":["All Out Attack","Slice"],"picked":"Quick Slash","floor":6},{"not_picked":["Deadly Poison","Fluid Movement"],"picked":"Replay:Poison Smokescreen","floor":8},{"not_picked":["ReplayTheSpireMod:Exploit Weakness","Dodge and Roll","Slice"],"picked":"SKIP","floor":10},{"not_picked":["Sucker Punch","Blade Dance"],"picked":"Deflect","floor":11},{"not_picked":["Terror","Blade Dance"],"picked":"Crippling Poison","floor":14}],"player_experience":106828,"relics_obtained":[{"floor":2,"key":"infinitespire:PuzzleCube"},{"floor":8,"key":"Anchor"},{"floor":9,"key":"Blood Vial"},{"floor":10,"key":"Snack Pack"},{"floor":12,"key":"infinitespire:BottledMercury"}],"event_choices":[],"is_beta":false,"boss_relics":[],"items_purged_floors":[],"is_endless":false,"potions_floor_spawned":[4,6,11],"killed_by":"Slime Boss","ascension_level":3}}