{"host":"m6rwrrl4vtok99e8","time":1613795740,"event":{"mods":["ATMod(??Mod)","Act Like it!","Aspiration","BaseMod","Colored Powertips","Downfall","Energized Spire","GungeonMod","Jedi Mod","Koishi","LagranYue(???·?)","Lobotomy","Marisa????????","Minty Spire (QoL Compilation)","Pale of the Ancients","Quick Restart","Relic Stats","Reliquary","Remilia??????","Replay The Spire","Spicy Shops","StSLib","TestMod","The Servant 0.9.4","Waifu the Spire","WarShipGirlsR/????R mod","??????REMEMod"],"gold_per_floor":[112,37,37,50,50,82,93,93,93,93,93,93,108,121,121,223,223,236,256,355,384,127,127,138,157,157,192,67,67,67,103,103,216,216,251,251,289,142,175,175,204,204,204,241,241,286,318,366,366,374,403,439,439,61,61,116,116,143,143,171],"floor_reached":61,"language":"ZHS","playtime":3598,"items_purged":["Defend_S","Strike_S","Injury","Strike_S","Strike_S"],"score":1432,"play_id":"a93f6350-3bde-4d31-92a4-e202de5d4354","local_time":"20210220123540","is_ascension_mode":false,"campfire_choices":[{"floor":8.0,"key":"REST"},{"floor":10.0,"key":"REST"},{"data":"Embodiment","floor":15.0,"key":"SMITH"},{"data":"Hightail","floor":23.0,"key":"SMITH"},{"data":"KillingDoll","floor":29.0,"key":"SMITH"},{"floor":32.0,"key":"REST"},{"data":"Luminosity","floor":40.0,"key":"SMITH"},{"floor":42.0,"key":"REST"},{"floor":49.0,"key":"REST"},{"floor":55.0,"key":"REST"},{"floor":57.0,"key":"REST"}],"circlet_count":0,"master_deck":["Strike_S","Defend_S","Defend_S","Defend_S","KidneyShot","Exchange","MHz","OSAHOGD","Embodiment+1","Spin","ShyLook","Spin","KillingDoll+1","Hightail+1","BottledTime+1","OldLady","Luminosity+1","Spin","Iron Wave","Parasite","Spin+1","DoubleEdge+1"],"relics":["Uniform","AT_ATBox","testmod-TestBox","REME_ComplimentaryCards","LagranYue:RandomDrawCardRelic","testmod-Justice","CogitoBucket","Anchor","Mango","aspiration:HatOfInfinitePower","Busted Crown","Red Mask","LagranYue:NewUniverseRelic","Replay:Bandana","ReplayTheSpireMod:CursedCoin","Philosopher\u0027s Stone","Blue Candle","AT_SunfireAegis","testmod-Hope","Letter Opener","paleoftheancients:Timepiece","paleoftheancients:KeyRelic","paleoftheancients:SoulOfTheGuardian","Ginger","Bronze Scales"],"acts_visited":["Exordium","TheCity","TheBeyond","paleoftheancients:PaleOfTheAncients"],"potions_floor_usage":[60],"damage_taken":[{"damage":0.0,"enemies":"Cultist","floor":1.0,"turns":4.0},{"damage":5.0,"enemies":"2 Louse","floor":4.0,"turns":2.0},{"damage":43.0,"enemies":"Lagavulin","floor":6.0,"turns":6.0},{"damage":0.0,"enemies":"Jaw Worm","floor":7.0,"turns":3.0},{"damage":4.0,"enemies":"Blue Slaver","floor":13.0,"turns":3.0},{"damage":0.0,"enemies":"Looter","floor":14.0,"turns":2.0},{"damage":51.0,"enemies":"The Guardian","floor":16.0,"turns":7.0},{"damage":16.0,"enemies":"Shell Parasite","floor":18.0,"turns":4.0},{"damage":0.0,"enemies":"Spheric Guardian","floor":19.0,"turns":4.0},{"damage":0.0,"enemies":"Masked Bandits","floor":21.0,"turns":3.0},{"damage":3.0,"enemies":"Snake Plant","floor":24.0,"turns":5.0},{"damage":0.0,"enemies":"3 Cultists","floor":25.0,"turns":5.0},{"damage":15.0,"enemies":"Snecko","floor":27.0,"turns":4.0},{"damage":0.0,"enemies":"Cultist and Chosen","floor":31.0,"turns":5.0},{"damage":0.0,"enemies":"Champ","floor":33.0,"turns":7.0},{"damage":4.0,"enemies":"3 Darklings","floor":35.0,"turns":5.0},{"damage":29.0,"enemies":"3 Shapes","floor":37.0,"turns":5.0},{"damage":0.0,"enemies":"Transient","floor":39.0,"turns":5.0},{"damage":0.0,"enemies":"Spire Growth","floor":41.0,"turns":4.0},{"damage":0.0,"enemies":"Nemesis","floor":44.0,"turns":7.0},{"damage":6.0,"enemies":"3 Darklings","floor":46.0,"turns":3.0},{"damage":13.0,"enemies":"Writhing Mass","floor":47.0,"turns":5.0},{"damage":0.0,"enemies":"Jaw Worm Horde","floor":48.0,"turns":2.0},{"damage":3.0,"enemies":"Time Eater","floor":50.0,"turns":8.0},{"damage":0.0,"enemies":"Time Eater","floor":51.0,"turns":2.0},{"damage":26.0,"enemies":"Time Eater","floor":52.0,"turns":8.0},{"damage":30.0,"enemies":"Time Eater","floor":56.0,"turns":6.0},{"damage":48,"enemies":"paleoftheancients:N","floor":60,"turns":7}],"seed_played":"-6781192246818904112","potions_obtained":[{"floor":1.0,"key":"Regen Potion"},{"floor":6.0,"key":"Weak Potion"},{"floor":7.0,"key":"AttackPotion"},{"floor":19.0,"key":"LiquidBronze"},{"floor":24.0,"key":"Fruit Juice"},{"floor":25.0,"key":"Dexterity Potion"},{"floor":27.0,"key":"Fire Potion"},{"floor":52.0,"key":"testmod-TestPotion"}],"is_trial":false,"path_per_floor":["M","$","?","M","$","E","M","R","T","R","?","?","M","M","R","B",null,"M","M","?","?","$","R","M","M","T","M","$","R","?","M","R","B",null,"M","?","M","$","M","R","M","R","T","E","?","M","M","M","R","B","M","M","?","$","R","M","R","T","?","B",null],"character_chosen":"THE_SERVANT","items_purchased":["LagranYue:NewUniverseRelic","ReplayTheSpireMod:CursedCoin","AT_SunfireAegis","Ginger","DoubleEdge+1","testmod-TestPotion"],"campfire_rested":7,"item_purchase_floors":[22,28,38,54,54,54],"current_hp_per_floor":[65,65,58,53,53,10,10,29,29,48,55,55,51,51,51,15,79,63,63,63,63,63,63,60,65,65,50,50,50,50,50,75,75,84,80,75,46,46,46,46,46,71,71,71,71,65,52,52,77,88,88,62,62,62,88,58,84,84,84,36],"gold":171,"neow_bonus":"","is_daily":false,"chose_seed":false,"campfire_upgraded":4,"win_rate":0.0,"timestamp":1613795740,"path_taken":["M","?","?","?","$","E","M","R","T","R","?","?","M","M","R","BOSS","M","M","?","?","$","R","M","M","T","M","$","R","?","?","R","BOSS","M","?","M","$","M","R","M","R","T","E","?","M","?","M","R","BOSS","M","M","?","$","R","M","R","T","?","BOSS"],"items_purchased_type":["Relic","Relic","Relic","Relic","Card","Potion"],"build_version":"2020-12-22","purchased_purges":5,"victory":true,"max_hp_per_floor":[65,65,65,65,65,65,65,65,65,65,79,79,79,79,79,79,79,79,79,79,79,79,79,79,84,84,84,84,84,84,84,84,84,84,84,84,84,84,84,84,84,84,84,84,84,84,84,84,84,88,88,88,88,88,88,88,88,88,88,88],"relic_stats":{"Busted Crown":96,"counters":[28,131],"Blue Candle":[6],"Bronze Scales":[48],"Letter Opener":[110],"Ginger":[17],"obtain_stats":[{"AT_ATBox":0,"LagranYue:RandomDrawCardRelic":0,"Mango":11,"DemoMod:GlassGuonStoneRelic":1,"Uniform":0,"Ginger":54,"CogitoBucket":0,"Replay:Bandana":26,"paleoftheancients:SoulOfTheGuardian":51,"Philosopher\u0027s Stone":34,"Red Mask":21,"LagranYue:NewUniverseRelic":22,"paleoftheancients:KeyRelic":50,"testmod-TestBox":0,"ReplayTheSpireMod:CursedCoin":28,"Blue Candle":36,"Letter Opener":44,"testmod-Justice":0,"paleoftheancients:Timepiece":50,"Anchor":6,"Busted Crown":17,"Bronze Scales":58,"testmod-Hope":43,"AT_SunfireAegis":38,"aspiration:HatOfInfinitePower":12,"REME_ComplimentaryCards":0},{"AT_ATBox":0,"LagranYue:RandomDrawCardRelic":0,"Mango":4,"DemoMod:GlassGuonStoneRelic":1,"Uniform":0,"Ginger":26,"CogitoBucket":0,"Replay:Bandana":12,"paleoftheancients:SoulOfTheGuardian":25,"Philosopher\u0027s Stone":15,"Red Mask":10,"LagranYue:NewUniverseRelic":10,"paleoftheancients:KeyRelic":24,"testmod-TestBox":0,"ReplayTheSpireMod:CursedCoin":13,"Blue Candle":16,"Letter Opener":20,"testmod-Justice":0,"paleoftheancients:Timepiece":24,"Anchor":3,"Busted Crown":7,"Bronze Scales":27,"testmod-Hope":19,"AT_SunfireAegis":17,"aspiration:HatOfInfinitePower":4,"REME_ComplimentaryCards":0},{"AT_ATBox":0,"LagranYue:RandomDrawCardRelic":0,"Mango":15,"DemoMod:GlassGuonStoneRelic":4,"Uniform":0,"Ginger":118,"CogitoBucket":0,"Replay:Bandana":48,"paleoftheancients:SoulOfTheGuardian":110,"Philosopher\u0027s Stone":64,"Red Mask":38,"LagranYue:NewUniverseRelic":38,"paleoftheancients:KeyRelic":108,"testmod-TestBox":0,"ReplayTheSpireMod:CursedCoin":52,"Blue Candle":69,"Letter Opener":90,"testmod-Justice":0,"paleoftheancients:Timepiece":108,"Anchor":12,"Busted Crown":27,"Bronze Scales":124,"testmod-Hope":83,"AT_SunfireAegis":74,"aspiration:HatOfInfinitePower":15,"REME_ComplimentaryCards":0}]},"card_choices":[{"not_picked":["BeautyBeast","Rudolta"],"picked":"MHz","floor":1.0},{"not_picked":["ShatteredReality","Rewind","Contraction"],"picked":"SKIP","floor":1.0},{"not_picked":["Scorched","Murderer"],"picked":"OSAHOGD","floor":4.0},{"not_picked":["Moondial","TimeWarp"],"picked":"Embodiment","floor":4.0},{"not_picked":["Defy","Manipulate"],"picked":"Spin","floor":6.0},{"not_picked":["PunishingBird","Scarecrow"],"picked":"ShyLook","floor":7.0},{"not_picked":["Replace","Manipulate","Revamp"],"picked":"SKIP","floor":7.0},{"not_picked":["Comet","BestPractice"],"picked":"Spin","floor":13.0},{"not_picked":["GearUp","Unruled","SurpressingFire"],"picked":"SKIP","floor":14.0},{"not_picked":["Dilation","PendulumOfEternity"],"picked":"KillingDoll","floor":16.0},{"not_picked":[],"picked":"Hightail","floor":18.0},{"not_picked":[],"picked":"BottledTime+1","floor":19.0},{"not_picked":["Rewind+1"],"picked":"SKIP","floor":24.0},{"not_picked":["Replace"],"picked":"SKIP","floor":25.0},{"not_picked":["Wellcheers","Rudolta"],"picked":"OldLady","floor":27.0},{"not_picked":["Deny"],"picked":"SKIP","floor":27.0},{"not_picked":["DoubleEdge"],"picked":"SKIP","floor":31.0},{"not_picked":["Shuttle+1"],"picked":"SKIP","floor":35.0},{"not_picked":["TimeWarp+1"],"picked":"SKIP","floor":37.0},{"not_picked":[],"picked":"Luminosity","floor":39.0},{"not_picked":["FanOfKnives"],"picked":"SKIP","floor":41.0},{"not_picked":[],"picked":"Spin","floor":44.0},{"not_picked":["Rewind"],"picked":"SKIP","floor":46.0},{"not_picked":["Starlight"],"picked":"SKIP","floor":47.0},{"not_picked":["TimeTheft"],"picked":"SKIP","floor":48.0},{"not_picked":[],"picked":"Spin+1","floor":51.0},{"not_picked":["Luminosity"],"picked":"SKIP","floor":52.0},{"not_picked":["DoubleEdge"],"picked":"SKIP","floor":56.0}],"player_experience":50901,"relics_obtained":[{"floor":6.0,"key":"Anchor"},{"floor":21.0,"key":"Red Mask"},{"floor":26.0,"key":"Replay:Bandana"},{"floor":43.0,"key":"testmod-Hope"},{"floor":44.0,"key":"Letter Opener"},{"floor":51.0,"key":"paleoftheancients:SoulOfTheGuardian"},{"floor":52.0,"key":"paleoftheancients:SoulOfTheShapes"},{"floor":58.0,"key":"Bronze Scales"}],"event_choices":[{"damage_healed":0.0,"max_hp_gain":0.0,"max_hp_loss":0.0,"gold_gain":0.0,"event_name":"Scrap Ooze","player_choice":"Success","floor":11.0,"gold_loss":0.0,"damage_taken":7.0,"relics_obtained":["Mango"]},{"damage_healed":0.0,"max_hp_gain":0.0,"max_hp_loss":0.0,"gold_gain":0.0,"event_name":"WeMeetAgain","player_choice":"Gave Potion","floor":12.0,"gold_loss":0.0,"damage_taken":0.0,"relics_obtained":["aspiration:HatOfInfinitePower"]},{"damage_healed":0.0,"max_hp_gain":0.0,"max_hp_loss":0.0,"gold_gain":99.0,"event_name":"Nest","player_choice":"Stole From Cult","floor":20.0,"gold_loss":0.0,"damage_taken":0.0},{"damage_healed":0.0,"max_hp_gain":0.0,"max_hp_loss":0.0,"gold_gain":0.0,"event_name":"Masked Bandits","player_choice":"Fought Bandits","floor":21.0,"gold_loss":0.0,"damage_taken":0.0},{"cards_removed":["Strike_S"],"damage_healed":0.0,"max_hp_gain":0.0,"max_hp_loss":0.0,"gold_gain":0.0,"event_name":"NoteForYourself","player_choice":"Took Card","floor":45.0,"gold_loss":0.0,"damage_taken":0.0,"cards_obtained":["Iron Wave"]}],"is_beta":false,"boss_relics":[{"not_picked":["testmod-GoldenSoul","SacredBark"],"picked":"Busted Crown"},{"not_picked":["aspiration:RunicSpoon","Fusion Hammer"],"picked":"Philosopher\u0027s Stone"}],"items_purged_floors":[2,22,28,28,54],"is_endless":false,"potions_floor_spawned":[1,6,7,19,24,25,27,39,44,46,52],"ascension_level":0}}