{"host":"nsc6ozq3atyrdr3m","time":1613847054,"event":{"mods":["BaseMod","Colored Map","Minty Spire (QoL Compilation)"],"gold_per_floor":[113,23,33,46,46,46,63,63,63,88,88,88,122,138,138,214,214,231,59,59,59,77,110,110,35,35,35,63,102,149,179,191,274,286,312,340,181,201,211,237,256,285,285,318,318,318,318,341,341,341,341],"floor_reached":52,"language":"FRA","playtime":1059,"items_purged":["Shame"],"score":2287,"play_id":"52d869eb-913f-49ca-92af-dc5db2328609","local_time":"20210220195054","is_ascension_mode":true,"campfire_choices":[{"data":"Bludgeon","floor":6,"key":"SMITH"},{"floor":8,"key":"REST"},{"data":"Bash","floor":11,"key":"SMITH"},{"data":"Blood for Blood","floor":15,"key":"SMITH"},{"floor":24,"key":"REST"},{"data":"Immolate","floor":27,"key":"SMITH"},{"floor":32,"key":"REST"},{"data":"Bludgeon","floor":46,"key":"SMITH"},{"floor":49,"key":"REST"}],"circlet_count":0,"master_deck":["AscendersBane","Strike_R","Strike_R","Strike_R","Strike_R","Strike_R","Defend_R","Defend_R+1","Defend_R","Defend_R+1","Bash+1","Carnage+1","Clothesline","Bludgeon+1","Perfected Strike","Blood for Blood+1","Heavy Blade","Immolate+1","Immolate+1","Reaper","Carnage","Bludgeon+1","Blood for Blood","Shockwave","Impervious"],"relics":["Snecko Eye","Matryoshka","Potion Belt","PreservedInsect","Question Card","Nunchaku","Runic Dome","Tiny Chest","Shuriken","War Paint","Singing Bowl","Sundial","MawBank","Regal Pillow","Mango","Black Star","Bag of Preparation","Centennial Puzzle","Akabeko","Omamori","Anchor","Thread and Needle","Juzu Bracelet","InkBottle","Blood Vial","Lantern"],"acts_visited":["Exordium","TheCity","TheBeyond"],"potions_floor_usage":[50,51,51,51,51,51,51,51],"damage_taken":[{"damage":7,"enemies":"Jaw Worm","floor":1,"turns":3},{"damage":6,"enemies":"Small Slimes","floor":3,"turns":2},{"damage":0,"enemies":"2 Louse","floor":4,"turns":2},{"damage":3,"enemies":"Lots of Slimes","floor":7,"turns":4},{"damage":10,"enemies":"3 Sentries","floor":10,"turns":2},{"damage":0,"enemies":"Gremlin Nob","floor":13,"turns":1},{"damage":0,"enemies":"Large Slime","floor":14,"turns":2},{"damage":0,"enemies":"Slime Boss","floor":16,"turns":3},{"damage":0,"enemies":"Chosen","floor":18,"turns":2},{"damage":17,"enemies":"2 Thieves","floor":22,"turns":2},{"damage":19,"enemies":"Book of Stabbing","floor":23,"turns":3},{"damage":12,"enemies":"Gremlin Leader","floor":28,"turns":2},{"damage":7,"enemies":"Slavers","floor":30,"turns":2},{"damage":0,"enemies":"Cultist and Chosen","floor":31,"turns":2},{"damage":56,"enemies":"Automaton","floor":33,"turns":5},{"damage":9,"enemies":"Orb Walker","floor":35,"turns":3},{"damage":13,"enemies":"3 Shapes","floor":36,"turns":2},{"damage":7,"enemies":"Transient","floor":38,"turns":6},{"damage":3,"enemies":"4 Shapes","floor":39,"turns":2},{"damage":0,"enemies":"Reptomancer","floor":40,"turns":1},{"damage":29,"enemies":"Jaw Worm Horde","floor":41,"turns":2},{"damage":0,"enemies":"Nemesis","floor":42,"turns":1},{"damage":5,"enemies":"Giant Head","floor":44,"turns":4},{"damage":41,"enemies":"Awakened One","floor":50,"turns":5},{"damage":14,"enemies":"Donu and Deca","floor":51,"turns":5}],"seed_played":"5816036714490001442","potions_obtained":[{"floor":3,"key":"EntropicBrew"},{"floor":7,"key":"Weak Potion"},{"floor":13,"key":"Block Potion"},{"floor":16,"key":"SteroidPotion"},{"floor":22,"key":"DistilledChaos"}],"is_trial":false,"path_per_floor":["M","$","M","M","?","R","M","R","T","E","R","?","E","M","R","B",null,"M","$","?","?","M","E","R","$","T","R","E","T","E","M","R","B",null,"M","M","$","M","M","E","M","E","T","E","?","R","?","T","R","B","B",null],"character_chosen":"IRONCLAD","items_purchased":["Carnage","Tiny Chest","Bag of Preparation"],"campfire_rested":4,"item_purchase_floors":[2,19,37],"current_hp_per_floor":[61,61,55,55,44,44,41,63,63,53,53,53,53,53,53,53,70,70,70,70,70,53,34,56,56,56,56,46,46,53,53,91,35,77,70,59,59,63,74,74,51,51,51,54,54,54,54,54,96,67,55],"gold":341,"neow_bonus":"BOSS_RELIC","is_daily":false,"chose_seed":false,"campfire_upgraded":5,"win_rate":0.0,"timestamp":1613847054,"path_taken":["M","$","M","M","?","R","M","R","T","E","R","?","E","M","R","BOSS","M","$","?","?","?","E","R","$","T","R","E","?","E","M","R","BOSS","M","M","?","M","M","E","M","E","T","E","?","R","?","?","R","BOSS","BOSS"],"items_purchased_type":["Card","Relic","Relic"],"build_version":"2020-12-22","purchased_purges":1,"victory":true,"max_hp_per_floor":[75,75,75,75,75,75,75,75,75,75,75,75,75,75,75,75,75,75,75,75,75,75,75,75,75,75,75,77,77,91,91,91,91,91,93,95,95,97,99,99,101,101,101,101,96,96,96,96,96,96,96],"card_choices":[{"not_picked":["Warcry","Shrug It Off","Power Through"],"picked":"SKIP","floor":1},{"not_picked":["Headbutt","Heavy Blade"],"picked":"Clothesline","floor":3},{"not_picked":["Infernal Blade","Perfected Strike"],"picked":"Bludgeon","floor":4},{"not_picked":["Rampage","Rupture"],"picked":"Perfected Strike","floor":7},{"not_picked":["Cleave","True Grit","Rupture"],"picked":"SKIP","floor":10},{"not_picked":["Flex","Bloodletting","Sword Boomerang"],"picked":"Blood for Blood","floor":13},{"not_picked":["Thunderclap","Disarm","Cleave"],"picked":"Heavy Blade","floor":14},{"not_picked":["Bludgeon","Exhume","Brutality"],"picked":"Immolate","floor":16},{"not_picked":["Dark Embrace","Heavy Blade","Pommel Strike"],"picked":"Headbutt","floor":18},{"not_picked":["Searing Blow","Cleave","Armaments","Havoc"],"picked":"SKIP","floor":22},{"not_picked":["Clothesline","Intimidate","Brutality"],"picked":"Immolate","floor":23},{"not_picked":["Infernal Blade+1","Power Through","Clothesline","Berserk"],"picked":"Singing Bowl","floor":28},{"not_picked":["Intimidate+1","Whirlwind+1","Warcry"],"picked":"Reaper","floor":30},{"not_picked":["Clothesline","Twin Strike","Perfected Strike"],"picked":"Carnage","floor":31},{"not_picked":["Berserk","Feed","Exhume"],"picked":"Bludgeon","floor":33},{"not_picked":["Combust+1","Sword Boomerang","Spot Weakness","Headbutt"],"picked":"Singing Bowl","floor":35},{"not_picked":["Anger+1","Headbutt","Shrug It Off+1","Sentinel"],"picked":"Singing Bowl","floor":36},{"not_picked":["Combust+1","Bloodletting","True Grit","Heavy Blade"],"picked":"Singing Bowl","floor":38},{"not_picked":["Cleave+1","Headbutt+1","Clothesline","Havoc+1"],"picked":"Singing Bowl","floor":39},{"not_picked":["Power Through","Pommel Strike","Thunderclap"],"picked":"Blood for Blood","floor":40},{"not_picked":["Whirlwind","Sword Boomerang","Shrug It Off","Twin Strike"],"picked":"Singing Bowl","floor":41},{"not_picked":["Ghostly Armor","Shrug It Off","Warcry"],"picked":"Shockwave","floor":42},{"not_picked":["Dark Embrace+1","Clothesline+1","Shrug It Off"],"picked":"Impervious","floor":44}],"player_experience":436688,"relics_obtained":[{"floor":9,"key":"Potion Belt"},{"floor":9,"key":"PreservedInsect"},{"floor":10,"key":"Question Card"},{"floor":13,"key":"Nunchaku"},{"floor":23,"key":"War Paint"},{"floor":26,"key":"Singing Bowl"},{"floor":26,"key":"Sundial"},{"floor":28,"key":"MawBank"},{"floor":29,"key":"Regal Pillow"},{"floor":30,"key":"Mango"},{"floor":40,"key":"Centennial Puzzle"},{"floor":40,"key":"Akabeko"},{"floor":42,"key":"Omamori"},{"floor":42,"key":"Anchor"},{"floor":43,"key":"Thread and Needle"},{"floor":44,"key":"Juzu Bracelet"},{"floor":44,"key":"InkBottle"},{"floor":48,"key":"Lantern"}],"event_choices":[{"damage_healed":0,"gold_gain":0,"player_choice":"Success","damage_taken":11,"relics_obtained":["Matryoshka"],"max_hp_gain":0,"max_hp_loss":0,"event_name":"Scrap Ooze","floor":5,"gold_loss":0},{"damage_healed":0,"gold_gain":0,"player_choice":"Grow","damage_taken":0,"max_hp_gain":0,"max_hp_loss":0,"event_name":"Living Wall","floor":12,"gold_loss":0,"cards_upgraded":["Carnage"]},{"damage_healed":0,"gold_gain":0,"player_choice":"Stole Relic","damage_taken":0,"relics_obtained":["Shuriken"],"max_hp_gain":0,"max_hp_loss":0,"event_name":"Addict","floor":20,"gold_loss":0,"cards_obtained":["Shame"]},{"damage_healed":0,"gold_gain":0,"player_choice":"Forge","damage_taken":0,"max_hp_gain":0,"max_hp_loss":0,"event_name":"Accursed Blacksmith","floor":21,"gold_loss":0,"cards_upgraded":["Immolate"]},{"damage_healed":0,"gold_gain":0,"player_choice":"Max HP","damage_taken":0,"max_hp_gain":0,"max_hp_loss":5,"event_name":"Winding Halls","floor":45,"gold_loss":0},{"cards_removed":["Headbutt"],"damage_healed":0,"gold_gain":0,"player_choice":"Gave Card","damage_taken":0,"relics_obtained":["Blood Vial"],"max_hp_gain":0,"max_hp_loss":0,"event_name":"WeMeetAgain","floor":47,"gold_loss":0}],"is_beta":false,"boss_relics":[{"not_picked":["Runic Cube","Tiny House"],"picked":"Runic Dome"},{"not_picked":["Mark of Pain","Velvet Choker"],"picked":"Black Star"}],"items_purged_floors":[25],"is_endless":false,"potions_floor_spawned":[3,7,13,16,22,23,33,36,42],"ascension_level":20}}