{"host":"3n5xmnb54n2y5mb4","time":1613801551,"event":{"mods":["BaseMod","Colored Map","Colored Powertips","Downfall","Minty Spire (QoL Compilation)","Permanent Neow","StSLib","Unceasing Turn Reminder","everything is the same but u backflip on backflip"],"gold_per_floor":[0,12,0,19,19,29,29,39,58,58,91,88,111,152,178,286,298,310,341,353,365,396,426,462,78,78,111,111,111,111,131,147,248,248,248,264,278,328,65,65,115,147,47,71,87,121,21,21,38,38],"floor_reached":51,"language":"ENG","playtime":2813,"items_purged":["hexamod:Sear"],"score":901,"play_id":"2541c934-833d-4c08-acaf-e218ad23e813","local_time":"20210220011231","is_ascension_mode":true,"campfire_choices":[{"data":"1","floor":1.0,"key":"LIFT"},{"floor":10.0,"key":"REST"},{"data":"2","floor":18.0,"key":"LIFT"},{"data":"3","floor":28.0,"key":"LIFT"},{"data":"hexamod:Float","floor":30.0,"key":"SMITH"},{"floor":35.0,"key":"RECALL"},{"data":"Mind Blast","floor":40,"key":"SMITH"},{"data":"hexamod:ApocalypticArmor","floor":43,"key":"SMITH"},{"floor":47,"key":"REST"}],"circlet_count":0,"master_deck":["hexamod:Strike+1","hexamod:Strike+1","hexamod:Strike+1","hexamod:Strike+1","hexamod:Defend+1","hexamod:Defend+1","hexamod:Defend+1","hexamod:Defend+1","hexamod:Float+1","hexamod:ThirdSeal","hexamod:RetreatToShadows","hexamod:SoulSteal","hexamod:SuperheatedStrike","hexamod:TimeOfNeed","hexamod:PhantomCloak","hexamod:GhostShield+1","hexamod:Hexaguard+1","hexamod:EtherealExpedition+1","hexamod:AdvancingGuard+1","hexamod:FastForward+1","hexamod:GhostflameInferno+1","hexamod:EmpoweredFlame","hexamod:TurnItUp+1","hexamod:ApocalypticArmor+1","hexamod:Haunt+1","hexamod:FourthSeal","hexamod:SkipABeat+1","hexamod:AdvancingGuard+1","hexamod:PowerFromBeyond+1","hexamod:GiftsFromTheDead","hexamod:Haunt+1","hexamod:UnlimitedPower+1","hexamod:ParanormalForm","hexamod:TimeWarp","hexamod:EtherealExpedition+1","Mind Blast+1","hexamod:SpectralAdrenaline+1"],"relics":["hexamod:UnbrokenSoul","Girya","downfall:ShatteredFragment","Toxic Egg 2","MawBank","Regal Pillow","Philosopher\u0027s Stone","Bag of Preparation","Guardian:PocketSentry","Juzu Bracelet","hexamod:InflammatoryLetter","Unceasing Top","Bottled Lightning","StrikeDummy","Anchor","downfall:HeartBlessingRed","Potion Belt","Bag of Marbles","downfall:HeartBlessingGreen"],"acts_visited":["Exordium","TheCity","TheBeyond"],"potions_floor_usage":[38,45,45,49,50,50,50],"damage_taken":[{"damage":0.0,"enemies":"Cultist","floor":2.0,"turns":3.0},{"damage":0.0,"enemies":"downfall:FleeingMerchant","floor":3.0,"turns":4.0},{"damage":2.0,"enemies":"Jaw Worm","floor":4.0,"turns":4.0},{"damage":0.0,"enemies":"Small Slimes","floor":6.0,"turns":2.0},{"damage":7.0,"enemies":"2 Fungi Beasts","floor":8.0,"turns":3.0},{"damage":0.0,"enemies":"3 Louse","floor":9.0,"turns":3.0},{"damage":4.0,"enemies":"3 Sentries","floor":11.0,"turns":6.0},{"damage":1.0,"enemies":"downfall:FleeingMerchant","floor":12.0,"turns":4.0},{"damage":0.0,"enemies":"Exordium Thugs","floor":13.0,"turns":3.0},{"damage":0.0,"enemies":"Gremlin Nob","floor":14.0,"turns":4.0},{"damage":0.0,"enemies":"downfall:LooterAlt","floor":15.0,"turns":3.0},{"damage":5.0,"enemies":"DF_ARCHETYPE_STREAMLINE","floor":16.0,"turns":7.0},{"damage":7.0,"enemies":"Spheric Guardian","floor":19.0,"turns":4.0},{"damage":1.0,"enemies":"Chosen","floor":22.0,"turns":3.0},{"damage":0.0,"enemies":"Snecko","floor":23.0,"turns":3.0},{"damage":2.0,"enemies":"downfall:FleeingMerchant","floor":25.0,"turns":4.0},{"damage":6.0,"enemies":"Gremlin Leader","floor":27.0,"turns":5.0},{"damage":0.0,"enemies":"Cultist and Chosen","floor":31.0,"turns":3.0},{"damage":6.0,"enemies":"Shelled Parasite and Fungi","floor":32.0,"turns":4.0},{"damage":20.0,"enemies":"IC_MUSHROOM_ARCHETYPE","floor":33.0,"turns":4.0},{"damage":0,"enemies":"3 Shapes","floor":36,"turns":3},{"damage":6,"enemies":"Orb Walker","floor":37,"turns":1},{"damage":0,"enemies":"Orb Walker","floor":38,"turns":4},{"damage":3,"enemies":"downfall:FleeingMerchant","floor":39,"turns":3},{"damage":0,"enemies":"Nemesis","floor":42,"turns":3},{"damage":0,"enemies":"3 Darklings","floor":45,"turns":3},{"damage":4,"enemies":"Giant Head","floor":46,"turns":5},{"damage":0,"enemies":"Jaw Worm Horde","floor":49,"turns":3},{"damage":43,"enemies":"SI_POISON_ARCHETYPE","floor":50,"turns":6}],"seed_played":"8684435939109652648","potions_obtained":[{"floor":6.0,"key":"FearPotion"},{"floor":8.0,"key":"sneckomod:MuddlingPotion"},{"floor":13.0,"key":"Swift Potion"},{"floor":14.0,"key":"hexamod:DoubleChargePotion"},{"floor":22.0,"key":"Dexterity Potion"},{"floor":23.0,"key":"SkillPotion"},{"floor":25.0,"key":"Guardian:BlockOnCardUsePotion"},{"floor":27.0,"key":"hexamod:EctoCoolerPotion"},{"floor":32.0,"key":"Ancient Potion"},{"floor":38,"key":"Dexterity Potion"},{"floor":42,"key":"EntropicBrew"},{"floor":45,"key":"SkillPotion"},{"floor":49,"key":"Regen Potion"}],"is_trial":false,"path_per_floor":["R","M","$","M","?","M","T","M","M","R","E","$","M","E","M","B",null,"R","M","?","?","M","M","T","$","?","E","R","?","R","M","M","B",null,"R","M","M","?","$","R","T","E","R","T","M","E","R","$","M","B",null],"character_chosen":"THE_SPIRIT","items_purchased":["Guardian:PocketSentry","Juzu Bracelet","Mind Blast","Bottled Lightning","StrikeDummy"],"campfire_rested":2,"item_purchase_floors":[25,25,39,39,39],"current_hp_per_floor":[70,70,70,68,47,47,47,40,40,61,57,56,56,56,56,51,70,70,63,63,63,62,62,62,60,60,54,54,70,70,70,64,44,70,70,70,64,64,61,61,61,61,61,61,61,57,70,70,70,27],"gold":38,"neow_bonus":"ONE_RARE_RELIC","is_daily":false,"chose_seed":false,"campfire_upgraded":3,"win_rate":0.0,"timestamp":1613801551,"path_taken":["R","M","?","M","?","M","T","M","M","R","E","$","M","E","M","BOSS","R","M","?","?","M","M","T","$","?","E","R","?","R","M","M","BOSS","R","M","M","?","$","R","T","E","R","?","M","E","R","$","M","BOSS"],"items_purchased_type":["Relic","Relic","Card","Relic","Relic"],"build_version":"2020-12-22","purchased_purges":1,"victory":true,"max_hp_per_floor":[70,70,70,70,70,70,70,70,70,70,70,70,70,70,70,70,70,70,70,70,70,70,70,70,70,70,70,70,70,70,70,70,70,70,70,70,70,70,70,70,70,70,70,70,70,70,70,70,70,70],"card_choices":[{"not_picked":["hexamod:GhostShield","hexamod:NightmareStrike"],"picked":"hexamod:ThirdSeal","floor":2.0},{"not_picked":["hexamod:SecondSeal","hexamod:CatchUp"],"picked":"hexamod:RetreatToShadows","floor":3.0},{"not_picked":["hexamod:BurningTouch","hexamod:CatchUp","hexamod:HauntingEcho"],"picked":"SKIP","floor":3.0},{"not_picked":["hexamod:SecondSeal","hexamod:DynamicBlow"],"picked":"hexamod:SoulSteal","floor":4.0},{"not_picked":["hexamod:InspiringFlames","hexamod:GhostShield"],"picked":"hexamod:SuperheatedStrike","floor":4.0},{"not_picked":["hexamod:AdvancingGuard","hexamod:GhostLash"],"picked":"hexamod:TimeOfNeed","floor":6.0},{"not_picked":["hexamod:BurningTouch+1","hexamod:AdvancingGuard+1"],"picked":"hexamod:PhantomCloak","floor":8.0},{"not_picked":["hexamod:GhostOfSpirePast","hexamod:DynamicBlow"],"picked":"hexamod:GhostShield+1","floor":8.0},{"not_picked":["hexamod:Rewind+1","hexamod:RetreatToShadows+1"],"picked":"hexamod:Hexaguard+1","floor":9.0},{"not_picked":["hexamod:NightmareGuise+1","hexamod:GhostShield+1","hexamod:ShieldOfDarkness+1"],"picked":"SKIP","floor":9.0},{"not_picked":["hexamod:Incineration","hexamod:SearingWound+1"],"picked":"hexamod:EtherealExpedition+1","floor":11.0},{"not_picked":["hexamod:SpectersWail","hexamod:Firestarter","hexamod:SwordOfDarkness"],"picked":"SKIP","floor":11.0},{"not_picked":["hexamod:ThermalTransfer","hexamod:InspiringFlames+1"],"picked":"hexamod:AdvancingGuard+1","floor":12.0},{"not_picked":["hexamod:Hexaguard+1","hexamod:NightmareGuise+1","hexamod:HauntingEcho"],"picked":"SKIP","floor":12.0},{"not_picked":["hexamod:NecessarySacrifice+1","hexamod:BacktrackSmack"],"picked":"hexamod:FastForward+1","floor":13.0},{"not_picked":["hexamod:SpectralSpark+1","hexamod:ChargedBarrage+1"],"picked":"hexamod:GhostflameInferno+1","floor":14.0},{"not_picked":["hexamod:Again+1","hexamod:NightmareStrike"],"picked":"hexamod:EmpoweredFlame","floor":14.0},{"not_picked":["hexamod:GhostShield+1","hexamod:SwordOfDarkness","hexamod:BacktrackSmack"],"picked":"SKIP","floor":15.0},{"not_picked":["hexamod:UnlimitedPower+1","hexamod:ApocalypticArmor"],"picked":"hexamod:TurnItUp+1","floor":16.0},{"not_picked":["hexamod:WildfireWeapon","hexamod:TurnItUp+1"],"picked":"hexamod:ApocalypticArmor","floor":16.0},{"not_picked":["hexamod:PowerFromBeyond+1","hexamod:NightmareStrike"],"picked":"hexamod:Haunt+1","floor":19.0},{"not_picked":["hexamod:NightmareStrike","hexamod:ChargedBarrage+1"],"picked":"hexamod:FourthSeal","floor":22.0},{"not_picked":["hexamod:SwordOfDarkness+1","hexamod:SpectersWail+1","hexamod:Incineration+1"],"picked":"SKIP","floor":22.0},{"not_picked":["hexamod:SpectersWail","hexamod:ShieldOfDarkness+1"],"picked":"hexamod:SkipABeat+1","floor":23.0},{"not_picked":["hexamod:ExtraCrispy","hexamod:SuperheatedStrike","hexamod:Firestarter+1"],"picked":"SKIP","floor":23.0},{"not_picked":["hexamod:GhostOfSpirePast+1","hexamod:ShieldOfDarkness+1"],"picked":"hexamod:AdvancingGuard+1","floor":25.0},{"not_picked":["hexamod:Firestarter","hexamod:ThermalTransfer","hexamod:HeatMetal"],"picked":"SKIP","floor":25.0},{"not_picked":["hexamod:Firestarter","hexamod:GhostLash"],"picked":"hexamod:PowerFromBeyond+1","floor":27.0},{"not_picked":["hexamod:FastForward+1","hexamod:SpectralAdrenaline+1"],"picked":"hexamod:GiftsFromTheDead","floor":27.0},{"not_picked":["hexamod:HeatCrush+1","hexamod:Hexaguard+1"],"picked":"hexamod:Haunt+1","floor":31.0},{"not_picked":["hexamod:NightmareGuise+1","hexamod:InspiringFlames+1","hexamod:GhostLash"],"picked":"SKIP","floor":31.0},{"not_picked":["hexamod:HauntingEcho","hexamod:BurningTouch+1"],"picked":"hexamod:UnlimitedPower+1","floor":32.0},{"not_picked":["hexamod:GhostflameBarrier+1","hexamod:FourthSeal","hexamod:HeatMetal+1"],"picked":"SKIP","floor":32.0},{"not_picked":["hexamod:SearingWound+1","hexamod:ForkedFlame"],"picked":"hexamod:ParanormalForm","floor":33.0},{"not_picked":["hexamod:TurnItUp+1","hexamod:ForkedFlame"],"picked":"hexamod:TimeWarp","floor":33.0},{"not_picked":["hexamod:FastForward+1","hexamod:RetreatToShadows+1","hexamod:Firestarter+1"],"picked":"SKIP","floor":36},{"not_picked":["hexamod:FourthSeal","hexamod:NightmareStrike+1","hexamod:GhostLash"],"picked":"SKIP","floor":37},{"not_picked":["hexamod:RetreatToShadows+1","hexamod:Hexaguard+1"],"picked":"hexamod:EtherealExpedition+1","floor":38},{"not_picked":["hexamod:HeatShield+1","hexamod:Again+1","hexamod:ShieldOfDarkness+1"],"picked":"SKIP","floor":39},{"not_picked":["hexamod:FastForward+1","hexamod:HeatMetal","hexamod:GhostShield+1"],"picked":"SKIP","floor":42},{"not_picked":["hexamod:PhantomFireball+1","hexamod:ForkedFlame","hexamod:BurningTouch+1"],"picked":"SKIP","floor":42},{"not_picked":["hexamod:Rewind+1","hexamod:ShieldOfDarkness+1","hexamod:BacktrackSmack+1"],"picked":"SKIP","floor":45},{"not_picked":["hexamod:HeatCrush","hexamod:Haunt+1","hexamod:ThirdSeal"],"picked":"SKIP","floor":45},{"not_picked":["hexamod:PowerFromBeyond+1","hexamod:PhantomCloak+1","hexamod:AdvancingGuard+1"],"picked":"SKIP","floor":46},{"not_picked":["hexamod:DynamicBlow","hexamod:NightmareStrike"],"picked":"hexamod:SpectralAdrenaline+1","floor":49},{"not_picked":["hexamod:FourthSeal","hexamod:BurningTouch+1","hexamod:EtherealExpedition+1"],"picked":"SKIP","floor":49}],"player_experience":1122836,"relics_obtained":[{"floor":7.0,"key":"Toxic Egg 2"},{"floor":11.0,"key":"MawBank"},{"floor":14.0,"key":"Regal Pillow"},{"floor":24.0,"key":"Bag of Preparation"},{"floor":27.0,"key":"hexamod:InflammatoryLetter"},{"floor":38,"key":"Unceasing Top"},{"floor":42,"key":"Anchor"},{"floor":44,"key":"Potion Belt"},{"floor":46,"key":"Bag of Marbles"}],"event_choices":[{"damage_healed":0.0,"max_hp_gain":0.0,"max_hp_loss":0.0,"gold_gain":0.0,"event_name":"Vampires","player_choice":"Ignored","floor":20.0,"gold_loss":0.0,"damage_taken":0.0},{"damage_healed":23.0,"max_hp_gain":0.0,"max_hp_loss":0.0,"gold_gain":0.0,"event_name":"The Library","player_choice":"Heal","floor":29.0,"gold_loss":0.0,"damage_taken":0.0}],"is_beta":false,"boss_relics":[{"not_picked":["Runic Dome","Coffee Dripper"],"picked":"Philosopher\u0027s Stone"},{"not_picked":["Empty Cage","Calling Bell"],"picked":"hexamod:UnbrokenSoul"}],"items_purged_floors":[25],"is_endless":false,"potions_floor_spawned":[6,8,13,14,22,27,31,32,42,45,46,49],"ascension_level":1}}