{"host":"eulzxnrdu6fkr5bd","time":1613852342,"event":{"mods":["AchievementEnabler","Act Like it!","BaseMod","Beaked The Cultist","Colored Map","Colored Powertips","Downfall","Highlight Path","Infinite Spire","Jorbs\u0027s Wanderer Trilogy","Minty Spire (QoL Compilation)","Quick Restart","Replay The Spire","StSLib","The Construct","The Jungle"],"gold_per_floor":[111,111,111,127,138,166,166,166,166,216,236,236,261,273,273,368,368,386,386,59,79,96,96,96,122,122,122,122,122,122,136,136,232,232,243,243,243],"floor_reached":36,"language":"ENG","playtime":1762,"items_purged":["beaked:Strike_Y","beaked:Strike_Y"],"score":420,"play_id":"2792aa5c-4e70-4878-b474-4c3b4ea13ee9","local_time":"20210220141902","is_ascension_mode":false,"campfire_choices":[{"data":"beaked:WarriorEssence","floor":7,"key":"SMITH"},{"data":"ReplayTheSpireMod:Book of Names","floor":12,"key":"SMITH"},{"data":"beaked:RitualOfBody","floor":23,"key":"SMITH"},{"floor":28,"key":"REST"},{"data":"infinitespire:Oblivion","floor":30,"key":"SMITH"},{"floor":32,"key":"DIG"}],"circlet_count":0,"master_deck":["beaked:Strike_Y","beaked:Strike_Y","beaked:Strike_Y","beaked:Strike_Y","beaked:Defend_Y","beaked:Ceremony","beaked:Ceremony","beaked:Ceremony","beaked:Brace+1","ReplayTheSpireMod:Book of Names+1","beaked:WarriorEssence+1","beaked:Tweet+1","beaked:Sacrifice+1","beaked:Hexing+1","beaked:ScreechingChant+1","beaked:Overexert+1","beaked:BraceForImpact+1","beaked:Brace+1","beaked:RitualOfBody+1","infinitespire:Oblivion+1","infinitespire:Starlight+1"],"relics":["beaked:MendingPlumage","infinitespire:CursedDice","Singing Bowl","ReplayFunnel","Toxic Egg 2","Astrolabe","beaked:ShinyBauble","Juzu Bracelet","Pen Nib","Bronze Scales","beaked:BlessedCoat","Pocketwatch","ReplayTheSpireMod:DimensionalGlitch"],"acts_visited":["Exordium","TheCity","TheBeyond"],"potions_floor_usage":[16,22,22],"damage_taken":[{"damage":11,"enemies":"Jaw Worm","floor":1,"turns":5},{"damage":1,"enemies":"2 Louse","floor":4,"turns":4},{"damage":12,"enemies":"infinitespire:Voidling","floor":5,"turns":4},{"damage":32,"enemies":"Replay:BlueRogue","floor":6,"turns":6},{"damage":2,"enemies":"Large Slime","floor":11,"turns":6},{"damage":16,"enemies":"Lagavulin","floor":13,"turns":6},{"damage":33,"enemies":"Exordium Thugs","floor":14,"turns":6},{"damage":41,"enemies":"Hexaghost","floor":16,"turns":8},{"damage":29,"enemies":"Shell Parasite","floor":18,"turns":5},{"damage":52,"enemies":"3 Byrds","floor":21,"turns":7},{"damage":30,"enemies":"Shelled Parasite and Fungi","floor":22,"turns":6},{"damage":20,"enemies":"Sentry and Sphere","floor":31,"turns":5},{"damage":95,"enemies":"Automaton","floor":33,"turns":8},{"damage":29,"enemies":"3 Darklings","floor":35,"turns":5},{"damage":69,"enemies":"infinitespire:Three Voidlings","floor":36,"turns":6},{"damage":158,"enemies":"Nightmare_Alpha","floor":36,"turns":11}],"seed_played":"-3475454311189689694","potions_obtained":[{"floor":4,"key":"BlessingOfTheForge"},{"floor":5,"key":"Strength Potion"},{"floor":11,"key":"Adrenaline Potion"},{"floor":16,"key":"DuplicationPotion"},{"floor":18,"key":"LifebloodPotion"},{"floor":33,"key":"Death Potion"}],"is_trial":false,"path_per_floor":["M","?","?","M","M","E","R","?","T","T","M","R","E","M","R_BF","B",null,"M","?","$","M","M","R","?","T","T","AVR","R","?","R","M","R_BF","B",null,"M","?"],"character_chosen":"BEAKED_THE_CULTIST","items_purchased":["beaked:ShinyBauble"],"campfire_rested":1,"item_purchase_floors":[20],"current_hp_per_floor":[53,39,39,50,49,36,36,36,36,36,57,57,54,41,57,51,59,42,42,42,20,15,15,15,15,15,15,34,34,34,65,65,46,72,74,0,0],"gold":243,"neow_bonus":"TEN_PERCENT_HP_BONUS","is_daily":false,"chose_seed":false,"campfire_upgraded":4,"win_rate":0.0,"timestamp":1613852342,"path_taken":["M","?","?","M","M","E","R","?","T","?","?","R","E","M","R_BF","BOSS","M","?","?","M","M","R","?","?","T","AVR","R","?","R","M","R_BF","BOSS","M","?"],"items_purchased_type":["Relic"],"build_version":"2020-12-22","purchased_purges":2,"victory":false,"max_hp_per_floor":[55,55,55,55,55,55,55,55,55,55,57,57,57,57,57,59,59,59,59,59,62,65,65,65,65,65,65,65,65,65,70,70,72,72,74,74,74],"card_choices":[{"not_picked":["beaked:Tradeoff","beaked:SacrificialDive"],"picked":"beaked:Brace","floor":1},{"not_picked":["infinitespire:Punishment","ReplayTheSpireMod:Haul"],"picked":"ReplayTheSpireMod:Book of Names","floor":2},{"not_picked":["beaked:SacrificialDive","beaked:Flinch","beaked:WarriorSpirit"],"picked":"SKIP","floor":4},{"not_picked":["beaked:MimicWarrior","beaked:Redirect","ReplayTheSpireMod:RavenHex"],"picked":"SKIP","floor":5},{"not_picked":["beaked:CursingBlood","beaked:Negation"],"picked":"beaked:WarriorEssence","floor":6},{"not_picked":["beaked:Overexert","beaked:StickSmack","beaked:DigDeep"],"picked":"Singing Bowl","floor":11},{"not_picked":["beaked:WarriorEssence","beaked:WarriorSpirit+1"],"picked":"beaked:Tweet+1","floor":13},{"not_picked":["beaked:WarriorEssence","beaked:Windmill"],"picked":"beaked:Sacrifice","floor":14},{"not_picked":["beaked:DarkPact+1","beaked:ShadowFade+1","beaked:VolatileMisfortune"],"picked":"Singing Bowl","floor":16},{"not_picked":["beaked:WarriorEssence","beaked:FeelMyPain+1"],"picked":"beaked:BraceForImpact+1","floor":18},{"not_picked":["beaked:MaddeningMurmurs","beaked:Tradeoff+1"],"picked":"beaked:Brace+1","floor":21},{"not_picked":["beaked:Devastation","beaked:Foresight+1"],"picked":"beaked:RitualOfBody","floor":22},{"not_picked":["beaked:Daydream+1","beaked:Struggle","beaked:MachineEssence"],"picked":"Singing Bowl","floor":31},{"not_picked":["beaked:LiftOff","beaked:Brainwash+1","beaked:ScreechingChant+1"],"picked":"Singing Bowl","floor":33},{"not_picked":["beaked:Redirect+1","beaked:Poke+1","beaked:Evade+1"],"picked":"Singing Bowl","floor":35}],"player_experience":484459,"relics_obtained":[{"floor":6,"key":"infinitespire:CursedDice"},{"floor":9,"key":"Singing Bowl"},{"floor":10,"key":"ReplayFunnel"},{"floor":13,"key":"Toxic Egg 2"},{"floor":25,"key":"Juzu Bracelet"},{"floor":26,"key":"Pen Nib"},{"floor":32,"key":"Pocketwatch"}],"event_choices":[{"damage_healed":0,"gold_gain":0,"player_choice":"0 cards matched","damage_taken":0,"max_hp_gain":0,"max_hp_loss":0,"event_name":"Match and Keep!","floor":19,"gold_loss":0,"cards_obtained":[]},{"damage_healed":0,"gold_gain":0,"player_choice":"Ignored","damage_taken":0,"max_hp_gain":0,"max_hp_loss":0,"event_name":"Ghosts","floor":24,"gold_loss":0}],"is_beta":false,"boss_relics":[{"not_picked":["Ectoplasm","bronze:MakeshiftBattery"],"picked":"Astrolabe"},{"not_picked":["Runic Dome","Calling Bell"],"picked":"ReplayTheSpireMod:DimensionalGlitch"}],"items_purged_floors":[20,27],"is_endless":false,"potions_floor_spawned":[4,5,11,14,16,18,21,33,36],"killed_by":"Nightmare_Alpha","ascension_level":0}}