{"host":"i09pxcjttd31eh4q","time":1613790362,"event":{"mods":["AchievementEnabler","BaseMod","Colored Map","Keyboard Shortcuts","Minty Spire (QoL Compilation)","StSLib","SuperFastMode"],"gold_per_floor":[111,122,47,47,47,80,80,100,182,182,212,231,231,262,262,333,333,353,353,371,371,70,70,70,70,70,70,87,104,104,131,131,131,131],"floor_reached":33,"language":"KOR","playtime":558,"items_purged":["Defend_P","Strike_P"],"score":662,"play_id":"cd6775fa-05c8-4827-8206-ee131bc07323","local_time":"20210220120602","is_ascension_mode":true,"campfire_choices":[{"data":"Eruption","floor":7.0,"key":"SMITH"},{"data":"BowlingBash","floor":13.0,"key":"SMITH"},{"data":"Collect","floor":15.0,"key":"SMITH"},{"data":"Adaptation","floor":23,"key":"SMITH"},{"data":"Vigilance","floor":27,"key":"SMITH"},{"floor":32,"key":"RECALL"}],"circlet_count":0,"master_deck":["AscendersBane","Strike_P","Strike_P","Defend_P","Defend_P","Eruption+1","Vigilance+1","BowlingBash+1","Collect+1","Adaptation+1"],"relics":["PureWater","NeowsBlessing","Bronze Scales","Mercury Hourglass","Akabeko","Bag of Marbles","Coffee Dripper","Bag of Preparation","Omamori","Vajra"],"acts_visited":["Exordium","TheCity"],"potions_floor_usage":[29,31,33],"damage_taken":[{"damage":0.0,"enemies":"Small Slimes","floor":1.0,"turns":1.0},{"damage":0.0,"enemies":"Jaw Worm","floor":2.0,"turns":1.0},{"damage":0.0,"enemies":"Gremlin Nob","floor":6.0,"turns":1.0},{"damage":0.0,"enemies":"2 Louse","floor":8.0,"turns":2.0},{"damage":12.0,"enemies":"3 Sentries","floor":11.0,"turns":6.0},{"damage":0.0,"enemies":"Lots of Slimes","floor":12.0,"turns":3.0},{"damage":6.0,"enemies":"Gremlin Nob","floor":14.0,"turns":3.0},{"damage":30.0,"enemies":"Slime Boss","floor":16.0,"turns":10.0},{"damage":11,"enemies":"3 Byrds","floor":18,"turns":3},{"damage":19,"enemies":"Spheric Guardian","floor":20,"turns":4},{"damage":0,"enemies":"Centurion and Healer","floor":28,"turns":3},{"damage":0,"enemies":"Chosen and Byrds","floor":29,"turns":1},{"damage":0,"enemies":"Gremlin Leader","floor":31,"turns":1},{"damage":7,"enemies":"Collector","floor":33,"turns":6}],"seed_played":"-1521244068644871533","potions_obtained":[{"floor":11.0,"key":"Fire Potion"},{"floor":12.0,"key":"LiquidMemories"},{"floor":14.0,"key":"DistilledChaos"},{"floor":16.0,"key":"Weak Potion"},{"floor":29,"key":"BottledMiracle"},{"floor":31,"key":"EssenceOfSteel"}],"is_trial":false,"path_per_floor":["M","M","$","?","?","E","R","M","T","?","E","M","R","E","R","B",null,"M","?","M","?","$","R","?","$","T","R","M","M","?","E","R","B"],"character_chosen":"WATCHER","items_purchased":["Adaptation","Bag of Preparation"],"campfire_rested":0,"item_purchase_floors":[22,22],"current_hp_per_floor":[61,61,61,61,66,66,66,66,66,66,54,54,54,48,48,18,59,48,48,29,8,8,8,8,8,8,8,8,8,8,8,8,1,1],"gold":131,"neow_bonus":"THREE_ENEMY_KILL","is_daily":false,"chose_seed":false,"campfire_upgraded":5,"win_rate":0.0,"timestamp":1613790362,"path_taken":["M","M","$","?","?","E","R","M","T","?","E","?","R","E","R","BOSS","M","?","M","?","$","R","?","$","T","R","M","M","?","E","R","BOSS"],"items_purchased_type":["Card","Relic"],"build_version":"2020-12-22","purchased_purges":2,"victory":false,"max_hp_per_floor":[68,68,68,68,73,73,73,73,73,73,73,73,73,73,73,73,73,73,73,73,78,78,78,78,78,78,78,78,78,78,78,78,78,78],"card_choices":[{"not_picked":["FlyingSleeves","JustLucky"],"picked":"BowlingBash","floor":1.0},{"not_picked":["Halt","CutThroughFate","MasterReality"],"picked":"SKIP","floor":2.0},{"not_picked":["PathToVictory","FollowUp","Wireheading"],"picked":"SKIP","floor":6.0},{"not_picked":["JustLucky","Protect","EmptyBody"],"picked":"SKIP","floor":8.0},{"not_picked":["Crescendo","Meditate","FollowUp"],"picked":"SKIP","floor":11.0},{"not_picked":["JustLucky","FlurryOfBlows","Prostrate"],"picked":"SKIP","floor":12.0},{"not_picked":["FollowUp","Study","WindmillStrike"],"picked":"SKIP","floor":14.0},{"not_picked":["SashWhip","Halt","FlurryOfBlows"],"picked":"SKIP","floor":18},{"not_picked":["Evaluate","Weave","WindmillStrike+1"],"picked":"SKIP","floor":20},{"not_picked":["Protect","Establishment","ClearTheMind"],"picked":"SKIP","floor":28},{"not_picked":["Protect","FollowUp","Evaluate"],"picked":"SKIP","floor":29},{"not_picked":["CutThroughFate","Protect+1","FollowUp"],"picked":"SKIP","floor":31}],"player_experience":931110,"relics_obtained":[{"floor":6.0,"key":"Bronze Scales"},{"floor":9.0,"key":"Mercury Hourglass"},{"floor":11.0,"key":"Akabeko"},{"floor":14.0,"key":"Bag of Marbles"},{"floor":26,"key":"Omamori"},{"floor":31,"key":"Vajra"}],"event_choices":[{"damage_healed":0.0,"max_hp_gain":0.0,"max_hp_loss":0.0,"gold_gain":0.0,"event_name":"Liars Game","player_choice":"Ignored","floor":4.0,"gold_loss":0.0,"damage_taken":0.0},{"damage_healed":0.0,"max_hp_gain":5.0,"max_hp_loss":0.0,"gold_gain":0.0,"event_name":"Big Fish","player_choice":"Donut","floor":5.0,"gold_loss":0.0,"damage_taken":0.0},{"damage_healed":0.0,"max_hp_gain":0.0,"max_hp_loss":0.0,"gold_gain":0.0,"cards_transformed":["Strike_P"],"event_name":"Transmorgrifier","player_choice":"Transformed","floor":10.0,"gold_loss":0.0,"damage_taken":0.0,"cards_obtained":["Collect"]},{"damage_healed":0,"gold_gain":0,"player_choice":"Ignored","damage_taken":0,"max_hp_gain":0,"max_hp_loss":0,"event_name":"The Mausoleum","floor":19,"gold_loss":0},{"damage_healed":0,"gold_gain":0,"player_choice":"Shed Blood","damage_taken":26,"max_hp_gain":5,"max_hp_loss":0,"event_name":"Forgotten Altar","floor":21,"gold_loss":0},{"damage_healed":0,"gold_gain":0,"player_choice":"Ignored","damage_taken":0,"max_hp_gain":0,"max_hp_loss":0,"event_name":"Ghosts","floor":24,"gold_loss":0},{"cards_removed":["Defend_P"],"damage_healed":0,"gold_gain":0,"player_choice":"Elegance","damage_taken":0,"max_hp_gain":0,"max_hp_loss":0,"event_name":"Back to Basics","floor":30,"gold_loss":0}],"is_beta":false,"boss_relics":[{"not_picked":["HolyWater","Astrolabe"],"picked":"Coffee Dripper"}],"items_purged_floors":[3,22],"is_endless":false,"potions_floor_spawned":[11,12,14,16,29,31],"killed_by":"Collector","ascension_level":20}}