{"host":"xg4r5pv6chpuampg","time":1613852453,"event":{"mods":["AchievementEnabler","BaseMod","Googly Eyes","Minty Spire (QoL Compilation)"],"gold_per_floor":[118,1,1,12,12,12,46,76,76,93,168,202,48,63,63,164,164,178,278,53,53,68,68,80,80,80,80,80,115,115,115],"floor_reached":30,"language":"ENG","playtime":1066,"items_purged":[],"score":293,"play_id":"eef25e6e-c241-45d9-ba66-f275bd7134e6","local_time":"20210220232053","is_ascension_mode":true,"campfire_choices":[{"data":"PathToVictory","floor":6,"key":"SMITH"},{"floor":15,"key":"REST"},{"floor":23,"key":"REST"},{"floor":25,"key":"REST"},{"floor":28,"key":"REST"}],"circlet_count":0,"master_deck":["Strike_P","Strike_P","Strike_P","Defend_P","Defend_P","Defend_P","Eruption","Vigilance","FlurryOfBlows","Wallop","PathToVictory+1","Consecrate","EmptyFist","CutThroughFate","Alpha","FlurryOfBlows","ThirdEye","DeusExMachina","CurseOfTheBell","ForeignInfluence","Wallop","TalkToTheHand","Weave","CutThroughFate","DeceiveReality","ThirdEye","J.A.X.","WaveOfTheHand","PathToVictory"],"relics":["PureWater","NeowsBlessing","InkBottle","Bottled Lightning","Dream Catcher","MealTicket","Calling Bell","Blood Vial","Darkstone Periapt","Lizard Tail","Chemical X","Mummified Hand"],"acts_visited":["Exordium","TheCity"],"potions_floor_usage":[16,29,30],"damage_taken":[{"damage":0,"enemies":"2 Louse","floor":1,"turns":1},{"damage":0,"enemies":"Cultist","floor":4,"turns":1},{"damage":0,"enemies":"Lagavulin","floor":7,"turns":1},{"damage":1,"enemies":"Jaw Worm","floor":10,"turns":2},{"damage":12,"enemies":"3 Sentries","floor":12,"turns":8},{"damage":5,"enemies":"3 Louse","floor":14,"turns":2},{"damage":20,"enemies":"Slime Boss","floor":16,"turns":8},{"damage":42,"enemies":"Spheric Guardian","floor":18,"turns":7},{"damage":12,"enemies":"Shell Parasite","floor":22,"turns":5},{"damage":50,"enemies":"Sentry and Sphere","floor":24,"turns":7},{"damage":66,"enemies":"Gremlin Leader","floor":29,"turns":7},{"damage":28,"enemies":"Snecko","floor":30,"turns":4}],"seed_played":"9106551332344878606","potions_obtained":[{"floor":1,"key":"Fire Potion"},{"floor":3,"key":"Weak Potion"},{"floor":3,"key":"PowerPotion"},{"floor":3,"key":"Weak Potion"},{"floor":12,"key":"Ambrosia"},{"floor":16,"key":"CultistPotion"},{"floor":22,"key":"BottledMiracle"},{"floor":24,"key":"PowerPotion"}],"is_trial":false,"path_per_floor":["M","$","?","M","?","R","E","?","T","M","?","E","$","M","R","B",null,"M","?","$","?","M","R","M","R","T","?","R","E","M"],"character_chosen":"WATCHER","items_purchased":["Wallop","PathToVictory","MealTicket","Chemical X","Wallop"],"campfire_rested":4,"item_purchase_floors":[2,2,13,20,20],"current_hp_per_floor":[72,72,72,72,65,65,65,65,65,64,53,41,41,36,57,37,72,30,30,45,45,35,56,8,29,29,29,50,24,0,0],"gold":115,"neow_bonus":"THREE_ENEMY_KILL","is_daily":false,"chose_seed":false,"campfire_upgraded":1,"win_rate":0.0,"timestamp":1613852453,"path_taken":["M","$","?","?","?","R","E","?","T","M","?","E","$","?","R","BOSS","M","?","?","?","?","R","M","R","T","?","R","E","M"],"items_purchased_type":["Card","Card","Relic","Relic","Card"],"build_version":"2020-12-22","purchased_purges":0,"victory":false,"max_hp_per_floor":[72,72,72,72,72,72,72,72,72,72,72,72,72,72,72,72,72,72,72,72,72,72,72,72,72,72,72,72,72,72,72],"card_choices":[{"not_picked":["Study","FlyingSleeves"],"picked":"FlurryOfBlows","floor":1},{"not_picked":["Worship","Indignation"],"picked":"Consecrate","floor":4},{"not_picked":["Meditate","CutThroughFate"],"picked":"EmptyFist","floor":7},{"not_picked":["CrushJoints","MasterReality"],"picked":"CutThroughFate","floor":10},{"not_picked":["InnerPeace","Pray"],"picked":"Alpha","floor":12},{"not_picked":["CrushJoints","ThirdEye"],"picked":"FlurryOfBlows","floor":14},{"not_picked":["FollowUp","ReachHeaven"],"picked":"ThirdEye","floor":15},{"not_picked":["LessonLearned","Ragnarok"],"picked":"DeusExMachina","floor":16},{"not_picked":["InnerPeace","Swivel"],"picked":"ForeignInfluence","floor":18},{"not_picked":["EmptyBody","Alpha"],"picked":"Weave","floor":22},{"not_picked":["ThirdEye","Prostrate"],"picked":"CutThroughFate","floor":23},{"not_picked":["EmptyFist","Evaluate"],"picked":"DeceiveReality","floor":24},{"not_picked":["Protect","Vengeance+1"],"picked":"ThirdEye","floor":25},{"not_picked":["SashWhip","FlyingSleeves+1"],"picked":"WaveOfTheHand","floor":28},{"not_picked":["ThirdEye+1","WaveOfTheHand+1"],"picked":"PathToVictory","floor":29}],"player_experience":147463,"relics_obtained":[{"floor":7,"key":"InkBottle"},{"floor":9,"key":"Bottled Lightning"},{"floor":12,"key":"Dream Catcher"},{"floor":17,"key":"Blood Vial"},{"floor":17,"key":"Darkstone Periapt"},{"floor":17,"key":"Lizard Tail"},{"floor":29,"key":"Mummified Hand"}],"event_choices":[{"damage_healed":0,"gold_gain":0,"player_choice":"Got Potions","damage_taken":0,"max_hp_gain":0,"max_hp_loss":0,"event_name":"Lab","floor":3,"gold_loss":0},{"cards_removed":["Strike_P"],"damage_healed":0,"gold_gain":0,"player_choice":"Card Removal","damage_taken":7,"max_hp_gain":0,"max_hp_loss":0,"event_name":"Golden Wing","floor":5,"gold_loss":0},{"damage_healed":0,"gold_gain":30,"player_choice":"Searched \u00272\u0027 times","damage_taken":0,"max_hp_gain":0,"max_hp_loss":0,"event_name":"Dead Adventurer","floor":8,"gold_loss":0},{"damage_healed":0,"gold_gain":75,"player_choice":"Gather Gold","damage_taken":11,"max_hp_gain":0,"max_hp_loss":0,"event_name":"World of Goop","floor":11,"gold_loss":0},{"damage_healed":0,"gold_gain":100,"player_choice":"Pray","damage_taken":0,"max_hp_gain":0,"max_hp_loss":0,"event_name":"Golden Shrine","floor":19,"gold_loss":0},{"damage_healed":0,"gold_gain":0,"cards_transformed":["Defend_P"],"player_choice":"Transformed","damage_taken":0,"max_hp_gain":0,"max_hp_loss":0,"event_name":"Transmorgrifier","floor":21,"gold_loss":0,"cards_obtained":["TalkToTheHand"]},{"damage_healed":0,"gold_gain":0,"player_choice":"Obtain J.A.X.","damage_taken":0,"max_hp_gain":0,"max_hp_loss":0,"event_name":"Drug Dealer","floor":27,"gold_loss":0,"cards_obtained":["J.A.X."]}],"is_beta":false,"boss_relics":[{"not_picked":["Sozu","SlaversCollar"],"picked":"Calling Bell"}],"items_purged_floors":[],"is_endless":false,"potions_floor_spawned":[1,10,12,16,18,22,24],"killed_by":"Snecko","ascension_level":1}}