{"host":"x8s7139x96bc3le0","time":1613858296,"event":{"mods":["AchievementEnabler","BaseMod","Bestiary","Minty Spire (QoL Compilation)","Relic Stats","ojb\u0027s Better Paths Mod","ojb\u0027s Info Mod"],"gold_per_floor":[114,124,124,141,73,98,116,116,116,116,126,155,171,189,189,292,292,303,316,329,329,341,368,368,402,402,402,402,431,450,87,87,185,185,197,197,197,197,216,216,247,247,272,300,315,61,71,81,81,81],"floor_reached":51,"language":"ENG","playtime":4437,"items_purged":["Strike_G","Strike_G"],"score":1406,"play_id":"064e08ef-55ad-4736-8508-1fccb5c33dbc","local_time":"20210220225816","is_ascension_mode":true,"campfire_choices":[{"data":"Dash","floor":8.0,"key":"SMITH"},{"data":"Neutralize","floor":10.0,"key":"SMITH"},{"data":"Backflip","floor":15.0,"key":"SMITH"},{"data":"Venomology","floor":24.0,"key":"SMITH"},{"data":"Venomology","floor":27.0,"key":"SMITH"},{"data":"Calculated Gamble","floor":32.0,"key":"SMITH"},{"data":"Escape Plan","floor":40.0,"key":"SMITH"},{"data":"Acrobatics","floor":42.0,"key":"SMITH"},{"data":"Eviscerate","floor":49.0,"key":"SMITH"}],"circlet_count":0,"master_deck":["AscendersBane","Strike_G","Defend_G","Defend_G","Defend_G","Defend_G","Defend_G","Survivor","Neutralize+1","Dash+1","Poisoned Stab","Dagger Throw","Eviscerate+1","Escape Plan+1","Tactician","Glass Knife+1","Backflip+1","Venomology+1","Prepared+1","Underhanded Strike+1","Acrobatics+1","Deadly Poison+1","Venomology+1","Eviscerate+1","Calculated Gamble+1","Glass Knife+1","PiercingWail+1","Sadistic Nature","Parasite","Noxious Fumes"],"relics":["Ring of the Snake","FossilizedHelix","CaptainsWheel","Lizard Tail","Molten Egg 2","HoveringKite","Nunchaku","Gambling Chip","Mummified Hand","Prayer Wheel","Toy Ornithopter","Centennial Puzzle","SacredBark","Ginger","Anchor","Pen Nib","Vajra"],"acts_visited":["Exordium","TheCity","TheBeyond"],"potions_floor_usage":[50,50,50],"damage_taken":[{"damage":0.0,"enemies":"Cultist","floor":1.0,"turns":4.0},{"damage":0.0,"enemies":"2 Louse","floor":2.0,"turns":3.0},{"damage":0.0,"enemies":"Small Slimes","floor":4.0,"turns":3.0},{"damage":0.0,"enemies":"Lagavulin","floor":6.0,"turns":6.0},{"damage":0.0,"enemies":"Looter","floor":7.0,"turns":3.0},{"damage":0.0,"enemies":"Exordium Thugs","floor":11.0,"turns":4.0},{"damage":10.0,"enemies":"3 Sentries","floor":12.0,"turns":6.0},{"damage":0.0,"enemies":"3 Louse","floor":13.0,"turns":3.0},{"damage":0.0,"enemies":"Red Slaver","floor":14.0,"turns":2.0},{"damage":43.0,"enemies":"The Guardian","floor":16.0,"turns":14.0},{"damage":6.0,"enemies":"2 Thieves","floor":18.0,"turns":3.0},{"damage":0.0,"enemies":"Chosen","floor":19.0,"turns":3.0},{"damage":16.0,"enemies":"Snake Plant","floor":20.0,"turns":5.0},{"damage":0.0,"enemies":"Snecko","floor":22.0,"turns":4.0},{"damage":0.0,"enemies":"Slavers","floor":23.0,"turns":6.0},{"damage":0.0,"enemies":"Book of Stabbing","floor":25.0,"turns":5.0},{"damage":0.0,"enemies":"Gremlin Leader","floor":29.0,"turns":6.0},{"damage":0.0,"enemies":"Shelled Parasite and Fungi","floor":30.0,"turns":3.0},{"damage":54.0,"enemies":"Automaton","floor":33.0,"turns":10.0},{"damage":2.0,"enemies":"3 Darklings","floor":35.0,"turns":6.0},{"damage":0.0,"enemies":"Orb Walker","floor":39.0,"turns":3.0},{"damage":0.0,"enemies":"Nemesis","floor":41.0,"turns":5.0},{"damage":0.0,"enemies":"Giant Head","floor":44.0,"turns":7.0},{"damage":0.0,"enemies":"Writhing Mass","floor":45.0,"turns":4.0},{"damage":14.0,"enemies":"4 Shapes","floor":47.0,"turns":10.0},{"damage":0.0,"enemies":"Spire Growth","floor":48.0,"turns":3.0},{"damage":96,"enemies":"Time Eater","floor":50,"turns":13}],"seed_played":"1634549822298619494","potions_obtained":[{"floor":1.0,"key":"SneckoOil"},{"floor":7.0,"key":"PowerPotion"},{"floor":12.0,"key":"Explosive Potion"},{"floor":13.0,"key":"FearPotion"},{"floor":16.0,"key":"AttackPotion"},{"floor":18.0,"key":"Swift Potion"},{"floor":19.0,"key":"Regen Potion"},{"floor":29.0,"key":"Strength Potion"},{"floor":35.0,"key":"Weak Potion"},{"floor":39.0,"key":"Regen Potion"}],"is_trial":false,"path_per_floor":["M","M","?","M","$","E","M","R","T","R","M","E","M","M","R","B",null,"M","M","M","?","M","E","R","E","T","R","T","E","M","$","R","B",null,"M","?","?","?","M","R","E","R","T","E","M","$","M","M","R","B",null],"character_chosen":"THE_SILENT","items_purchased":["Eviscerate","Eviscerate+1","Calculated Gamble","Centennial Puzzle","Vajra"],"campfire_rested":0,"item_purchase_floors":[5,31,31,31,46],"current_hp_per_floor":[63,63,63,63,63,63,63,63,63,63,63,53,53,53,53,10,50,44,44,42,42,42,42,42,42,42,42,42,42,63,63,63,9,50,58,58,58,58,63,63,63,63,63,63,63,63,49,63,63,2],"gold":81,"neow_bonus":"ONE_RARE_RELIC","is_daily":false,"chose_seed":false,"campfire_upgraded":9,"win_rate":0.0,"timestamp":1613858296,"path_taken":["M","?","?","M","$","E","M","R","T","R","M","E","M","M","R","BOSS","M","M","M","?","?","E","R","E","T","R","?","E","M","$","R","BOSS","M","?","?","?","M","R","E","R","T","E","M","$","M","?","R","BOSS"],"items_purchased_type":["Card","Card","Card","Relic","Relic"],"build_version":"2020-12-22","purchased_purges":2,"victory":true,"max_hp_per_floor":[63,63,63,63,63,63,63,63,63,63,63,63,63,63,63,63,63,63,63,63,63,63,63,63,63,63,63,63,63,63,63,63,63,63,63,63,63,63,63,63,63,63,63,63,63,63,63,63,63,63],"relic_stats":{"counters":[27,144],"HoveringKite":[62],"Pen Nib":[4],"Ginger":[5],"Lizard Tail":31,"Nunchaku":[17],"Centennial Puzzle":[12],"Mummified Hand":[11],"Gambling Chip":[29],"Prayer Wheel":6,"obtain_stats":[{"SacredBark":34,"HoveringKite":17,"Vajra":46,"Pen Nib":44,"Ginger":41,"CaptainsWheel":6,"Lizard Tail":9,"Nunchaku":23,"Centennial Puzzle":31,"Anchor":43,"Mummified Hand":26,"Gambling Chip":25,"Molten Egg 2":12,"Prayer Wheel":28,"FossilizedHelix":0,"Toy Ornithopter":29,"Ring of the Snake":0},{"SacredBark":19,"HoveringKite":10,"Vajra":24,"Pen Nib":23,"Ginger":22,"CaptainsWheel":4,"Lizard Tail":5,"Nunchaku":15,"Centennial Puzzle":18,"Anchor":22,"Mummified Hand":16,"Gambling Chip":16,"Molten Egg 2":7,"Prayer Wheel":16,"FossilizedHelix":0,"Toy Ornithopter":17,"Ring of the Snake":0},{"SacredBark":93,"HoveringKite":48,"Vajra":118,"Pen Nib":114,"Ginger":107,"CaptainsWheel":16,"Lizard Tail":19,"Nunchaku":69,"Centennial Puzzle":83,"Anchor":107,"Mummified Hand":74,"Gambling Chip":74,"Molten Egg 2":29,"Prayer Wheel":74,"FossilizedHelix":0,"Toy Ornithopter":80,"Ring of the Snake":0}],"Toy Ornithopter":35,"Ring of the Snake":[54]},"card_choices":[{"not_picked":["Underhanded Strike","Quick Slash"],"picked":"Dash","floor":1.0},{"not_picked":["Distraction","Tactician"],"picked":"Poisoned Stab","floor":2.0},{"not_picked":["Quick Slash","Outmaneuver"],"picked":"Dagger Throw","floor":4.0},{"not_picked":["Backflip","Underhanded Strike"],"picked":"Escape Plan","floor":6.0},{"not_picked":["Sucker Punch","Endless Agony"],"picked":"Tactician","floor":7.0},{"not_picked":["Skewer","Calculated Gamble","Acrobatics"],"picked":"SKIP","floor":11.0},{"not_picked":["Concentrate","Outmaneuver"],"picked":"Glass Knife+1","floor":12.0},{"not_picked":["Escape Plan","Skewer+1"],"picked":"Backflip","floor":13.0},{"not_picked":["Sucker Punch+1","Dagger Throw+1","Calculated Gamble"],"picked":"SKIP","floor":14.0},{"not_picked":["Die Die Die+1","Glass Knife+1"],"picked":"Venomology","floor":16.0},{"not_picked":["Outmaneuver","Reflex+1"],"picked":"Prepared+1","floor":18.0},{"not_picked":["Deflect","Riddle With Holes+1"],"picked":"Underhanded Strike+1","floor":19.0},{"not_picked":["Prepared","Quick Slash+1","Heel Hook+1"],"picked":"SKIP","floor":20.0},{"not_picked":["Dash+1","Slice+1"],"picked":"Acrobatics","floor":22.0},{"not_picked":["Underhanded Strike+1","Doppelganger"],"picked":"Deadly Poison+1","floor":23.0},{"not_picked":["Dagger Spray+1","Caltrops"],"picked":"Venomology","floor":25.0},{"not_picked":["Dagger Throw+1","Cloak And Dagger","Crippling Poison"],"picked":"SKIP","floor":29.0},{"not_picked":["Sucker Punch+1","Underhanded Strike+1","Reflex"],"picked":"SKIP","floor":30.0},{"not_picked":["Skewer+1","Dagger Spray+1","Deadly Poison"],"picked":"SKIP","floor":30.0},{"not_picked":["Night Terror","Envenom"],"picked":"Glass Knife+1","floor":33.0},{"not_picked":["Eviscerate+1","Blur"],"picked":"PiercingWail+1","floor":35.0},{"not_picked":["Flechettes+1","Quick Slash+1","Outmaneuver"],"picked":"SKIP","floor":35.0},{"not_picked":["Secret Technique","Dramatic Entrance+1"],"picked":"Sadistic Nature","floor":38.0},{"not_picked":["Dodge and Roll","Poisoned Stab+1","Outmaneuver+1"],"picked":"SKIP","floor":39.0},{"not_picked":["All Out Attack+1","Concentrate","Tactician"],"picked":"SKIP","floor":39.0},{"not_picked":["Bane+1","Dodge and Roll","Finisher+1"],"picked":"SKIP","floor":41.0},{"not_picked":["Deflect","Poisoned Stab+1","Blade Dance"],"picked":"SKIP","floor":44.0},{"not_picked":["Underhanded Strike+1","Deflect","Tactician"],"picked":"SKIP","floor":45.0},{"not_picked":["Catalyst","Tactician","Flying Knee+1"],"picked":"SKIP","floor":45.0},{"not_picked":["Leg Sweep","Tactician"],"picked":"Noxious Fumes","floor":47.0},{"not_picked":["Deflect","Accuracy","Acrobatics"],"picked":"SKIP","floor":47.0},{"not_picked":["Corpse Explosion","Underhanded Strike+1","Deflect"],"picked":"SKIP","floor":48.0},{"not_picked":["Bane+1","Poisoned Stab+1","Distraction"],"picked":"SKIP","floor":48.0}],"player_experience":868763,"relics_obtained":[{"floor":6.0,"key":"CaptainsWheel"},{"floor":9.0,"key":"Lizard Tail"},{"floor":12.0,"key":"Molten Egg 2"},{"floor":23.0,"key":"Nunchaku"},{"floor":25.0,"key":"Gambling Chip"},{"floor":26.0,"key":"Mummified Hand"},{"floor":28.0,"key":"Prayer Wheel"},{"floor":29.0,"key":"Toy Ornithopter"},{"floor":41.0,"key":"Ginger"},{"floor":43.0,"key":"Anchor"},{"floor":44.0,"key":"Pen Nib"}],"event_choices":[{"damage_healed":0.0,"max_hp_gain":0.0,"max_hp_loss":0.0,"gold_gain":0.0,"cards_transformed":["Strike_G"],"event_name":"Transmorgrifier","player_choice":"Transformed","floor":3.0,"gold_loss":0.0,"damage_taken":0.0,"cards_obtained":["Masterful Stab"]},{"cards_removed":["Strike_G"],"damage_healed":0.0,"max_hp_gain":0.0,"max_hp_loss":0.0,"gold_gain":0.0,"event_name":"Purifier","player_choice":"Purged","floor":21.0,"gold_loss":0.0,"damage_taken":0.0},{"damage_healed":0.0,"max_hp_gain":0.0,"max_hp_loss":0.0,"gold_gain":0.0,"event_name":"Tomb of Lord Red Mask","player_choice":"Ignored","floor":36.0,"gold_loss":0.0,"damage_taken":0.0},{"cards_removed":["Masterful Stab"],"damage_healed":0.0,"max_hp_gain":0.0,"max_hp_loss":0.0,"gold_gain":0.0,"event_name":"Falling","player_choice":"Removed Attack","floor":37.0,"gold_loss":0.0,"damage_taken":0.0},{"damage_healed":0.0,"max_hp_gain":0.0,"max_hp_loss":0.0,"gold_gain":0.0,"event_name":"SensoryStone","player_choice":"Memory 1","floor":38.0,"gold_loss":0.0,"damage_taken":0.0}],"is_beta":false,"boss_relics":[{"not_picked":["WristBlade","Tiny House"],"picked":"HoveringKite"},{"not_picked":["Philosopher\u0027s Stone","Pandora\u0027s Box"],"picked":"SacredBark"}],"items_purged_floors":[31,46],"is_endless":false,"potions_floor_spawned":[1,7,12,13,16,18,19,29,30,35,39,45],"ascension_level":12}}