{"host":"skr63qsdfgeey3it","time":1613865572,"event":{"mods":["BaseMod","Colored Map","Hubris","Minty Spire (QoL Compilation)","Monster B Gone","Reliquary","Replay The Spire","Spicy Shops","StSLib"],"gold_per_floor":[113,123,0,75,75,75,86,86,86,0,18,18,18],"floor_reached":12,"language":"ENG","playtime":280,"items_purged":[],"score":119,"play_id":"af46befd-87f6-4602-b0c6-7f9b6c02a28b","local_time":"20210220175932","is_ascension_mode":true,"campfire_choices":[{"floor":6,"key":"REST"},{"data":"Beam Cell","floor":8,"key":"SMITH"}],"circlet_count":0,"master_deck":["AscendersBane","Strike_B","Strike_B","Strike_B","Defend_B","Defend_B","Defend_B","Zap","Dualcast","Beam Cell+1","Rebound","Capacitor","Capacitor","Coolheaded","Sunder","Armaments"],"relics":["Cracked Core","PrismaticShard","hubris:SoftwareUpdate","StrikeDummy"],"acts_visited":["Exordium"],"potions_floor_usage":[12],"damage_taken":[{"damage":0,"enemies":"Cultist","floor":1,"turns":3},{"damage":0,"enemies":"2 Louse","floor":2,"turns":2},{"damage":9,"enemies":"Jaw Worm","floor":7,"turns":3},{"damage":21,"enemies":"Gremlin Gang","floor":11,"turns":5},{"damage":31,"enemies":"Lagavulin","floor":12,"turns":3}],"seed_played":"-3130788172438842465","potions_obtained":[{"floor":2,"key":"Venom Potion"},{"floor":7,"key":"PotionOfCapacity"}],"is_trial":false,"path_per_floor":["M","M","$","?","?","R","M","R","T","$","M","E"],"character_chosen":"DEFECT","items_purchased":["Capacitor","PrismaticShard","Sunder"],"campfire_rested":1,"item_purchase_floors":[3,3,10],"current_hp_per_floor":[46,46,46,35,35,56,47,47,47,47,26,0,0],"gold":18,"neow_bonus":"REMOVE_TWO","is_daily":false,"chose_seed":false,"campfire_upgraded":1,"win_rate":0.0,"timestamp":1613865572,"path_taken":["M","M","$","?","?","R","M","R","T","$","?","E"],"items_purchased_type":["Card","Relic","Card"],"build_version":"2020-12-22","purchased_purges":0,"victory":false,"max_hp_per_floor":[71,71,71,71,71,71,71,71,71,71,71,71,71],"card_choices":[{"not_picked":["BasicCrystalCard","Barrage"],"picked":"Beam Cell","floor":1},{"not_picked":["ReplaySolidLightProjector","ReplayTheSpireMod:Repulse"],"picked":"Rebound","floor":2},{"not_picked":["Blizzard","Time Bomb"],"picked":"Coolheaded","floor":7},{"not_picked":["ReplaySolidLightProjector","ClearTheMind"],"picked":"Armaments","floor":11}],"player_experience":983283,"relics_obtained":[{"floor":5,"key":"hubris:SoftwareUpdate"},{"floor":9,"key":"StrikeDummy"}],"event_choices":[{"damage_healed":0,"gold_gain":75,"player_choice":"Gather Gold","damage_taken":11,"max_hp_gain":0,"max_hp_loss":0,"event_name":"World of Goop","floor":4,"gold_loss":0},{"damage_healed":0,"gold_gain":0,"player_choice":"Relic","damage_taken":0,"max_hp_gain":0,"max_hp_loss":0,"event_name":"Wheel of Change","floor":5,"gold_loss":0}],"is_beta":false,"boss_relics":[],"items_purged_floors":[],"is_endless":false,"potions_floor_spawned":[2,7],"killed_by":"Lagavulin","ascension_level":15}}