{"host":"19t2eyow02s954g8","time":1613843969,"event":{"mods":["BaseMod","Colored Map","DeckTracker","Minty Spire (QoL Compilation)","StSLib","SuperFastMode"],"gold_per_floor":[109,4,4,4,4,30,30,48,75,95,105,105,122,149,149,223,223,240,0,12,27,27,27,61,81,131,131,145,156,156,167,167,240,240,253,253,253,153,153,153,169,169,221,221,221,221],"floor_reached":45,"language":"KOR","playtime":1739,"items_purged":["Strike_G","Defend_G"],"score":936,"play_id":"ed5b74a2-eac3-4b1e-9bdf-38e496959d8e","local_time":"20210221025929","is_ascension_mode":true,"campfire_choices":[{"data":"Blade Dance","floor":7,"key":"SMITH"},{"data":"Tactician","floor":12,"key":"SMITH"},{"data":"Prepared","floor":15,"key":"SMITH"},{"floor":23,"key":"REST"},{"floor":32,"key":"REST"},{"data":"Acrobatics","floor":40,"key":"SMITH"},{"data":"Venomology","floor":42,"key":"SMITH"},{"data":"Footwork","floor":44,"key":"SMITH"}],"circlet_count":0,"master_deck":["AscendersBane","Defend_G","Defend_G","Defend_G","Defend_G","Survivor","Neutralize","Footwork+1","Sucker Punch","Blade Dance+1","Tactician+1","Leg Sweep","Dagger Throw","Venomology+1","Prepared+1","Adrenaline","Backflip","Panache","Well Laid Plans","Escape Plan","Choke+1","Tools of the Trade","Infinite Blades","PiercingWail","After Image","Acrobatics+1"],"relics":["Ring of the Snake","NeowsBlessing","Vajra","Pen Nib","Omamori","Orichalcum","Empty Cage","Pear","HoveringKite","White Beast Statue","Art of War"],"acts_visited":["Exordium","TheCity","TheBeyond"],"potions_floor_usage":[14,14,16,16,21,24,24,24,25,28,28,28,31,33,33,35,35,45],"damage_taken":[{"damage":0,"enemies":"Cultist","floor":1,"turns":1},{"damage":0,"enemies":"Gremlin Nob","floor":6,"turns":1},{"damage":0,"enemies":"Small Slimes","floor":8,"turns":1},{"damage":0,"enemies":"Jaw Worm","floor":10,"turns":4},{"damage":15,"enemies":"Lots of Slimes","floor":11,"turns":6},{"damage":9,"enemies":"3 Louse","floor":13,"turns":4},{"damage":12,"enemies":"3 Sentries","floor":14,"turns":10},{"damage":9,"enemies":"Slime Boss","floor":16,"turns":10},{"damage":8,"enemies":"Chosen","floor":18,"turns":5},{"damage":2,"enemies":"3 Byrds","floor":20,"turns":4},{"damage":17,"enemies":"Snecko","floor":21,"turns":9},{"damage":24,"enemies":"Book of Stabbing","floor":24,"turns":4},{"damage":11,"enemies":"Chosen and Byrds","floor":25,"turns":5},{"damage":19,"enemies":"Shelled Parasite and Fungi","floor":28,"turns":3},{"damage":0,"enemies":"Snecko","floor":29,"turns":5},{"damage":22,"enemies":"Sentry and Sphere","floor":31,"turns":5},{"damage":35,"enemies":"Automaton","floor":33,"turns":8},{"damage":0,"enemies":"3 Shapes","floor":35,"turns":6},{"damage":6,"enemies":"Orb Walker","floor":41,"turns":3},{"damage":0,"enemies":"4 Shapes","floor":45,"turns":3}],"seed_played":"-8922920561061646799","potions_obtained":[{"floor":1,"key":"Energy Potion"},{"floor":11,"key":"Regen Potion"},{"floor":21,"key":"PowerPotion"},{"floor":24,"key":"Explosive Potion"},{"floor":25,"key":"Block Potion"},{"floor":33,"key":"Fire Potion"},{"floor":41,"key":"DuplicationPotion"}],"is_trial":false,"path_per_floor":["M","$","?","?","$","E","R","M","T","M","M","R","M","E","R","B",null,"M","$","M","M","?","R","E","M","T","?","M","M","?","M","R","B",null,"M","?","?","$","T","R","M","R","T","R","M"],"character_chosen":"THE_SILENT","items_purchased":["Sucker Punch","Panache","Well Laid Plans"],"campfire_rested":2,"item_purchase_floors":[2,19,19],"current_hp_per_floor":[59,59,64,59,59,59,59,59,59,59,44,44,35,38,38,29,61,53,53,51,34,34,55,41,30,30,46,27,27,27,14,38,3,62,62,62,62,62,62,62,56,56,56,56,56,56],"gold":221,"neow_bonus":"THREE_ENEMY_KILL","is_daily":false,"chose_seed":false,"campfire_upgraded":6,"win_rate":0.0,"timestamp":1613843969,"path_taken":["M","$","?","?","?","E","R","M","T","M","M","R","M","E","R","BOSS","M","$","M","?","?","R","E","M","T","?","?","M","?","?","R","BOSS","M","?","?","$","?","R","M","R","T","R","?"],"items_purchased_type":["Card","Card","Card"],"build_version":"2020-12-22","purchased_purges":2,"victory":false,"max_hp_per_floor":[66,66,71,71,71,71,71,71,71,71,71,71,71,71,71,71,71,71,71,71,71,71,71,81,81,81,81,81,81,81,81,81,81,81,81,81,81,81,81,81,81,81,81,81,81,81],"card_choices":[{"not_picked":["Backstab","Slice"],"picked":"Footwork","floor":1},{"not_picked":["Quick Slash","Deadly Poison"],"picked":"Blade Dance","floor":6},{"not_picked":["Backstab","Sucker Punch"],"picked":"Tactician","floor":8},{"not_picked":["Underhanded Strike","Backflip"],"picked":"Leg Sweep","floor":10},{"not_picked":["Concentrate","Underhanded Strike"],"picked":"Dagger Throw","floor":11},{"not_picked":["Deadly Poison","Concentrate"],"picked":"Venomology","floor":13},{"not_picked":["Underhanded Strike","Flying Knee"],"picked":"Prepared","floor":14},{"not_picked":["Grand Finale","Doppelganger"],"picked":"Adrenaline","floor":16},{"not_picked":["Slice","Bane"],"picked":"Backflip","floor":18},{"not_picked":["Expertise","Deflect"],"picked":"Escape Plan","floor":20},{"not_picked":["Concentrate","Heel Hook"],"picked":"Choke+1","floor":21},{"not_picked":["Sucker Punch","Flying Knee"],"picked":"Tools of the Trade","floor":24},{"not_picked":["Dodge and Roll","Dagger Throw","Deadly Poison"],"picked":"SKIP","floor":25},{"not_picked":["Sucker Punch","Flying Knee","Dash"],"picked":"SKIP","floor":28},{"not_picked":["Well Laid Plans","Underhanded Strike","Deflect"],"picked":"SKIP","floor":29},{"not_picked":["Predator","Concentrate"],"picked":"PiercingWail","floor":31},{"not_picked":["Adrenaline","Glass Knife"],"picked":"After Image","floor":33},{"not_picked":["Masterful Stab+1","Slice"],"picked":"Acrobatics","floor":35},{"not_picked":["Tactician","Eviscerate","Leg Sweep"],"picked":"SKIP","floor":41}],"player_experience":4298521,"relics_obtained":[{"floor":6,"key":"Pen Nib"},{"floor":9,"key":"Omamori"},{"floor":14,"key":"Orichalcum"},{"floor":24,"key":"Pear"},{"floor":39,"key":"White Beast Statue"},{"floor":43,"key":"Art of War"}],"event_choices":[{"damage_healed":0,"gold_gain":0,"player_choice":"Donut","damage_taken":0,"max_hp_gain":5,"max_hp_loss":0,"event_name":"Big Fish","floor":3,"gold_loss":0},{"damage_healed":0,"gold_gain":0,"player_choice":"Success","damage_taken":5,"relics_obtained":["Vajra"],"max_hp_gain":0,"max_hp_loss":0,"event_name":"Scrap Ooze","floor":4,"gold_loss":0},{"damage_healed":0,"gold_gain":0,"player_choice":"Ignored","damage_taken":0,"max_hp_gain":0,"max_hp_loss":0,"event_name":"Vampires","floor":22,"gold_loss":0},{"damage_healed":16,"gold_gain":0,"player_choice":"Heal","damage_taken":0,"max_hp_gain":0,"max_hp_loss":0,"event_name":"The Library","floor":27,"gold_loss":0},{"damage_healed":0,"gold_gain":0,"cards_transformed":["Strike_G"],"player_choice":"Transformed","damage_taken":0,"max_hp_gain":0,"max_hp_loss":0,"event_name":"Transmorgrifier","floor":30,"gold_loss":0,"cards_obtained":["Infinite Blades"]},{"cards_removed":["Strike_G"],"damage_healed":0,"gold_gain":0,"player_choice":"Removed Attack","damage_taken":0,"max_hp_gain":0,"max_hp_loss":0,"event_name":"Falling","floor":36,"gold_loss":0},{"damage_healed":0,"gold_gain":0,"player_choice":"Ignored","damage_taken":0,"max_hp_gain":0,"max_hp_loss":0,"event_name":"Tomb of Lord Red Mask","floor":37,"gold_loss":0}],"is_beta":false,"boss_relics":[{"not_picked":["SlaversCollar","Runic Pyramid"],"picked":"Empty Cage"},{"not_picked":["Black Star","Cursed Key"],"picked":"HoveringKite"}],"items_purged_floors":[2,38],"is_endless":false,"potions_floor_spawned":[1,11,13,21,24,25,33,41],"killed_by":"4 Shapes","ascension_level":20}}