{"host":"u0qetpmu4y58k1tf","time":1613806760,"event":{"mods":["100% Spire Juice","AchievementEnabler","Act Like it!","BaseMod","CapriCore","Colored Map","Colored Powertips","Hermit","Koishi","Marisa£¨Ùöéë¡¡Øª×âÞÞ£©","Minty Spire (QoL Compilation)","Quick Restart","Reliquary","Replay The Spire","StSLib","Td1madao Mod","The Bug Knight","The Cursed","The Dragon Tamer","The Gatherer","The Hierophant","The Immortal","The Jungle","The Runesmith","WarShipGirlsR/??á´Ò³R mod"],"gold_per_floor":[118,118,131,281,49,49,78,78,102,102,123,170,170,217,217,337,337,392,392,136,61,104,482,482,542,595,669,669,731,731,236,236,373,373,413,413,455,501,568,568,568,568],"floor_reached":41,"language":"KOR","playtime":2043,"items_purged":["Doubt","CutThroughFate"],"score":1536,"play_id":"42947b41-999b-40e0-b79d-7c20d7baace6","local_time":"20210220163920","daily_mods":["Draft","Diverse","Colorless Cards","Heirloom","DeadlyEvents","Elite Swarm"],"is_ascension_mode":true,"campfire_choices":[{"data":"PropBag","floor":6.0,"key":"SMITH"},{"data":"rmod:abidefaith","floor":8.0,"key":"SMITH"},{"data":"True Grit","floor":10.0,"key":"SMITH"},{"data":"rmod:windflower","floor":13.0,"key":"SMITH"},{"data":"1","floor":24.0,"key":"LIFT"},{"data":"2","floor":28.0,"key":"LIFT"},{"data":"3","floor":30.0,"key":"LIFT"},{"data":"JA","floor":32.0,"key":"SMITH"},{"floor":40.0,"key":"RECALL"}],"circlet_count":0,"master_deck":["AscendersBane","True Grit+1","PropBag+1","Finesse","Runesmith:RuneHurl","Koishi:Whimsy+1","TheCursedMod:SurpriseAttack","DTMod:RunningTactic+1","Moonworks:SakisCookie","MokouMod:Afterburner","HollowMod:CycloneSlash","Moonworks:NicePresent","TheCursedMod:CircleOfFlame","HollowMod:CloakDash","DTMod:Weaken","rmod:abidefaith+1","rmod:windflower+1","rmod:acesubmarine","JA+1","CurseOfTheBell","Crow Ritual","Impatience","Devotion","Metallicize+1","Core Surge","Die Die Die","HollowMod:ChannelNail","Crow Ritual","Turbo","rmod:fuelsupply+1","Black Warm Hole","Endless Agony"],"relics":["HollowMod:VesselMask","Ginger","HollowMod:JonisBlessing","Replay:Bandana","Anchor","War Paint","TungstenRod","Golden Idol","Calling Bell","Strawberry","Pear","Girya","Omamori","Old Coin","Prayer Wheel","ReplayTheSpireMod:Ninjato","Medical Kit","reliquary:Stiletto","Coffee Dripper","Turnip"],"acts_visited":["Exordium","TheCity","TheBeyond"],"potions_floor_usage":[],"damage_taken":[{"damage":0.0,"enemies":"Jaw Worm","floor":1.0,"turns":2.0},{"damage":0.0,"enemies":"Small Slimes","floor":3.0,"turns":2.0},{"damage":0.0,"enemies":"Gremlin Nob","floor":7.0,"turns":3.0},{"damage":0.0,"enemies":"2 Louse","floor":11.0,"turns":2.0},{"damage":0.0,"enemies":"Lagavulin","floor":12.0,"turns":5.0},{"damage":0.0,"enemies":"Gremlin Nob","floor":14.0,"turns":3.0},{"damage":13.0,"enemies":"Hexaghost","floor":16.0,"turns":8.0},{"damage":0.0,"enemies":"Spheric Guardian","floor":18.0,"turns":3.0},{"damage":0.0,"enemies":"Shell Parasite","floor":22.0,"turns":3.0},{"damage":0.0,"enemies":"HollowMod:Nosk","floor":23.0,"turns":4.0},{"damage":0.0,"enemies":"Centurion and Healer","floor":25.0,"turns":3.0},{"damage":5.0,"enemies":"Book of Stabbing","floor":27.0,"turns":4.0},{"damage":0.0,"enemies":"Slavers","floor":29.0,"turns":2.0},{"damage":0.0,"enemies":"Champ","floor":33.0,"turns":4.0},{"damage":0.0,"enemies":"Orb Walker","floor":35.0,"turns":1.0},{"damage":5.0,"enemies":"3 Shapes","floor":37.0,"turns":3.0},{"damage":16.0,"enemies":"HollowMod:SlobberingHusk","floor":38.0,"turns":3.0},{"damage":0.0,"enemies":"Giant Head","floor":39.0,"turns":3.0},{"damage":0,"enemies":"Nemesis","floor":41,"turns":1}],"seed_played":"-5144028674841148802","potions_obtained":[{"floor":12.0,"key":"Dexterity Potion"},{"floor":14.0,"key":"Explosive Potion"},{"floor":16.0,"key":"LiquidBronze"},{"floor":23.0,"key":"Elixir"},{"floor":25.0,"key":"LiquidMemories"},{"floor":27.0,"key":"BlessingOfTheForge"},{"floor":33.0,"key":"FearPotion"},{"floor":38.0,"key":"ColorlessPotion"}],"is_trial":true,"path_per_floor":["M","?","M","?","$","R","E","R","T","R","M","E","R","E","R_BF","B",null,"M","?","$","?","M","E","R","M","T","E","R","E","R","$","R","B",null,"M","?","M","M","E","R","E"],"character_chosen":"THE_BUGKNIGHT","items_purchased":["HollowMod:JonisBlessing","Omamori","Impatience","Medical Kit","HollowMod:ChannelNail","reliquary:Stiletto"],"campfire_rested":0,"item_purchase_floors":[5,20,20,31,31,31],"current_hp_per_floor":[68,68,68,68,68,68,68,68,68,68,68,68,68,68,43,30,81,81,81,81,81,81,81,81,81,81,76,76,76,76,76,76,76,88,88,88,83,67,67,67,67,67],"gold":568,"neow_bonus":"","is_daily":false,"chose_seed":false,"campfire_upgraded":5,"win_rate":0.0,"timestamp":1613806760,"path_taken":["M","?","M","?","$","R","E","R","T","R","?","E","R","E","R_BF","BOSS","M","?","?","?","?","E","R","M","T","E","R","E","R","$","R","BOSS","M","?","M","?","?","R","E"],"items_purchased_type":["Relic","Relic","Card","Relic","Card","Relic"],"build_version":"2020-12-22","purchased_purges":2,"victory":false,"max_hp_per_floor":[75,75,75,75,75,75,75,75,75,75,75,75,75,75,75,75,92,92,92,92,92,92,92,92,92,92,92,92,92,92,92,92,92,92,92,92,92,92,92,92,92,92],"card_choices":[{"not_picked":["DTMod:Training","DTMod:Feint"],"picked":"True Grit","floor":0.0},{"not_picked":["HollowMod:BaldurShell","ReplayTheSpireMod:Calculation Training"],"picked":"PropBag","floor":0.0},{"not_picked":["IllusionStar","Clash"],"picked":"Finesse","floor":0.0},{"not_picked":["MokouMod:FlickeringFlame","MokouMod:EternalBurstReactor"],"picked":"Runesmith:RuneHurl","floor":0.0},{"not_picked":["rmod:ammunitionsupply","Provocative"],"picked":"Koishi:Whimsy","floor":0.0},{"not_picked":["DTMod:BurningEnergy","Moonworks:IndiscriminateFireSupport"],"picked":"TheCursedMod:SurpriseAttack","floor":0.0},{"not_picked":["UnstableBomb","hermit:Ricochet"],"picked":"Runesmith:Accelerate","floor":0.0},{"not_picked":["Lockon","TheCursedMod:ManaBullet"],"picked":"DTMod:RunningTactic","floor":0.0},{"not_picked":["Dagger Throw","Koishi:ApparitionsStalkTheNight"],"picked":"Moonworks:SakisCookie","floor":0.0},{"not_picked":["Warcry","DTMod:CrossStep"],"picked":"MokouMod:Afterburner","floor":0.0},{"not_picked":["Beam Cell","Koishi:BloodcurdlingScream"],"picked":"HollowMod:CycloneSlash","floor":0.0},{"not_picked":["MokouMod:TemporalFireSeal","MokouMod:ResoluteFlare"],"picked":"CutThroughFate","floor":0.0},{"not_picked":["HollowMod:ShadowDash","hermit:Feint"],"picked":"Moonworks:NicePresent","floor":0.0},{"not_picked":["DTMod:Feint","hierophant:Rebuild"],"picked":"TheCursedMod:CircleOfFlame","floor":0.0},{"not_picked":["Runesmith:EarthShield","hierophant:SealAway"],"picked":"Gash","floor":0.0},{"not_picked":["MokouMod:UncontrollableSolarReaction","Chill"],"picked":"HollowMod:CloakDash","floor":1.0},{"not_picked":["Slice","Rebound"],"picked":"DTMod:Weaken","floor":3.0},{"not_picked":["hermit:HeroicBravado","SpiritShield"],"picked":"rmod:abidefaith","floor":7.0},{"not_picked":["hierophant:Zeal","UnstableBomb","Provocative"],"picked":"SKIP","floor":11.0},{"not_picked":["rmod:desperatesituation","hierophant:Anathema"],"picked":"rmod:windflower","floor":12.0},{"not_picked":["Runesmith:ReplicatingBarrier","Black Warm Hole"],"picked":"rmod:acesubmarine","floor":14.0},{"not_picked":["Blasphemy","TheCursedMod:UltimatePain"],"picked":"JA","floor":16.0},{"not_picked":["rmod:aluminumsupply","MokouMod:EternalBurstReactor"],"picked":"Crow Ritual","floor":18.0},{"not_picked":["hermit:Roulette","Koishi:SubterraneanRose","HollowMod:SharpenedNail+1"],"picked":"SKIP","floor":22.0},{"not_picked":["rmod:secretscript","TheCursedMod:CircleOfAbyss"],"picked":"Devotion","floor":23.0},{"not_picked":["BowlingBash+1","DTMod:Punisher"],"picked":"Metallicize+1","floor":25.0},{"not_picked":["Runesmith:Duplicate","hierophant:Anathema"],"picked":"Core Surge","floor":27.0},{"not_picked":["TheCursedMod:ParallelWorld","ReplayTheSpireMod:Necrosis"],"picked":"Die Die Die","floor":29.0},{"not_picked":["Moonworks:HolyNight","Koishi:ImGoingToCallYouNow"],"picked":"Crow Ritual","floor":33.0},{"not_picked":["DeepEcoloBomb+1","HollowMod:QuirrelsAssistance","HollowMod:InfectedCysts"],"picked":"SKIP","floor":35.0},{"not_picked":["Melter","Gatherer:Snatch","ShootingEcho"],"picked":"SKIP","floor":35.0},{"not_picked":["Gatherer:FragileHammer","HollowMod:LifebloodCocoon"],"picked":"Turbo","floor":37.0},{"not_picked":["HollowMod:InfectedCysts+1","Moonworks:MixPhenomenon"],"picked":"rmod:fuelsupply+1","floor":37.0},{"not_picked":["Runesmith:WhiteBalance","FlurryOfBlows"],"picked":"Black Warm Hole","floor":38.0},{"not_picked":["Consecrate","FlyingSleeves"],"picked":"Endless Agony","floor":38.0},{"not_picked":["TheCursedMod:ShockAndAwe","MokouMod:ResonatingAura","Koishi:ConditionedTeleport"],"picked":"SKIP","floor":39.0}],"player_experience":183617,"relics_obtained":[{"floor":7.0,"key":"Replay:Bandana"},{"floor":9.0,"key":"Anchor"},{"floor":12.0,"key":"War Paint"},{"floor":14.0,"key":"TungstenRod"},{"floor":17.0,"key":"Strawberry"},{"floor":17.0,"key":"Pear"},{"floor":17.0,"key":"Girya"},{"floor":23.0,"key":"Old Coin"},{"floor":27.0,"key":"Prayer Wheel"},{"floor":29.0,"key":"ReplayTheSpireMod:Ninjato"},{"floor":39.0,"key":"Turnip"}],"event_choices":[{"damage_healed":0.0,"max_hp_gain":0.0,"max_hp_loss":0.0,"gold_gain":150.0,"event_name":"Liars Game","player_choice":"AGREE","floor":4.0,"gold_loss":0.0,"damage_taken":0.0,"cards_obtained":["Doubt"]},{"damage_healed":0.0,"max_hp_gain":0.0,"max_hp_loss":0.0,"gold_gain":0.0,"event_name":"Golden Idol","player_choice":"Take Damage","floor":15.0,"gold_loss":0.0,"damage_taken":26.0,"relics_obtained":["Golden Idol"]},{"damage_healed":0.0,"max_hp_gain":0.0,"max_hp_loss":0.0,"gold_gain":0.0,"event_name":"Vampires","player_choice":"Ignored","floor":19.0,"gold_loss":0.0,"damage_taken":0.0},{"cards_removed":["Runesmith:Accelerate"],"damage_healed":0.0,"max_hp_gain":0.0,"max_hp_loss":0.0,"gold_gain":0.0,"event_name":"Beggar","player_choice":"Gave Gold","floor":21.0,"gold_loss":75.0,"damage_taken":0.0},{"cards_removed":["Gash"],"damage_healed":0.0,"max_hp_gain":0.0,"max_hp_loss":0.0,"gold_gain":0.0,"event_name":"Falling","player_choice":"Removed Attack","floor":36.0,"gold_loss":0.0,"damage_taken":0.0}],"is_beta":false,"boss_relics":[{"not_picked":["Cursed Key","Replay:Bronze Core"],"picked":"Calling Bell"},{"not_picked":["Busted Crown","Empty Cage"],"picked":"Coffee Dripper"}],"items_purged_floors":[5,31],"is_endless":false,"potions_floor_spawned":[12,14,16,23,25,27,33,38],"killed_by":"Nemesis","ascension_level":20}}