{"host":"eoyiepan94o8zmpo","time":1613845180,"event":{"mods":["2.2 Compatiblity","BaseMod","Dark Map","Highlight Path","Minty Spire (QoL Compilation)","Quick Restart"],"gold_per_floor":[115,130,130,147,165,191,191,226,226,226,191,216,37,68,68,196,196,238,238,238,258,269,269,300,300,300,355,21,21,21,74,74,173,173,183,198,248,248,131,131,0,56,56,56,71,105,117,171,171,196],"floor_reached":51,"language":"ENG","playtime":1673,"items_purged":[],"score":815,"play_id":"8b4f81fb-67ec-4062-893f-fcf7be3c839f","local_time":"20210220191940","is_ascension_mode":true,"campfire_choices":[{"data":"Demon Form","floor":7,"key":"SMITH"},{"floor":10,"key":"REST"},{"data":"HandOfGreed","floor":15,"key":"SMITH"},{"data":"Perfected Strike","floor":23,"key":"SMITH"},{"data":"Apotheosis","floor":29,"key":"SMITH"},{"data":"Pommel Strike","floor":32,"key":"SMITH"},{"data":"Limit Break","floor":40,"key":"SMITH"},{"data":"Rage","floor":44,"key":"SMITH"},{"data":"Double Tap","floor":49,"key":"SMITH"}],"circlet_count":0,"master_deck":["Strike_R+1","Strike_R+1","Strike_R+1","Strike_R+1","Strike_R+1","Defend_R+1","Defend_R+1","Defend_R+1","Defend_R+1","Bash","Demon Form+1","Thunderclap","Pommel Strike+1","Perfected Strike+1","Dropkick","Pommel Strike","Rage+1","HandOfGreed+1","Uppercut","Double Tap+1","Cleave","Iron Wave","Wild Strike","Twin Strike","Apotheosis+1","Dropkick","Limit Break+1","Second Wind+1","Havoc+1","Seeing Red+1","Battle Trance+1","Havoc+1","Ghostly Armor"],"relics":["Burning Blood","Meat on the Bone","Bottled Flame","Prayer Wheel","Calipers","Busted Crown","Oddly Smooth Stone","Lizard Tail","Pantograph","Membership Card","Red Skull","Pocketwatch","Mark of Pain","Mango","Anchor","Red Mask","Mummified Hand","Unceasing Top","Bronze Scales","Champion Belt"],"acts_visited":["Exordium","TheCity","TheBeyond"],"potions_floor_usage":[8,24,27,31,50,50],"damage_taken":[{"damage":10,"enemies":"Small Slimes","floor":1,"turns":3},{"damage":4,"enemies":"Cultist","floor":2,"turns":4},{"damage":13,"enemies":"2 Louse","floor":4,"turns":3},{"damage":22,"enemies":"Looter","floor":5,"turns":4},{"damage":25,"enemies":"Gremlin Nob","floor":6,"turns":4},{"damage":36,"enemies":"3 Sentries","floor":8,"turns":5},{"damage":21,"enemies":"Lagavulin","floor":12,"turns":6},{"damage":8,"enemies":"Blue Slaver","floor":14,"turns":3},{"damage":46,"enemies":"Slime Boss","floor":16,"turns":6},{"damage":10,"enemies":"2 Thieves","floor":18,"turns":2},{"damage":10,"enemies":"Spheric Guardian","floor":21,"turns":3},{"damage":13,"enemies":"Cultist and Chosen","floor":22,"turns":6},{"damage":35,"enemies":"Gremlin Leader","floor":24,"turns":6},{"damage":36,"enemies":"Book of Stabbing","floor":27,"turns":5},{"damage":30,"enemies":"Slavers","floor":31,"turns":4},{"damage":23,"enemies":"Champ","floor":33,"turns":6},{"damage":15,"enemies":"Orb Walker","floor":35,"turns":3},{"damage":16,"enemies":"3 Darklings","floor":36,"turns":5},{"damage":0,"enemies":"Mind Bloom Boss Battle","floor":37,"turns":3},{"damage":48,"enemies":"Reptomancer","floor":42,"turns":7},{"damage":7,"enemies":"Spire Growth","floor":45,"turns":4},{"damage":39,"enemies":"Nemesis","floor":46,"turns":5},{"damage":11,"enemies":"4 Shapes","floor":47,"turns":2},{"damage":14,"enemies":"2 Orb Walkers","floor":48,"turns":3},{"damage":36,"enemies":"Awakened One","floor":50,"turns":10}],"seed_played":"-2862709786076616065","potions_obtained":[{"floor":1,"key":"Strength Potion"},{"floor":8,"key":"LiquidBronze"},{"floor":12,"key":"FairyPotion"},{"floor":21,"key":"BloodPotion"},{"floor":24,"key":"PowerPotion"},{"floor":37,"key":"Explosive Potion"},{"floor":45,"key":"SteroidPotion"}],"is_trial":false,"path_per_floor":["M","M","?","M","M","E","R","E","T","R","?","E","$","M","R","B",null,"M","?","?","M","M","R","E","?","T","E","$","R","?","E","R","B",null,"M","M","?","?","$","R","?","E","T","R","M","E","M","?","R","B",null],"character_chosen":"IRONCLAD","items_purchased":["HandOfGreed","Membership Card","Apotheosis","Red Skull","Dropkick","Anchor","Regen Potion"],"campfire_rested":1,"item_purchase_floors":[13,28,28,28,28,39,39],"current_hp_per_floor":[76,78,80,73,57,38,38,20,20,44,64,49,49,47,47,19,80,76,76,76,72,65,65,48,48,48,30,30,30,30,34,34,54,80,71,61,94,94,94,94,94,64,64,64,63,42,49,53,53,63],"gold":196,"neow_bonus":"ONE_RANDOM_RARE_CARD","is_daily":false,"chose_seed":false,"campfire_upgraded":8,"win_rate":0.0,"timestamp":1613845180,"path_taken":["M","M","?","M","?","E","R","E","T","R","?","E","$","M","R","BOSS","M","?","?","M","M","R","E","?","T","E","?","R","?","E","R","BOSS","M","M","?","?","?","R","?","E","T","R","M","E","?","?","R","BOSS"],"items_purchased_type":["Card","Relic","Card","Relic","Card","Relic","Potion"],"build_version":"2020-12-22","purchased_purges":0,"victory":true,"max_hp_per_floor":[80,80,80,80,80,80,80,80,80,80,80,80,80,80,80,80,80,80,80,80,80,80,80,80,80,80,80,80,80,80,80,80,80,80,80,80,94,94,94,94,94,94,94,94,94,94,94,94,94,94],"card_choices":[{"not_picked":["Burning Pact","True Grit"],"picked":"Searing Blow","floor":1},{"not_picked":["Cleave","Perfected Strike"],"picked":"Thunderclap","floor":2},{"not_picked":["Entrench","Clothesline"],"picked":"Pommel Strike","floor":4},{"not_picked":["Body Slam","Wild Strike"],"picked":"Perfected Strike","floor":5},{"not_picked":["Ghostly Armor","Brutality"],"picked":"Dropkick","floor":6},{"not_picked":["Entrench","Immolate"],"picked":"Pommel Strike","floor":8},{"not_picked":["Clothesline","Body Slam"],"picked":"Rage","floor":12},{"not_picked":["Armaments","Fire Breathing"],"picked":"Flex","floor":14},{"not_picked":["Dual Wield","Perfected Strike"],"picked":"Uppercut","floor":14},{"not_picked":["Berserk","Fiend Fire"],"picked":"Double Tap","floor":16},{"not_picked":[],"picked":"Cleave","floor":18},{"not_picked":["Havoc"],"picked":"SKIP","floor":18},{"not_picked":[],"picked":"Iron Wave","floor":21},{"not_picked":["Shockwave"],"picked":"SKIP","floor":21},{"not_picked":[],"picked":"Wild Strike","floor":22},{"not_picked":["Fire Breathing"],"picked":"SKIP","floor":22},{"not_picked":["Body Slam"],"picked":"SKIP","floor":24},{"not_picked":["Entrench"],"picked":"SKIP","floor":27},{"not_picked":["True Grit"],"picked":"SKIP","floor":31},{"not_picked":[],"picked":"Limit Break","floor":33},{"not_picked":[],"picked":"Second Wind+1","floor":35},{"not_picked":["Burning Pact"],"picked":"SKIP","floor":35},{"not_picked":[],"picked":"Havoc+1","floor":36},{"not_picked":["Body Slam+1"],"picked":"SKIP","floor":36},{"not_picked":[],"picked":"Seeing Red+1","floor":37},{"not_picked":["Disarm+1"],"picked":"SKIP","floor":42},{"not_picked":[],"picked":"Battle Trance+1","floor":45},{"not_picked":[],"picked":"Havoc+1","floor":45},{"not_picked":["Cleave"],"picked":"SKIP","floor":46},{"not_picked":["Havoc"],"picked":"SKIP","floor":47},{"not_picked":["Cleave+1"],"picked":"SKIP","floor":47},{"not_picked":[],"picked":"Ghostly Armor","floor":48}],"player_experience":289174,"relics_obtained":[{"floor":6,"key":"Meat on the Bone"},{"floor":8,"key":"Bottled Flame"},{"floor":9,"key":"Prayer Wheel"},{"floor":12,"key":"Calipers"},{"floor":24,"key":"Oddly Smooth Stone"},{"floor":26,"key":"Lizard Tail"},{"floor":27,"key":"Pantograph"},{"floor":31,"key":"Pocketwatch"},{"floor":37,"key":"Mango"},{"floor":42,"key":"Mummified Hand"},{"floor":43,"key":"Unceasing Top"},{"floor":46,"key":"Bronze Scales"},{"floor":48,"key":"Champion Belt"}],"event_choices":[{"cards_removed":["Searing Blow"],"damage_healed":2,"gold_gain":0,"player_choice":"Offered Uncommon","damage_taken":0,"max_hp_gain":0,"max_hp_loss":0,"event_name":"Bonfire Elementals","floor":3,"gold_loss":0},{"damage_healed":20,"gold_gain":0,"player_choice":"Healed","damage_taken":0,"max_hp_gain":0,"max_hp_loss":0,"event_name":"The Cleric","floor":11,"gold_loss":35},{"damage_healed":0,"gold_gain":0,"player_choice":"Ignored","damage_taken":0,"max_hp_gain":0,"max_hp_loss":0,"event_name":"Beggar","floor":19,"gold_loss":0},{"damage_healed":0,"gold_gain":0,"player_choice":"Simplicity","damage_taken":0,"max_hp_gain":0,"max_hp_loss":0,"event_name":"Back to Basics","floor":20,"gold_loss":0,"cards_upgraded":["Strike_R","Strike_R","Strike_R","Strike_R","Strike_R","Defend_R","Defend_R","Defend_R","Defend_R"]},{"damage_healed":0,"gold_gain":0,"player_choice":"Read","damage_taken":0,"max_hp_gain":0,"max_hp_loss":0,"event_name":"The Library","floor":25,"gold_loss":0,"cards_obtained":["Twin Strike"]},{"damage_healed":0,"gold_gain":0,"player_choice":"Fight","damage_taken":0,"max_hp_gain":0,"max_hp_loss":0,"event_name":"MindBloom","floor":37,"gold_loss":0},{"cards_removed":["Flex"],"damage_healed":0,"gold_gain":0,"player_choice":"Removed Skill","damage_taken":0,"max_hp_gain":0,"max_hp_loss":0,"event_name":"Falling","floor":38,"gold_loss":0},{"damage_healed":0,"gold_gain":0,"player_choice":"Paid","damage_taken":0,"relics_obtained":["Red Mask"],"max_hp_gain":0,"max_hp_loss":0,"event_name":"Tomb of Lord Red Mask","floor":41,"gold_loss":131},{"damage_healed":0,"gold_gain":0,"player_choice":"Fight","damage_taken":0,"max_hp_gain":0,"max_hp_loss":0,"event_name":"Mysterious Sphere","floor":48,"gold_loss":0}],"is_beta":false,"boss_relics":[{"not_picked":["Pandora\u0027s Box","Calling Bell"],"picked":"Busted Crown"},{"not_picked":["Fusion Hammer","SacredBark"],"picked":"Mark of Pain"}],"items_purged_floors":[],"is_endless":false,"potions_floor_spawned":[1,8,12,21,22,24,37,45,46],"ascension_level":1}}