{"host":"i0avyit1s6jb1siw","time":1613821165,"event":{"mods":["BaseMod","DeckTracker","Dota2Spire","Minty Spire (QoL Compilation)","Quick Restart","StSLib","SuperFastMode"],"gold_per_floor":[110,125,20,37,37,65,65,30,30,30,47,47,59,70,70,70,70],"floor_reached":16,"language":"ENG","playtime":281,"items_purged":[],"score":204,"play_id":"779e503f-3c41-4ed7-8700-e34cfcaf5dc6","local_time":"20210220123925","is_ascension_mode":true,"campfire_choices":[{"data":"Perfected Strike","floor":7,"key":"SMITH"},{"data":"Seeing Red","floor":12,"key":"SMITH"},{"data":"True Grit","floor":15,"key":"SMITH"}],"circlet_count":0,"master_deck":["AscendersBane","Strike_R","Strike_R","Strike_R","Strike_R","Strike_R","Defend_R","Defend_R","Defend_R","Defend_R","Bash","Pommel Strike","Perfected Strike+1","Perfected Strike+1","Evolve","Bloodletting","Seeing Red+1","Perfected Strike","True Grit+1","Ghostly Armor"],"relics":["Burning Blood","Bag of Marbles","Mercury Hourglass","Happy Flower"],"acts_visited":["Exordium"],"potions_floor_usage":[16],"damage_taken":[{"damage":11,"enemies":"Jaw Worm","floor":1,"turns":5},{"damage":5,"enemies":"2 Louse","floor":2,"turns":3},{"damage":14,"enemies":"Small Slimes","floor":4,"turns":3},{"damage":48,"enemies":"Lagavulin","floor":6,"turns":8},{"damage":12,"enemies":"Exordium Thugs","floor":11,"turns":3},{"damage":0,"enemies":"2 Fungi Beasts","floor":13,"turns":2},{"damage":6,"enemies":"Looter","floor":14,"turns":2},{"damage":53,"enemies":"The Guardian","floor":16,"turns":11}],"seed_played":"-7709614335954582432","potions_obtained":[{"floor":6,"key":"Explosive Potion"},{"floor":11,"key":"HeartOfIron"}],"is_trial":false,"path_per_floor":["M","M","$","M","?","E","R","?","T","?","M","R","M","M","R","B"],"character_chosen":"IRONCLAD","items_purchased":["Perfected Strike","Evolve"],"campfire_rested":0,"item_purchase_floors":[3,3],"current_hp_per_floor":[63,64,64,56,56,14,14,32,32,32,26,26,32,32,32,0,0],"gold":70,"neow_bonus":"RANDOM_COMMON_RELIC","is_daily":false,"chose_seed":false,"campfire_upgraded":3,"win_rate":0.0,"timestamp":1613821165,"path_taken":["M","M","$","M","?","E","R","?","T","?","M","R","?","M","R","BOSS"],"items_purchased_type":["Card","Card"],"build_version":"2020-12-22","purchased_purges":0,"victory":false,"max_hp_per_floor":[75,75,75,75,75,75,75,75,75,75,75,75,75,75,75,75,75],"card_choices":[{"not_picked":["Twin Strike","Cleave"],"picked":"Pommel Strike","floor":1},{"not_picked":["Clash","Cleave"],"picked":"Perfected Strike","floor":2},{"not_picked":["Thunderclap","Sever Soul"],"picked":"Bloodletting","floor":4},{"not_picked":["Inflame","Armaments"],"picked":"Seeing Red","floor":6},{"not_picked":["Searing Blow","True Grit"],"picked":"Perfected Strike","floor":11},{"not_picked":["Sentinel","Evolve"],"picked":"True Grit","floor":13},{"not_picked":["Cleave","Metallicize"],"picked":"Ghostly Armor","floor":14}],"player_experience":2478531,"relics_obtained":[{"floor":6,"key":"Mercury Hourglass"},{"floor":9,"key":"Happy Flower"}],"event_choices":[{"damage_healed":0,"gold_gain":0,"player_choice":"Ignored","damage_taken":0,"max_hp_gain":0,"max_hp_loss":0,"event_name":"Shining Light","floor":5,"gold_loss":0},{"damage_healed":18,"gold_gain":0,"player_choice":"Healed","damage_taken":0,"max_hp_gain":0,"max_hp_loss":0,"event_name":"The Cleric","floor":8,"gold_loss":35},{"damage_healed":0,"gold_gain":0,"player_choice":"Upgraded","damage_taken":0,"max_hp_gain":0,"max_hp_loss":0,"event_name":"Upgrade Shrine","floor":10,"gold_loss":0,"cards_upgraded":["Perfected Strike"]}],"is_beta":false,"boss_relics":[],"items_purged_floors":[],"is_endless":false,"potions_floor_spawned":[6,11,14],"killed_by":"The Guardian","ascension_level":20}}