{"host":"ffjrj7fisyni1ebk","time":1613834790,"event":{"mods":["2.2 Compatiblity","BaseMod","Bestiary","Colored Map","Colored Powertips","Curses Come First","Highlight Path","Keyboard Shortcuts","Minty Spire (QoL Compilation)","Relic Stats","Slay the Relics Exporter","StSLib","SuperFastMode"],"gold_per_floor":[110,110,125,142,156,187,207,382,382,382,396,10,30,30,30,129,129,140,140,140,155,167,167,167],"floor_reached":23,"language":"ENG","playtime":2095,"items_purged":["Doubt"],"score":195,"play_id":"8ae086ea-bbfa-4014-8cf9-77242d80710b","local_time":"20210220172630","is_ascension_mode":false,"campfire_choices":[{"floor":10.0,"key":"REST"},{"floor":15.0,"key":"REST"}],"circlet_count":0,"master_deck":["True Grit","Body Slam","Magnetism","Bloodletting","Barricade","Heavy Blade","Rampage","Uppercut","Berserk","Flame Barrier","Fire Breathing","Infernal Blade","Anger","Armaments","Necronomicurse","Armaments","Reckless Charge+1"],"relics":["Burning Blood","NeowsBlessing","Sundial","Anchor","Pandora\u0027s Box","Necronomicon"],"acts_visited":["Exordium","TheCity"],"potions_floor_usage":[],"damage_taken":[{"damage":0.0,"enemies":"2 Louse","floor":1.0,"turns":1.0},{"damage":0.0,"enemies":"Cultist","floor":3.0,"turns":1.0},{"damage":0.0,"enemies":"Jaw Worm","floor":4.0,"turns":1.0},{"damage":37.0,"enemies":"Exordium Thugs","floor":5.0,"turns":8.0},{"damage":16.0,"enemies":"Gremlin Nob","floor":6.0,"turns":4.0},{"damage":7.0,"enemies":"Looter","floor":7.0,"turns":4.0},{"damage":18.0,"enemies":"Blue Slaver","floor":11.0,"turns":5.0},{"damage":11.0,"enemies":"Lots of Slimes","floor":13.0,"turns":8.0},{"damage":52.0,"enemies":"Slime Boss","floor":16.0,"turns":8.0},{"damage":20.0,"enemies":"Chosen","floor":18.0,"turns":5.0},{"damage":47.0,"enemies":"Shell Parasite","floor":21.0,"turns":6.0},{"damage":3.0,"enemies":"Chosen and Byrds","floor":22.0,"turns":5.0},{"damage":20,"enemies":"Centurion and Healer","floor":23,"turns":3}],"seed_played":"-6414268807833919662","potions_obtained":[{"floor":1.0,"key":"EntropicBrew"},{"floor":3.0,"key":"AttackPotion"},{"floor":6.0,"key":"Dexterity Potion"},{"floor":13.0,"key":"Regen Potion"},{"floor":16.0,"key":"SpeedPotion"},{"floor":18.0,"key":"Dexterity Potion"}],"is_trial":false,"path_per_floor":["M","?","M","M","M","E","M","?","T","R","M","$","M","$","R","B",null,"M","?","?","M","M","M"],"character_chosen":"IRONCLAD","items_purchased":["Anchor","Magnetism"],"campfire_rested":2,"item_purchase_floors":[12,12],"current_hp_per_floor":[80,80,80,80,49,39,38,38,38,62,50,50,45,45,69,38,80,66,50,50,9,12,0,0],"gold":167,"neow_bonus":"THREE_ENEMY_KILL","is_daily":false,"chose_seed":false,"campfire_upgraded":0,"win_rate":0.0,"timestamp":1613834790,"path_taken":["M","?","M","?","M","E","M","?","T","R","M","$","M","?","R","BOSS","M","?","?","M","M","?"],"items_purchased_type":["Relic","Card"],"build_version":"2020-12-22","purchased_purges":1,"victory":false,"max_hp_per_floor":[80,80,80,80,80,80,80,80,80,80,80,80,80,80,80,80,80,80,80,80,80,80,80,80],"relic_stats":{"counters":[13,59],"Sundial":[10],"Pandora\u0027s Box":["Heavy Blade","Rampage","Uppercut","Berserk","Flame Barrier","Brutality","Fire Breathing","Infernal Blade","Anger"],"Necronomicon":[6],"obtain_stats":[{"Anchor":12,"NeowsBlessing":0,"Sundial":6,"Pandora\u0027s Box":17,"Necronomicon":19,"Burning Blood":0},{"Anchor":7,"NeowsBlessing":0,"Sundial":5,"Pandora\u0027s Box":9,"Necronomicon":10,"Burning Blood":0},{"Anchor":24,"NeowsBlessing":0,"Sundial":15,"Pandora\u0027s Box":40,"Necronomicon":45,"Burning Blood":0}],"Burning Blood":54},"card_choices":[{"not_picked":["Headbutt","Twin Strike"],"picked":"True Grit","floor":1.0},{"not_picked":["Anger","Twin Strike","Rampage"],"picked":"SKIP","floor":3.0},{"not_picked":["Whirlwind","Cleave"],"picked":"Body Slam","floor":4.0},{"not_picked":["Burning Pact","Twin Strike","Rage"],"picked":"SKIP","floor":5.0},{"not_picked":["Wild Strike","Rampage","Brutality"],"picked":"SKIP","floor":6.0},{"not_picked":["Whirlwind","Wild Strike","Searing Blow"],"picked":"SKIP","floor":7.0},{"not_picked":["Rampage","Thunderclap","Twin Strike"],"picked":"SKIP","floor":11.0},{"not_picked":["Sword Boomerang","Wild Strike"],"picked":"Bloodletting","floor":13.0},{"not_picked":["Feed","Impervious"],"picked":"Barricade","floor":16.0},{"not_picked":["Burning Pact+1","Wild Strike+1"],"picked":"Armaments","floor":18.0},{"not_picked":["Warcry","Twin Strike"],"picked":"Armaments","floor":21.0},{"not_picked":["Wild Strike","True Grit"],"picked":"Reckless Charge+1","floor":22.0}],"player_experience":330837,"relics_obtained":[{"floor":6.0,"key":"Sundial"},{"floor":19.0,"key":"Necronomicon"}],"event_choices":[{"cards_removed":["Bash"],"damage_healed":0.0,"max_hp_gain":0.0,"max_hp_loss":0.0,"gold_gain":0.0,"event_name":"Wheel of Change","player_choice":"Card Removal","floor":2.0,"gold_loss":0.0,"damage_taken":0.0},{"damage_healed":0.0,"max_hp_gain":0.0,"max_hp_loss":0.0,"gold_gain":175.0,"event_name":"Liars Game","player_choice":"AGREE","floor":8.0,"gold_loss":0.0,"damage_taken":0.0,"cards_obtained":["Doubt"]},{"damage_healed":0.0,"max_hp_gain":0.0,"max_hp_loss":0.0,"gold_gain":0.0,"event_name":"Cursed Tome","player_choice":"Obtained Book","floor":19.0,"gold_loss":0.0,"damage_taken":16.0},{"cards_removed":["Brutality"],"damage_healed":0.0,"max_hp_gain":0.0,"max_hp_loss":0.0,"gold_gain":0.0,"event_name":"Purifier","player_choice":"Purged","floor":20.0,"gold_loss":0.0,"damage_taken":0.0}],"is_beta":false,"boss_relics":[{"not_picked":["Runic Dome","Black Blood"],"picked":"Pandora\u0027s Box"}],"items_purged_floors":[12],"is_endless":false,"potions_floor_spawned":[1,3,6,13,16,18,21],"killed_by":"Centurion and Healer","ascension_level":0}}