{"host":"6xsbn6ynqlzwllfm","time":1613826185,"event":{"mods":["2.2 Compatiblity","BaseMod","Bestiary","Colored Map","Colored Powertips","Curses Come First","Downfall","Highlight Path","Keyboard Shortcuts","Minty Spire (QoL Compilation)","Quick Restart","Relic Stats","Slay the Relics Exporter","StSLib","SuperFastMode"],"gold_per_floor":[119,119,119,129,141,167,183,141,191,191,219,235,235,235,235],"floor_reached":13,"language":"ENG","playtime":474,"items_purged":[],"score":162,"play_id":"ae74fca9-f4c0-4977-83d8-f0556e6f7706","local_time":"20210220080305","is_ascension_mode":true,"campfire_choices":[{"floor":10,"key":"REST"}],"circlet_count":0,"master_deck":["AscendersBane","bronze:Strike","bronze:Strike","bronze:Strike","bronze:Strike","bronze:Defend","bronze:Defend","bronze:Defend","bronze:Defend","bronze:Replicate","bronze:Goto","bronze:Branch","bronze:CloningBeam","bronze:Invalidate","bronze:WhirlingStrike","bronze:DelayedGuard","bronze:BronzeOrb","bronze:Deprecate"],"relics":["bronze:BronzeCore","Gremlin Horn","Gambling Chip","Regal Pillow","Peace Pipe"],"acts_visited":["Exordium"],"potions_floor_usage":[7,7,13,13],"damage_taken":[{"damage":14,"enemies":"2 Louse","floor":1,"turns":3},{"damage":0,"enemies":"Jaw Worm","floor":4,"turns":3},{"damage":6,"enemies":"Cultist","floor":5,"turns":4},{"damage":44,"enemies":"Lagavulin","floor":6,"turns":8},{"damage":3,"enemies":"Exordium Wildlife","floor":7,"turns":4},{"damage":12,"enemies":"Gremlin Nob","floor":11,"turns":5},{"damage":5,"enemies":"3 Louse","floor":12,"turns":2},{"damage":42,"enemies":"Lagavulin","floor":13,"turns":6}],"seed_played":"-5533344830330729020","potions_obtained":[{"floor":5,"key":"GamblersBrew"},{"floor":6,"key":"LiquidMemories"},{"floor":7,"key":"DistilledChaos"},{"floor":12,"key":"PowerPotion"}],"is_trial":false,"path_per_floor":["M","?","T","M","M","E","M","?","T","R","E","M","E"],"character_chosen":"THE_AUTOMATON","items_purchased":[],"campfire_rested":1,"item_purchase_floors":[],"current_hp_per_floor":[49,54,54,54,48,4,1,1,1,38,26,21,0,0,0],"gold":235,"neow_bonus":"TEN_PERCENT_HP_BONUS","is_daily":false,"chose_seed":false,"campfire_upgraded":0,"win_rate":0.0,"timestamp":1613826185,"path_taken":["M","?","?","M","M","E","M","?","T","R","E","M","E"],"items_purchased_type":[],"build_version":"2020-12-22","purchased_purges":0,"victory":false,"max_hp_per_floor":[69,74,74,74,74,74,74,74,74,74,74,74,74,74,74],"relic_stats":{"Peace Pipe":0,"Regal Pillow":15,"Gremlin Horn":[3,3],"counters":[8,35],"Gambling Chip":[12],"obtain_stats":[{"Peace Pipe":11,"Regal Pillow":9,"bronze:BronzeCore":0,"Gremlin Horn":3,"Gambling Chip":6},{"Peace Pipe":6,"Regal Pillow":5,"bronze:BronzeCore":0,"Gremlin Horn":1,"Gambling Chip":4},{"Peace Pipe":27,"Regal Pillow":22,"bronze:BronzeCore":0,"Gremlin Horn":3,"Gambling Chip":18}]},"card_choices":[{"not_picked":["bronze:Separator","bronze:Optimize"],"picked":"bronze:Branch","floor":1},{"not_picked":["bronze:Safeguard","bronze:BitShift"],"picked":"bronze:CloningBeam","floor":4},{"not_picked":["bronze:Frontload","bronze:BugBarrage"],"picked":"bronze:Invalidate","floor":5},{"not_picked":["bronze:DarkDash","bronze:Shield"],"picked":"bronze:WhirlingStrike","floor":6},{"not_picked":["bronze:FollowUp","bronze:WildBeam"],"picked":"bronze:DelayedGuard","floor":7},{"not_picked":["bronze:BurnOut","bronze:ChosenStrike"],"picked":"bronze:BronzeOrb","floor":11},{"not_picked":["bronze:ForLoop","bronze:Frontload"],"picked":"bronze:Deprecate","floor":12}],"player_experience":1815788,"relics_obtained":[{"floor":3,"key":"Gremlin Horn"},{"floor":6,"key":"Gambling Chip"},{"floor":9,"key":"Regal Pillow"},{"floor":11,"key":"Peace Pipe"}],"event_choices":[{"damage_healed":0,"gold_gain":0,"player_choice":"Donut","damage_taken":0,"max_hp_gain":5,"max_hp_loss":0,"event_name":"Big Fish","floor":2,"gold_loss":0},{"damage_healed":0,"gold_gain":0,"player_choice":"Left Gold","damage_taken":0,"max_hp_gain":0,"max_hp_loss":0,"event_name":"World of Goop","floor":8,"gold_loss":42}],"is_beta":false,"boss_relics":[],"items_purged_floors":[],"is_endless":false,"potions_floor_spawned":[5,6,7,12],"killed_by":"Lagavulin","ascension_level":14}}