{"host":"zsf7u5n6ehqeseos","time":1613843245,"event":{"mods":["AchievementEnabler","BaseMod","Colored Map","Colored Powertips","Googly Eyes","Minty Spire (QoL Compilation)"],"gold_per_floor":[110,110,1,19,19,54,54,87,87,106,381,59,77,90,90,192,192,202,235,235,81,100,100,126,136,136,154,154,154,154,254,254,359,359,372,372,390,390,443,443,476,4,28,48,48,76,126,151,151,151,151],"floor_reached":50,"language":"ENG","playtime":2449,"items_purged":["Normality","Regret"],"score":679,"play_id":"ae7b836d-d770-4b84-9996-36238a6e90fd","local_time":"20210220184725","is_ascension_mode":true,"campfire_choices":[{"data":"Feed","floor":7.0,"key":"SMITH"},{"floor":15.0,"key":"REST"},{"floor":23.0,"key":"REST"},{"floor":28.0,"key":"REST"},{"floor":32.0,"key":"REST"},{"data":"Combust","floor":40.0,"key":"SMITH"},{"data":"Bloodletting","floor":45.0,"key":"SMITH"},{"floor":49.0,"key":"REST"}],"circlet_count":0,"master_deck":["Strike_R+1","Strike_R+1","Strike_R+1","Strike_R+1","Strike_R+1","Defend_R+1","Defend_R+1","Defend_R+1","Defend_R+1","Bash","Feed+1","Headbutt","Pain","Combust+1","Warcry+1","Rupture","Heavy Blade","Cleave+1","Immolate","Blood for Blood","Bloodletting+1","Heavy Blade+1","Inflame","Reaper+1","Havoc+1","Panache","Perfected Strike+1","Twin Strike+1","Dual Wield+1"],"relics":["Burning Blood","WarpedTongs","Gremlin Horn","Bottled Tornado","Sundial","ClockworkSouvenir","Sozu","Red Mask","Nilry\u0027s Codex","Tiny Chest","PreservedInsect","Self Forming Clay","Ice Cream","Question Card","Mark of Pain","Bag of Marbles","Art of War","Bottled Lightning","Unceasing Top","Whetstone","War Paint","Charon\u0027s Ashes","MealTicket"],"acts_visited":["Exordium","TheCity","TheBeyond"],"potions_floor_usage":[50],"damage_taken":[{"damage":5.0,"enemies":"Small Slimes","floor":1.0,"turns":4.0},{"damage":4.0,"enemies":"Cultist","floor":4.0,"turns":3.0},{"damage":30.0,"enemies":"3 Sentries","floor":6.0,"turns":6.0},{"damage":32.0,"enemies":"Gremlin Nob","floor":8.0,"turns":4.0},{"damage":16.0,"enemies":"Jaw Worm","floor":10.0,"turns":4.0},{"damage":6.0,"enemies":"3 Louse","floor":13.0,"turns":3.0},{"damage":15.0,"enemies":"Red Slaver","floor":14.0,"turns":2.0},{"damage":26.0,"enemies":"Hexaghost","floor":16.0,"turns":7.0},{"damage":15.0,"enemies":"3 Byrds","floor":18.0,"turns":2.0},{"damage":39.0,"enemies":"Masked Bandits","floor":19.0,"turns":4.0},{"damage":5.0,"enemies":"Chosen","floor":22.0,"turns":3.0},{"damage":35.0,"enemies":"Slavers","floor":24.0,"turns":3.0},{"damage":13.0,"enemies":"Centurion and Healer","floor":25.0,"turns":5.0},{"damage":12.0,"enemies":"3 Cultists","floor":27.0,"turns":3.0},{"damage":18.0,"enemies":"Colosseum Slavers","floor":31.0,"turns":3.0},{"damage":9.0,"enemies":"Colosseum Nobs","floor":31.0,"turns":3.0},{"damage":27.0,"enemies":"Automaton","floor":33.0,"turns":5.0},{"damage":9.0,"enemies":"Orb Walker","floor":35.0,"turns":3.0},{"damage":21.0,"enemies":"3 Shapes","floor":37.0,"turns":2.0},{"damage":19.0,"enemies":"Giant Head","floor":41.0,"turns":5.0},{"damage":17.0,"enemies":"Spire Growth","floor":44.0,"turns":3.0},{"damage":42.0,"enemies":"Nemesis","floor":46.0,"turns":5.0},{"damage":20.0,"enemies":"Mind Bloom Boss Battle","floor":47.0,"turns":5.0},{"damage":67,"enemies":"Awakened One","floor":50,"turns":4}],"seed_played":"-7292320123016156530","potions_obtained":[{"floor":8.0,"key":"Strength Potion"},{"floor":10.0,"key":"Weak Potion"},{"floor":14.0,"key":"Regen Potion"},{"floor":16.0,"key":"SpeedPotion"}],"is_trial":false,"path_per_floor":["M","?","$","M","$","E","R","E","T","M","?","$","M","M","R","B",null,"M","?","?","$","M","R","E","M","T","M","R","$","?","?","R","B",null,"M","T","M","?","T","R","E","$","T","M","R","E","?","T","R","B"],"character_chosen":"IRONCLAD","items_purchased":["Combust","ClockworkSouvenir","Regen Potion","Tiny Chest","Panache","Unceasing Top"],"campfire_rested":5,"item_purchase_floors":[3,12,12,21,42,42],"current_hp_per_floor":[83,83,83,86,86,62,62,36,36,26,26,26,39,34,62,57,94,85,52,36,36,37,65,36,29,29,23,51,51,51,40,69,48,98,95,95,89,89,89,89,76,76,76,74,74,42,28,28,57,0,0],"gold":151,"neow_bonus":"THREE_RARE_CARDS","is_daily":false,"chose_seed":false,"campfire_upgraded":3,"win_rate":0.0,"timestamp":1613843245,"path_taken":["M","?","?","M","?","E","R","E","T","M","?","$","M","?","R","BOSS","M","?","?","?","M","R","E","M","T","?","R","$","?","?","R","BOSS","M","?","M","?","?","R","E","$","T","M","R","E","?","?","R","BOSS"],"items_purchased_type":["Card","Relic","Potion","Relic","Card","Relic"],"build_version":"2020-12-22","purchased_purges":2,"victory":false,"max_hp_per_floor":[83,83,83,86,86,86,86,86,86,86,86,86,90,94,94,94,94,94,94,94,94,94,94,94,94,94,94,94,94,94,98,98,98,98,98,98,98,93,93,93,93,93,93,93,93,97,97,97,97,97,97],"card_choices":[{"not_picked":["Berserk","Limit Break"],"picked":"Feed","floor":0.0},{"not_picked":["Rage","Shrug It Off"],"picked":"Headbutt","floor":1.0},{"not_picked":["Infernal Blade","Uppercut"],"picked":"Warcry","floor":4.0},{"not_picked":["Ghostly Armor","Intimidate"],"picked":"Rupture","floor":6.0},{"not_picked":["Clothesline","Shrug It Off","Iron Wave"],"picked":"SKIP","floor":8.0},{"not_picked":["Clothesline","Twin Strike"],"picked":"Heavy Blade","floor":10.0},{"not_picked":["Armaments","Flex"],"picked":"Cleave","floor":13.0},{"not_picked":["Iron Wave","Searing Blow","Dropkick"],"picked":"SKIP","floor":14.0},{"not_picked":["Impervious","Exhume"],"picked":"Immolate","floor":16.0},{"not_picked":["Intimidate","Cleave","Warcry"],"picked":"SKIP","floor":18.0},{"not_picked":["Combust+1","Feel No Pain"],"picked":"Blood for Blood","floor":19.0},{"not_picked":["Shrug It Off","Shockwave+1"],"picked":"Bloodletting","floor":22.0},{"not_picked":["Dark Embrace","Anger+1","Headbutt"],"picked":"SKIP","floor":24.0},{"not_picked":["Iron Wave","Flex"],"picked":"Heavy Blade+1","floor":25.0},{"not_picked":["Anger","Clothesline"],"picked":"Inflame","floor":27.0},{"not_picked":["Impervious","Immolate","Bludgeon"],"picked":"Reaper","floor":33.0},{"not_picked":["Headbutt","Body Slam+1","Anger+1","Twin Strike+1"],"picked":"SKIP","floor":35.0},{"not_picked":["Disarm+1","Pommel Strike","Heavy Blade"],"picked":"Havoc+1","floor":37.0},{"not_picked":["Headbutt","Warcry+1","Body Slam","Immolate"],"picked":"SKIP","floor":41.0},{"not_picked":["Thunderclap","True Grit","Wild Strike"],"picked":"Perfected Strike+1","floor":44.0},{"not_picked":["Searing Blow+1","Flex","Pummel"],"picked":"Twin Strike+1","floor":46.0},{"not_picked":["Clash","Burning Pact","Havoc+1"],"picked":"Dual Wield+1","floor":47.0}],"player_experience":244104,"relics_obtained":[{"floor":6.0,"key":"Gremlin Horn"},{"floor":8.0,"key":"Bottled Tornado"},{"floor":9.0,"key":"Sundial"},{"floor":19.0,"key":"Red Mask"},{"floor":20.0,"key":"Nilry\u0027s Codex"},{"floor":24.0,"key":"PreservedInsect"},{"floor":26.0,"key":"Self Forming Clay"},{"floor":31.0,"key":"Ice Cream"},{"floor":31.0,"key":"Question Card"},{"floor":36.0,"key":"Bag of Marbles"},{"floor":39.0,"key":"Art of War"},{"floor":41.0,"key":"Bottled Lightning"},{"floor":43.0,"key":"Whetstone"},{"floor":46.0,"key":"War Paint"},{"floor":47.0,"key":"Charon\u0027s Ashes"},{"floor":48.0,"key":"MealTicket"}],"event_choices":[{"damage_healed":0.0,"max_hp_gain":0.0,"max_hp_loss":0.0,"gold_gain":0.0,"event_name":"Accursed Blacksmith","player_choice":"Rummage","floor":2.0,"gold_loss":0.0,"damage_taken":0.0,"relics_obtained":["WarpedTongs"],"cards_obtained":["Pain"]},{"damage_healed":0.0,"max_hp_gain":0.0,"max_hp_loss":0.0,"gold_gain":275.0,"event_name":"Golden Shrine","player_choice":"Desecrate","floor":11.0,"gold_loss":0.0,"damage_taken":0.0,"cards_obtained":["Regret"]},{"damage_healed":0.0,"max_hp_gain":0.0,"max_hp_loss":0.0,"gold_gain":0.0,"event_name":"Masked Bandits","player_choice":"Fought Bandits","floor":19.0,"gold_loss":0.0,"damage_taken":0.0},{"damage_healed":0.0,"max_hp_gain":0.0,"max_hp_loss":0.0,"gold_gain":0.0,"event_name":"Cursed Tome","player_choice":"Obtained Book","floor":20.0,"gold_loss":0.0,"damage_taken":16.0},{"damage_healed":0.0,"max_hp_gain":0.0,"max_hp_loss":0.0,"gold_gain":0.0,"event_name":"Back to Basics","player_choice":"Simplicity","floor":30.0,"gold_loss":0.0,"damage_taken":0.0,"cards_upgraded":["Strike_R","Strike_R","Strike_R","Strike_R","Strike_R","Defend_R","Defend_R","Defend_R","Defend_R"]},{"damage_healed":0.0,"max_hp_gain":0.0,"max_hp_loss":0.0,"gold_gain":0.0,"event_name":"Colosseum","player_choice":"Fight","floor":31.0,"gold_loss":0.0,"damage_taken":0.0},{"damage_healed":0.0,"max_hp_gain":0.0,"max_hp_loss":0.0,"gold_gain":0.0,"event_name":"Colosseum","player_choice":"Fought Nobs","floor":31.0,"gold_loss":0.0,"damage_taken":0.0},{"damage_healed":0.0,"max_hp_gain":0.0,"max_hp_loss":5.0,"gold_gain":0.0,"event_name":"Winding Halls","player_choice":"Max HP","floor":38.0,"gold_loss":0.0,"damage_taken":0.0},{"damage_healed":0.0,"max_hp_gain":0.0,"max_hp_loss":0.0,"gold_gain":0.0,"event_name":"MindBloom","player_choice":"Fight","floor":47.0,"gold_loss":0.0,"damage_taken":0.0}],"is_beta":false,"boss_relics":[{"not_picked":["Fusion Hammer","Black Blood"],"picked":"Sozu"},{"not_picked":["Tiny House","Busted Crown"],"picked":"Mark of Pain"}],"items_purged_floors":[3,12],"is_endless":false,"potions_floor_spawned":[8,10,14,16,18,22,31,31,41,44,46],"killed_by":"Awakened One","ascension_level":2}}