{"host":"jsd6g3c2vo13e69c","time":1613781785,"event":{"mods":["2.2 Compatiblity","Act Like it!","BaseMod","Better Note","Better Third Choice","BetterRewards","Colored Map","Colored Powertips","Conspire","DeckTracker","Downfall","Friendly Minions","GifTheSpireLib","Googly Eyes","Hermit","Highlight Path","Hubris","Infinite Spire","Lobotomy","LobotomyExtend","Minty Spire (QoL Compilation)","Quick Restart","Random Character Button","Rare Cards Sparkle","Relic Sorter","Relic Stats","Replay The Spire","Ruina","Shop Mod","Spire Arcade","StSLib","SuperFastMode","The Cursed","The Disciple","The Forsaken","The Jungle"],"gold_per_floor":[99,117,117,117,136,153,224,243,243,343,370,380,398,422,432,537,537,737,753,753,753,776,800,800,800,844,846,846,846],"floor_reached":27,"language":"ENG","playtime":3223,"items_purged":[],"score":262,"play_id":"3ba616da-a203-41ae-b001-255bbec78dad","local_time":"20210219194305","is_ascension_mode":false,"campfire_choices":[{"data":"bronze:Replicate","floor":1,"key":"SMITH"},{"data":"bronze:RecursiveStrike","floor":18,"key":"SMITH"},{"data":"bronze:Goto","floor":25,"key":"SMITH"}],"circlet_count":0,"master_deck":["bronze:Strike","bronze:Strike","bronze:Strike","bronze:Defend","bronze:Defend","bronze:Defend","bronze:Defend","bronze:Replicate+1","bronze:Goto+1","bronze:DelayedSlice+1","bronze:Replicate+1","bronze:FollowUp","bronze:DelayedSlice+1","bronze:DelayedSlice+1","bronze:RecursiveStrike+1","bronze:ClassDefault","bronze:HyperBeam","bronze:ForLoop+1","Looming Evil","bronze:DelayedSlice+1","bronze:BugBarrage+1"],"relics":["bronze:BronzeCore","downfall:GremlinWheel","LetterFromLob","ReplayTheSpireMod:Ninjato","infinitespire:Midas Blood","Ring of Searing","Ring of Misfortune","Replay:Bottled Eggs","ReplayTheSpireMod:Shallot"],"acts_visited":["Exordium","TheCity"],"potions_floor_usage":[15,19],"damage_taken":[{"damage":1,"enemies":"Jaw Worm","floor":2,"turns":4},{"damage":0,"enemies":"Cultist","floor":5,"turns":2},{"damage":0,"enemies":"Small Slimes","floor":6,"turns":1},{"damage":6,"enemies":"Exordium Thugs","floor":8,"turns":2},{"damage":0,"enemies":"Exordium Thugs","floor":10,"turns":2},{"damage":4,"enemies":"3 Sentries","floor":11,"turns":4},{"damage":0,"enemies":"3 Louse","floor":12,"turns":1},{"damage":0,"enemies":"Lots of Slimes","floor":13,"turns":2},{"damage":7,"enemies":"2 Fungi Beasts","floor":14,"turns":2},{"damage":0,"enemies":"Exordium Thugs","floor":15,"turns":2},{"damage":16,"enemies":"SI_SHIV_ARCHETYPE","floor":16,"turns":4},{"damage":16,"enemies":"downfall:LooterAlt2","floor":19,"turns":2},{"damage":21,"enemies":"Shell Parasite","floor":22,"turns":4},{"damage":7,"enemies":"Cultist and Chosen","floor":23,"turns":3},{"damage":29,"enemies":"Nightmare","floor":26,"turns":4}],"seed_played":"-1719429693526292064","potions_obtained":[{"floor":5,"key":"champ:CounterPotion"},{"floor":12,"key":"LiquidBronze"},{"floor":13,"key":"bronze:BurnAndBuffPotion"},{"floor":14,"key":"Energy Potion"},{"floor":19,"key":"champ:CounterPotion"},{"floor":22,"key":"Swift Potion"}],"is_trial":false,"path_per_floor":["R","M","?","?","M","M","T","M","?","?","E","M","M","M","M","B",null,"R_BF","M","?","?","M","M","T","R","NM","M"],"character_chosen":"THE_AUTOMATON","items_purchased":[],"campfire_rested":0,"item_purchase_floors":[],"current_hp_per_floor":[77,76,76,76,76,76,76,70,70,70,66,66,66,59,59,43,77,77,61,61,61,40,33,33,33,4,0,0,0],"gold":846,"neow_bonus":"TEN_PERCENT_HP_BONUS","is_daily":false,"chose_seed":false,"campfire_upgraded":3,"win_rate":0.0,"timestamp":1613781785,"path_taken":["R","M","?","?","M","M","T","?","?","?","E","M","?","M","M","BOSS","R_BF","M","?","?","?","?","T","R","NM","M"],"items_purchased_type":[],"build_version":"2020-12-22","purchased_purges":0,"victory":false,"max_hp_per_floor":[77,77,77,77,77,77,77,77,77,77,77,77,77,77,77,77,77,77,77,77,77,77,77,77,77,77,77,77,77],"relic_stats":{"counters":[15,39],"obtain_stats":[{"bronze:BronzeCore":0,"ReplayTheSpireMod:Ninjato":7,"downfall:GremlinWheel":10,"ReplayTheSpireMod:Shallot":26,"Ring of Misfortune":21,"LetterFromLob":2,"Replay:Bottled Eggs":24,"infinitespire:Midas Blood":11,"Ring of Searing":21},{"bronze:BronzeCore":0,"ReplayTheSpireMod:Ninjato":3,"downfall:GremlinWheel":5,"ReplayTheSpireMod:Shallot":15,"Ring of Misfortune":12,"LetterFromLob":1,"Replay:Bottled Eggs":14,"infinitespire:Midas Blood":6,"Ring of Searing":12},{"bronze:BronzeCore":0,"ReplayTheSpireMod:Ninjato":7,"downfall:GremlinWheel":11,"ReplayTheSpireMod:Shallot":39,"Ring of Misfortune":28,"LetterFromLob":4,"Replay:Bottled Eggs":35,"infinitespire:Midas Blood":15,"Ring of Searing":28}]},"card_choices":[{"not_picked":["bronze:Optimize","bronze:BuggyMess"],"picked":"bronze:DelayedSlice","floor":2},{"not_picked":["bronze:Shell","bronze:Overheat"],"picked":"bronze:FollowUp","floor":5},{"not_picked":["bronze:Allocate","bronze:FineTuning","bronze:ItsAFeature"],"picked":"SKIP","floor":6},{"not_picked":["bronze:OilSpill","bronze:BugBarrage"],"picked":"bronze:DelayedSlice","floor":8},{"not_picked":["bronze:Branch","bronze:Repulsor"],"picked":"bronze:DelayedSlice","floor":11},{"not_picked":["bronze:Branch","bronze:Deprecate","bronze:BuggyMess"],"picked":"SKIP","floor":12},{"not_picked":["bronze:Turbo","bronze:Boost"],"picked":"bronze:RecursiveStrike","floor":13},{"not_picked":["bronze:OilSpill","bronze:FollowUp"],"picked":"bronze:ClassDefault","floor":14},{"not_picked":["bronze:Turbo","bronze:BugBarrage","bronze:Shield"],"picked":"SKIP","floor":15},{"not_picked":["bronze:BurnOut","bronze:ThunderWave"],"picked":"bronze:HyperBeam","floor":16},{"not_picked":["bronze:Branch","bronze:NullPointer"],"picked":"bronze:ForLoop+1","floor":19},{"not_picked":["bronze:CloningBeam","bronze:Deprecate","bronze:NullPointer"],"picked":"SKIP","floor":22},{"not_picked":["bronze:Frontload","bronze:BugBarrage"],"picked":"bronze:DelayedSlice+1","floor":23},{"not_picked":["bronze:Virus","bronze:BronzeOrb"],"picked":"bronze:BugBarrage+1","floor":26}],"player_experience":369705,"relics_obtained":[{"floor":2,"key":"LetterFromLob"},{"floor":7,"key":"ReplayTheSpireMod:Ninjato"},{"floor":10,"key":"downfall:GremlinWheel"},{"floor":11,"key":"infinitespire:Midas Blood"},{"floor":21,"key":"Ring of Searing"},{"floor":21,"key":"Ring of Misfortune"},{"floor":24,"key":"Replay:Bottled Eggs"},{"floor":26,"key":"ReplayTheSpireMod:Shallot"}],"event_choices":[{"cards_removed":["bronze:Strike"],"damage_healed":0,"gold_gain":0,"player_choice":"Card Removal","damage_taken":0,"max_hp_gain":0,"max_hp_loss":0,"event_name":"The Cleric","floor":3,"gold_loss":0},{"damage_healed":0,"gold_gain":200,"player_choice":"Gold","damage_taken":0,"max_hp_gain":0,"max_hp_loss":0,"event_name":"Wheel of Change","floor":18,"gold_loss":0},{"damage_healed":0,"gold_gain":0,"player_choice":"Ignored","damage_taken":0,"max_hp_gain":0,"max_hp_loss":0,"event_name":"betterNote:BetterNote","floor":20,"gold_loss":0,"cards_obtained":["Metallicize"]}],"is_beta":false,"boss_relics":[{"not_picked":["ChewingGum","hubris:VirtuousBlindfold","ReplayTheSpireMod:DimensionalGlitch"]}],"items_purged_floors":[],"is_endless":false,"potions_floor_spawned":[5,12,13,14,19,22],"ascension_level":0}}