{"host":"mc5v85iuptizxtr7","time":1613855739,"event":{"mods":["AchievementEnabler","Ascension Reborn","Aspiration","Bard","BaseMod","BetterRewards","Colored Map","Colored Powertips","Conspire","DeckTracker","Downfall","Hermit","Highlight Path","Hubris","Infinite Spire","Minty Spire (QoL Compilation)","Rare Cards Sparkle","Relic Stats","Shop Mod","StSLib","Synergy Search","The Animator","The Bladedancer","The Bug Knight","The Cursed","The Forsaken","The Necromancer","UnlockEverythingMod"],"gold_per_floor":[113,113,113,133,133,147,184,184,215,235,235,235,267,290,290,408,408,421,421,421,421,421,421,441,441,470,482,512,531,82,104,104,219,219,232,282,328,348,358,358,374,374,455,455,481,491,506,83,83,83,83],"floor_reached":50,"language":"DEU","playtime":4986,"items_purged":[],"score":602,"play_id":"a95ebbcb-f87d-4768-912b-8df628ca4663","local_time":"20210220221539","is_ascension_mode":true,"campfire_choices":[{"data":"Establishment","floor":8.0,"key":"SMITH"},{"floor":12.0,"key":"RECALL"},{"data":"Vigilance","floor":15.0,"key":"SMITH"},{"data":"infinitespire:Execution","floor":23.0,"key":"SMITH"},{"data":"ForeignInfluence","floor":25.0,"key":"SMITH"},{"data":"LikeWater","floor":32.0,"key":"SMITH"},{"data":"LikeWater","floor":40,"key":"SMITH"},{"data":"Vengeance","floor":42,"key":"SMITH"},{"data":"DeusExMachina","floor":44,"key":"SMITH"},{"data":"DevaForm","floor":49,"key":"SMITH"}],"circlet_count":0,"master_deck":["infinitespire:Collect+1","Defend_P","Defend_P","Defend_P","Defend_P","Eruption+1","Vigilance+1","Establishment+1","ClearTheMind","WheelKick+1","EmptyFist+1","DeusExMachina+1","infinitespire:Execution+1","Bite","Bite","Bite","Bite","Bite","ForeignInfluence+1","FearNoEvil+1","Vengeance+1","LikeWater+1","LikeWater+1","Sanctity+1","DevaForm+1","FollowUp+1","Wireheading+1","Pray+1","TalkToTheHand+1"],"relics":["PureWater","aspiration:Nostalgia","bard:PitchPipe","The Courier","HornCleat","Oddly Smooth Stone","Dream Catcher","VioletLotus","TeardropLocket","hubris:Towel","MutagenicStrength","Bag of Marbles","Sundial","HollowMod:LifeEnderRelic","StrikeDummy","aspiration:SecretTechniqueScroll","Ice Cream","infinitespire:ShieldingShard","Yang","Nunchaku","Ancient Tea Set","infinitespire:CheckeredPen"],"acts_visited":["Exordium","TheCity","TheBeyond"],"potions_floor_usage":[39,46,50,50],"damage_taken":[{"damage":0.0,"enemies":"Cultist","floor":1.0,"turns":2.0},{"damage":2.0,"enemies":"conspire:RoseBush","floor":4.0,"turns":1.0},{"damage":0.0,"enemies":"Small Slimes","floor":6.0,"turns":2.0},{"damage":1.0,"enemies":"HollowMod:MossKnight","floor":7.0,"turns":4.0},{"damage":3.0,"enemies":"conspire:2 RoseBushes","floor":10.0,"turns":4.0},{"damage":0.0,"enemies":"3 Sentries","floor":13.0,"turns":4.0},{"damage":4.0,"enemies":"Red Slaver","floor":14.0,"turns":4.0},{"damage":27.0,"enemies":"Hexaghost","floor":16.0,"turns":7.0},{"damage":0.0,"enemies":"Chosen","floor":18.0,"turns":3.0},{"damage":0.0,"enemies":"conspire:FuzzyDice","floor":24.0,"turns":2.0},{"damage":4.0,"enemies":"Cultist and Chosen","floor":27.0,"turns":3.0},{"damage":0.0,"enemies":"Book of Stabbing","floor":28.0,"turns":3.0},{"damage":0.0,"enemies":"Snecko","floor":29.0,"turns":1.0},{"damage":0.0,"enemies":"Snake Plant","floor":31.0,"turns":2.0},{"damage":28.0,"enemies":"Automaton","floor":33.0,"turns":8.0},{"damage":6.0,"enemies":"3 Darklings","floor":35.0,"turns":4.0},{"damage":0,"enemies":"Mind Bloom Boss Battle","floor":36,"turns":4},{"damage":10,"enemies":"Orb Walker","floor":38,"turns":3},{"damage":14,"enemies":"4 Shapes","floor":39,"turns":5},{"damage":10,"enemies":"Transient","floor":41,"turns":5},{"damage":19,"enemies":"Nemesis","floor":45,"turns":3},{"damage":4,"enemies":"Sphere and 2 Shapes","floor":46,"turns":4},{"damage":13,"enemies":"Jaw Worm Horde","floor":47,"turns":6},{"damage":64,"enemies":"Donu and Deca","floor":50,"turns":6}],"seed_played":"6864336263768268837","potions_obtained":[{"floor":4.0,"key":"Fruit Juice"},{"floor":7.0,"key":"hexamod:SoulburnPotion"},{"floor":14.0,"key":"BottledMiracle"},{"floor":16.0,"key":"DistilledChaos"},{"floor":28.0,"key":"champ:CounterPotion"},{"floor":29.0,"key":"SkillPotion"},{"floor":36,"key":"Fire Potion"},{"floor":39,"key":"Energy Potion"},{"floor":46,"key":"LiquidBronze"}],"is_trial":false,"path_per_floor":["M","T","?","M","?","M","E","R","T","M","?","R","E","M","R","B",null,"M","AVR","?","?","?","R","M","R","T","M","E","M","$","M","R","B",null,"M","?","T","M","M","R","M","R","T","R","E","M","M","$","R","B"],"character_chosen":"WATCHER","items_purchased":["LikeWater","HollowMod:LifeEnderRelic","LikeWater","StrikeDummy","Nunchaku","Ancient Tea Set","infinitespire:CheckeredPen"],"campfire_rested":0,"item_purchase_floors":[30,30,30,30,48,48,48],"current_hp_per_floor":[76,76,76,74,74,74,73,73,73,70,70,70,75,71,71,44,81,81,81,56,56,56,56,56,56,56,56,56,56,56,56,56,28,56,56,56,56,51,47,47,56,56,56,56,39,45,46,46,46,0,0],"gold":83,"neow_bonus":"NOSTALGIA","is_daily":false,"chose_seed":false,"campfire_upgraded":9,"win_rate":0.0,"timestamp":1613855739,"path_taken":["M","?","?","M","?","M","E","R","T","?","?","R","E","?","R","BOSS","M","AVR","?","?","?","R","M","R","T","M","E","M","$","M","R","BOSS","M","?","?","?","M","R","M","R","T","R","E","M","?","$","R","BOSS"],"items_purchased_type":["Card","Relic","Card","Relic","Relic","Relic","Relic"],"build_version":"2020-12-22","purchased_purges":0,"victory":false,"max_hp_per_floor":[76,76,76,76,76,76,76,76,76,76,76,76,81,81,81,81,81,81,81,56,56,56,56,56,56,56,56,56,56,56,56,56,56,56,56,56,56,56,56,56,56,56,56,56,56,56,56,56,56,56,56],"relic_stats":{"Dream Catcher":0,"Nunchaku":[2],"counters":[24,90],"Sundial":[8],"Yang":[46],"VioletLotus":[31],"obtain_stats":[{"Ice Cream":36,"HollowMod:LifeEnderRelic":30,"bard:PitchPipe":0,"aspiration:Nostalgia":0,"Oddly Smooth Stone":9,"Yang":45,"The Courier":2,"TeardropLocket":19,"aspiration:SecretTechniqueScroll":34,"infinitespire:CheckeredPen":48,"hubris:Towel":21,"Ancient Tea Set":48,"Dream Catcher":13,"Nunchaku":48,"HornCleat":7,"infinitespire:ShieldingShard":43,"Sundial":28,"MutagenicStrength":22,"VioletLotus":17,"Bag of Marbles":26,"PureWater":0,"StrikeDummy":30},{"Ice Cream":17,"HollowMod:LifeEnderRelic":13,"bard:PitchPipe":0,"aspiration:Nostalgia":0,"Oddly Smooth Stone":4,"Yang":21,"The Courier":1,"TeardropLocket":9,"aspiration:SecretTechniqueScroll":15,"infinitespire:CheckeredPen":23,"hubris:Towel":9,"Ancient Tea Set":23,"Dream Catcher":6,"Nunchaku":23,"HornCleat":4,"infinitespire:ShieldingShard":20,"Sundial":12,"MutagenicStrength":9,"VioletLotus":8,"Bag of Marbles":10,"PureWater":0,"StrikeDummy":13},{"Ice Cream":58,"HollowMod:LifeEnderRelic":40,"bard:PitchPipe":0,"aspiration:Nostalgia":0,"Oddly Smooth Stone":9,"Yang":74,"The Courier":2,"TeardropLocket":31,"aspiration:SecretTechniqueScroll":50,"infinitespire:CheckeredPen":84,"hubris:Towel":31,"Ancient Tea Set":84,"Dream Catcher":17,"Nunchaku":84,"HornCleat":9,"infinitespire:ShieldingShard":71,"Sundial":39,"MutagenicStrength":31,"VioletLotus":28,"Bag of Marbles":33,"PureWater":0,"StrikeDummy":40}]},"card_choices":[{"not_picked":["Protect","EmptyBody+1"],"picked":"Wireheading","floor":1.0},{"not_picked":["Halt","CutThroughFate"],"picked":"Establishment","floor":4.0},{"not_picked":["FollowUp+1","JustLucky"],"picked":"ClearTheMind","floor":6.0},{"not_picked":["Swivel","Worship","SashWhip"],"picked":"SKIP","floor":7.0},{"not_picked":["EmptyFist","SignatureMove","WheelKick"],"picked":"SKIP","floor":10.0},{"not_picked":["SignatureMove","CutThroughFate"],"picked":"WheelKick+1","floor":13.0},{"not_picked":["Prostrate","Consecrate"],"picked":"EmptyFist+1","floor":14.0},{"not_picked":["Establishment","Alpha"],"picked":"DeusExMachina","floor":16.0},{"not_picked":["Wireheading","CutThroughFate","EmptyBody"],"picked":"SKIP","floor":18.0},{"not_picked":["EmptyBody","FlyingSleeves"],"picked":"ForeignInfluence","floor":24.0},{"not_picked":["Evaluate+1","Consecrate+1"],"picked":"FearNoEvil+1","floor":27.0},{"not_picked":["EmptyFist","FollowUp"],"picked":"Vengeance","floor":28.0},{"not_picked":["Prostrate","JustLucky","EmptyMind"],"picked":"SKIP","floor":29.0},{"not_picked":["EmptyBody+1","Worship+1"],"picked":"Sanctity+1","floor":31.0},{"not_picked":["Ragnarok","Judgement"],"picked":"DevaForm","floor":33.0},{"not_picked":["Protect","PathToVictory"],"picked":"FollowUp+1","floor":35},{"not_picked":["SignatureMove+1","ClearTheMind"],"picked":"Wireheading+1","floor":36},{"not_picked":["BowlingBash","SignatureMove","JustLucky"],"picked":"SKIP","floor":38},{"not_picked":["BattleHymn","PathToVictory+1","Vengeance+1"],"picked":"SKIP","floor":39},{"not_picked":["FlyingSleeves","PathToVictory+1","JustLucky"],"picked":"SKIP","floor":41},{"not_picked":["WreathOfFlame+1","FollowUp"],"picked":"Pray+1","floor":45},{"not_picked":["FollowUp","CrushJoints","Protect"],"picked":"SKIP","floor":46},{"not_picked":["Halt","BowlingBash+1"],"picked":"TalkToTheHand+1","floor":47}],"player_experience":173281,"relics_obtained":[{"floor":2.0,"key":"The Courier"},{"floor":7.0,"key":"HornCleat"},{"floor":9.0,"key":"Oddly Smooth Stone"},{"floor":13.0,"key":"Dream Catcher"},{"floor":26.0,"key":"Bag of Marbles"},{"floor":28.0,"key":"Sundial"},{"floor":36,"key":"Ice Cream"},{"floor":43,"key":"infinitespire:ShieldingShard"},{"floor":45,"key":"Yang"}],"event_choices":[{"damage_healed":0.0,"max_hp_gain":0.0,"max_hp_loss":0.0,"gold_gain":0.0,"event_name":"Purifier","player_choice":"Ignored","floor":5.0,"gold_loss":0.0,"damage_taken":0.0},{"cards_removed":["Wireheading"],"damage_healed":0.0,"max_hp_gain":0.0,"max_hp_loss":0.0,"gold_gain":0.0,"event_name":"Wheel of Change","player_choice":"Card Removal","floor":11.0,"gold_loss":0.0,"damage_taken":0.0},{"damage_healed":0.0,"max_hp_gain":0.0,"max_hp_loss":25.0,"gold_gain":0.0,"event_name":"Vampires","player_choice":"Became a vampire","floor":20.0,"gold_loss":0.0,"damage_taken":0.0,"cards_obtained":["Bite","Bite","Bite","Bite","Bite"]},{"damage_healed":0.0,"max_hp_gain":0.0,"max_hp_loss":0.0,"gold_gain":0.0,"event_name":"Drug Dealer","player_choice":"Inject Mutagens","floor":22.0,"gold_loss":0.0,"damage_taken":0.0,"relics_obtained":["MutagenicStrength"]},{"damage_healed":0,"gold_gain":0,"player_choice":"Fight","damage_taken":0,"max_hp_gain":0,"max_hp_loss":0,"event_name":"MindBloom","floor":36,"gold_loss":0}],"is_beta":false,"boss_relics":[{"not_picked":["aspiration:RunicSpoon","theForsaken:PaleLantern"],"picked":"VioletLotus"},{"not_picked":["hubris:GrandSneckoEye","Cursed Key"],"picked":"aspiration:SecretTechniqueScroll"}],"items_purged_floors":[],"is_endless":false,"potions_floor_spawned":[4,7,14,16,18,28,29,36,39,46],"killed_by":"Donu and Deca","ascension_level":0}}