{"host":"a70birb7gb03c330","time":1613859946,"event":{"mods":["Act Like it!","BaseMod","Better Vampires","Disable Question Mark Monsters","Hallownest","Minty Spire (QoL Compilation)","Permanent Neow","StSLib","The Bug Knight"],"gold_per_floor":[112,112,123,135,161,161,86,86,110,130,130,130,30,57,57,159,159,174,324,336,55,55,86,102,120,166,166,166,166],"floor_reached":28,"language":"ENG","playtime":1254,"items_purged":["HollowMod:QuickDashStart","HollowMod:InfectedCysts+1","HollowMod:NailStrikeStart"],"score":246,"play_id":"476a60d5-4d88-448c-b049-f3a395f16a4b","local_time":"20210220142546","is_ascension_mode":false,"campfire_choices":[{"data":"HollowMod:MantisMark","floor":6,"key":"SMITH"},{"data":"HollowMod:FocusHealStart","floor":8,"key":"SMITH"},{"data":"HollowMod:SoulSplash","floor":11,"key":"SMITH"},{"floor":15,"key":"REST"},{"data":"HollowMod:RecoilStrike","floor":27,"key":"SMITH"}],"circlet_count":0,"master_deck":["HollowMod:NailStrikeStart","HollowMod:NailStrikeStart+1","HollowMod:QuickDashStart","HollowMod:QuickDashStart","HollowMod:FocusHealStart+1","HollowMod:PogoStrike","HollowMod:MantisMark+1","HollowMod:SoulSplash+1","HollowMod:DashSlash","HollowMod:RecoilStrike+1","HollowMod:CycloneSlash"],"relics":["HollowMod:VesselMask","Hallownest:DreamNailRelic","Lantern","Strawberry","Boot","SacredBark","Strange Spoon","Pantograph","Centennial Puzzle"],"acts_visited":["Hallownest:Greenpath","Hallownest:CityofTears"],"potions_floor_usage":[5,14,20,23],"damage_taken":[{"damage":4,"enemies":"Hallownest:monsterHuskWarrior","floor":1,"turns":2},{"damage":9,"enemies":"2_ Uuma","floor":3,"turns":2},{"damage":9,"enemies":"Hallownest:2_Baldur","floor":4,"turns":2},{"damage":13,"enemies":"Hallownest:eliteVengeflyKing","floor":5,"turns":5},{"damage":8,"enemies":"Hallownest:MossCreep_and_Mosskin","floor":10,"turns":5},{"damage":9,"enemies":"Hallownest:eliteMossKnight","floor":14,"turns":6},{"damage":44,"enemies":"Hallownest:BossBrokenVessel","floor":16,"turns":8},{"damage":16,"enemies":"Hallownest:2_Mistakes","floor":18,"turns":5},{"damage":0,"enemies":"Hallownest:3_Youths","floor":20,"turns":2},{"damage":38,"enemies":"Hallownest:Nosk","floor":23,"turns":8},{"damage":4,"enemies":"Hallownest:monsterShrumalOgre","floor":24,"turns":4},{"damage":14,"enemies":"Hallownest:Warrior_and_Youth","floor":25,"turns":4},{"damage":51,"enemies":"Hallownest:3_Mistakes","floor":28,"turns":9}],"seed_played":"-2782406936189805644","potions_obtained":[{"floor":1,"key":"Dexterity Potion"},{"floor":5,"key":"ColorlessPotion"},{"floor":18,"key":"AttackPotion"},{"floor":20,"key":"SkillPotion"},{"floor":24,"key":"Strength Potion"}],"is_trial":false,"path_per_floor":["M","?","M","M","?","R","$","R","T","M","R","?","$","E","R","B",null,"M","?","M","$","?","E","M","M","T","R","M"],"character_chosen":"THE_BUGKNIGHT","items_purchased":["Strange Spoon"],"campfire_rested":1,"item_purchase_floors":[21],"current_hp_per_floor":[56,56,47,38,35,35,35,35,42,46,46,46,46,49,73,41,82,72,72,72,72,72,46,52,50,50,50,11,11],"gold":166,"neow_bonus":"TRANSFORM_TWO_CARDS","is_daily":false,"chose_seed":false,"campfire_upgraded":4,"win_rate":0.0,"timestamp":1613859946,"path_taken":["M","?","?","M","?","R","?","R","T","?","R","?","?","E","R","BOSS","M","?","M","$","?","E","M","?","T","R","M"],"items_purchased_type":["Relic"],"build_version":"2020-12-22","purchased_purges":3,"victory":false,"max_hp_per_floor":[75,75,75,75,75,75,75,75,82,82,82,82,82,82,82,82,82,82,82,82,82,82,82,82,82,82,82,82,82],"card_choices":[{"not_picked":["HollowMod:DesolateDive","HollowMod:WraithStrike"],"picked":"HollowMod:SoulSplash","floor":1},{"not_picked":["HollowMod:Grubsong","HollowMod:CloakDash","HollowMod:GreatSlash"],"picked":"SKIP","floor":3},{"not_picked":["HollowMod:CloakDash","HollowMod:MonarchWings","HollowMod:SiblingsShadow"],"picked":"SKIP","floor":4},{"not_picked":["HollowMod:HeavyBlow","HollowMod:MothsMistake","HollowMod:InfectedCysts"],"picked":"SKIP","floor":5},{"not_picked":["HollowMod:SoulShaman","HollowMod:SoulSplash"],"picked":"HollowMod:DashSlash","floor":10},{"not_picked":["HollowMod:BlackTendrils","HollowMod:ShadowDash","HollowMod:NewJinnsSoul"],"picked":"SKIP","floor":14},{"not_picked":["HollowMod:SiblingsShadow","HollowMod:SharpenedNail"],"picked":"HollowMod:RecoilStrike","floor":18},{"not_picked":["HollowMod:SoulEater","HollowMod:InfectedAttack+1","HollowMod:MonarchWings"],"picked":"SKIP","floor":20},{"not_picked":["HollowMod:CornifersMapStart","HollowMod:CloakDash","HollowMod:LordofShades"],"picked":"SKIP","floor":23},{"not_picked":["HollowMod:ShadowDash+1","HollowMod:RecoilStrike","HollowMod:SoulEater"],"picked":"SKIP","floor":24},{"not_picked":["HollowMod:SharpenedNail+1","HollowMod:NewLittleFool+1"],"picked":"HollowMod:CycloneSlash","floor":25}],"player_experience":15942,"relics_obtained":[{"floor":5,"key":"Lantern"},{"floor":9,"key":"Strawberry"},{"floor":14,"key":"Boot"},{"floor":23,"key":"Pantograph"},{"floor":26,"key":"Centennial Puzzle"}],"event_choices":[],"is_beta":false,"boss_relics":[{"not_picked":["Runic Dome","Snecko Eye"],"picked":"SacredBark"}],"items_purged_floors":[7,13,21],"is_endless":false,"potions_floor_spawned":[1,5,18,20,24],"killed_by":"Hallownest:3_Mistakes","ascension_level":0}}