{"host":"i2ieyndca3ivj85d","time":1613784959,"event":{"mods":["Act Like it!","Arknights","BaseMod","Minty Spire (QoL Compilation)","Quick Restart","StSLib","¡¾ÒÅÎï¿¨ÅÆ¡¿REMEMod"],"gold_per_floor":[113,113,128,128,53,79,99,125,149,177,177,190,190,205,205,304,304,324,341,341,358,372,400,400,400,400,51,81,101,133,149,149,246,246,258,273,273,273],"floor_reached":37,"language":"ZHS","playtime":1645,"items_purged":["ats:Strike V","ats:Defend"],"score":500,"play_id":"9accbddc-1f68-437f-b2e6-51da189243ec","local_time":"20210220093559","is_ascension_mode":true,"campfire_choices":[{"data":"ats:Serious Mode","floor":11,"key":"SMITH"},{"data":"ats:Soul Rend","floor":13,"key":"SMITH"},{"data":"ats:Blood Oath","floor":15,"key":"SMITH"},{"data":"ats:Apocalypse","floor":24,"key":"SMITH"},{"data":"ats:Serious Mode","floor":32,"key":"SMITH"}],"circlet_count":0,"master_deck":["ats:Strike G","ats:Strike S","ats:Armor Crushing Shot+1","ats:Defend+1","ats:Defend+1","ats:Defend+1","ats:Emotion Absorption+1","Bullet Time","ats:Blood Oath+1","ats:Soul Rend+1","ats:Apocalypse+1","ats:Serious Mode+1","ats:Blood Oath+1","ats:Composite Medical Shells","ats:Song Of Battle","ats:Serious Mode+1","ats:Wolf Pack"],"relics":["ats:Sanity Plus","REME_ComplimentaryCards","NeowsBlessing","ats:Originium","Boot","War Paint","Whetstone","Incense Burner","ats:Tactical Delivery","Lantern","Bottled Lightning","REME_HourglassOfDeath","Art of War","ats:Berate"],"acts_visited":["Exordium","TheCity","TheBeyond"],"potions_floor_usage":[8,33,37],"damage_taken":[{"damage":0,"enemies":"2 Louse","floor":1,"turns":1},{"damage":0,"enemies":"Jaw Worm","floor":3,"turns":1},{"damage":0,"enemies":"Lagavulin","floor":6,"turns":1},{"damage":0,"enemies":"Cultist","floor":7,"turns":5},{"damage":85,"enemies":"Gremlin Nob","floor":8,"turns":9},{"damage":32,"enemies":"3 Sentries","floor":10,"turns":15},{"damage":0,"enemies":"Large Slime","floor":12,"turns":3},{"damage":14,"enemies":"Lots of Slimes","floor":14,"turns":5},{"damage":92,"enemies":"The Guardian","floor":16,"turns":10},{"damage":29,"enemies":"Chosen","floor":18,"turns":7},{"damage":46,"enemies":"2 Thieves","floor":19,"turns":4},{"damage":47,"enemies":"Cultist and Chosen","floor":21,"turns":7},{"damage":37,"enemies":"Centurion and Healer","floor":22,"turns":5},{"damage":47,"enemies":"Slavers","floor":23,"turns":4},{"damage":27,"enemies":"Gremlin Leader","floor":28,"turns":4},{"damage":17,"enemies":"3 Cultists","floor":29,"turns":4},{"damage":32,"enemies":"Slavers","floor":30,"turns":5},{"damage":35,"enemies":"Sentry and Sphere","floor":31,"turns":5},{"damage":101,"enemies":"Collector","floor":33,"turns":9},{"damage":63,"enemies":"3 Darklings","floor":35,"turns":4},{"damage":20,"enemies":"3 Shapes","floor":36,"turns":6},{"damage":109,"enemies":"2 Orb Walkers","floor":37,"turns":5}],"seed_played":"-2847429780252689806","potions_obtained":[{"floor":1,"key":"Weak Potion"},{"floor":7,"key":"FairyPotion"},{"floor":12,"key":"LiquidMemories"},{"floor":14,"key":"Fire Potion"},{"floor":18,"key":"ats:Burn Big Potion"},{"floor":30,"key":"SkillPotion"},{"floor":35,"key":"Dexterity Potion"}],"is_trial":false,"path_per_floor":["M","?","M","?","$","E","M","E","T","E","R","M","R","M","R","B",null,"M","M","?","M","M","E","R","T","T","$","E","M","E","M","R","B",null,"M","M","?"],"character_chosen":"DOCTOR_CLASS","items_purchased":["REME_HourglassOfDeath"],"campfire_rested":0,"item_purchase_floors":[27],"current_hp_per_floor":[72,58,58,51,51,51,63,6,6,35,35,48,48,65,65,59,72,68,41,41,42,45,23,23,23,23,23,35,54,63,50,50,40,72,48,53,0,0],"gold":273,"neow_bonus":"THREE_ENEMY_KILL","is_daily":false,"chose_seed":false,"campfire_upgraded":5,"win_rate":0.0,"timestamp":1613784959,"path_taken":["M","?","M","?","?","E","M","E","T","E","R","?","R","M","R","BOSS","M","M","?","M","?","E","R","?","T","?","E","?","E","M","R","BOSS","M","M","?"],"items_purchased_type":["Relic"],"build_version":"2020-12-22","purchased_purges":2,"victory":false,"max_hp_per_floor":[72,72,72,72,72,72,72,72,72,72,72,72,72,72,72,72,72,72,72,72,72,72,72,72,72,72,72,72,72,72,72,72,72,72,72,72,72,72],"card_choices":[{"not_picked":["ats:Song Of Battle","ats:Ignite","ats:Hammer On"],"picked":"SKIP","floor":1},{"not_picked":["ats:Song Of Battle","ats:Ignite","ats:Hammer On"],"picked":"SKIP","floor":1},{"not_picked":["ats:Consecutive Shot Auto","ats:Guard Mode"],"picked":"ats:Blood Oath","floor":3},{"not_picked":["ats:Hammer On","ats:Guardian Obelisk"],"picked":"ats:Soul Rend","floor":6},{"not_picked":["ats:Consecutive Shot Auto","ats:Flame Of Heaven","ats:Support Order"],"picked":"SKIP","floor":7},{"not_picked":["ats:Flexible Camouflage","ats:Closed Bolt Burst Fire"],"picked":"ats:Apocalypse","floor":8},{"not_picked":["ats:Blood Oath","ats:Ignite"],"picked":"ats:Serious Mode","floor":10},{"not_picked":["ats:Steam Pump","ats:Consecutive Shot Auto","ats:Very Hot Blade"],"picked":"SKIP","floor":12},{"not_picked":["ats:Phantom","ats:Leaping Hammer"],"picked":"ats:Blood Oath","floor":14},{"not_picked":["ats:Closed Bolt Burst Fire","ats:Sword Rain"],"picked":"ats:Composite Medical Shells","floor":18},{"not_picked":["ats:Powerful Strike","ats:Composite Medical Shells","ats:Cat Scratch"],"picked":"SKIP","floor":19},{"not_picked":["ats:Sashimi Platter","ats:Very Hot Blade","ats:Guard Mode"],"picked":"SKIP","floor":21},{"not_picked":["ats:Very Hot Blade","ats:Ignite","ats:Phantom+1"],"picked":"SKIP","floor":22},{"not_picked":["ats:Very Hot Blade","ats:Powerful Strike+1","ats:Echo Reverb"],"picked":"SKIP","floor":23},{"not_picked":["ats:Beaten Up","ats:Soul Absorption"],"picked":"ats:Song Of Battle","floor":28},{"not_picked":["ats:Closed Bolt Burst Fire","ats:Ignite+1","ats:Blood Oath"],"picked":"SKIP","floor":29},{"not_picked":["ats:Guard Mode","ats:Beaten Up","ats:Very Hot Blade"],"picked":"SKIP","floor":30},{"not_picked":["ats:Cat Scratch","ats:Explosion Area Strengthen"],"picked":"ats:Serious Mode","floor":31},{"not_picked":["ats:Disruption Kick","ats:Echo Reverb"],"picked":"ats:Wolf Pack","floor":33},{"not_picked":["ats:Cat Scratch","ats:Closed Bolt Burst Fire","ats:Rapid Magazine"],"picked":"SKIP","floor":35},{"not_picked":["ats:Poison Spread","ats:Powerful Strike","ats:Automatic Cover"],"picked":"SKIP","floor":36}],"player_experience":183244,"relics_obtained":[{"floor":6,"key":"ats:Originium"},{"floor":6,"key":"Boot"},{"floor":8,"key":"ats:Originium"},{"floor":8,"key":"War Paint"},{"floor":9,"key":"Whetstone"},{"floor":10,"key":"ats:Originium"},{"floor":10,"key":"Incense Burner"},{"floor":23,"key":"Lantern"},{"floor":25,"key":"Bottled Lightning"},{"floor":28,"key":"Art of War"},{"floor":30,"key":"ats:Berate"}],"event_choices":[{"damage_healed":0,"gold_gain":0,"player_choice":"Entered Light","damage_taken":14,"max_hp_gain":0,"max_hp_loss":0,"event_name":"Shining Light","floor":2,"gold_loss":0,"cards_upgraded":["ats:Defend","ats:Defend"]},{"cards_removed":["ats:Strike C"],"damage_healed":0,"gold_gain":0,"player_choice":"Card Removal","damage_taken":7,"max_hp_gain":0,"max_hp_loss":0,"event_name":"Golden Wing","floor":4,"gold_loss":0},{"damage_healed":0,"gold_gain":0,"player_choice":"Bought 0 Potions","damage_taken":0,"max_hp_gain":0,"max_hp_loss":0,"event_name":"The Woman in Blue","floor":20,"gold_loss":0},{"damage_healed":0,"gold_gain":0,"player_choice":"Fight","damage_taken":0,"max_hp_gain":0,"max_hp_loss":0,"event_name":"Mysterious Sphere","floor":37,"gold_loss":0}],"is_beta":false,"boss_relics":[{"not_picked":["Coffee Dripper","Black Star"],"picked":"ats:Tactical Delivery"},{"not_picked":["Astrolabe","REME_LowDesire"],"picked":"ats:Sanity Plus"}],"items_purged_floors":[5,27],"is_endless":false,"potions_floor_spawned":[1,7,12,14,18,23,28,30,35],"killed_by":"2 Orb Walkers","ascension_level":1}}