{"host":"fbdlh90rovbiajun","time":1613797628,"event":{"mods":["AchievementEnabler","BaseMod","Colored Map","Keyboard Shortcuts","Minty Spire (QoL Compilation)","SuperFastMode"],"gold_per_floor":[110,121,196,220,35,68,68,68,68,78,78,90,104,131,131,230,230,250,269,169,94,22,22,22,22,22,32,32,32],"floor_reached":28,"language":"KOR","playtime":594,"items_purged":["Defend_P","Defend_P"],"score":277,"play_id":"e2bcadd2-e9bb-422e-8f19-e07e701bf997","local_time":"20210220140708","is_ascension_mode":true,"campfire_choices":[{"data":"Eruption","floor":7,"key":"SMITH"},{"data":"FearNoEvil","floor":11,"key":"SMITH"},{"floor":15,"key":"REST"},{"data":"Adaptation","floor":23,"key":"SMITH"}],"circlet_count":0,"master_deck":["Strike_P","Strike_P","Strike_P","Defend_P","Defend_P","Eruption+1","Vigilance","Halt","FearNoEvil+1","MentalFortress","WheelKick","Consecrate","Adaptation+1"],"relics":["PureWater","NeowsBlessing","Dream Catcher","Potion Belt","StrikeDummy","Odd Mushroom","VioletLotus","Tiny Chest","Frozen Egg 2"],"acts_visited":["Exordium","TheCity"],"potions_floor_usage":[16],"damage_taken":[{"damage":0,"enemies":"2 Louse","floor":1,"turns":1},{"damage":0,"enemies":"Jaw Worm","floor":2,"turns":1},{"damage":0,"enemies":"3 Sentries","floor":6,"turns":1},{"damage":0,"enemies":"Small Slimes","floor":10,"turns":2},{"damage":15,"enemies":"Gremlin Gang","floor":12,"turns":4},{"damage":4,"enemies":"Lots of Slimes","floor":13,"turns":2},{"damage":10,"enemies":"The Mushroom Lair","floor":14,"turns":3},{"damage":37,"enemies":"Hexaghost","floor":16,"turns":8},{"damage":20,"enemies":"Spheric Guardian","floor":18,"turns":4},{"damage":27,"enemies":"Shell Parasite","floor":19,"turns":5},{"damage":23,"enemies":"Centurion and Healer","floor":27,"turns":4},{"damage":3,"enemies":"Slavers","floor":28,"turns":1}],"seed_played":"7498356776307372967","potions_obtained":[{"floor":6,"key":"BottledMiracle"},{"floor":12,"key":"SkillPotion"},{"floor":19,"key":"Strength Potion"},{"floor":27,"key":"FearPotion"}],"is_trial":false,"path_per_floor":["M","M","?","T","$","E","R","$","T","M","R","M","M","?","R","B",null,"M","M","$","?","$","R","?","?","T","M","E"],"character_chosen":"WATCHER","items_purchased":["MentalFortress","WheelKick","Adaptation"],"campfire_rested":1,"item_purchase_floors":[5,5,22],"current_hp_per_floor":[72,72,61,61,61,61,61,61,61,61,61,46,42,32,53,16,72,52,25,25,25,25,25,25,25,25,2,0,0],"gold":32,"neow_bonus":"THREE_ENEMY_KILL","is_daily":false,"chose_seed":false,"campfire_upgraded":3,"win_rate":0.0,"timestamp":1613797628,"path_taken":["M","M","?","?","?","E","R","$","T","?","R","M","M","?","R","BOSS","M","M","$","?","$","R","?","?","T","M","E"],"items_purchased_type":["Card","Card","Card"],"build_version":"2020-12-22","purchased_purges":2,"victory":false,"max_hp_per_floor":[72,72,72,72,72,72,72,72,72,72,72,72,72,72,72,72,72,72,72,72,72,72,72,72,72,72,72,72,72],"card_choices":[{"not_picked":["PathToVictory","Wireheading"],"picked":"Halt","floor":1},{"not_picked":["SignatureMove","EmptyFist"],"picked":"FearNoEvil","floor":2},{"not_picked":["EmptyFist","EmptyBody","FlurryOfBlows"],"picked":"SKIP","floor":6},{"not_picked":["JustLucky","WheelKick","FearNoEvil"],"picked":"SKIP","floor":10},{"not_picked":["JustLucky","Tantrum","WaveOfTheHand"],"picked":"SKIP","floor":12},{"not_picked":["EmptyFist","Protect","PathToVictory"],"picked":"SKIP","floor":13},{"not_picked":["PathToVictory","Prostrate"],"picked":"Consecrate","floor":15},{"not_picked":["Evaluate","SignatureMove","CrushJoints"],"picked":"SKIP","floor":18},{"not_picked":["CrushJoints","EmptyFist+1","Pray"],"picked":"SKIP","floor":19},{"not_picked":["ClearTheMind","BattleHymn+1","EmptyFist"],"picked":"SKIP","floor":27}],"player_experience":105999,"relics_obtained":[{"floor":4,"key":"Dream Catcher"},{"floor":6,"key":"Potion Belt"},{"floor":9,"key":"StrikeDummy"},{"floor":14,"key":"Odd Mushroom"},{"floor":26,"key":"Frozen Egg 2"}],"event_choices":[{"damage_healed":0,"gold_gain":75,"player_choice":"Gather Gold","damage_taken":11,"max_hp_gain":0,"max_hp_loss":0,"event_name":"World of Goop","floor":3,"gold_loss":0},{"damage_healed":0,"gold_gain":0,"player_choice":"Fought Mushrooms","damage_taken":0,"max_hp_gain":0,"max_hp_loss":0,"event_name":"Mushrooms","floor":14,"gold_loss":0},{"cards_removed":["Strike_P"],"damage_healed":0,"gold_gain":0,"player_choice":"Gave Gold","damage_taken":0,"max_hp_gain":0,"max_hp_loss":0,"event_name":"Beggar","floor":21,"gold_loss":75},{"damage_healed":0,"gold_gain":0,"player_choice":"Stole Relic","damage_taken":0,"relics_obtained":["Tiny Chest"],"max_hp_gain":0,"max_hp_loss":0,"event_name":"Addict","floor":24,"gold_loss":0,"cards_obtained":["Shame"]},{"cards_removed":["Shame"],"damage_healed":0,"gold_gain":0,"player_choice":"Purged","damage_taken":0,"max_hp_gain":0,"max_hp_loss":0,"event_name":"Purifier","floor":25,"gold_loss":0}],"is_beta":false,"boss_relics":[{"not_picked":["SlaversCollar","Cursed Key"],"picked":"VioletLotus"}],"items_purged_floors":[5,20],"is_endless":false,"potions_floor_spawned":[6,12,19,27],"killed_by":"Slavers","ascension_level":3}}