{"host":"h4qgcirtxz6qax9j","time":1613814883,"event":{"mods":["2.2 Compatiblity","AchievementEnabler","BaseMod","Colored Powertips","Custom Start","Minty Spire (QoL Compilation)","Replay The Spire","StSLib","SuperFastMode"],"gold_per_floor":[110,71,82,101,114,114,128,128,128,128,176,191,191,156,156,256,256,271,296,308,322,336,336,349,365,365,365,384,384,410,426,426,530,530,547,292,292,312,323,323,373,388,388,415,637,657,683,683,683,683,683],"floor_reached":50,"language":"KOR","playtime":1452,"items_purged":[],"score":568,"play_id":"2cecacfa-5691-4469-a299-8c9f50f70c5e","local_time":"20210220185443","is_ascension_mode":false,"campfire_choices":[{"data":"Creative AI","floor":6,"key":"SMITH"},{"floor":15,"key":"REST"},{"data":"Storm","floor":27,"key":"SMITH"},{"data":"Amplify","floor":29,"key":"SMITH"},{"floor":32,"key":"REST"},{"data":"Hello World","floor":40,"key":"SMITH"},{"floor":49,"key":"REST"}],"circlet_count":0,"master_deck":["Conserve Battery","Conserve Battery","Conserve Battery","Conserve Battery+1","Conserve Battery","Ball Lightning","Beam Cell","Beam Cell","Strike_B","Strike_B","Strike_B","Strike_B","Strike_B","Creative AI+1","Heatsinks","Heatsinks","Storm+1","Storm","Electrodynamics","Electrodynamics","Defragment","Defragment","Capacitor","Capacitor","Redo","Redo","Redo+1","Conserve Battery","Conserve Battery","Capacitor","Panic Button","Tempest","Self Repair","Cold Snap","Spreading Infection","Panic Button","Double Energy","Amplify+1","Leap","Hello World+1","Madness","Madness"],"relics":["Cracked Core","Meat on the Bone","Eternal Feather","ReplayTheSpireMod:Ring of Challenge","Nuclear Battery","Red Mask","MutagenicStrength","Replay:Mystery Machine","MealTicket","Inserter","Quantum Egg","Ginger","Sundial","Kunai","Calipers"],"acts_visited":["Exordium","TheCity","TheBeyond"],"potions_floor_usage":[],"damage_taken":[{"damage":0,"enemies":"Small Slimes","floor":1,"turns":3},{"damage":0,"enemies":"2 Louse","floor":3,"turns":2},{"damage":0,"enemies":"Cultist","floor":4,"turns":3},{"damage":21,"enemies":"Exordium Wildlife","floor":5,"turns":4},{"damage":10,"enemies":"Looter","floor":7,"turns":3},{"damage":0,"enemies":"2 Fungi Beasts","floor":12,"turns":4},{"damage":25,"enemies":"Slime Boss","floor":16,"turns":6},{"damage":25,"enemies":"Spheric Guardian","floor":18,"turns":4},{"damage":21,"enemies":"Masked Bandits","floor":19,"turns":3},{"damage":0,"enemies":"3 Byrds","floor":20,"turns":2},{"damage":22,"enemies":"3 Cultists","floor":21,"turns":4},{"damage":0,"enemies":"Snecko","floor":22,"turns":3},{"damage":27,"enemies":"Sentry and Sphere","floor":24,"turns":4},{"damage":8,"enemies":"Snake Plant","floor":25,"turns":3},{"damage":12,"enemies":"3 Cultists","floor":28,"turns":4},{"damage":51,"enemies":"Slavers","floor":30,"turns":4},{"damage":15,"enemies":"Snecko","floor":31,"turns":3},{"damage":66,"enemies":"Automaton","floor":33,"turns":8},{"damage":21,"enemies":"3 Shapes","floor":35,"turns":3},{"damage":7,"enemies":"Orb Walker","floor":38,"turns":3},{"damage":0,"enemies":"4 Shapes","floor":39,"turns":3},{"damage":0,"enemies":"Mind Bloom Boss Battle","floor":41,"turns":5},{"damage":22,"enemies":"Spire Growth","floor":42,"turns":3},{"damage":32,"enemies":"Reptomancer","floor":44,"turns":3},{"damage":14,"enemies":"Jaw Worm Horde","floor":46,"turns":2},{"damage":67,"enemies":"Nemesis","floor":47,"turns":5},{"damage":74,"enemies":"Awakened One","floor":50,"turns":3}],"seed_played":"-9035048244976041516","potions_obtained":[{"floor":1,"key":"EssenceOfDarkness"},{"floor":12,"key":"FairyPotion"},{"floor":16,"key":"SpeedPotion"},{"floor":44,"key":"Death Potion"},{"floor":47,"key":"PowerPotion"}],"is_trial":true,"path_per_floor":["M","$","M","M","M","R","M","?","T","?","?","M","?","?","R","B",null,"M","?","M","M","M","?","M","M","T","R","M","R","E","M","R","B",null,"M","$","?","M","M","R","?","M","T","E","?","M","E","?","R","B"],"character_chosen":"DEFECT","items_purchased":["Conserve Battery","Quantum Egg"],"campfire_rested":3,"item_purchase_floors":[2,36],"current_hp_per_floor":[75,75,75,75,54,54,44,29,29,29,11,30,30,30,73,55,75,57,55,55,52,52,52,44,48,48,69,64,75,36,33,75,28,75,54,69,59,59,59,75,75,60,60,40,40,38,34,25,71,0,0],"gold":683,"neow_bonus":"","is_daily":false,"chose_seed":false,"campfire_upgraded":4,"win_rate":0.0,"timestamp":1613814883,"path_taken":["M","$","M","M","M","R","M","?","T","?","?","?","?","?","R","BOSS","M","?","M","M","M","?","M","M","T","R","M","R","E","M","R","BOSS","M","$","?","M","M","R","?","M","T","E","?","M","E","?","R","BOSS"],"items_purchased_type":["Card","Relic"],"build_version":"2020-12-22","purchased_purges":0,"victory":false,"max_hp_per_floor":[75,75,75,75,75,75,75,75,75,75,75,75,75,75,75,75,75,75,75,75,75,75,75,75,75,75,75,75,75,75,75,75,75,75,75,75,75,75,75,75,75,75,75,75,75,75,75,75,75,75,75],"card_choices":[{"not_picked":["ReplaySolidLightProjector","Rebound","Stack"],"picked":"SKIP","floor":1},{"not_picked":["Panic Button","Sweeping Beam"],"picked":"Capacitor","floor":3},{"not_picked":["Turbo","Gash"],"picked":"Panic Button","floor":4},{"not_picked":["Stack","Skim","Tempest"],"picked":"SKIP","floor":5},{"not_picked":["Redo","BootSequence"],"picked":"Tempest","floor":7},{"not_picked":["Barrage","Fusion"],"picked":"Self Repair","floor":11},{"not_picked":["Recycle","ReplayTheSpireMod:Calculation Training"],"picked":"Cold Snap","floor":12},{"not_picked":["Barrage","Genetic Algorithm","Rebound"],"picked":"SKIP","floor":18},{"not_picked":["Redo","Rebound"],"picked":"Panic Button","floor":19},{"not_picked":["Beam Cell","Chill","Seek"],"picked":"SKIP","floor":20},{"not_picked":["Cold Snap","Undo"],"picked":"Double Energy","floor":21},{"not_picked":["Steam","Beam Cell","Doom and Gloom"],"picked":"SKIP","floor":22},{"not_picked":["Static Discharge","Rebound","Conserve Battery"],"picked":"SKIP","floor":24},{"not_picked":["Stack+1","ReplayTheSpireMod:Repulse+1"],"picked":"Amplify","floor":25},{"not_picked":["BasicCrystalCard+1","Panic Button","Lockon+1"],"picked":"SKIP","floor":28},{"not_picked":["Streamline+1","Scrape","Go for the Eyes+1"],"picked":"SKIP","floor":30},{"not_picked":["Gash","Ball Lightning"],"picked":"Leap","floor":31},{"not_picked":["Gash+1","Steam+1","Compile Driver+1"],"picked":"SKIP","floor":35},{"not_picked":["Genetic Algorithm+1","Redo+1","BasicCrystalCard+1"],"picked":"SKIP","floor":38},{"not_picked":["Steam","BasicCrystalCard+1"],"picked":"Hello World","floor":39},{"not_picked":["Leap+1","Cold Snap","Rip and Tear+1"],"picked":"SKIP","floor":42},{"not_picked":["Redo","Streamline","Steam Power"],"picked":"SKIP","floor":44},{"not_picked":["Beam Cell+1","Barrage","Static Discharge"],"picked":"SKIP","floor":46},{"not_picked":["Steam+1","Streamline","Gash"],"picked":"SKIP","floor":47}],"player_experience":48345,"relics_obtained":[{"floor":9,"key":"Meat on the Bone"},{"floor":11,"key":"Eternal Feather"},{"floor":13,"key":"ReplayTheSpireMod:Ring of Challenge"},{"floor":19,"key":"Red Mask"},{"floor":26,"key":"Replay:Mystery Machine"},{"floor":30,"key":"MealTicket"},{"floor":41,"key":"Ginger"},{"floor":43,"key":"Sundial"},{"floor":44,"key":"Kunai"},{"floor":47,"key":"Calipers"}],"event_choices":[{"damage_healed":0,"gold_gain":0,"player_choice":"Entered Light","damage_taken":15,"max_hp_gain":0,"max_hp_loss":0,"event_name":"Shining Light","floor":8,"gold_loss":0,"cards_upgraded":["Redo","Conserve Battery"]},{"damage_healed":0,"gold_gain":0,"player_choice":"Ignored","damage_taken":0,"max_hp_gain":0,"max_hp_loss":0,"event_name":"Liars Game","floor":10,"gold_loss":0},{"damage_healed":0,"gold_gain":0,"player_choice":"Left Gold","damage_taken":0,"max_hp_gain":0,"max_hp_loss":0,"event_name":"World of Goop","floor":14,"gold_loss":35},{"damage_healed":0,"gold_gain":0,"player_choice":"Fought Bandits","damage_taken":0,"max_hp_gain":0,"max_hp_loss":0,"event_name":"Masked Bandits","floor":19,"gold_loss":0},{"damage_healed":0,"gold_gain":0,"player_choice":"Inject Mutagens","damage_taken":0,"relics_obtained":["MutagenicStrength"],"max_hp_gain":0,"max_hp_loss":0,"event_name":"Drug Dealer","floor":23,"gold_loss":0},{"damage_healed":0,"gold_gain":0,"player_choice":"Memory 3","damage_taken":10,"max_hp_gain":0,"max_hp_loss":0,"event_name":"SensoryStone","floor":37,"gold_loss":0},{"damage_healed":0,"gold_gain":0,"player_choice":"Fight","damage_taken":0,"max_hp_gain":0,"max_hp_loss":0,"event_name":"MindBloom","floor":41,"gold_loss":0},{"damage_healed":0,"gold_gain":222,"player_choice":"Wore Mask","damage_taken":0,"max_hp_gain":0,"max_hp_loss":0,"event_name":"Tomb of Lord Red Mask","floor":45,"gold_loss":0},{"damage_healed":0,"gold_gain":0,"player_choice":"Embrace Madness","damage_taken":9,"max_hp_gain":0,"max_hp_loss":0,"event_name":"Winding Halls","floor":48,"gold_loss":0,"cards_obtained":["Madness","Madness"]}],"is_beta":false,"boss_relics":[{"not_picked":["SlaversCollar","Pandora\u0027s Box"],"picked":"Nuclear Battery"},{"not_picked":["Kintsugi","Runic Pyramid"],"picked":"Inserter"}],"items_purged_floors":[],"is_endless":false,"potions_floor_spawned":[1,12,16,18,20,28,30,33,39,44,46,47],"killed_by":"Awakened One","ascension_level":0}}