{"host":"n6wy3zv6av0qxahu","time":1613797189,"event":{"mods":["BaseMod","BetterRewards","Minty Spire (QoL Compilation)","Relic Filter","Shop Mod","StSLib","The Hierophant","[IsaacMod]ÒÔÈö¼âËþ","noobMod"],"gold_per_floor":[110,110,129,153,171,171,191,231,255,293,293,31,44,62,62,187,250,275,295,295,320,16,51,74,117,140,155,39,60,75,96,96,222,222,242,257,257,257,280,318,356,356,402,473,504,532,553,576,576,604],"floor_reached":51,"language":"ZHS","playtime":3089,"items_purged":[],"score":1046,"play_id":"30f51239-c336-4ac2-b53e-19b31124aeb7","local_time":"20210220125949","is_ascension_mode":false,"campfire_choices":[{"floor":6,"key":"REST"},{"data":"Whirlwind","floor":11,"key":"SMITH"},{"data":"Heavy Blade","floor":15,"key":"SMITH"},{"data":"Seeing Red","floor":32,"key":"SMITH"},{"data":"Limit Break","floor":42,"key":"SMITH"},{"data":"Offering","floor":49,"key":"SMITH"}],"circlet_count":0,"master_deck":["Strike_R","Strike_R","Strike_R","Strike_R","Strike_R","Defend_R","Defend_R","Defend_R","Defend_R","Bash","EpicFetus","Fiend Fire","Feel No Pain","Dual Wield","Panache","Anger","Perfected Strike","Heavy Blade+1","Thunderclap","Whirlwind+1","Sword Boomerang","Intimidate","Spot Weakness+1","Inflame","Pummel","Exhume","Seeing Red+1","Dropkick","Flex","Sword Boomerang+1","Shrug It Off+1","Whirlwind+1","Warcry","Anger","Flex","Limit Break+1","Pommel Strike+1","Body Slam","Sadistic Nature","Anger+1","Pommel Strike+1","Thunderclap","Limit Break","Flex","Offering+1","Infernal Blade+1","Twin Strike+1"],"relics":["Burning Blood","ice","HushsDoor","Anchor","Question Card","HowToJump","Letter Opener","Golden Idol","Juzu Bracelet","Oddly Smooth Stone","Bag of Marbles","Orichalcum","Tiny House","Nilry\u0027s Codex","Champion Belt","Shuriken","BlankCard","Lantern","MerchantsRug","MagicMushroom","SalivaCoin","TheBean","Calipers"],"acts_visited":["Exordium","TheCity","TheBeyond"],"potions_floor_usage":[8,8,8,8,8,10,18,23,24,33,40,40,50,50],"damage_taken":[{"damage":0,"enemies":"Small Slimes","floor":1,"turns":2},{"damage":1,"enemies":"Cultist","floor":3,"turns":3},{"damage":4,"enemies":"Jaw Worm","floor":4,"turns":4},{"damage":4,"enemies":"Exordium Wildlife","floor":5,"turns":3},{"damage":0,"enemies":"Exordium Thugs","floor":7,"turns":2},{"damage":16,"enemies":"Lagavulin","floor":8,"turns":5},{"damage":9,"enemies":"3 Sentries","floor":10,"turns":5},{"damage":0,"enemies":"Blue Slaver","floor":13,"turns":2},{"damage":0,"enemies":"Lots of Slimes","floor":14,"turns":3},{"damage":34,"enemies":"Hexaghost","floor":16,"turns":9},{"damage":0,"enemies":"Spheric Guardian","floor":18,"turns":3},{"damage":4,"enemies":"3 Byrds","floor":19,"turns":5},{"damage":12,"enemies":"Cultist and Chosen","floor":21,"turns":4},{"damage":57,"enemies":"Slavers","floor":23,"turns":5},{"damage":8,"enemies":"Sentry and Sphere","floor":24,"turns":4},{"damage":14,"enemies":"Gremlin Leader","floor":25,"turns":5},{"damage":15,"enemies":"Snake Plant","floor":27,"turns":3},{"damage":5,"enemies":"Centurion and Healer","floor":29,"turns":3},{"damage":0,"enemies":"Cultist and Chosen","floor":30,"turns":3},{"damage":14,"enemies":"Snake Plant","floor":31,"turns":3},{"damage":70,"enemies":"Collector","floor":33,"turns":7},{"damage":0,"enemies":"3 Shapes","floor":35,"turns":1},{"damage":0,"enemies":"Orb Walker","floor":36,"turns":1},{"damage":0,"enemies":"Sphere and 2 Shapes","floor":39,"turns":2},{"damage":77,"enemies":"Reptomancer","floor":40,"turns":4},{"damage":13,"enemies":"Writhing Mass","floor":41,"turns":4},{"damage":28,"enemies":"Nemesis","floor":44,"turns":5},{"damage":3,"enemies":"4 Shapes","floor":45,"turns":2},{"damage":6,"enemies":"Sphere and 2 Shapes","floor":46,"turns":2},{"damage":0,"enemies":"Jaw Worm Horde","floor":47,"turns":2},{"damage":6,"enemies":"Writhing Mass","floor":48,"turns":2},{"damage":45,"enemies":"Time Eater","floor":50,"turns":9}],"seed_played":"8698413027157907723","potions_obtained":[{"floor":1,"key":"SkillPotion"},{"floor":4,"key":"EntropicBrew"},{"floor":7,"key":"LiquidBronze"},{"floor":13,"key":"SneckoOil"},{"floor":17,"key":"LiquidMemories"},{"floor":18,"key":"DuplicationPotion"},{"floor":23,"key":"Ancient Potion"},{"floor":27,"key":"FairyPotion"},{"floor":31,"key":"BloodPotion"},{"floor":33,"key":"Fire Potion"},{"floor":36,"key":"LiquidBronze"},{"floor":41,"key":"AttackPotion"},{"floor":44,"key":"Swift Potion"}],"is_trial":false,"path_per_floor":["M","?","M","M","M","R","M","E","T","E","R","$","M","M","R","B",null,"M","M","?","M","$","E","M","E","T","M","$","M","M","M","R","B",null,"M","M","?","?","M","E","M","R","T","E","M","M","M","M","R","B",null],"character_chosen":"IRONCLAD","items_purchased":["Anchor","Question Card","Fiend Fire","Feel No Pain","Dual Wield","Panache","Letter Opener","Anger","Orichalcum","Intimidate","Spot Weakness","Champion Belt","MerchantsRug"],"campfire_rested":1,"item_purchase_floors":[0,0,0,0,0,0,0,0,12,12,12,22,28],"current_hp_per_floor":[42,22,27,29,31,55,61,51,51,48,48,48,54,60,60,32,85,85,85,69,63,63,12,85,77,77,68,68,69,75,67,67,26,124,124,124,124,124,124,53,47,47,47,26,30,31,38,39,39,163],"gold":604,"neow_bonus":"","is_daily":false,"chose_seed":false,"campfire_upgraded":5,"win_rate":0.0,"timestamp":1613797189,"path_taken":["M","?","M","M","M","R","M","E","T","E","R","?","M","M","R","BOSS","M","M","?","M","$","E","M","E","T","M","$","M","M","M","R","BOSS","M","M","?","?","M","E","M","R","T","E","M","M","M","M","R","BOSS"],"items_purchased_type":["Relic","Relic","Card","Card","Card","Card","Relic","Card","Relic","Card","Card","Relic","Relic"],"build_version":"2020-12-22","purchased_purges":0,"victory":true,"max_hp_per_floor":[80,80,80,80,80,80,80,80,80,80,80,80,80,80,80,80,85,85,85,85,85,85,85,85,93,93,96,96,99,101,107,107,117,124,124,124,124,124,124,131,136,136,136,146,151,154,155,156,156,166],"card_choices":[{"not_picked":[],"picked":"EpicFetus","floor":0},{"not_picked":["Iron Wave","Dual Wield","Havoc"],"picked":"Perfected Strike","floor":1},{"not_picked":["Warcry","Clothesline","Twin Strike"],"picked":"Bomb","floor":3},{"not_picked":["Armaments","Wild Strike","Berserk"],"picked":"Bomb","floor":4},{"not_picked":["Cleave","Havoc","Metallicize"],"picked":"Heavy Blade","floor":5},{"not_picked":["Reckless Charge","Heavy Blade","Iron Wave"],"picked":"Thunderclap","floor":7},{"not_picked":["Bomb","Perfected Strike","Seeing Red"],"picked":"Whirlwind","floor":8},{"not_picked":["Flame Barrier","Fiend Fire","Combust"],"picked":"Sword Boomerang","floor":10},{"not_picked":["Clothesline","Armaments","Flex"],"picked":"Inflame","floor":13},{"not_picked":["Body Slam","Bomb","Sever Soul"],"picked":"Pummel","floor":14},{"not_picked":["Demon Form","Berserk","Brutality"],"picked":"Exhume","floor":16},{"not_picked":["Fire Breathing","Bomb","Second Wind"],"picked":"Seeing Red","floor":17},{"not_picked":["Sever Soul+1","Clash","Second Wind+1"],"picked":"Dropkick","floor":18},{"not_picked":["Armaments","Carnage","Spot Weakness"],"picked":"Flex","floor":19},{"not_picked":["Blood for Blood+1","Wild Strike+1","Heavy Blade"],"picked":"Fire Breathing","floor":21},{"not_picked":["Brutality","Warcry","Clothesline"],"picked":"Sword Boomerang+1","floor":23},{"not_picked":["Havoc","Cleave","Infernal Blade","Heavy Blade"],"picked":"SKIP","floor":24},{"not_picked":["Heavy Blade","Feel No Pain","Anger"],"picked":"Shrug It Off+1","floor":25},{"not_picked":["Shrug It Off+1","Anger+1","Dropkick+1"],"picked":"Whirlwind+1","floor":27},{"not_picked":["Havoc","Headbutt","Sever Soul"],"picked":"Warcry","floor":29},{"not_picked":["Metallicize+1","Heavy Blade+1","Corruption"],"picked":"Anger","floor":30},{"not_picked":["Clothesline","Combust","Armaments"],"picked":"Flex","floor":31},{"not_picked":["Impervious","Feed","Offering"],"picked":"Limit Break","floor":33},{"not_picked":["Clothesline","Iron Wave","Shrug It Off"],"picked":"Pommel Strike+1","floor":35},{"not_picked":["Sword Boomerang","Thunderclap","Rampage"],"picked":"Body Slam","floor":36},{"not_picked":["Purity","Swift Strike","PanicButton"],"picked":"Sadistic Nature","floor":37},{"not_picked":["Shockwave","Uppercut+1","Inflame"],"picked":"Anger+1","floor":39},{"not_picked":["Wild Strike","Carnage+1","Armaments"],"picked":"Pommel Strike+1","floor":40},{"not_picked":["Reckless Charge+1","Clash","Warcry"],"picked":"Thunderclap","floor":41},{"not_picked":["Pommel Strike+1","Anger","Cleave+1"],"picked":"Limit Break","floor":44},{"not_picked":["Perfected Strike+1","True Grit+1","Clothesline+1"],"picked":"Flex","floor":45},{"not_picked":["Clothesline","Uppercut","Pommel Strike+1"],"picked":"Offering","floor":46},{"not_picked":["Evolve","True Grit+1","Headbutt"],"picked":"Infernal Blade+1","floor":47},{"not_picked":["Heavy Blade","Disarm","Clash"],"picked":"Twin Strike+1","floor":48}],"player_experience":123296,"relics_obtained":[{"floor":8,"key":"Juzu Bracelet"},{"floor":9,"key":"Oddly Smooth Stone"},{"floor":10,"key":"Bag of Marbles"},{"floor":20,"key":"Nilry\u0027s Codex"},{"floor":23,"key":"Shuriken"},{"floor":25,"key":"BlankCard"},{"floor":26,"key":"Lantern"},{"floor":40,"key":"SalivaCoin"},{"floor":43,"key":"TheBean"},{"floor":44,"key":"Calipers"}],"event_choices":[{"damage_healed":0,"gold_gain":0,"player_choice":"Take Damage","damage_taken":20,"relics_obtained":["Golden Idol"],"max_hp_gain":0,"max_hp_loss":0,"event_name":"Golden Idol","floor":2,"gold_loss":0},{"damage_healed":0,"gold_gain":0,"player_choice":"Obtained Book","damage_taken":16,"max_hp_gain":0,"max_hp_loss":0,"event_name":"Cursed Tome","floor":20,"gold_loss":0},{"damage_healed":0,"gold_gain":0,"player_choice":"Memory 1","damage_taken":0,"max_hp_gain":0,"max_hp_loss":0,"event_name":"SensoryStone","floor":37,"gold_loss":0},{"cards_removed":["Fire Breathing"],"damage_healed":0,"gold_gain":0,"player_choice":"Removed Power","damage_taken":0,"max_hp_gain":0,"max_hp_loss":0,"event_name":"Falling","floor":38,"gold_loss":0}],"is_beta":false,"boss_relics":[{"not_picked":["SacredBark","Sozu"],"picked":"Tiny House"},{"not_picked":[]},{"not_picked":["ChampionBelt","Cursed Key"],"picked":"MagicMushroom"},{"not_picked":[]}],"items_purged_floors":[],"is_endless":false,"potions_floor_spawned":[1,4,7,13,18,23,27,31,33,36,39,41,44],"ascension_level":0}}