{"host":"rg29p8m4aqjozpzt","time":1613820548,"event":{"mods":["100% Spire Juice","Aspiration","Bartender","BaseMod","Beaked The Cultist","Better Altar","Better Match","Better Sensory Stone","Better Skull","Better Third Choice","BetterRewards","Chen","Colored Powertips","Conspire","Downfall","Friendly Minions","Hermit","Hubris","JesterMod","Magitek Elite","Minty Spire (QoL Compilation)","Permanent Neow","Prisma Mod","QueenMod","Quick Restart","Relic Filter","Reorder Act Four","Shade Mod","StSLib","SuperFastMode","The Alterego","The Marked","The Runesmith","Unceasing Turn Reminder"],"gold_per_floor":[113,133,168,168,168,168,168],"floor_reached":6,"language":"ENG","playtime":345,"items_purged":["Moonworks:Strike"],"score":37,"play_id":"6b568fec-6c64-4779-b38f-8a61ac7da2d6","local_time":"20210220122908","is_ascension_mode":true,"campfire_choices":[],"circlet_count":0,"master_deck":["Moonworks:Strike","Moonworks:Strike","Moonworks:Strike","Moonworks:Defend","Moonworks:Defend","Moonworks:Defend","Moonworks:Defend","Moonworks:Ambush","Moonworks:LongDistanceShot","Moonworks:IndiscriminateFireSupport","Moonworks:UnpaidWork","Moonworks:ForcedRevival","Moonworks:Assault","Moonworks:LulusLuckyEgg","Moonworks:TacticalRetreat","Moonworks:CompletionReward","Moonworks:SealedMemories"],"relics":["Moonworks:BrokenBomb","Moonworks:Homemark","hubris:MysteriousPyramids","hubris:Icosahedron"],"acts_visited":["Exordium"],"potions_floor_usage":[3],"damage_taken":[{"damage":0.0,"enemies":"Cultist","floor":1.0,"turns":3.0},{"damage":0.0,"enemies":"2 Louse","floor":2.0,"turns":1.0},{"damage":0,"enemies":"conspire:MimicChest","floor":3,"turns":2},{"damage":0,"enemies":"3 Sentries","floor":6,"turns":1}],"seed_played":"2466674784053343480","potions_obtained":[{"floor":1.0,"key":"Fire Potion"}],"is_trial":false,"path_per_floor":["M","M","?","?","?","E"],"character_chosen":"THE_STARBREAKER","items_purchased":["Moonworks:IndiscriminateFireSupport","hubris:MysteriousPyramids"],"campfire_rested":0,"item_purchase_floors":[0,0],"current_hp_per_floor":[36,36,41,41,41,41,41],"gold":168,"neow_bonus":"","is_daily":false,"chose_seed":false,"campfire_upgraded":0,"win_rate":0.0,"timestamp":1613820548,"path_taken":["M","M","?","?","?","E"],"items_purchased_type":["Card","Relic"],"build_version":"2020-12-22","purchased_purges":1,"victory":false,"max_hp_per_floor":[60,60,60,60,60,60,60],"card_choices":[{"not_picked":["Moonworks:JonathanRush","Moonworks:DeployBits"],"picked":"Moonworks:UnpaidWork","floor":1.0},{"not_picked":["Moonworks:IndiscriminateFireSupport","Moonworks:UnluckyCharm"],"picked":"Moonworks:ForcedRevival","floor":2.0}],"player_experience":1558229,"relics_obtained":[],"event_choices":[],"is_beta":false,"boss_relics":[],"items_purged_floors":[0],"is_endless":false,"potions_floor_spawned":[1],"killed_by":"3 Sentries","ascension_level":2}}