{"host":"vk2xyavtylxbvrfq","time":1613861747,"event":{"mods":["Bard","BaseMod","Bestiary","Better Altar","Better Match","Better Note","Better Sensory Stone","Better Skull","Better Vampires","Block Reminder","Bossed Relics","Colored Map","Curses Come First","Displayed Cursed Tome","Downfall","Extra Virgin Snecko Oil","Fox Events","Hermit","Ironclad Rager","Marked Mod","Minty Spire (QoL Compilation)","Quick Restart","Rare Cards Sparkle","Relic Sorter","Reliquary","Robot Space Explorer","Shapeshifter Mod","StSLib","The Hayseed","The Marked","The Runesmith","Unceasing Turn Reminder"],"gold_per_floor":[119,119,84,184,184,184,213,213,259,285,285,300,327,25,25,123,123],"floor_reached":16,"language":"ENG","playtime":245,"items_purged":[],"score":323,"play_id":"1979719e-2acc-4c9d-ae6f-eda814ed7901","local_time":"20210220175547","is_ascension_mode":true,"campfire_choices":[{"data":"hermit:Snapshot","floor":6,"key":"SMITH"},{"data":"hermit:Shortfuse","floor":8,"key":"SMITH"},{"data":"hermit:LoneWolf","floor":11,"key":"SMITH"},{"data":"hermit:Brawl","floor":15,"key":"SMITH"}],"circlet_count":0,"master_deck":["hermit:Strike_Hermit","hermit:Strike_Hermit","hermit:Strike_Hermit","hermit:Strike_Hermit","hermit:Defend_Hermit","hermit:Defend_Hermit","hermit:Defend_Hermit","hermit:Defend_Hermit","hermit:Snapshot+1","hermit:Covet","hermit:Ricochet+1","hermit:Purgatory","hermit:Shortfuse+1","hermit:LoneWolf+1","hermit:RoundhouseKick","hermit:Brawl+1"],"relics":["hermit:Momento","NeowsBlessing","Du-Vu Doll","Happy Flower","reliquary:Stiletto","reliquary:GummyVitamins","hermit:RyeStalk","Regal Pillow","PrismaticShard"],"acts_visited":["Exordium"],"potions_floor_usage":[13,13,13],"damage_taken":[{"damage":0,"enemies":"Small Slimes","floor":1,"turns":1},{"damage":0,"enemies":"Lagavulin","floor":7,"turns":1},{"damage":0,"enemies":"3 Sentries","floor":10,"turns":2},{"damage":0,"enemies":"2 Louse","floor":12,"turns":1},{"damage":0,"enemies":"Gremlin Nob","floor":13,"turns":2},{"damage":42,"enemies":"The Guardian","floor":16,"turns":7}],"seed_played":"-6045755523842415692","potions_obtained":[{"floor":7,"key":"EssenceOfSteel"},{"floor":10,"key":"SteroidPotion"},{"floor":12,"key":"AttackPotion"},{"floor":13,"key":"Strength Potion"}],"is_trial":false,"path_per_floor":["M","?","?","?","?","R","E","R","T","E","R","M","E","$","R","B"],"character_chosen":"HERMIT","items_purchased":["Regal Pillow","PrismaticShard"],"campfire_rested":0,"item_purchase_floors":[14,14],"current_hp_per_floor":[68,68,75,80,80,80,80,80,80,80,80,80,80,80,80,38,38],"gold":123,"neow_bonus":"THREE_ENEMY_KILL","is_daily":false,"chose_seed":false,"campfire_upgraded":4,"win_rate":0.0,"timestamp":1613861747,"path_taken":["M","?","?","?","?","R","E","R","T","E","R","M","E","$","R","BOSS"],"items_purchased_type":["Relic","Relic"],"build_version":"2020-12-22","purchased_purges":0,"victory":false,"max_hp_per_floor":[75,75,75,80,80,80,80,80,80,80,80,80,80,80,80,80,80],"card_choices":[{"not_picked":["hermit:ItchyTrigger","hermit:Showdown"],"picked":"hermit:Ricochet","floor":1},{"not_picked":["hermit:GoldenBullet","hermit:GhostlyPresence"],"picked":"hermit:Shortfuse","floor":7},{"not_picked":["hermit:BodyArmor","hermit:Desperado"],"picked":"hermit:LoneWolf","floor":10},{"not_picked":["hermit:Feint","hermit:LowProfile"],"picked":"hermit:RoundhouseKick","floor":12},{"not_picked":["hermit:Snipe","hermit:PistolWhip"],"picked":"hermit:Brawl","floor":13}],"player_experience":1452394,"relics_obtained":[{"floor":7,"key":"Happy Flower"},{"floor":9,"key":"reliquary:Stiletto"},{"floor":10,"key":"reliquary:GummyVitamins"},{"floor":13,"key":"hermit:RyeStalk"}],"event_choices":[{"damage_healed":0,"gold_gain":0,"player_choice":"Grow","damage_taken":0,"max_hp_gain":0,"max_hp_loss":0,"event_name":"Living Wall","floor":2,"gold_loss":0,"cards_upgraded":["hermit:Ricochet"]},{"damage_healed":18,"gold_gain":0,"player_choice":"Healed","damage_taken":0,"max_hp_gain":0,"max_hp_loss":0,"event_name":"The Cleric","floor":3,"gold_loss":35},{"cards_removed":["Pain","TheSimpletonMod:Gnats","Shame","downfall:Haunted","downfall:Haunted"],"damage_healed":0,"gold_gain":0,"player_choice":"Removed Curses","damage_taken":0,"max_hp_gain":0,"max_hp_loss":0,"event_name":"Fountain of Cleansing","floor":5,"gold_loss":0}],"is_beta":false,"boss_relics":[],"items_purged_floors":[],"is_endless":false,"potions_floor_spawned":[7,10,12,13],"killed_by":"The Guardian","ascension_level":7}}