{"host":"y6zg4wwu39otf01a","time":1613797011,"event":{"mods":["Act Like it!","Aspiration","BaseMod","Better Altar","Better Match","Better Note","Better Sensory Stone","Better Skull","Better Third Choice","Challenge The Spire","Colored Map","Colored Powertips","Conspire","GifTheSpireLib","Glutton Mod","Halation","Hermit","Highlight Path","Hubris","Infinite Spire","Mimic Mod","Minty Spire (QoL Compilation)","Quick Restart","Random Character Button","Rare Cards Sparkle","Reliquary","Replay The Spire","Retaliation","Ruina","Spicy Shops","StSLib","Stuff the Spire","The Blue Laboratory","The Construct","The Jungle"],"gold_per_floor":[298,14,42,73,103,103,103,103,128,159,189,189,189,189,224,255,289,321],"floor_reached":19,"language":"ENG","playtime":1612,"items_purged":[],"score":555,"play_id":"88809bb0-5e2e-4115-9231-1ae065b5d42e","local_time":"20210219225651","daily_mods":["challengethespire:Silver Difficulty","challengethespire:Modded Elite Rush","Uncertain Future"],"is_ascension_mode":true,"campfire_choices":[{"data":"hermit:Quickdraw","floor":8,"key":"SMITH"},{"data":"Crow Ritual","floor":13,"key":"SMITH"},{"data":"Crow Ritual+1","floor":14,"key":"SMITH"}],"circlet_count":0,"master_deck":["AscendersBane","hermit:Strike_Hermit","hermit:Strike_Hermit","hermit:Strike_Hermit","hermit:Strike_Hermit","hermit:Defend_Hermit","hermit:Defend_Hermit","hermit:Defend_Hermit","hermit:Defend_Hermit","hermit:Snapshot","hermit:Covet","Flash of Steel","Writhe","StuffTheSpire:CelestialWarden","Pain","Crow Ritual+2","StuffTheSpire:Vigor","hermit:Quickdraw+1","hermit:Deadeye","hermit:GhostlyPresence","hermit:BigShot","hermit:Quickdraw","hermit:Glare","hermit:CursedWeapon","hermit:Headshot","Pot Of Greed","Pot Of Greed","Pot Of Greed","hermit:Glare"],"relics":["hermit:Momento","Black Star","Sling","PreservedInsect","Lizard Tail","StuffTheSpire:Saxophone","reliquary:TuningFork","StuffTheSpire:BottledEssence","halation:PromiseList","Replay:Ringing Soul","Onion Ring","reliquary:Sod","reliquary:TuningFork","Letter Opener","Blue Doll","conspire:InfiniteJournal","hubris:Backtick","Du-Vu Doll","Torii","StuffTheSpire:Gunfinga","halation:Pancakes","halation:WeightlessCrab","Nunchaku","StuffTheSpire:GrapeVine","hermit:BartenderGlass","hubris:Spice","infinitespire:Beetle Shell","StoneCalendar","Centennial Puzzle","conspire:DeflatedDodgeball","Grinning Jar","reliquary:Aerogel","Replay:Multitool"],"acts_visited":["Exordium"],"potions_floor_usage":[4,15,15,15,15],"damage_taken":[{"damage":7,"enemies":"3 Sentries","floor":3,"turns":7},{"damage":25,"enemies":"Replay:BlueRogue","floor":4,"turns":4},{"damage":0,"enemies":"Gremlin Nob","floor":5,"turns":2},{"damage":17,"enemies":"Replay:Snechameleon","floor":9,"turns":4},{"damage":22,"enemies":"conspire:Head Lice","floor":10,"turns":4},{"damage":0,"enemies":"conspire:SneckoGhost","floor":11,"turns":4},{"damage":15,"enemies":"Reptomancer","floor":15,"turns":4},{"damage":1,"enemies":"Nemesis","floor":16,"turns":5},{"damage":4,"enemies":"Giant Head","floor":17,"turns":4},{"damage":5,"enemies":"Shield and Spear","floor":18,"turns":4}],"seed_played":"4728370348740376855","potions_obtained":[{"floor":3,"key":"blueLaboratory:LouseDecoction"},{"floor":10,"key":"Strength Potion"},{"floor":11,"key":"SteroidPotion"}],"is_trial":true,"path_per_floor":["$","$","E","E","E","T","$","R","E","E","E","T","R","R","E","E","E","E",null],"character_chosen":"HERMIT","items_purchased":["Lizard Tail","Flash of Steel","StuffTheSpire:Saxophone","reliquary:TuningFork","StuffTheSpire:BottledEssence","halation:PromiseList","Replay:Ringing Soul","Crow Ritual"],"campfire_rested":0,"item_purchase_floors":[1,1,1,1,1,1,2,2],"current_hp_per_floor":[68,71,67,45,48,48,48,48,34,73,76,76,76,76,72,74,73,71],"gold":321,"neow_bonus":"","is_daily":false,"chose_seed":false,"campfire_upgraded":3,"win_rate":0.0,"timestamp":1613797011,"path_taken":["$","$","E","E","E","T","$","R","E","E","E","T","R","R","E","E","E","E"],"items_purchased_type":["Relic","Card","Relic","Relic","Relic","Relic","Relic","Card"],"build_version":"2020-12-22","purchased_purges":0,"victory":true,"max_hp_per_floor":[75,78,81,84,87,87,87,87,90,93,96,96,96,96,107,110,113,116],"card_choices":[],"player_experience":928473,"relics_obtained":[{"floor":3,"key":"Onion Ring"},{"floor":3,"key":"reliquary:Sod"},{"floor":4,"key":"reliquary:SculptingSteel"},{"floor":4,"key":"Letter Opener"},{"floor":5,"key":"Blue Doll"},{"floor":5,"key":"conspire:InfiniteJournal"},{"floor":9,"key":"Torii"},{"floor":9,"key":"StuffTheSpire:Gunfinga"},{"floor":10,"key":"halation:Pancakes"},{"floor":10,"key":"halation:WeightlessCrab"},{"floor":11,"key":"Nunchaku"},{"floor":11,"key":"StuffTheSpire:GrapeVine"},{"floor":15,"key":"hubris:Spice"},{"floor":15,"key":"infinitespire:Beetle Shell"},{"floor":16,"key":"StoneCalendar"},{"floor":16,"key":"Centennial Puzzle"},{"floor":17,"key":"conspire:DeflatedDodgeball"},{"floor":17,"key":"Grinning Jar"},{"floor":18,"key":"reliquary:Aerogel"},{"floor":18,"key":"Replay:Multitool"}],"event_choices":[],"is_beta":false,"boss_relics":[{"not_picked":["halation:PinkAlligatorPlush","Empty Cage"],"picked":"hubris:Backtick"},{"not_picked":["Painkiller Herb","halation:Risk"],"picked":"hermit:BartenderGlass"}],"items_purged_floors":[],"is_endless":false,"potions_floor_spawned":[3,10,11],"ascension_level":10}}