{"host":"Rich","time":1613837133,"event":{"mods":["AchievementEnabler","BaseMod","Highlight Path","Minty Spire (QoL Compilation)","Relic Stats"],"gold_per_floor":[114,114,128,23,49,49,81,81,81,91,91,91],"floor_reached":11,"language":"ENG","playtime":170,"items_purged":["Strike_B"],"score":192,"play_id":"100e050b-a930-4631-8a23-fc79dc3b799e","local_time":"20210220110533","is_ascension_mode":true,"campfire_choices":[{"data":"Genetic Algorithm","floor":6.0,"key":"SMITH"},{"data":"Fission","floor":8.0,"key":"SMITH"}],"circlet_count":0,"master_deck":["AscendersBane","Strike_B","Strike_B","Strike_B","Defend_B","Defend_B","Defend_B","Defend_B+1","Zap","Dualcast+1","Genetic Algorithm+1","Darkness","Turbo","Fission+1","Undo"],"relics":["Cracked Core","NeowsBlessing","War Paint","Pen Nib","Potion Belt"],"acts_visited":["Exordium"],"potions_floor_usage":[11],"damage_taken":[{"damage":0.0,"enemies":"Cultist","floor":1.0,"turns":1.0},{"damage":0.0,"enemies":"Small Slimes","floor":3.0,"turns":1.0},{"damage":0.0,"enemies":"Lagavulin","floor":7.0,"turns":1.0},{"damage":0.0,"enemies":"2 Louse","floor":10.0,"turns":3.0},{"damage":88,"enemies":"Gremlin Nob","floor":11,"turns":4}],"seed_played":"5511624670240540557","potions_obtained":[{"floor":1.0,"key":"PowerPotion"}],"is_trial":false,"path_per_floor":["M","T","M","$","T","R","E","R","T","M","E"],"character_chosen":"DEFECT","items_purchased":["Turbo"],"campfire_rested":0,"item_purchase_floors":[4],"current_hp_per_floor":[64,64,64,64,64,64,64,64,64,64,0,0],"gold":91,"neow_bonus":"THREE_ENEMY_KILL","is_daily":false,"chose_seed":false,"campfire_upgraded":2,"win_rate":0.0,"timestamp":1613837133,"path_taken":["M","?","?","$","?","R","E","R","T","M","E"],"items_purchased_type":["Card"],"build_version":"2020-12-18","purchased_purges":1,"victory":false,"max_hp_per_floor":[71,71,71,71,71,71,71,71,71,71,71,71],"relic_stats":{"counters":[5,10],"Pen Nib":[0],"War Paint":["Dualcast","Defend_B"],"obtain_stats":[{"Potion Belt":9,"NeowsBlessing":0,"Pen Nib":7,"War Paint":2,"Cracked Core":0},{"Potion Belt":3,"NeowsBlessing":0,"Pen Nib":3,"War Paint":1,"Cracked Core":0},{"Potion Belt":3,"NeowsBlessing":0,"Pen Nib":3,"War Paint":1,"Cracked Core":0}]},"card_choices":[{"not_picked":["Aggregate","Stack"],"picked":"Genetic Algorithm","floor":1.0},{"not_picked":["Gash","Turbo"],"picked":"Darkness","floor":3.0},{"not_picked":["Coolheaded","Barrage"],"picked":"Fission","floor":7.0},{"not_picked":["Coolheaded","Turbo"],"picked":"Undo","floor":10.0}],"player_experience":2030447,"relics_obtained":[{"floor":2.0,"key":"War Paint"},{"floor":7.0,"key":"Pen Nib"},{"floor":9.0,"key":"Potion Belt"}],"event_choices":[],"is_beta":true,"boss_relics":[],"items_purged_floors":[4],"is_endless":false,"potions_floor_spawned":[1],"killed_by":"Gremlin Nob","ascension_level":20}}