{"host":"d02vqrhhew441p6s","time":1613784912,"event":{"mods":["BaseMod","Downfall","Halation","Hubris","Infinite Spire","Minty Spire (QoL Compilation)","StSLib","The Animator","The Death Knight","The Necromancer","The Saiyan","TheHeartMod"],"gold_per_floor":[96,116,116,116,133,165,165,195,195,195,195,210,210,240,240,335,335,351,351,351,361,371,371,371,399,399,429,449,464,496,496,496,591,591,611,611,628,628,646,664,678,293,320,320,336,361,373,390,390,390],"floor_reached":51,"language":"ENG","playtime":3188,"items_purged":["Saiyan:SAIYA_Strike"],"score":965,"play_id":"d44feb3e-538f-44e2-8f79-b8d9e387ff99","local_time":"20210220023512","is_ascension_mode":true,"campfire_choices":[{"data":"Saiyan:PlotArmor","floor":7,"key":"SMITH"},{"data":"infinitespire:Collect","floor":10,"key":"SMITH"},{"floor":15,"key":"REST"},{"data":"Saiyan:MonkeyTail","floor":23,"key":"SMITH"},{"data":"Saiyan:RemoveWeights","floor":32,"key":"SMITH"},{"floor":49,"key":"REST"}],"circlet_count":0,"master_deck":["Saiyan:SAIYA_Strike","Saiyan:SAIYA_Strike","Saiyan:SAIYA_Defend","Saiyan:SAIYA_Defend","Saiyan:SAIYA_Defend","Saiyan:EnergyBlast","Saiyan:KaioKen","Saiyan:RuthlessBlow","Saiyan:Makankosappo","Saiyan:DragonRadar","infinitespire:Collect+1","Saiyan:PlotArmor+1","Saiyan:WarmUp","Saiyan:RemoveWeights+1","Saiyan:DragonFist+1","Saiyan:AugmentedBlast","Saiyan:MonkeyTail+1","Saiyan:Taunt","Saiyan:KiExplosion","Saiyan:TurtleShell","Saiyan:ReverberatingForce+1","Saiyan:KiExplosion+1","Saiyan:GhostAttack","Saiyan:RemoveWeights","Saiyan:Expend","Saiyan:MajinSeal+1","Saiyan:Endure+1","Saiyan:PowerUp","Enlightenment","Saiyan:KiStrike","Saiyan:MeteorDash+1","Saiyan:PlotArmor+1","Saiyan:Planning+1"],"relics":["SaiyanSoul","SaiyanHeart","NeowsBlessing","Singing Bowl","infinitespire:BottledMercury","Matryoshka","Pen Nib","HornCleat","Busted Crown","hubris:Towel","Bag of Preparation","Nunchaku","hubris:Metronome","Bronze Scales","hubris:CuriousFeather","Frozen Egg 2","Strawberry","Sozu","hubris:Icosahedron","Vajra","Omamori","Orichalcum"],"acts_visited":["Exordium","TheCity","TheBeyond"],"potions_floor_usage":[6,25,27,27,29],"damage_taken":[{"damage":0,"enemies":"2 Louse","floor":1,"turns":1},{"damage":0,"enemies":"Cultist","floor":2,"turns":1},{"damage":0,"enemies":"Small Slimes","floor":5,"turns":1},{"damage":14,"enemies":"Lagavulin","floor":6,"turns":5},{"damage":0,"enemies":"2 Fungi Beasts","floor":12,"turns":2},{"damage":11,"enemies":"3 Sentries","floor":14,"turns":5},{"damage":13,"enemies":"The Guardian","floor":16,"turns":6},{"damage":0,"enemies":"Chosen","floor":18,"turns":4},{"damage":18,"enemies":"2 Thieves","floor":21,"turns":3},{"damage":0,"enemies":"Centurion and Healer","floor":22,"turns":4},{"damage":0,"enemies":"Gremlin Leader","floor":25,"turns":4},{"damage":0,"enemies":"Book of Stabbing","floor":27,"turns":3},{"damage":10,"enemies":"Cultist and Chosen","floor":28,"turns":3},{"damage":0,"enemies":"Snecko","floor":29,"turns":2},{"damage":8,"enemies":"Slavers","floor":30,"turns":3},{"damage":0,"enemies":"Champ","floor":33,"turns":4},{"damage":6,"enemies":"3 Shapes","floor":35,"turns":3},{"damage":4,"enemies":"3 Darklings","floor":37,"turns":3},{"damage":3,"enemies":"Jaw Worm Horde","floor":39,"turns":4},{"damage":0,"enemies":"Transient","floor":40,"turns":4},{"damage":0,"enemies":"Spire Growth","floor":41,"turns":2},{"damage":0,"enemies":"Maw","floor":45,"turns":5},{"damage":9,"enemies":"Reptomancer","floor":46,"turns":4},{"damage":0,"enemies":"3 Darklings","floor":47,"turns":2},{"damage":24,"enemies":"Writhing Mass","floor":48,"turns":4},{"damage":52,"enemies":"Awakened One","floor":50,"turns":8}],"seed_played":"-8143412449777978203","potions_obtained":[{"floor":1,"key":"Energy Potion"},{"floor":12,"key":"Ancient Potion"},{"floor":14,"key":"Block Potion"},{"floor":21,"key":"BlessingOfTheForge"},{"floor":22,"key":"PowerPotion"},{"floor":25,"key":"SkillPotion"},{"floor":28,"key":"AttackPotion"}],"is_trial":false,"path_per_floor":["M","M","?","?","M","E","R","?","T","R","?","M","?","E","R","B",null,"M","?","?","M","M","R","?","E","T","E","M","M","E","T","R","B",null,"M","?","M","?","M","M","M","$","T","?","M","E","M","M","R","B",null],"character_chosen":"SAIYAJIN","items_purchased":["Vajra","Enlightenment","Saiyan:KiStrike"],"campfire_rested":2,"item_purchase_floors":[42,42,42],"current_hp_per_floor":[60,60,45,45,45,32,32,32,32,32,32,33,33,23,41,29,64,66,66,66,49,52,52,52,55,55,56,48,52,44,51,51,51,87,82,82,79,79,79,80,82,82,82,95,98,91,94,72,103,51],"gold":390,"neow_bonus":"THREE_ENEMY_KILL","is_daily":false,"chose_seed":false,"campfire_upgraded":4,"win_rate":0.0,"timestamp":1613784912,"path_taken":["M","M","?","?","?","E","R","?","T","R","?","M","?","E","R","BOSS","M","?","?","M","M","R","?","E","T","E","?","?","E","?","R","BOSS","M","?","M","?","M","M","?","$","T","?","M","E","M","?","R","BOSS"],"items_purchased_type":["Relic","Card","Card"],"build_version":"2020-12-22","purchased_purges":1,"victory":true,"max_hp_per_floor":[60,60,60,60,60,61,61,61,61,61,61,62,62,63,63,64,64,66,66,66,67,70,70,70,73,73,74,76,80,80,87,87,87,87,88,88,89,89,92,93,95,95,95,95,98,100,103,105,105,105],"card_choices":[{"not_picked":["Saiyan:PowerUp","Saiyan:MeteorDash"],"picked":"Saiyan:Makankosappo","floor":1},{"not_picked":["Saiyan:DoubleMasenko","Saiyan:BackAttack"],"picked":"Saiyan:DragonRadar","floor":2},{"not_picked":["infinitespire:Menacing","infinitespire:Starlight"],"picked":"infinitespire:Collect","floor":3},{"not_picked":["Saiyan:Reset","Saiyan:RemoveWeights"],"picked":"Saiyan:WarmUp","floor":5},{"not_picked":["Saiyan:Honing","Saiyan:PressOn"],"picked":"Saiyan:RemoveWeights","floor":6},{"not_picked":["Saiyan:Endure","Saiyan:Planning"],"picked":"Saiyan:DragonFist","floor":12},{"not_picked":["Saiyan:Pacing","Saiyan:SpiritSword"],"picked":"Saiyan:AugmentedBlast","floor":14},{"not_picked":["Saiyan:GhostAttack","Saiyan:Rekindle"],"picked":"Saiyan:MonkeyTail","floor":16},{"not_picked":[],"picked":"Saiyan:Taunt","floor":18},{"not_picked":[],"picked":"Saiyan:KiExplosion","floor":21},{"not_picked":["Saiyan:Honing"],"picked":"Singing Bowl","floor":22},{"not_picked":["Saiyan:SaiyanHubris"],"picked":"Singing Bowl","floor":25},{"not_picked":[],"picked":"Saiyan:TurtleShell","floor":27},{"not_picked":[],"picked":"Saiyan:ReverberatingForce+1","floor":28},{"not_picked":["Saiyan:AugmentedBlast"],"picked":"Singing Bowl","floor":29},{"not_picked":[],"picked":"Saiyan:KiExplosion+1","floor":30},{"not_picked":[],"picked":"Saiyan:GhostAttack","floor":33},{"not_picked":[],"picked":"Saiyan:RemoveWeights","floor":35},{"not_picked":[],"picked":"Saiyan:Expend","floor":37},{"not_picked":["Saiyan:KiExplosion"],"picked":"Singing Bowl","floor":39},{"not_picked":[],"picked":"Saiyan:Endure+1","floor":40},{"not_picked":[],"picked":"Saiyan:PowerUp","floor":41},{"not_picked":[],"picked":"Saiyan:MeteorDash+1","floor":45},{"not_picked":[],"picked":"Saiyan:PlotArmor+1","floor":46},{"not_picked":["Saiyan:BurningSoul+1"],"picked":"Singing Bowl","floor":47},{"not_picked":[],"picked":"Saiyan:Planning+1","floor":48}],"player_experience":569269,"relics_obtained":[{"floor":6,"key":"Singing Bowl"},{"floor":9,"key":"Matryoshka"},{"floor":11,"key":"Pen Nib"},{"floor":14,"key":"HornCleat"},{"floor":25,"key":"Bag of Preparation"},{"floor":26,"key":"Nunchaku"},{"floor":26,"key":"hubris:Metronome"},{"floor":27,"key":"Bronze Scales"},{"floor":30,"key":"hubris:CuriousFeather"},{"floor":31,"key":"Frozen Egg 2"},{"floor":31,"key":"Strawberry"},{"floor":43,"key":"Omamori"},{"floor":46,"key":"Orichalcum"}],"event_choices":[{"damage_healed":0,"gold_gain":0,"cards_transformed":["Saiyan:SAIYA_Strike"],"player_choice":"Transformed","damage_taken":0,"max_hp_gain":0,"max_hp_loss":0,"event_name":"Transmorgrifier","floor":4,"gold_loss":0,"cards_obtained":["Saiyan:PlotArmor"]},{"damage_healed":0,"gold_gain":30,"player_choice":"Searched \u00273\u0027 times","damage_taken":0,"relics_obtained":["infinitespire:BottledMercury"],"max_hp_gain":0,"max_hp_loss":0,"event_name":"Dead Adventurer","floor":8,"gold_loss":0},{"damage_healed":0,"gold_gain":0,"player_choice":"Grow","damage_taken":0,"max_hp_gain":0,"max_hp_loss":0,"event_name":"Living Wall","floor":13,"gold_loss":0,"cards_upgraded":["Saiyan:DragonFist"]},{"damage_healed":0,"gold_gain":0,"player_choice":"Ignored","damage_taken":0,"max_hp_gain":0,"max_hp_loss":0,"event_name":"Vampires","floor":20,"gold_loss":0},{"cards_removed":["Saiyan:SAIYA_Defend"],"damage_healed":0,"gold_gain":0,"player_choice":"Card Removal","damage_taken":0,"max_hp_gain":0,"max_hp_loss":0,"event_name":"Wheel of Change","floor":24,"gold_loss":0},{"damage_healed":0,"gold_gain":0,"player_choice":"2 cards matched","damage_taken":0,"max_hp_gain":0,"max_hp_loss":0,"event_name":"Match and Keep!","floor":38,"gold_loss":0,"cards_obtained":["Saiyan:Pacing","Saiyan:MajinSeal"]},{"cards_removed":["Saiyan:Pacing"],"damage_healed":13,"gold_gain":0,"player_choice":"Offered Uncommon","damage_taken":0,"max_hp_gain":0,"max_hp_loss":0,"event_name":"Bonfire Elementals","floor":44,"gold_loss":0}],"is_beta":false,"boss_relics":[{"not_picked":["halation:MonkeysPaw","Tiny House"],"picked":"Busted Crown"},{"not_picked":["Velvet Choker","Runic Dome"],"picked":"Sozu"}],"items_purged_floors":[42],"is_endless":false,"potions_floor_spawned":[1,12,14,21,22,25,28,35,45,46,47,48],"ascension_level":1}}