{"host":"mithrandi","time":1613830874,"event":{"mods":["BaseMod","Colored Map","Highlight Path","Minty Spire (QoL Compilation)","SuperFastMode"],"gold_per_floor":[209,10,10,10,10,10,24,57,57,87,12,12,23,42,42,118,118,134,145,145,145,2,2,36,36,36,66,66,66,98,112,112,189,189,199,213,0,10,23,23,23,51,97,97,97],"floor_reached":44,"language":"ENG","playtime":2583,"items_purged":["Regret"],"score":1004,"play_id":"17d30667-fe82-4dce-9c6e-898569308c60","local_time":"20210220162114","is_ascension_mode":true,"campfire_choices":[{"data":"True Grit","floor":6.0,"key":"SMITH"},{"data":"Rupture","floor":12.0,"key":"SMITH"},{"floor":15.0,"key":"REST"},{"data":"J.A.X.","floor":23.0,"key":"SMITH"},{"data":"Armaments","floor":25.0,"key":"SMITH"},{"data":"Brutality","floor":28.0,"key":"SMITH"},{"data":"Combust","floor":32.0,"key":"SMITH"},{"data":"Demon Form","floor":40.0,"key":"SMITH"}],"circlet_count":0,"master_deck":["AscendersBane","Strike_R+1","Strike_R+1","Strike_R+1","Strike_R+1","Strike_R+1","Defend_R+1","Defend_R+1","Defend_R+1","Defend_R+1","Bash","Rupture+1","True Grit+1","Anger+1","Bloodletting","Disarm","Combust+1","Impervious","Shrug It Off","Shrug It Off+1","J.A.X.+1","Reaper","Shrug It Off+1","Armaments+1","Brutality+1","Demon Form+1","Feel No Pain","Panache","Sentinel"],"relics":["Burning Blood","Bronze Scales","Bag of Marbles","PreservedInsect","Mercury Hourglass","Matryoshka","Bottled Flame","Runic Pyramid","Potion Belt","MealTicket","Pen Nib","War Paint","Darkstone Periapt","Runic Cube","Blue Candle","CeramicFish"],"acts_visited":["Exordium","TheCity","TheBeyond"],"potions_floor_usage":[],"damage_taken":[{"damage":3.0,"enemies":"2 Louse","floor":1.0,"turns":4.0},{"damage":20.0,"enemies":"Small Slimes","floor":7.0,"turns":4.0},{"damage":30.0,"enemies":"3 Sentries","floor":8.0,"turns":8.0},{"damage":21.0,"enemies":"Lagavulin","floor":10.0,"turns":7.0},{"damage":12.0,"enemies":"Jaw Worm","floor":13.0,"turns":3.0},{"damage":16.0,"enemies":"Large Slime","floor":14.0,"turns":6.0},{"damage":32.0,"enemies":"Hexaghost","floor":16.0,"turns":8.0},{"damage":3.0,"enemies":"Chosen","floor":18.0,"turns":5.0},{"damage":3.0,"enemies":"3 Byrds","floor":19.0,"turns":4.0},{"damage":26.0,"enemies":"Slavers","floor":24.0,"turns":5.0},{"damage":25.0,"enemies":"Book of Stabbing","floor":27.0,"turns":5.0},{"damage":30.0,"enemies":"Slavers","floor":30.0,"turns":4.0},{"damage":20.0,"enemies":"Shelled Parasite and Fungi","floor":31.0,"turns":5.0},{"damage":32.0,"enemies":"Automaton","floor":33.0,"turns":8.0},{"damage":55.0,"enemies":"Orb Walker","floor":35.0,"turns":6.0},{"damage":30.0,"enemies":"3 Shapes","floor":36.0,"turns":3.0},{"damage":46.0,"enemies":"Sphere and 2 Shapes","floor":38.0,"turns":7.0},{"damage":26.0,"enemies":"3 Darklings","floor":39.0,"turns":5.0},{"damage":72.0,"enemies":"Giant Head","floor":42.0,"turns":8.0},{"damage":57,"enemies":"Jaw Worm Horde","floor":44,"turns":3}],"seed_played":"-4463036409176970114","potions_obtained":[{"floor":1.0,"key":"Regen Potion"},{"floor":7.0,"key":"Fire Potion"},{"floor":14.0,"key":"SneckoOil"},{"floor":16.0,"key":"Dexterity Potion"},{"floor":19.0,"key":"BloodPotion"},{"floor":27.0,"key":"ElixirPotion"},{"floor":31.0,"key":"ElixirPotion"},{"floor":33.0,"key":"EssenceOfSteel"},{"floor":35.0,"key":"HeartOfIron"}],"is_trial":false,"path_per_floor":["M","$","?","?","$","R","M","E","T","E","$","R","M","M","R","B",null,"M","M","?","?","$","R","E","R","T","E","R","?","E","M","R","B",null,"M","M","$","M","M","R","$","E","T","M"],"character_chosen":"IRONCLAD","items_purchased":["Bronze Scales","True Grit","Reaper","Shrug It Off","Panache"],"campfire_rested":1,"item_purchase_floors":[2,2,22,22,37],"current_hp_per_floor":[71,71,66,66,66,66,52,43,43,28,28,28,22,12,34,8,58,61,64,64,64,64,64,57,57,57,52,52,52,36,64,64,75,75,44,47,62,34,60,60,75,40,40,0,0],"gold":97,"neow_bonus":"HUNDRED_GOLD","is_daily":false,"chose_seed":false,"campfire_upgraded":7,"win_rate":0.0,"timestamp":1613830874,"path_taken":["M","$","?","?","?","R","M","E","T","E","$","R","M","M","R","BOSS","M","M","?","?","?","R","E","R","T","E","R","?","E","?","R","BOSS","M","M","$","M","M","R","$","E","T","M"],"items_purchased_type":["Relic","Card","Card","Card","Card"],"build_version":"2020-12-18","purchased_purges":1,"victory":false,"max_hp_per_floor":[75,75,75,75,75,75,75,75,75,75,75,75,75,75,75,75,75,75,75,75,75,75,75,75,75,75,75,75,75,75,75,75,75,75,75,75,75,75,75,75,75,75,75,75,75],"card_choices":[{"not_picked":["Hemokinesis","Clothesline"],"picked":"Rupture","floor":1.0},{"not_picked":["Evolve","Reckless Charge","Searing Blow"],"picked":"SKIP","floor":7.0},{"not_picked":["Dark Embrace","Clothesline"],"picked":"Anger","floor":8.0},{"not_picked":["Pommel Strike","Spot Weakness"],"picked":"Bloodletting","floor":10.0},{"not_picked":["Clothesline","Shrug It Off"],"picked":"Disarm","floor":13.0},{"not_picked":["Thunderclap","Wild Strike"],"picked":"Combust","floor":14.0},{"not_picked":["Immolate","Berserk"],"picked":"Impervious","floor":16.0},{"not_picked":["Sword Boomerang","Anger"],"picked":"Shrug It Off","floor":18.0},{"not_picked":["Twin Strike","Carnage"],"picked":"Shrug It Off","floor":19.0},{"not_picked":["Havoc","Body Slam"],"picked":"Armaments","floor":24.0},{"not_picked":["Heavy Blade","Evolve"],"picked":"Brutality","floor":27.0},{"not_picked":["Reaper","Iron Wave","Clash"],"picked":"SKIP","floor":30.0},{"not_picked":["Clash+1","Flex","Wild Strike"],"picked":"SKIP","floor":31.0},{"not_picked":["Immolate","Reaper"],"picked":"Demon Form","floor":33.0},{"not_picked":["Shrug It Off","Armaments"],"picked":"Feel No Pain","floor":35.0},{"not_picked":["Cleave+1","Perfected Strike+1","Thunderclap"],"picked":"SKIP","floor":36.0},{"not_picked":["Dual Wield","Havoc+1","Barricade"],"picked":"SKIP","floor":38.0},{"not_picked":["Carnage+1","Sword Boomerang+1","Clash"],"picked":"SKIP","floor":39.0},{"not_picked":["Headbutt","Fire Breathing"],"picked":"Sentinel","floor":42.0}],"player_experience":3024192,"relics_obtained":[{"floor":8.0,"key":"Mercury Hourglass"},{"floor":9.0,"key":"Matryoshka"},{"floor":10.0,"key":"Bottled Flame"},{"floor":24.0,"key":"Potion Belt"},{"floor":26.0,"key":"MealTicket"},{"floor":26.0,"key":"Pen Nib"},{"floor":27.0,"key":"War Paint"},{"floor":30.0,"key":"Darkstone Periapt"},{"floor":42.0,"key":"Blue Candle"},{"floor":43.0,"key":"CeramicFish"}],"event_choices":[{"damage_healed":0.0,"max_hp_gain":0.0,"max_hp_loss":0.0,"gold_gain":0.0,"event_name":"Scrap Ooze","player_choice":"Success","floor":3.0,"gold_loss":0.0,"damage_taken":5.0,"relics_obtained":["Bag of Marbles"]},{"damage_healed":0.0,"max_hp_gain":0.0,"max_hp_loss":0.0,"gold_gain":0.0,"event_name":"Big Fish","player_choice":"Box","floor":4.0,"gold_loss":0.0,"damage_taken":0.0,"relics_obtained":["PreservedInsect"],"cards_obtained":["Regret"]},{"damage_healed":0.0,"max_hp_gain":0.0,"max_hp_loss":0.0,"gold_gain":0.0,"event_name":"Drug Dealer","player_choice":"Obtain J.A.X.","floor":20.0,"gold_loss":0.0,"damage_taken":0.0,"cards_obtained":["J.A.X."]},{"damage_healed":0.0,"max_hp_gain":0.0,"max_hp_loss":0.0,"gold_gain":0.0,"event_name":"Back to Basics","player_choice":"Simplicity","floor":21.0,"gold_loss":0.0,"damage_taken":0.0,"cards_upgraded":["Strike_R","Strike_R","Strike_R","Strike_R","Strike_R","Defend_R","Defend_R","Defend_R","Defend_R"]},{"damage_healed":0.0,"max_hp_gain":0.0,"max_hp_loss":0.0,"gold_gain":0.0,"event_name":"Upgrade Shrine","player_choice":"Upgraded","floor":29.0,"gold_loss":0.0,"damage_taken":0.0,"cards_upgraded":["Anger"]}],"is_beta":true,"boss_relics":[{"not_picked":["Velvet Choker","Tiny House"],"picked":"Runic Pyramid"},{"not_picked":["Black Star","SlaversCollar"],"picked":"Runic Cube"}],"items_purged_floors":[11],"is_endless":false,"potions_floor_spawned":[1,7,14,16,19,27,31,33,35,38],"killed_by":"Jaw Worm Horde","ascension_level":20}}