{"host":"zx7wygemkkdud4lm","time":1613848085,"event":{"mods":["2.2 Compatiblity","AchievementEnabler","BaseMod","Better Match","Better Note","Better Skull","BetterRewards","Block Reminder","Colored Map","Emptier Cage","Minty Spire (QoL Compilation)","Relic Stats","Slay-I","Spicy Shops","StSLib","Transform Curses"],"gold_per_floor":[119,119,37,51,75,110,143,181,204,224,224,72,91,134,134,254,254,269,269,184,200,218,251,251,272,272,307,327,98,139,139,139,260,260,285,40,73,88,108,147,147,147,171,195,234,270,316,346,358,370,382,394,54,87,87],"floor_reached":56,"language":"ENG","playtime":3673,"items_purged":["Strike_G","Strike_G","Strike_G"],"score":2273,"play_id":"6a19f722-f2c9-40c6-8a0b-171bef208254","local_time":"20210220130805","is_ascension_mode":true,"campfire_choices":[{"data":"Footwork","floor":11,"key":"SMITH"},{"data":"Crippling Poison","floor":15,"key":"SMITH"},{"data":"Adrenaline","floor":24,"key":"SMITH"},{"data":"Wraith Form v2","floor":32,"key":"SMITH"},{"floor":41,"key":"RECALL"},{"data":"Catalyst","floor":49,"key":"SMITH"},{"data":"Burst","floor":52,"key":"SMITH"}],"circlet_count":0,"master_deck":["Strike_G+1","Defend_G","Defend_G","Defend_G","Defend_G","Defend_G","Survivor","Neutralize+1","Footwork+1","Dagger Throw","Dagger Spray","Poisoned Stab","Deadly Poison","Bouncing Flask","Night Terror","Poisoned Stab","Crippling Poison+1","Adrenaline+1","Bouncing Flask","Blade Dance+1","Calculated Gamble+1","Blade Dance+1","PiercingWail","Crippling Poison+1","Wraith Form v2+1","Burst+1","Setup+1","Outmaneuver+1","Blur","Catalyst+1","PiercingWail","PiercingWail","Setup+1","Deflect+1"],"relics":["Ring of the Snake","Toolbox","Thread and Needle","HandDrill","Letter Opener","Lantern","Incense Burner","Eternal Feather","PreservedInsect","Golden Idol","Bag of Marbles","Calipers","Odd Mushroom","Blood Vial","Whetstone","Question Card","Coffee Dripper","Omamori","StrikeDummy","Happy Flower","Tiny Chest","Bag of Preparation","Anchor","Pear","Runic Pyramid","Paper Crane","Ancient Tea Set","MawBank","Orichalcum","DollysMirror","Nunchaku","Pantograph"],"acts_visited":["Exordium","TheCity","TheBeyond","TheEnding"],"potions_floor_usage":[8,16,23,23,30,40,55,55,55],"damage_taken":[{"damage":0,"enemies":"Small Slimes","floor":1,"turns":4},{"damage":0,"enemies":"Cultist","floor":4,"turns":2},{"damage":0,"enemies":"Jaw Worm","floor":5,"turns":2},{"damage":4,"enemies":"Gremlin Nob","floor":6,"turns":3},{"damage":5,"enemies":"The Mushroom Lair","floor":7,"turns":3},{"damage":0,"enemies":"3 Sentries","floor":8,"turns":6},{"damage":0,"enemies":"Exordium Wildlife","floor":10,"turns":3},{"damage":0,"enemies":"Looter","floor":13,"turns":2},{"damage":0,"enemies":"Lagavulin","floor":14,"turns":5},{"damage":0,"enemies":"The Guardian","floor":16,"turns":7},{"damage":0,"enemies":"Shell Parasite","floor":18,"turns":3},{"damage":0,"enemies":"Spheric Guardian","floor":21,"turns":2},{"damage":14,"enemies":"Snake Plant","floor":22,"turns":3},{"damage":0,"enemies":"Book of Stabbing","floor":23,"turns":3},{"damage":0,"enemies":"Centurion and Healer","floor":25,"turns":3},{"damage":0,"enemies":"Gremlin Leader","floor":27,"turns":2},{"damage":0,"enemies":"Sentry and Sphere","floor":28,"turns":3},{"damage":0,"enemies":"Book of Stabbing","floor":30,"turns":3},{"damage":0,"enemies":"Automaton","floor":33,"turns":7},{"damage":0,"enemies":"Orb Walker","floor":35,"turns":2},{"damage":0,"enemies":"3 Shapes","floor":37,"turns":3},{"damage":0,"enemies":"Jaw Worm Horde","floor":38,"turns":3},{"damage":0,"enemies":"Writhing Mass","floor":39,"turns":4},{"damage":0,"enemies":"Reptomancer","floor":40,"turns":4},{"damage":0,"enemies":"Sphere and 2 Shapes","floor":44,"turns":3},{"damage":0,"enemies":"Nemesis","floor":45,"turns":5},{"damage":0,"enemies":"Maw","floor":46,"turns":5},{"damage":0,"enemies":"Giant Head","floor":47,"turns":6},{"damage":0,"enemies":"3 Darklings","floor":48,"turns":3},{"damage":0,"enemies":"Donu and Deca","floor":50,"turns":8},{"damage":0,"enemies":"Shield and Spear","floor":54,"turns":4},{"damage":52,"enemies":"The Heart","floor":55,"turns":8}],"seed_played":"4808820378063941975","potions_obtained":[{"floor":4,"key":"SkillPotion"},{"floor":6,"key":"Energy Potion"},{"floor":8,"key":"GamblersBrew"},{"floor":21,"key":"Energy Potion"},{"floor":23,"key":"Weak Potion"},{"floor":33,"key":"Poison Potion"},{"floor":40,"key":"Block Potion"},{"floor":45,"key":"BlessingOfTheForge"},{"floor":47,"key":"Energy Potion"}],"is_trial":false,"path_per_floor":["M","?","?","M","M","E","?","E","T","M","R","$","M","E","R","B",null,"M","?","?","M","M","E","R","M","T","E","M","$","E","?","R","B",null,"M","$","M","M","M","E","R","?","T","M","E","M","E","M","R","B",null,"R","$","E","B",null],"character_chosen":"THE_SILENT","items_purchased":["Fruit Juice","Toolbox","Thread and Needle","HandDrill","Letter Opener","Lantern","Incense Burner","Eternal Feather","Footwork","Poisoned Stab","Bag of Preparation","Anchor","Paper Crane","DollysMirror","Nunchaku"],"campfire_rested":0,"item_purchase_floors":[0,0,0,0,0,0,0,0,0,12,29,29,36,53,53],"current_hp_per_floor":[28,28,28,28,28,24,19,19,19,21,30,30,32,34,43,45,65,65,65,65,65,51,63,75,75,75,75,75,75,85,85,85,85,85,85,85,85,85,85,85,85,81,81,81,81,81,81,81,81,81,81,81,81,81,29],"gold":87,"neow_bonus":"","is_daily":false,"chose_seed":false,"campfire_upgraded":6,"win_rate":0.0,"timestamp":1613848085,"path_taken":["M","?","?","M","?","E","?","E","T","M","R","$","M","E","R","BOSS","M","?","?","M","M","E","R","M","T","E","M","$","E","?","R","BOSS","M","$","M","?","M","E","R","?","T","M","E","M","E","M","R","BOSS","R","$","E","BOSS"],"items_purchased_type":["Potion","Relic","Relic","Relic","Relic","Relic","Relic","Relic","Card","Card","Relic","Relic","Relic","Relic","Relic"],"build_version":"2020-12-22","purchased_purges":3,"victory":true,"max_hp_per_floor":[70,65,65,65,65,65,65,65,65,65,65,65,65,65,65,65,65,65,65,65,65,65,75,75,75,75,75,75,75,85,85,85,85,85,85,85,85,85,85,85,85,81,81,81,81,81,81,81,81,81,81,81,81,81,81],"relic_stats":{"Happy Flower":[24],"counters":[140,589],"Golden Idol":244,"Eternal Feather":30,"PreservedInsect":2033,"Bag of Preparation":[140],"Letter Opener":[413],"Whetstone":["Strike_G","Neutralize"],"Orichalcum":[78],"Question Card":54,"MawBank":96,"Blood Vial":10,"Nunchaku":[7],"Pantograph":0,"Tiny Chest":0,"HandDrill":[36],"obtain_stats":[{"TwistedFunnel":21,"Calipers":6,"Vajra":28,"Whetstone":53,"Ginger":37,"Boot":54,"Old Coin":46,"Sozu":34,"Blood Vial":9,"Centennial Puzzle":21,"DollysMirror":28,"Strawberry":9,"Philosopher\u0027s Stone":34,"Necronomicon":25,"HandDrill":0,"Kunai":27,"Toxic Egg 2":14,"Pear":47,"Happy Flower":44,"Astrolabe":17,"Blue Candle":9,"Oddly Smooth Stone":14,"Eternal Feather":9,"Letter Opener":0,"War Paint":54,"Paper Crane":36,"Question Card":43,"Akabeko":38,"OrangePellets":0,"Bottled Flame":46,"Bronze Scales":46,"Bird Faced Urn":0,"Black Star":34,"StrikeDummy":13,"Pocketwatch":0,"Meat on the Bone":6,"Lantern":0,"Torii":28,"Magic Flower":36,"Melange":47,"StoneCalendar":7,"Yang":19,"Mango":7,"Snake Skull":26,"Bag of Preparation":0,"Juzu Bracelet":40,"CloakClasp":20,"Incense Burner":47,"Ancient Tea Set":30,"Smiling Mask":44,"Burning Blood":0,"ClockworkSouvenir":53,"Frozen Eye":53,"Nunchaku":27,"Mummified Hand":46,"Ninja Scroll":0,"Pantograph":10,"Gambling Chip":0,"Toolbox":48,"Tiny Chest":30,"Red Mask":21,"Chemical X":0,"InkBottle":40,"Runic Pyramid":34,"Potion Belt":47,"The Specimen":44,"Golden Idol":5,"Damaru":13,"Thread and Needle":10,"PreservedInsect":23,"Omamori":21,"Frozen Egg 2":43,"Orichalcum":54,"Odd Mushroom":7,"Medical Kit":20,"MawBank":29,"Mercury Hourglass":44,"CaptainsWheel":14,"Anchor":54,"HolyWater":17,"Ectoplasm":17,"Turnip":53,"Bag of Marbles":42,"Coffee Dripper":17,"Membership Card":0,"Bottled Lightning":29,"TungstenRod":39,"FossilizedHelix":21,"Toy Ornithopter":54},{"TwistedFunnel":65,"Calipers":112,"Vajra":14,"Whetstone":51,"Ginger":72,"Boot":107,"Old Coin":50,"Sozu":18,"Blood Vial":33,"Centennial Puzzle":10,"DollysMirror":41,"Strawberry":59,"Philosopher\u0027s Stone":69,"Necronomicon":67,"HandDrill":108,"Kunai":41,"Toxic Egg 2":62,"Pear":50,"Happy Flower":48,"Astrolabe":63,"Blue Candle":88,"Oddly Smooth Stone":36,"Eternal Feather":4,"Letter Opener":108,"War Paint":28,"Paper Crane":128,"Question Card":47,"Akabeko":46,"OrangePellets":29,"Bottled Flame":104,"Bronze Scales":24,"Bird Faced Urn":29,"Black Star":44,"StrikeDummy":90,"Pocketwatch":29,"Meat on the Bone":57,"Lantern":29,"Torii":41,"Magic Flower":20,"Melange":50,"StoneCalendar":3,"Yang":38,"Mango":87,"Snake Skull":67,"Bag of Preparation":0,"Juzu Bracelet":22,"CloakClasp":38,"Incense Burner":50,"Ancient Tea Set":42,"Smiling Mask":48,"Burning Blood":0,"ClockworkSouvenir":51,"Frozen Eye":27,"Nunchaku":14,"Mummified Hand":50,"Ninja Scroll":53,"Pantograph":34,"Gambling Chip":83,"Toolbox":105,"Tiny Chest":16,"Red Mask":39,"Chemical X":0,"InkBottle":102,"Runic Pyramid":127,"Potion Belt":25,"The Specimen":104,"Golden Idol":2,"Damaru":35,"Thread and Needle":5,"PreservedInsect":12,"Omamori":65,"Frozen Egg 2":23,"Orichalcum":52,"Odd Mushroom":113,"Medical Kit":38,"MawBank":68,"Mercury Hourglass":24,"CaptainsWheel":7,"Anchor":52,"HolyWater":37,"Ectoplasm":8,"Turnip":81,"Bag of Marbles":23,"Coffee Dripper":91,"Membership Card":29,"Bottled Lightning":95,"TungstenRod":21,"FossilizedHelix":65,"Toy Ornithopter":82},{"TwistedFunnel":268,"Calipers":476,"Vajra":66,"Whetstone":197,"Ginger":291,"Boot":459,"Old Coin":187,"Sozu":88,"Blood Vial":148,"Centennial Puzzle":49,"DollysMirror":164,"Strawberry":240,"Philosopher\u0027s Stone":284,"Necronomicon":273,"HandDrill":465,"Kunai":164,"Toxic Egg 2":251,"Pear":187,"Happy Flower":180,"Astrolabe":263,"Blue Candle":377,"Oddly Smooth Stone":155,"Eternal Feather":19,"Letter Opener":465,"War Paint":133,"Paper Crane":533,"Question Card":177,"Akabeko":176,"OrangePellets":138,"Bottled Flame":445,"Bronze Scales":111,"Bird Faced Urn":138,"Black Star":172,"StrikeDummy":388,"Pocketwatch":138,"Meat on the Bone":227,"Lantern":138,"Torii":164,"Magic Flower":96,"Melange":187,"StoneCalendar":16,"Yang":159,"Mango":374,"Snake Skull":273,"Bag of Preparation":0,"Juzu Bracelet":102,"CloakClasp":159,"Incense Burner":187,"Ancient Tea Set":165,"Smiling Mask":180,"Burning Blood":0,"ClockworkSouvenir":197,"Frozen Eye":129,"Nunchaku":66,"Mummified Hand":187,"Ninja Scroll":209,"Pantograph":151,"Gambling Chip":361,"Toolbox":448,"Tiny Chest":73,"Red Mask":160,"Chemical X":0,"InkBottle":435,"Runic Pyramid":531,"Potion Belt":115,"The Specimen":445,"Golden Idol":8,"Damaru":153,"Thread and Needle":26,"PreservedInsect":58,"Omamori":268,"Frozen Egg 2":105,"Orichalcum":202,"Odd Mushroom":479,"Medical Kit":159,"MawBank":276,"Mercury Hourglass":111,"CaptainsWheel":35,"Anchor":202,"HolyWater":157,"Ectoplasm":42,"Turnip":345,"Bag of Marbles":105,"Coffee Dripper":395,"Membership Card":138,"Bottled Lightning":411,"TungstenRod":98,"FossilizedHelix":268,"Toy Ornithopter":350}],"Ring of the Snake":[64]},"card_choices":[{"not_picked":["Dodge and Roll","Distraction"],"picked":"Dagger Throw","floor":1},{"not_picked":["Backstab","Escape Plan"],"picked":"Dagger Spray","floor":4},{"not_picked":["Prepared","Bane"],"picked":"Poisoned Stab","floor":5},{"not_picked":["Slice","Backstab","Infinite Blades"],"picked":"SKIP","floor":6},{"not_picked":["Reflex","Poisoned Stab"],"picked":"Deadly Poison","floor":7},{"not_picked":["Blade Dance","Dash"],"picked":"Bouncing Flask","floor":8},{"not_picked":["Dagger Spray","PiercingWail"],"picked":"Night Terror","floor":10},{"not_picked":["Concentrate","Riddle With Holes"],"picked":"Crippling Poison","floor":13},{"not_picked":["Escape Plan","Noxious Fumes","Poisoned Stab"],"picked":"SKIP","floor":14},{"not_picked":["Die Die Die","Malaise","Night Terror"],"picked":"Adrenaline","floor":16},{"not_picked":["Backflip+1","Dagger Spray","Terror","Tactician"],"picked":"SKIP","floor":18},{"not_picked":["Quick Slash","Flying Knee","Cloak And Dagger"],"picked":"Blade Dance+1","floor":21},{"not_picked":["Bane","Poisoned Stab","Deflect"],"picked":"Calculated Gamble+1","floor":22},{"not_picked":["Calculated Gamble","Quick Slash","Backflip"],"picked":"Blade Dance+1","floor":23},{"not_picked":["Cloak And Dagger","Blade Dance","Night Terror"],"picked":"PiercingWail","floor":25},{"not_picked":["Masterful Stab","Well Laid Plans","Bouncing Flask"],"picked":"Crippling Poison+1","floor":27},{"not_picked":["Cloak And Dagger","Masterful Stab","Outmaneuver","Quick Slash+1"],"picked":"SKIP","floor":28},{"not_picked":["Sucker Punch","Reflex","Crippling Poison"],"picked":"Wraith Form v2","floor":30},{"not_picked":["A Thousand Cuts","Storm of Steel","Grand Finale"],"picked":"Burst","floor":33},{"not_picked":["Deflect+1","Blade Dance+1","Deadly Poison+1"],"picked":"Setup+1","floor":35},{"not_picked":["Prepared+1","Deadly Poison+1","Cloak And Dagger+1"],"picked":"Outmaneuver+1","floor":37},{"not_picked":["Prepared","Slice+1","Unload","Distraction+1"],"picked":"SKIP","floor":38},{"not_picked":["Heel Hook","Dodge and Roll","Slice","Deadly Poison"],"picked":"SKIP","floor":39},{"not_picked":["Crippling Poison+1","Skewer+1","Finisher+1"],"picked":"Blur","floor":40},{"not_picked":["Backflip+1","Burst","Prepared"],"picked":"Catalyst","floor":44},{"not_picked":["Storm of Steel","Dodge and Roll","Sucker Punch","Underhanded Strike"],"picked":"SKIP","floor":45},{"not_picked":["Predator+1","Deflect","Dagger Spray"],"picked":"PiercingWail","floor":46},{"not_picked":["Storm of Steel","Unload","Cloak And Dagger"],"picked":"PiercingWail","floor":47},{"not_picked":["Bane+1","Dagger Throw+1","Backflip","Blade Dance"],"picked":"SKIP","floor":48},{"not_picked":["Sucker Punch+1","Quick Slash","Dagger Throw+1"],"picked":"Deflect+1","floor":54}],"player_experience":143094,"relics_obtained":[{"floor":6,"key":"Calipers"},{"floor":7,"key":"Odd Mushroom"},{"floor":8,"key":"Blood Vial"},{"floor":9,"key":"Whetstone"},{"floor":14,"key":"Question Card"},{"floor":23,"key":"StrikeDummy"},{"floor":26,"key":"Happy Flower"},{"floor":27,"key":"Tiny Chest"},{"floor":30,"key":"Pear"},{"floor":40,"key":"Ancient Tea Set"},{"floor":45,"key":"MawBank"},{"floor":47,"key":"Orichalcum"},{"floor":54,"key":"Pantograph"}],"event_choices":[{"damage_healed":0,"gold_gain":0,"player_choice":"Lose Max HP","damage_taken":0,"relics_obtained":["Golden Idol"],"max_hp_gain":0,"max_hp_loss":5,"event_name":"Golden Idol","floor":2,"gold_loss":0},{"damage_healed":0,"gold_gain":0,"player_choice":"Paid Gold","damage_taken":0,"relics_obtained":["Bag of Marbles"],"max_hp_gain":0,"max_hp_loss":0,"event_name":"WeMeetAgain","floor":3,"gold_loss":82},{"damage_healed":0,"gold_gain":0,"player_choice":"Fought Mushrooms","damage_taken":0,"max_hp_gain":0,"max_hp_loss":0,"event_name":"Mushrooms","floor":7,"gold_loss":0},{"damage_healed":0,"gold_gain":0,"player_choice":"Read","damage_taken":0,"max_hp_gain":0,"max_hp_loss":0,"event_name":"The Library","floor":19,"gold_loss":0,"cards_obtained":["Bouncing Flask"]},{"damage_healed":0,"gold_gain":0,"player_choice":"Obtained Relic","damage_taken":0,"relics_obtained":["Omamori"],"max_hp_gain":0,"max_hp_loss":0,"event_name":"Addict","floor":20,"gold_loss":85},{"cards_removed":["Strike_G"],"damage_healed":0,"gold_gain":0,"player_choice":"Purged","damage_taken":0,"max_hp_gain":0,"max_hp_loss":0,"event_name":"Purifier","floor":31,"gold_loss":0},{"damage_healed":0,"gold_gain":0,"player_choice":"Max HP","damage_taken":0,"max_hp_gain":0,"max_hp_loss":4,"event_name":"Winding Halls","floor":42,"gold_loss":0}],"is_beta":false,"boss_relics":[{"not_picked":["HoveringKite","Velvet Choker"],"picked":"Coffee Dripper"},{"not_picked":["WristBlade","Black Star"],"picked":"Runic Pyramid"}],"items_purged_floors":[0,12,53],"is_endless":false,"potions_floor_spawned":[4,6,8,21,23,33,35,40,45,46,47,48,54],"ascension_level":3}}