{"host":"63beink0jfv5ch5g","time":1613809684,"event":{"mods":["ATMod(°¢èªMod)","AchievementEnabler","Act Like it!","Aspiration","BaseMod","CapriCore","Conspire","Gensokyo","GungeonMod","Hallownest","Marisa£¨ìFÓê¡¡Ä§ÀíÉ³£©","Minty Spire (QoL Compilation)","MostiFishMod","Pale of the Ancients","Quick Restart","Reimu£¨²©ÀöÁéÃÎ£©","Replay The Spire","SOS£¨Ë¹°Í´ïÖ®×Ó£©","Shop Mod","StSLib","The Bug Knight","Waifu the Spire","óô»ðÖ¸ÄÏ"],"gold_per_floor":[113,133,133,133,133,133,144,171,171,205,223,242,280,14,14,117,117,137,137,157,157,176,176,33,33,56,73,97,112,129,156,168,180,180],"floor_reached":33,"language":"ZHS","playtime":1704,"items_purged":[],"score":438,"play_id":"bb91785b-0859-4563-8de8-f161852292f9","local_time":"20210220162804","is_ascension_mode":true,"campfire_choices":[{"data":"OctopathBindingBorder2:ReiMu","floor":6,"key":"SMITH"},{"data":"Crow Ritual","floor":23,"key":"SMITH"},{"data":"WonderfulDomain:ReiMu","floor":25,"key":"SMITH"},{"floor":32,"key":"REST"}],"circlet_count":0,"master_deck":["Strike_Lin:ReiMu","Strike_Lin:ReiMu","Strike_Lin:ReiMu","Strike_Lin:ReiMu","Defend_Lin:ReiMu","Defend_Lin:ReiMu","Defend_Lin:ReiMu","Defend_Lin:ReiMu","NB:ReiMu","Stagnation:ReiMu","OctopathBindingBorder2:ReiMu+1","Dreaming:ReiMu","Gathering:ReiMu+1","SafetyPray:ReiMu","KamiRite:ReiMu","UniversalSpiritual:ReiMu","SubAcupoint:ReiMu","NineCharacters:ReiMu+1","SpreadBorder2:ReiMu","Crow Ritual+1","DemoMod:Invincible","MostiFishMod:Awakening","CardOfSanctity:ReiMu+1","Free:ReiMu","Amulet:ReiMu","WonderfulDomain:ReiMu+1","RainPray2:ReiMu","Amulet:ReiMu","SpringWay:ReiMu+1"],"relics":["FlyPower:ReiMu","DaveBox","AT_ATBox","aspiration:Nostalgia","MiniHakkero","SynthV:TestCard","Gensokyo:PortableGap","aspiration:StickyExplosives_weak","aspiration:HummingbirdHeart","Replay:Bandana","SynthV:C4","ReplayTheSpireMod:ShopPack","Gensokyo:RedStar","Mastiff:ReiMu","Pen Nib","CaptainsWheel","MawBank"],"acts_visited":["Exordium","Gensokyo:Gensokyo"],"potions_floor_usage":[33,33],"damage_taken":[{"damage":6,"enemies":"Gensokyo:Gryphon","floor":1,"turns":5},{"damage":20,"enemies":"Gensokyo:3_Fairies","floor":2,"turns":6},{"damage":2,"enemies":"Gensokyo:Python","floor":7,"turns":4},{"damage":0,"enemies":"Gensokyo:Mamizou","floor":8,"turns":10},{"damage":2,"enemies":"Gensokyo:Cirno","floor":10,"turns":7},{"damage":11,"enemies":"Gensokyo:LivingMonolith","floor":11,"turns":4},{"damage":0,"enemies":"Gensokyo:Kitsune","floor":12,"turns":3},{"damage":0,"enemies":"Gensokyo:Aya","floor":13,"turns":7},{"damage":27,"enemies":"Gensokyo:Yukari","floor":16,"turns":10},{"damage":6,"enemies":"Gensokyo:CosmicMonolith","floor":18,"turns":6},{"damage":0,"enemies":"Gensokyo:AngelMirror","floor":20,"turns":3},{"damage":21,"enemies":"Gensokyo:Slime_Group","floor":22,"turns":6},{"damage":6,"enemies":"Gensokyo:Chomper_and_Gloop","floor":27,"turns":5},{"damage":4,"enemies":"Gensokyo:Wraith","floor":28,"turns":6},{"damage":6,"enemies":"Gensokyo:Swordslinger","floor":29,"turns":6},{"damage":3,"enemies":"Gensokyo:Slime_Group","floor":30,"turns":4},{"damage":29,"enemies":"Gensokyo:Eternal_Rivals","floor":33,"turns":6}],"seed_played":"5709786465700435771","potions_obtained":[{"floor":1,"key":"BlessingOfTheForge"},{"floor":7,"key":"conspire:TimeTravelPotion"},{"floor":11,"key":"PinkPotion:ReiMu"},{"floor":22,"key":"Block Potion"}],"is_trial":false,"path_per_floor":["M","M","?","?","?","R","M","E","T","E","M","M","E","COS","R","B",null,"M","?","M","?","M","R","$","R","T","M","M","M","M","T","R","B"],"character_chosen":"REIMU","items_purchased":["Mastiff:ReiMu"],"campfire_rested":1,"item_purchase_floors":[24],"current_hp_per_floor":[53,33,33,33,39,39,37,37,37,35,24,24,24,24,41,14,48,42,48,48,48,27,27,27,27,27,21,17,11,8,8,25,0,0],"gold":180,"neow_bonus":"NOSTALGIA","is_daily":false,"chose_seed":false,"campfire_upgraded":3,"win_rate":0.0,"timestamp":1613809684,"path_taken":["M","M","?","?","?","R","?","E","T","E","M","?","E","COS","R","BOSS","M","?","?","?","M","R","$","R","T","M","M","M","M","?","R","BOSS"],"items_purchased_type":["Relic"],"build_version":"2020-12-22","purchased_purges":0,"victory":false,"max_hp_per_floor":[65,65,65,59,59,59,59,59,59,59,59,59,59,59,59,59,59,59,59,59,59,59,59,59,59,59,59,59,59,59,59,59,30,30],"card_choices":[{"not_picked":["AirStrike:ReiMu","SubcavityInstant:ReiMu"],"picked":"OctopathBindingBorder2:ReiMu","floor":1},{"not_picked":["SubcavityInstant:ReiMu","TakeOff:ReiMu","CareerPray:ReiMu","Conquer:ReiMu"],"picked":"Dreaming:ReiMu","floor":2},{"not_picked":["OctopathBindingBorder2:ReiMu","YinYangSange:ReiMu","Gathering:ReiMu","Enchanting:ReiMu"],"picked":"SafetyPray:ReiMu","floor":7},{"not_picked":["FantasyBorder:ReiMu","CareerPray:ReiMu","Gathering:ReiMu","TightArray:ReiMu"],"picked":"KamiRite:ReiMu","floor":8},{"not_picked":["CollectionFlower2:ReiMu","EmergencyTakeOff:ReiMu","Amulet:ReiMu","RainPray2:ReiMu"],"picked":"UniversalSpiritual:ReiMu","floor":10},{"not_picked":["Gathering:ReiMu","OctopathSalyBorderN:ReiMu","AlertArray:ReiMu","Intuition:ReiMu"],"picked":"SubAcupoint:ReiMu","floor":11},{"not_picked":["OrbThrow:ReiMu","AlertArray:ReiMu","OctopathBindingBorder2:ReiMu","EmergencyTakeOff:ReiMu"],"picked":"NineCharacters:ReiMu","floor":12},{"not_picked":["NineCharacters:ReiMu","SubAcupoint:ReiMu","FantasyMoon:ReiMu","EmergencyTakeOff:ReiMu"],"picked":"SpreadBorder2:ReiMu","floor":13},{"not_picked":["MostiFishMod:OneDayCity","Panache","MostiFishMod:ForestofLight","Replay:Sssssssssstrike"],"picked":"Crow Ritual","floor":14},{"not_picked":["Enlightenment","Transmutation","Replay:BasicMightCard","AT_Homeward"],"picked":"DemoMod:Invincible","floor":14},{"not_picked":["MostiFishMod:PerfectForm","AT_FalsePromise","MostiFishMod:Galeforce","ReplayTheSpireMod:Brewmster"],"picked":"MostiFishMod:Awakening","floor":14},{"not_picked":["Authority:ReiMu+1","KamiRite:ReiMu+1","DependentForm:ReiMu+1","KyokaiOfKami:ReiMu+1"],"picked":"CardOfSanctity:ReiMu+1","floor":16},{"not_picked":["CleanRite:ReiMu","RunawayExorcism:ReiMu","BlastKick2:ReiMu","Determination:ReiMu"],"picked":"Free:ReiMu","floor":16},{"not_picked":["PassingAway:ReiMu","NineCharacters:ReiMu","SpringWay:ReiMu","AirManeuver:ReiMu"],"picked":"Amulet:ReiMu","floor":18},{"not_picked":["Conquer:ReiMu","RainPray2:ReiMu","PassingAway:ReiMu","TightArray:ReiMu+1"],"picked":"WonderfulDomain:ReiMu","floor":20},{"not_picked":["SafetyPray:ReiMu","ManaGlint:ReiMu+1","OrbThrow:ReiMu","SubcavityInstant:ReiMu"],"picked":"RainPray2:ReiMu","floor":22},{"not_picked":["SafetyPray:ReiMu+1","KyokaiOfKami:ReiMu","OrbThrow:ReiMu","WonderfulDomain:ReiMu","Enchanting:ReiMu"],"picked":"SKIP","floor":27},{"not_picked":["UniversalSpiritual:ReiMu","Conquer:ReiMu","PassingAway:ReiMu","TightArray:ReiMu"],"picked":"Amulet:ReiMu","floor":28},{"not_picked":["Intuition:ReiMu","LearningPray:ReiMu","WonderfulDomain:ReiMu","TightArray:ReiMu+1","SpringWay:ReiMu"],"picked":"SKIP","floor":29},{"not_picked":["Intuition:ReiMu","LearningPray:ReiMu","WonderfulDomain:ReiMu","TightArray:ReiMu+1","SpringWay:ReiMu"],"picked":"SKIP","floor":29},{"not_picked":["RainPray2:ReiMu","Dreaming2:ReiMu","Conquer:ReiMu","Enchanting:ReiMu"],"picked":"SpringWay:ReiMu+1","floor":30}],"player_experience":178586,"relics_obtained":[{"floor":1,"key":"SynthV:TestCard"},{"floor":8,"key":"aspiration:StickyExplosives_weak"},{"floor":9,"key":"aspiration:HummingbirdHeart"},{"floor":10,"key":"Replay:Bandana"},{"floor":13,"key":"SynthV:C4"},{"floor":26,"key":"Pen Nib"},{"floor":31,"key":"MawBank"}],"event_choices":[],"is_beta":false,"boss_relics":[{"not_picked":["MoonlightInvasionPlan","ReplayTheSpireMod:DimensionalGlitch","Transparent"]}],"items_purged_floors":[],"is_endless":false,"potions_floor_spawned":[1,7,11,13,18,22,29],"killed_by":"Gensokyo:Eternal_Rivals","ascension_level":6}}