{"host":"uv5ws9rdk87e8i5k","time":1613800562,"event":{"mods":["AchievementEnabler","BaseMod","Colored Map","Minty Spire (QoL Compilation)","Permanent Neow","Quick Restart","StSLib","SuperFastMode","The Necromancer"],"gold_per_floor":[110,120,137,153,153,153,183,199,199,199,212,226,238,270,270,270,270],"floor_reached":16,"language":"ENG","playtime":590,"items_purged":[],"score":191,"play_id":"3c15903b-ae96-4d42-a39c-b65e4379ba31","local_time":"20210219235602","is_ascension_mode":true,"campfire_choices":[{"data":"Shockwave","floor":6.0,"key":"SMITH"},{"data":"Body Slam","floor":15,"key":"SMITH"}],"circlet_count":0,"master_deck":["AscendersBane","Strike_R","Strike_R","Strike_R","Strike_R","Defend_R","Defend_R","Defend_R","Bash","Ghostly Armor","Body Slam","Body Slam+1","Iron Wave","Ghostly Armor","Shockwave+1","Ghostly Armor","True Grit"],"relics":["Burning Blood","Incense Burner","Dream Catcher","InkBottle","FossilizedHelix"],"acts_visited":["Exordium"],"potions_floor_usage":[14,16,16],"damage_taken":[{"damage":0.0,"enemies":"2 Louse","floor":1.0,"turns":4.0},{"damage":2.0,"enemies":"Jaw Worm","floor":2.0,"turns":4.0},{"damage":0.0,"enemies":"Small Slimes","floor":3.0,"turns":5.0},{"damage":35.0,"enemies":"Gremlin Gang","floor":4.0,"turns":12.0},{"damage":5.0,"enemies":"3 Sentries","floor":7.0,"turns":8.0},{"damage":9.0,"enemies":"Blue Slaver","floor":8.0,"turns":5.0},{"damage":0.0,"enemies":"Red Slaver","floor":11.0,"turns":4.0},{"damage":0.0,"enemies":"Exordium Thugs","floor":12.0,"turns":11.0},{"damage":5,"enemies":"Lots of Slimes","floor":13,"turns":11},{"damage":9,"enemies":"Lagavulin","floor":14,"turns":11},{"damage":11,"enemies":"Slime Boss","floor":16,"turns":12}],"seed_played":"-1852111274868019553","potions_obtained":[{"floor":4.0,"key":"SpeedPotion"},{"floor":7.0,"key":"HeartOfIron"},{"floor":11.0,"key":"DuplicationPotion"},{"floor":12.0,"key":"SpeedPotion"},{"floor":14,"key":"GamblersBrew"}],"is_trial":false,"path_per_floor":["M","M","M","M","?","R","E","M","T","?","M","M","M","E","R","B"],"character_chosen":"IRONCLAD","items_purchased":[],"campfire_rested":0,"item_purchase_floors":[],"current_hp_per_floor":[57,61,67,38,31,31,32,29,29,29,35,41,42,39,39,28,28],"gold":270,"neow_bonus":"TRANSFORM_TWO_CARDS","is_daily":false,"chose_seed":false,"campfire_upgraded":2,"win_rate":0.0,"timestamp":1613800562,"path_taken":["M","M","M","M","?","R","E","M","T","?","M","M","M","E","R","BOSS"],"items_purchased_type":[],"build_version":"2020-12-22","purchased_purges":0,"victory":false,"max_hp_per_floor":[80,80,80,80,80,80,80,80,80,80,80,80,80,80,80,80,80],"card_choices":[{"not_picked":["Heavy Blade","Armaments"],"picked":"Body Slam","floor":1.0},{"not_picked":["Reckless Charge","Cleave"],"picked":"Iron Wave","floor":2.0},{"not_picked":["Feel No Pain","Sever Soul"],"picked":"Ghostly Armor","floor":3.0},{"not_picked":["Rage","Sever Soul"],"picked":"Shockwave","floor":4.0},{"not_picked":["Clothesline","Immolate","Bloodletting"],"picked":"SKIP","floor":7.0},{"not_picked":["Evolve","Twin Strike"],"picked":"Ghostly Armor","floor":8.0},{"not_picked":["Armaments","Dark Embrace"],"picked":"True Grit","floor":11.0},{"not_picked":["Inflame","Cleave","Blood for Blood"],"picked":"SKIP","floor":12.0},{"not_picked":["Warcry","Dropkick","Perfected Strike"],"picked":"SKIP","floor":13},{"not_picked":["Dropkick","Seeing Red","Headbutt"],"picked":"SKIP","floor":14}],"player_experience":228360,"relics_obtained":[{"floor":7.0,"key":"Dream Catcher"},{"floor":9.0,"key":"InkBottle"},{"floor":14,"key":"FossilizedHelix"}],"event_choices":[{"damage_healed":0.0,"max_hp_gain":0.0,"max_hp_loss":0.0,"gold_gain":0.0,"event_name":"Scrap Ooze","player_choice":"Success","floor":5.0,"gold_loss":0.0,"damage_taken":7.0,"relics_obtained":["Incense Burner"]},{"damage_healed":0.0,"max_hp_gain":0.0,"max_hp_loss":0.0,"gold_gain":0.0,"event_name":"Liars Game","player_choice":"Ignored","floor":10.0,"gold_loss":0.0,"damage_taken":0.0}],"is_beta":false,"boss_relics":[],"items_purged_floors":[],"is_endless":false,"potions_floor_spawned":[4,7,11,12,14],"killed_by":"Slime Boss","ascension_level":13}}