{"host":"nxnzcl474ro3ewbj","time":1613797224,"event":{"mods":["2.2 Compatiblity","Act Like it!","BaseMod","Better Third Choice","Better-Laid Plans","Colored Map","Custom Start","Highlight Path","Keyboard Shortcuts","Minty Spire (QoL Compilation)","Quick Restart","Rare Cards Sparkle","Relic Stats","Shop Mod","Slay the Relics Exporter","StSLib","SuperFastMode"],"gold_per_floor":[114,132,145,156,81,81,95,123,123,133,58,58,77,77,77,77,77],"floor_reached":16,"language":"KOR","playtime":263,"items_purged":["Strike_R"],"score":192,"play_id":"ff7ef578-7e93-49bb-84bb-8ad7ed10a37f","local_time":"20210220140024","is_ascension_mode":true,"campfire_choices":[{"data":"Bash","floor":6.0,"key":"SMITH"},{"data":"Sword Boomerang","floor":12.0,"key":"SMITH"},{"floor":15.0,"key":"REST"}],"circlet_count":0,"master_deck":["AscendersBane","Strike_R","Strike_R","Strike_R","Defend_R","Defend_R+1","Defend_R+1","Defend_R","Bash+1","True Grit","Anger","Sword Boomerang+1","Pommel Strike","Shrug It Off","Demon Form","Uppercut"],"relics":["Burning Blood","NeowsBlessing","Nunchaku","Matryoshka"],"acts_visited":["Exordium"],"potions_floor_usage":[],"damage_taken":[{"damage":0.0,"enemies":"Cultist","floor":1.0,"turns":1.0},{"damage":0.0,"enemies":"2 Louse","floor":2.0,"turns":1.0},{"damage":0.0,"enemies":"Small Slimes","floor":3.0,"turns":1.0},{"damage":22.0,"enemies":"Blue Slaver","floor":4.0,"turns":4.0},{"damage":10.0,"enemies":"Large Slime","floor":7.0,"turns":5.0},{"damage":16.0,"enemies":"Gremlin Nob","floor":8.0,"turns":3.0},{"damage":11.0,"enemies":"Looter","floor":10.0,"turns":3.0},{"damage":21.0,"enemies":"Exordium Thugs","floor":13.0,"turns":4.0},{"damage":36,"enemies":"The Guardian","floor":16,"turns":2}],"seed_played":"-2922452079268686223","potions_obtained":[{"floor":2.0,"key":"ColorlessPotion"},{"floor":3.0,"key":"FearPotion"},{"floor":8.0,"key":"BlessingOfTheForge"}],"is_trial":false,"path_per_floor":["M","M","M","M","$","R","M","E","T","M","?","R","M","?","R","B"],"character_chosen":"IRONCLAD","items_purchased":[],"campfire_rested":1,"item_purchase_floors":[],"current_hp_per_floor":[74,75,75,59,59,59,55,45,45,40,40,40,25,2,24,0,0],"gold":77,"neow_bonus":"THREE_ENEMY_KILL","is_daily":false,"chose_seed":false,"campfire_upgraded":2,"win_rate":0.0,"timestamp":1613797224,"path_taken":["M","M","M","M","$","R","M","E","T","?","?","R","M","?","R","BOSS"],"items_purchased_type":[],"build_version":"2020-12-22","purchased_purges":1,"victory":false,"max_hp_per_floor":[75,75,75,75,75,75,75,75,75,75,75,75,75,75,75,75,75],"relic_stats":{"Nunchaku":[1],"counters":[9,24],"obtain_stats":[{"Nunchaku":8,"Matryoshka":9,"NeowsBlessing":0,"Burning Blood":0},{"Nunchaku":6,"Matryoshka":6,"NeowsBlessing":0,"Burning Blood":0},{"Nunchaku":15,"Matryoshka":15,"NeowsBlessing":0,"Burning Blood":0}],"Burning Blood":37},"card_choices":[{"not_picked":["Body Slam","Warcry"],"picked":"True Grit","floor":1.0},{"not_picked":["Entrench","Clothesline","Combust"],"picked":"SKIP","floor":2.0},{"not_picked":["Headbutt","Flame Barrier"],"picked":"Anger","floor":3.0},{"not_picked":["Pommel Strike","Metallicize"],"picked":"Sword Boomerang","floor":4.0},{"not_picked":["Rampage","Spot Weakness"],"picked":"Pommel Strike","floor":7.0},{"not_picked":["Clothesline","True Grit"],"picked":"Shrug It Off","floor":8.0},{"not_picked":["Rupture","Burning Pact"],"picked":"Demon Form","floor":10.0},{"not_picked":["Iron Wave","Sentinel"],"picked":"Uppercut","floor":13.0}],"player_experience":84752,"relics_obtained":[{"floor":8.0,"key":"Nunchaku"},{"floor":9.0,"key":"Matryoshka"}],"event_choices":[{"cards_removed":["Strike_R"],"damage_healed":0.0,"max_hp_gain":0.0,"max_hp_loss":0.0,"gold_gain":0.0,"event_name":"The Cleric","player_choice":"Card Removal","floor":11.0,"gold_loss":75.0,"damage_taken":0.0},{"damage_healed":25.0,"max_hp_gain":0.0,"max_hp_loss":75.0,"gold_gain":0.0,"event_name":"betterThird:BetterShining","player_choice":"Upgrade","floor":14.0,"gold_loss":0.0,"damage_taken":23.0,"cards_upgraded":["Defend_R","Defend_R"]}],"is_beta":false,"boss_relics":[],"items_purged_floors":[5],"is_endless":false,"potions_floor_spawned":[2,3,8],"killed_by":"The Guardian","ascension_level":17}}