{"host":"8ps3pfk2b2drr3ex","time":1613865316,"event":{"mods":["2.2 Compatiblity","AchievementEnabler","Act Like it!","BaseMod","Bestiary","Better Match","BetterRewards","Colored Map","Colored Powertips","Conspire","Downfall","Evolution","Gensokyo","GifTheSpireLib","Gold Saver","Hallownest","Hubris","Marisa????????","Minty Spire (QoL Compilation)","Permanent Neow","Relic Filter","Replay The Spire","Shop Mod","StSLib","Stuff the Spire","The Bug Knight"],"gold_per_floor":[1180,1210,1221,1233,1233,1133,1133,1147,1147,1178,1078,1093,1127,1127,1127,1152,1164,1261,1261,1261,654,654,668,668,718,770,870,887,920,920,920,930,955,855,865,875,970,970,970,990,1003,559,576,609,679,679,679,713,713,726,726,329,377,377,377,406,102,102,102,102],"floor_reached":61,"language":"ENG","playtime":7660,"items_purged":["Guardian:Gem_Green","sneckomod:IronFang","sneckomod:MasterEye+1","Voices"],"score":1488,"play_id":"a05c7148-f180-4fab-a00b-91b43329ea96","local_time":"20210220185516","is_ascension_mode":true,"campfire_choices":[{"floor":1.0,"key":"RECALL"},{"data":"sneckomod:SnakeSap","floor":6.0,"key":"SMITH"},{"data":"sneckomod:TailWhip","floor":9.0,"key":"SMITH"},{"data":"sneckomod:UnknownRareAttack","floor":11.0,"key":"SMITH"},{"data":"sneckomod:SnekBeam","floor":20.0,"key":"SMITH"},{"floor":34.0,"key":"REST"},{"data":"sneckomod:Unknown3Cost","floor":39.0,"key":"SMITH"},{"floor":49.0,"key":"REST"},{"data":"sneckomod:SoulCleanse","floor":58,"key":"SMITH"}],"circlet_count":0,"master_deck":["sneckomod:RainOfDice","sneckomod:DiceBlock","sneckomod:QuickMove","sneckomod:DiceBlock","sneckomod:TailWhip+1","sneckomod:SnekBite","sneckomod:Unknown","sneckomod:Unknown","sneckomod:UnknownClassGUARDIAN+1","sneckomod:SnakeSap+1","sneckomod:Unknown1Cost","sneckomod:UnknownRareAttack+1","sneckomod:UnknownUncommonSkill+1","sneckomod:SoulCleanse+1","sneckomod:UnknownUncommonPower+1","sneckomod:SnekBeam+1","sneckomod:UnknownRarePower+1","sneckomod:Restock+1","sneckomod:UnknownUncommonPower+1","sneckomod:SoulRoll","sneckomod:Unknown3Cost","sneckomod:UnknownRareSkill","sneckomod:Unknown2Cost","sneckomod:UnknownExhaust+1","sneckomod:UnknownClassMARISA_COLOR","sneckomod:UnknownRareSkill","sneckomod:UnknownClassMARISA_COLOR","sneckomod:UnknownX","sneckomod:Unknown3Cost+1","sneckomod:SerpentMind+1","sneckomod:Nope+1","sneckomod:Nope+1","sneckomod:SlitherStrike+1","StuffTheSpire:BrainWave+1","sneckomod:QuickMove","sneckomod:CheapStock+1","sneckomod:CheapStock+1","sneckomod:WideSting+1","sneckomod:UnknownX+1"],"relics":["EVO:Axolotl","SlaversCollar","sneckomod:SneckoCommon","downfall:HeartBlessingRed","conspire:Dentures","Frozen Egg 2","downfall:HeartBlessingGreen","Pocketwatch","sneckomod:LoadedDie","sneckomod:SneckoTalon","StuffTheSpire:GrapeVine","War Paint","Orrery","conspire:Flyswatter","hubris:GlazedTorus","Ice Cream","hubris:Metronome","MealTicket","conspire:TopHat","downfall:HeartBlessingBlue","Philosopher\u0027s Stone","OrangePellets","Molten Egg 2","bronze:BronzeIdol","HollowMod:StagPassRelic","conspire:GlowingRock","Bag of Preparation","Bronze Scales","sneckomod:SleevedAce"],"acts_visited":["Exordium","TheCity","TheBeyond","TheEnding"],"potions_floor_usage":[60,60,60,60,60,60],"damage_taken":[{"damage":0.0,"enemies":"conspire:RoseBush","floor":3.0,"turns":5.0},{"damage":0.0,"enemies":"Small Slimes","floor":4.0,"turns":4.0},{"damage":0.0,"enemies":"Cultist","floor":8.0,"turns":2.0},{"damage":26.0,"enemies":"3 Sentries","floor":10.0,"turns":8.0},{"damage":0.0,"enemies":"Large Slime","floor":12.0,"turns":3.0},{"damage":0.0,"enemies":"HollowMod:MossKnight","floor":13.0,"turns":3.0},{"damage":6.0,"enemies":"Replay:BlueRogue","floor":16.0,"turns":2.0},{"damage":7.0,"enemies":"2 Fungi Beasts","floor":17.0,"turns":3.0},{"damage":23.0,"enemies":"WA_ARCHETYPE_RETAIN","floor":18.0,"turns":7.0},{"damage":0.0,"enemies":"downfall:FleeingMerchant","floor":21.0,"turns":4.0},{"damage":32.0,"enemies":"3 Byrds","floor":23.0,"turns":4.0},{"damage":24.0,"enemies":"Book of Stabbing","floor":25.0,"turns":5.0},{"damage":18.0,"enemies":"DF_ARCHETYPE_STREAMLINE","floor":27.0,"turns":5.0},{"damage":0.0,"enemies":"conspire:FuzzyDice","floor":28.0,"turns":4.0},{"damage":0.0,"enemies":"Gremlin Leader","floor":29.0,"turns":4.0},{"damage":2.0,"enemies":"Cultist and Chosen","floor":32.0,"turns":5.0},{"damage":20.0,"enemies":"Slavers","floor":33.0,"turns":5.0},{"damage":3.0,"enemies":"Snake Plant","floor":35.0,"turns":3.0},{"damage":0.0,"enemies":"Centurion and Healer","floor":36.0,"turns":2.0},{"damage":21.0,"enemies":"SI_MIRROR_ARCHETYPE","floor":37.0,"turns":7.0},{"damage":0.0,"enemies":"3 Shapes","floor":40.0,"turns":2.0},{"damage":0.0,"enemies":"3 Darklings","floor":41.0,"turns":3.0},{"damage":0.0,"enemies":"downfall:FleeingMerchant","floor":42.0,"turns":3.0},{"damage":2.0,"enemies":"Jaw Worm Horde","floor":43.0,"turns":4.0},{"damage":21.0,"enemies":"R_Hoarder","floor":44.0,"turns":4.0},{"damage":37.0,"enemies":"Nemesis","floor":48.0,"turns":5.0},{"damage":7.0,"enemies":"Sphere and 2 Shapes","floor":50.0,"turns":3.0},{"damage":5.0,"enemies":"Transient","floor":53.0,"turns":5.0},{"damage":23,"enemies":"IC_BLOCK_ARCHETYPE","floor":54,"turns":6},{"damage":34,"enemies":"downfall:CharBossMerchant","floor":56,"turns":6},{"damage":7,"enemies":"downfall:NeowBoss","floor":59,"turns":8},{"damage":25,"enemies":"downfall:NeowBossFinal","floor":60,"turns":7}],"seed_played":"1993419129668059604","potions_obtained":[{"floor":3.0,"key":"FearPotion"},{"floor":4.0,"key":"Adrenaline Potion"},{"floor":10.0,"key":"Swift Potion"},{"floor":12.0,"key":"sneckomod:OffclassReductionPotion"},{"floor":25.0,"key":"Adrenaline Potion"},{"floor":33.0,"key":"ColorlessPotion"},{"floor":37.0,"key":"Weak Potion"},{"floor":48.0,"key":"FearPotion"},{"floor":51.0,"key":"CultistPotion"},{"floor":56,"key":"Cursed Concoction"}],"is_trial":false,"path_per_floor":["R_BF","?","M","M","?","R","T","M","R","E","R","M","E","PTL","PTL","E","M","B",null,"R","$","?","M","?","E","T","?","M","E","PTL","PTL","M","E","R","M","M","B",null,"R","M","M","$","M","E","T","?","?","E","R","M","?","$","M","B",null,"E","$","R","B","B",null],"character_chosen":"THE_SNECKO","items_purchased":["StuffTheSpire:GrapeVine","sneckomod:UnknownUncommonPower+1","War Paint","Orrery","OrangePellets","Molten Egg 2","sneckomod:MasterEye+1","sneckomod:SlitherStrike+1","Adrenaline Potion","EntropicBrew","Bag of Preparation","sneckomod:CheapStock+1","sneckomod:WideSting+1","sneckomod:SleevedAce"],"campfire_rested":2,"item_purchase_floors":[21,21,21,21,42,42,42,42,42,42,52,52,52,57],"current_hp_per_floor":[108,108,108,108,108,108,108,108,108,82,82,82,82,82,82,76,69,46,108,108,108,108,76,76,52,52,34,34,38,38,38,36,20,65,62,62,41,118,118,118,118,118,116,95,95,95,95,58,90,83,83,98,93,70,107,73,88,88,81,56],"gold":102,"neow_bonus":"BOSS_RELIC","is_daily":false,"chose_seed":false,"campfire_upgraded":6,"win_rate":0.0,"timestamp":1613865316,"path_taken":["R_BF","?","M","M","?","R","T","M","R","E","R","?","E","PTL","PTL","E","M","BOSS","R","$","?","M","?","E","T","?","M","E","PTL","PTL","M","E","R","M","M","BOSS","R","M","M","$","M","E","T","?","?","E","R","?","?","$","M","BOSS","E","$","R","BOSS","BOSS"],"items_purchased_type":["Relic","Card","Relic","Relic","Relic","Relic","Card","Card","Potion","Potion","Relic","Card","Card","Relic"],"build_version":"2020-12-22","purchased_purges":4,"victory":true,"max_hp_per_floor":[108,108,108,108,108,108,108,108,108,108,108,108,108,108,108,108,108,108,108,108,108,108,108,108,108,108,108,108,108,108,108,108,108,118,118,118,118,118,118,118,118,118,118,118,118,107,107,107,107,107,107,107,107,107,107,107,107,107,107,107],"card_choices":[{"not_picked":["Guardian:Gem_Lightblue","Guardian:Gem_Cyan"],"picked":"Guardian:Gem_Green","floor":3.0},{"not_picked":["sneckomod:MixItUp","sneckomod:QuickBite"],"picked":"sneckomod:SnakeSap","floor":3.0},{"not_picked":["sneckomod:UnendingSupply","sneckomod:SoulDraw","sneckomod:ImprovisedGuard"],"picked":"SKIP","floor":4.0},{"not_picked":["sneckomod:WideSting","sneckomod:QuickMove","sneckomod:Unknown1Cost"],"picked":"SKIP","floor":8.0},{"not_picked":["sneckomod:WideSting","sneckomod:DefensiveFlair"],"picked":"sneckomod:UnknownRareAttack","floor":10.0},{"not_picked":["sneckomod:UnknownDraw","sneckomod:IronFang"],"picked":"sneckomod:UnknownUncommonSkill","floor":12.0},{"not_picked":["sneckomod:Unknown1Cost","sneckomod:UnknownBoss"],"picked":"sneckomod:SoulCleanse","floor":13.0},{"not_picked":["sneckomod:SoulRoll","sneckomod:ImprovisedGuard"],"picked":"sneckomod:UnknownUncommonPower+1","floor":16.0},{"not_picked":["sneckomod:SoulRoll","sneckomod:SlitherStrike"],"picked":"sneckomod:SnekBeam","floor":17.0},{"not_picked":["sneckomod:UnknownRareSkill","sneckomod:DangerNoodle"],"picked":"sneckomod:UnknownRarePower+1","floor":18.0},{"not_picked":["sneckomod:UnknownClassMARISA_DERIVATIONS","sneckomod:SoulDraw"],"picked":"sneckomod:Restock","floor":21.0},{"not_picked":["sneckomod:DiceCrush","sneckomod:UnknownDexterity"],"picked":"sneckomod:SoulRoll","floor":21.0},{"not_picked":["sneckomod:UnknownClassMARISA_DERIVATIONS","sneckomod:PureSnecko"],"picked":"sneckomod:Unknown3Cost","floor":21.0},{"not_picked":["sneckomod:Unknown1Cost","sneckomod:Rotation+1"],"picked":"sneckomod:UnknownRareSkill","floor":21.0},{"not_picked":["sneckomod:UnknownClassGUARDIAN+1","sneckomod:SoulRoll"],"picked":"sneckomod:Unknown2Cost","floor":23.0},{"not_picked":["sneckomod:WideSting","sneckomod:GlitteringGambit"],"picked":"sneckomod:UnknownExhaust+1","floor":25.0},{"not_picked":["sneckomod:UnknownBlock","sneckomod:RainOfDice"],"picked":"sneckomod:UnknownClassMARISA_COLOR","floor":28.0},{"not_picked":["sneckomod:QuickBite","sneckomod:MasterEye+1"],"picked":"sneckomod:UnknownRareSkill","floor":29.0},{"not_picked":["sneckomod:Nope","sneckomod:UnknownClassGUARDIAN"],"picked":"sneckomod:UnknownClassMARISA_COLOR","floor":32.0},{"not_picked":["sneckomod:SoulRoll","sneckomod:QuickBite"],"picked":"sneckomod:UnknownX","floor":33.0},{"not_picked":["sneckomod:UnknownCommonAttack","sneckomod:Unknown1Cost+1"],"picked":"sneckomod:Unknown3Cost","floor":35.0},{"not_picked":["sneckomod:WideSting","sneckomod:UnknownClassGUARDIAN+1","sneckomod:RainOfDice+1"],"picked":"SKIP","floor":36.0},{"not_picked":["sneckomod:Mudshield+1","sneckomod:MorePower+1"],"picked":"sneckomod:SerpentMind+1","floor":37.0},{"not_picked":["sneckomod:RainOfDice","sneckomod:DiceBlock+1"],"picked":"sneckomod:Nope+1","floor":40.0},{"not_picked":["sneckomod:DiceCrush+1","sneckomod:Unknown1Cost"],"picked":"sneckomod:Nope+1","floor":41.0},{"not_picked":["sneckomod:Unknown2Cost","sneckomod:Unknown1Cost+1","sneckomod:SoulDraw+1"],"picked":"SKIP","floor":43.0},{"not_picked":["sneckomod:Nope","sneckomod:RainOfDice+1","sneckomod:DiceCrush+1"],"picked":"SKIP","floor":44.0},{"not_picked":["sneckomod:MasterEye+1","sneckomod:IronFang+1"],"picked":"sneckomod:QuickMove","floor":48.0},{"not_picked":["sneckomod:SoulRoll","sneckomod:SnekBeam+1"],"picked":"sneckomod:CheapStock+1","floor":50.0},{"not_picked":["sneckomod:UnknownExhaust","sneckomod:UnknownUncommonPower+1"],"picked":"sneckomod:UnknownX+1","floor":53.0},{"not_picked":["sneckomod:Nope","sneckomod:SoulExchange","sneckomod:MixItUp+1"],"picked":"SKIP","floor":56}],"player_experience":1185905,"relics_obtained":[{"floor":7.0,"key":"conspire:Dentures"},{"floor":10.0,"key":"Frozen Egg 2"},{"floor":13.0,"key":"Pocketwatch"},{"floor":16.0,"key":"sneckomod:LoadedDie"},{"floor":25.0,"key":"conspire:Flyswatter"},{"floor":25.0,"key":"hubris:GlazedTorus"},{"floor":27.0,"key":"Ice Cream"},{"floor":27.0,"key":"hubris:Metronome"},{"floor":29.0,"key":"MealTicket"},{"floor":33.0,"key":"conspire:TopHat"},{"floor":44.0,"key":"bronze:BronzeIdol"},{"floor":45.0,"key":"HollowMod:StagPassRelic"},{"floor":48.0,"key":"conspire:GlowingRock"},{"floor":56,"key":"Bronze Scales"}],"event_choices":[{"damage_healed":0.0,"max_hp_gain":0.0,"max_hp_loss":0.0,"gold_gain":0.0,"event_name":"Lab","player_choice":"Got Potions","floor":51.0,"gold_loss":0.0,"damage_taken":0.0}],"is_beta":false,"boss_relics":[{"not_picked":["Fusion Hammer","hubris:RunicObelisk"],"picked":"sneckomod:SneckoTalon"},{"not_picked":["hubris:TerracottaHorce","Pandora\u0027s Box"],"picked":"Philosopher\u0027s Stone"}],"items_purged_floors":[21,42,52,57],"is_endless":false,"potions_floor_spawned":[3,4,10,12,17,23,27,33,36,37,48,50,56],"ascension_level":1}}