{"host":"f7915vm1ahl7kex1","time":1613840020,"event":{"mods":["BaseMod","Colored Map","Downfall","Minty Spire (QoL Compilation)","Quick Restart","StSLib"],"gold_per_floor":[99,115,128,128,38,49,73,89,119,19,44,44,144,144,158,260,260,160,171,184,184,69,83,83,83,83,95,180,180,165,200,219,219,219,219],"floor_reached":33,"language":"ENG","playtime":1699,"items_purged":["Pain","hexamod:Strike"],"score":275,"play_id":"59b34d10-1e59-462d-9acd-e53b1a62fd92","local_time":"20210220105340","is_ascension_mode":false,"campfire_choices":[{"floor":1.0,"key":"RECALL"},{"data":"hexamod:GhostOfSpireFuture","floor":10.0,"key":"SMITH"},{"data":"hexamod:FastForward","floor":12.0,"key":"SMITH"},{"data":"hexamod:TurnItUp","floor":18.0,"key":"SMITH"},{"data":"hexamod:FastForward","floor":25.0,"key":"SMITH"}],"circlet_count":0,"master_deck":["hexamod:Strike","hexamod:Strike","hexamod:Strike","hexamod:Defend","hexamod:Defend","hexamod:Defend+1","hexamod:Defend+1","hexamod:Sear","hexamod:Float","hexamod:StepThrough","hexamod:Hexaguard","hexamod:EmpoweredFlame","hexamod:FastForward+1","hexamod:HauntingEcho","hexamod:GhostOfSpireFuture+1","hexamod:FirstSeal","hexamod:FastForward+1","hexamod:TurnItUp+1","hexamod:Hexaguard","hexamod:EmpoweredFlame","hexamod:HexaLevel"],"relics":["hexamod:SpiritBrand","Prayer Wheel","WarpedTongs","War Paint","Lantern","downfall:HeartBlessingRed","Toy Ornithopter","Letter Opener","Sozu","downfall:HeartBlessingGreen","Pantograph","Mummified Hand"],"acts_visited":["Exordium","TheCity"],"potions_floor_usage":[31,33],"damage_taken":[{"damage":0.0,"enemies":"Small Slimes","floor":2.0,"turns":3.0},{"damage":1.0,"enemies":"Cultist","floor":3.0,"turns":4.0},{"damage":7.0,"enemies":"downfall:FleeingMerchant","floor":5.0,"turns":4.0},{"damage":0.0,"enemies":"Jaw Worm","floor":6.0,"turns":3.0},{"damage":0.0,"enemies":"downfall:LooterAlt","floor":8.0,"turns":3.0},{"damage":6.0,"enemies":"3 Sentries","floor":9.0,"turns":7.0},{"damage":12.0,"enemies":"Lagavulin","floor":11.0,"turns":7.0},{"damage":0.0,"enemies":"2 Fungi Beasts","floor":15.0,"turns":3.0},{"damage":4.0,"enemies":"IC_STATUS_ARCHETYPE","floor":16.0,"turns":7.0},{"damage":0.0,"enemies":"Shell Parasite","floor":19.0,"turns":5.0},{"damage":4.0,"enemies":"Spheric Guardian","floor":20.0,"turns":5.0},{"damage":0.0,"enemies":"downfall:FleeingMerchant","floor":22.0,"turns":4.0},{"damage":7.0,"enemies":"Snecko","floor":23.0,"turns":6.0},{"damage":17.0,"enemies":"Centurion and Healer","floor":27.0,"turns":8.0},{"damage":0,"enemies":"downfall:FleeingMerchant","floor":30,"turns":4},{"damage":32,"enemies":"Gremlin Leader","floor":31,"turns":5},{"damage":0,"enemies":"Cultist and Chosen","floor":32,"turns":6},{"damage":62,"enemies":"SI_MIRROR_ARCHETYPE","floor":33,"turns":12}],"seed_played":"3655247905755011431","potions_obtained":[{"floor":6.0,"key":"SpeedPotion"},{"floor":9.0,"key":"AttackPotion"},{"floor":11.0,"key":"Energy Potion"},{"floor":16.0,"key":"LiquidMemories"}],"is_trial":false,"path_per_floor":["R","M","M","?","$","M","T","M","E","R","E","R","?","T","M","B",null,"R","M","M","?","$","M","T","R","T","M","?","?","$","E","M","B"],"character_chosen":"THE_SPIRIT","items_purchased":[],"campfire_rested":0,"item_purchase_floors":[],"current_hp_per_floor":[63,63,62,62,55,55,55,55,49,49,37,37,37,37,44,47,63,63,63,63,63,63,63,63,63,63,53,39,28,35,15,22,0,0,0],"gold":219,"neow_bonus":"ONE_RARE_RELIC","is_daily":false,"chose_seed":false,"campfire_upgraded":4,"win_rate":0.0,"timestamp":1613840020,"path_taken":["R","M","M","?","?","M","T","M","E","R","E","R","?","?","M","BOSS","R","M","M","?","$","M","T","R","?","M","?","?","$","E","M","BOSS"],"items_purchased_type":[],"build_version":"2020-12-22","purchased_purges":2,"victory":false,"max_hp_per_floor":[63,63,63,63,63,63,63,63,63,63,63,63,63,63,63,63,63,63,63,63,63,63,63,63,63,63,63,63,68,68,68,68,68,68,68],"card_choices":[{"not_picked":["hexamod:SwordOfDarkness","hexamod:BacktrackSmack","hexamod:ExtraCrispy"],"picked":"SKIP","floor":2.0},{"not_picked":["hexamod:PhantomCloak","hexamod:RecurringNightmare","hexamod:HeatShield"],"picked":"SKIP","floor":2.0},{"not_picked":["hexamod:GhostOfSpireFuture","hexamod:NightmareStrike"],"picked":"hexamod:StepThrough","floor":3.0},{"not_picked":["hexamod:BurningTouch","hexamod:InspiringFlames","hexamod:DynamicBlow"],"picked":"SKIP","floor":3.0},{"not_picked":["hexamod:NightmareGuise","hexamod:ParanormalForm"],"picked":"hexamod:Hexaguard","floor":5.0},{"not_picked":["hexamod:BurningTouch","hexamod:Firestarter"],"picked":"hexamod:EmpoweredFlame","floor":6.0},{"not_picked":["hexamod:Hexaguard","hexamod:ShieldOfDarkness"],"picked":"hexamod:FastForward","floor":6.0},{"not_picked":["hexamod:FastForward","hexamod:Again"],"picked":"hexamod:HauntingEcho","floor":8.0},{"not_picked":["hexamod:Hexaguard","hexamod:SpectersWail","hexamod:SoulSteal"],"picked":"SKIP","floor":8.0},{"not_picked":["hexamod:BurningTouch","hexamod:HeatCrush"],"picked":"hexamod:GhostOfSpireFuture","floor":9.0},{"not_picked":["hexamod:TimeOfNeed","hexamod:BurningTouch"],"picked":"hexamod:FirstSeal","floor":11.0},{"not_picked":["hexamod:ExtraCrispy","hexamod:ShieldOfDarkness"],"picked":"hexamod:FastForward","floor":15.0},{"not_picked":["hexamod:BurningTouch","hexamod:SpectersWail","hexamod:FastForward"],"picked":"SKIP","floor":15.0},{"not_picked":["hexamod:SearingWound","hexamod:ParanormalForm"],"picked":"hexamod:TurnItUp","floor":16.0},{"not_picked":["hexamod:ThermalTransfer+1","hexamod:Firestarter"],"picked":"hexamod:Hexaguard","floor":19.0},{"not_picked":["hexamod:GhostLash","hexamod:FourthSeal","hexamod:BacktrackSmack"],"picked":"SKIP","floor":19.0},{"not_picked":["hexamod:SpectersWail","hexamod:SpectralAdrenaline+1","hexamod:Rewind+1"],"picked":"SKIP","floor":20.0},{"not_picked":["hexamod:BacktrackSmack","hexamod:RecurringNightmare","hexamod:GhostShield"],"picked":"SKIP","floor":20.0},{"not_picked":["hexamod:SpectralAdrenaline+1","hexamod:Haunt+1","hexamod:GhostShield"],"picked":"SKIP","floor":22.0},{"not_picked":["hexamod:DynamicBlow","hexamod:EtherealExpedition","hexamod:GhostShield"],"picked":"SKIP","floor":23.0},{"not_picked":["hexamod:InspiringFlames+1","hexamod:HauntingEcho","hexamod:RecurringNightmare+1"],"picked":"SKIP","floor":23.0},{"not_picked":["hexamod:StepThrough+1","hexamod:GhostShield+1","hexamod:Firestarter"],"picked":"SKIP","floor":27},{"not_picked":["hexamod:FastForward","hexamod:FlamesFromBeyond","hexamod:BacktrackSmack"],"picked":"SKIP","floor":27},{"not_picked":["hexamod:ThermalTransfer","hexamod:NightmareStrike"],"picked":"hexamod:EmpoweredFlame","floor":30},{"not_picked":["hexamod:RainOfEmbers","hexamod:ThirdSeal"],"picked":"hexamod:HexaLevel","floor":31},{"not_picked":["hexamod:Firestarter","hexamod:RetreatToShadows+1","hexamod:GhostLash"],"picked":"SKIP","floor":32},{"not_picked":["hexamod:InspiringFlames+1","hexamod:HeatShield","hexamod:NightmareGuise"],"picked":"SKIP","floor":32}],"player_experience":1210215,"relics_obtained":[{"floor":7.0,"key":"War Paint"},{"floor":9.0,"key":"Lantern"},{"floor":11.0,"key":"Toy Ornithopter"},{"floor":14.0,"key":"Letter Opener"},{"floor":24.0,"key":"Pantograph"},{"floor":31,"key":"Mummified Hand"}],"event_choices":[{"damage_healed":0.0,"max_hp_gain":0.0,"max_hp_loss":0.0,"gold_gain":0.0,"event_name":"Accursed Blacksmith","player_choice":"Rummage","floor":4.0,"gold_loss":0.0,"damage_taken":0.0,"relics_obtained":["WarpedTongs"],"cards_obtained":["Pain"]}],"is_beta":false,"boss_relics":[{"not_picked":["Astrolabe","Runic Pyramid"],"picked":"Sozu"}],"items_purged_floors":[5,22],"is_endless":false,"potions_floor_spawned":[6,9,11,16,20,27,31,32],"killed_by":"SI_MIRROR_ARCHETYPE","ascension_level":0}}