{"host":"u2qrfxkm3wve0vp3","time":1613840966,"event":{"mods":["AchievementEnabler","BaseMod","Downfall","Minty Spire (QoL Compilation)","Quick Restart","Shop Mod","StSLib","The Cursed","The Marked"],"gold_per_floor":[115,115,115,40,40,40,79,79,79,114,132,158,171,271,271,401,401,395,395,395,409,427,427,752,764,764,795,813,813,833,833,833],"floor_reached":31,"language":"ZHS","playtime":801,"items_purged":["theMarked:Defend"],"score":375,"play_id":"d09ac451-75a3-456a-be52-8b7bb5eb3d2c","local_time":"20210221010926","is_ascension_mode":true,"campfire_choices":[{"data":"theMarked:SoldierOfQuellstein","floor":6,"key":"SMITH"},{"floor":8,"key":"RECALL"},{"data":"theMarked:BiggerThanFate","floor":15,"key":"SMITH"},{"data":"theMarked:TakeOffHeels","floor":23,"key":"SMITH"}],"circlet_count":0,"master_deck":["theMarked:Defend","theMarked:Defend","theMarked:Defend","theMarked:SoldierOfQuellstein+1","theMarked:BiggerThanFate+1","theMarked:GodGivenPower","theMarked:TakeOffHeels+1","theMarked:ComboAttacks+1","Bite","Bite","Bite","Bite","Bite","theMarked:EnhanceMovement","theMarked:MysticalArsenal+1","theMarked:FavorableWinds"],"relics":["theMarked:ArtifactOfAir","NeowsBlessing","Lantern","Bloody Idol","Juzu Bracelet","Shuriken","Potion Belt","Black Star","Old Coin","Strawberry","Pen Nib","Question Card","Smiling Mask"],"acts_visited":["Exordium","TheCity"],"potions_floor_usage":[18,24,27,30,31],"damage_taken":[{"damage":0,"enemies":"Cultist","floor":1,"turns":1},{"damage":0,"enemies":"Lagavulin","floor":7,"turns":1},{"damage":0,"enemies":"3 Sentries","floor":10,"turns":1},{"damage":0,"enemies":"2 Louse","floor":11,"turns":1},{"damage":1,"enemies":"Jaw Worm","floor":13,"turns":3},{"damage":43,"enemies":"Hexaghost","floor":16,"turns":7},{"damage":10,"enemies":"2 Thieves","floor":18,"turns":4},{"damage":5,"enemies":"Chosen","floor":21,"turns":4},{"damage":23,"enemies":"Snecko","floor":22,"turns":4},{"damage":22,"enemies":"Gremlin Leader","floor":24,"turns":5},{"damage":23,"enemies":"Chosen and Byrds","floor":25,"turns":5},{"damage":16,"enemies":"Book of Stabbing","floor":27,"turns":4},{"damage":37,"enemies":"Snake Plant","floor":28,"turns":3},{"damage":13,"enemies":"Centurion and Healer","floor":30,"turns":4},{"damage":37,"enemies":"Slavers","floor":31,"turns":2}],"seed_played":"4053971327880094125","potions_obtained":[{"floor":1,"key":"EssenceOfSteel"},{"floor":11,"key":"FearPotion"},{"floor":16,"key":"champ:CounterPotion"},{"floor":24,"key":"Swift Potion"},{"floor":28,"key":"ColorlessPotion"}],"is_trial":false,"path_per_floor":["M","?","?","$","?","R","E","R","T","E","M","T","M","?","R","B",null,"M","?","?","M","M","R","E","M","T","E","M","?","M","E"],"character_chosen":"THE_DEFAULT","items_purchased":[],"campfire_rested":0,"item_purchase_floors":[],"current_hp_per_floor":[72,72,65,65,65,65,65,65,65,65,65,65,64,64,64,21,67,57,46,46,46,28,28,45,37,37,38,16,16,26,0,0],"gold":833,"neow_bonus":"THREE_ENEMY_KILL","is_daily":false,"chose_seed":false,"campfire_upgraded":3,"win_rate":0.0,"timestamp":1613840966,"path_taken":["M","?","?","$","?","R","E","R","T","E","M","?","M","?","R","BOSS","M","?","?","M","M","R","E","M","T","E","M","?","M","E"],"items_purchased_type":[],"build_version":"2020-12-22","purchased_purges":1,"victory":false,"max_hp_per_floor":[72,72,72,72,67,67,67,67,67,67,67,67,67,67,67,67,67,67,46,46,46,46,46,53,53,53,53,53,53,53,53,53],"card_choices":[{"not_picked":["theMarked:SelfDefenseTraining","theMarked:Improvise","theMarked:WardOff"],"picked":"SKIP","floor":1},{"not_picked":["theMarked:ChainLightning","theMarked:Parry","theMarked:ShockingTouch"],"picked":"SKIP","floor":7},{"not_picked":["theMarked:ResourceFulStrike","theMarked:KeepCalmAndFight","theMarked:TakeCover"],"picked":"SKIP","floor":10},{"not_picked":["theMarked:ChainLightning","theMarked:Pokerface"],"picked":"theMarked:BiggerThanFate","floor":11},{"not_picked":["theMarked:WastefulAttack","theMarked:Panic"],"picked":"theMarked:GodGivenPower","floor":13},{"not_picked":["theMarked:Challenge","theMarked:UnarmedFury"],"picked":"theMarked:TakeOffHeels","floor":16},{"not_picked":["theMarked:ElectricStrings","theMarked:PowerFlow"],"picked":"theMarked:ComboAttacks+1","floor":18},{"not_picked":["theMarked:TwofoldDefense","theMarked:Seal"],"picked":"theMarked:EnhanceMovement","floor":21},{"not_picked":["theMarked:WardOff+1","theMarked:EmpowerWeapon","theMarked:CreepingChasm"],"picked":"SKIP","floor":22},{"not_picked":["theMarked:WardOff+1","theMarked:EmpowerWeapon","theMarked:CreepingChasm"],"picked":"SKIP","floor":22},{"not_picked":["theMarked:EmpowerWeapon","theMarked:Toughness","theMarked:HeightenedSenses+1"],"picked":"SKIP","floor":24},{"not_picked":["theMarked:ElectricStrings+1","theMarked:HeightenedSenses","theMarked:WardOff+1"],"picked":"SKIP","floor":25},{"not_picked":["theMarked:ShockingTouch","theMarked:WastefulAttack+1","theMarked:Pokerface+1"],"picked":"SKIP","floor":27},{"not_picked":["theMarked:HeightenedSenses+1","theMarked:TakeCover","theMarked:ChainLightning"],"picked":"theMarked:MysticalArsenal+1","floor":28},{"not_picked":["theMarked:RepellingDischarge","theMarked:ChainLightning+1","theMarked:Parkour+1"],"picked":"theMarked:FavorableWinds","floor":30}],"player_experience":335158,"relics_obtained":[{"floor":7,"key":"Juzu Bracelet"},{"floor":9,"key":"Shuriken"},{"floor":10,"key":"Potion Belt"},{"floor":24,"key":"Old Coin"},{"floor":24,"key":"Strawberry"},{"floor":26,"key":"Pen Nib"},{"floor":27,"key":"Question Card"},{"floor":27,"key":"Smiling Mask"}],"event_choices":[{"damage_healed":0,"gold_gain":0,"player_choice":"Ignored","damage_taken":0,"max_hp_gain":0,"max_hp_loss":0,"event_name":"Liars Game","floor":2,"gold_loss":0},{"damage_healed":0,"gold_gain":0,"player_choice":"Success","damage_taken":7,"relics_obtained":["Lantern"],"max_hp_gain":0,"max_hp_loss":0,"event_name":"Scrap Ooze","floor":3,"gold_loss":0},{"damage_healed":0,"gold_gain":0,"player_choice":"Lose Max HP","damage_taken":0,"relics_obtained":["Golden Idol"],"max_hp_gain":0,"max_hp_loss":5,"event_name":"Golden Idol","floor":5,"gold_loss":0},{"damage_healed":0,"gold_gain":100,"player_choice":"Pray","damage_taken":0,"max_hp_gain":0,"max_hp_loss":0,"event_name":"Golden Shrine","floor":14,"gold_loss":0},{"damage_healed":0,"gold_gain":0,"player_choice":"Became a vampire","damage_taken":0,"max_hp_gain":0,"max_hp_loss":21,"event_name":"Vampires","floor":19,"gold_loss":0,"cards_obtained":["Bite","Bite","Bite","Bite","Bite"]},{"damage_healed":0,"gold_gain":0,"player_choice":"Gave Idol","damage_taken":0,"relics_obtained":["Bloody Idol"],"max_hp_gain":0,"max_hp_loss":0,"event_name":"Forgotten Altar","floor":20,"relics_lost":["Golden Idol"],"gold_loss":0}],"is_beta":false,"boss_relics":[{"not_picked":["Sozu","Fusion Hammer"],"picked":"Black Star"}],"items_purged_floors":[4],"is_endless":false,"potions_floor_spawned":[1,11,16,24,28],"killed_by":"Slavers","ascension_level":1}}