{"host":"u1dfzl6o6mfmauc3","time":1613784969,"event":{"mods":["2.2 Compatiblity","AchievementEnabler","BaseMod","Bestiary","Block Reminder","Challenge The Spire","Colored Map","Dark Map","Hermit","Highlight Path","Minty Spire (QoL Compilation)","Random Character Button","Rare Cards Sparkle","Relic Stats","Robot Space Explorer","StSLib","The Disciple"],"gold_per_floor":[109,184,203,203,203,203,243,259,259,259,290,305,343,343,343,343,343,462,462,431,431,3,24,24,24,44,44,44,68,68,68],"floor_reached":30,"language":"ENG","playtime":888,"items_purged":["Defend_B"],"score":366,"play_id":"1de4d2d7-5d38-4031-ae2d-e03d6c439b75","local_time":"20210219203609","is_ascension_mode":true,"campfire_choices":[{"floor":6,"key":"REST"},{"floor":15,"key":"REST"},{"data":"Sunder","floor":17,"key":"SMITH"},{"data":"Consume","floor":25,"key":"SMITH"},{"floor":27,"key":"REST"}],"circlet_count":0,"master_deck":["Strike_B+1","Defend_B","Defend_B","Zap","Dualcast","Loop+1","Consume+1","Sunder+1","Coolheaded","Cold Snap","Amplify","Rip and Tear","Loop","Loop+1","Recycle+1"],"relics":["Cracked Core","NeowsBlessing","Golden Idol","Du-Vu Doll","Mummified Hand","Pear","Mercury Hourglass","Bottled Flame","Empty Cage","Ice Cream","Gambling Chip"],"acts_visited":["Exordium","TheCity"],"potions_floor_usage":[11,18,23,26,30],"damage_taken":[{"damage":0,"enemies":"Small Slimes","floor":1,"turns":1},{"damage":0,"enemies":"Jaw Worm","floor":3,"turns":1},{"damage":0,"enemies":"Gremlin Nob","floor":7,"turns":1},{"damage":0,"enemies":"2 Louse","floor":8,"turns":1},{"damage":13,"enemies":"3 Sentries","floor":11,"turns":4},{"damage":14,"enemies":"Large Slime","floor":12,"turns":3},{"damage":24,"enemies":"Gremlin Nob","floor":13,"turns":4},{"damage":30,"enemies":"Hexaghost","floor":18,"turns":12},{"damage":24,"enemies":"2 Thieves","floor":20,"turns":5},{"damage":10,"enemies":"Spheric Guardian","floor":23,"turns":4},{"damage":17,"enemies":"Snake Plant","floor":26,"turns":4},{"damage":17,"enemies":"Chosen and Byrds","floor":29,"turns":6},{"damage":32,"enemies":"Shelled Parasite and Fungi","floor":30,"turns":3}],"seed_played":"3489771136100157954","potions_obtained":[{"floor":7,"key":"EssenceOfDarkness"},{"floor":8,"key":"Explosive Potion"},{"floor":13,"key":"Weak Potion"},{"floor":23,"key":"SkillPotion"}],"is_trial":false,"path_per_floor":["M","?","M","?","?","R","E","M","T","T","E","M","E","?","R","?","R","B",null,"M","?","$","M","?","R","M","R","T","M","M"],"character_chosen":"DEFECT","items_purchased":["Ice Cream","PowerPotion"],"campfire_rested":3,"item_purchase_floors":[22,22],"current_hp_per_floor":[68,57,57,39,24,46,46,46,46,56,43,29,5,5,30,58,58,28,71,47,47,47,37,37,37,20,45,45,28,0,0],"gold":68,"neow_bonus":"THREE_ENEMY_KILL","is_daily":false,"chose_seed":false,"campfire_upgraded":2,"win_rate":0.0,"timestamp":1613784969,"path_taken":["M","?","M","?","?","R","E","?","T","T","E","M","E","?","R","?","R","BOSS","M","?","$","M","?","R","M","R","T","M","?"],"items_purchased_type":["Relic","Potion"],"build_version":"2020-12-22","purchased_purges":1,"victory":false,"max_hp_per_floor":[75,75,75,75,75,75,75,75,75,85,85,85,85,85,85,85,85,85,85,85,85,85,85,85,85,85,85,85,85,85,85],"relic_stats":{"counters":[13,48],"Golden Idol":68,"Mummified Hand":[26],"Gambling Chip":[8],"obtain_stats":[{"Du-Vu Doll":7,"Ice Cream":22,"Bottled Flame":13,"Pear":10,"NeowsBlessing":0,"Golden Idol":4,"Mummified Hand":9,"Gambling Chip":28,"Cracked Core":0,"Empty Cage":19,"Mercury Hourglass":11},{"Du-Vu Doll":3,"Ice Cream":9,"Bottled Flame":7,"Pear":4,"NeowsBlessing":0,"Golden Idol":2,"Mummified Hand":4,"Gambling Chip":11,"Cracked Core":0,"Empty Cage":8,"Mercury Hourglass":5},{"Du-Vu Doll":3,"Ice Cream":32,"Bottled Flame":15,"Pear":4,"NeowsBlessing":0,"Golden Idol":2,"Mummified Hand":4,"Gambling Chip":40,"Cracked Core":0,"Empty Cage":27,"Mercury Hourglass":8}],"Mercury Hourglass":[114]},"card_choices":[{"not_picked":["Hologram","Rip and Tear"],"picked":"Loop","floor":1},{"not_picked":["Heatsinks","Redo"],"picked":"Consume","floor":3},{"not_picked":["Gash","Leap"],"picked":"Sunder","floor":7},{"not_picked":["Darkness","FTL"],"picked":"Coolheaded","floor":8},{"not_picked":["Scrape","Steam","Skim"],"picked":"SKIP","floor":11},{"not_picked":["Ball Lightning","All For One"],"picked":"Cold Snap","floor":12},{"not_picked":["Steam","Cold Snap","Conserve Battery"],"picked":"SKIP","floor":13},{"not_picked":["Multi-Cast","Hyperbeam"],"picked":"Amplify","floor":18},{"not_picked":["FTL","Leap+1","Coolheaded"],"picked":"SKIP","floor":20},{"not_picked":["Beam Cell","Turbo","Streamline"],"picked":"SKIP","floor":23},{"not_picked":["Steam Power+1","Steam","Rebound"],"picked":"SKIP","floor":26},{"not_picked":["Beam Cell","Streamline"],"picked":"Recycle+1","floor":29}],"player_experience":263379,"relics_obtained":[{"floor":7,"key":"Du-Vu Doll"},{"floor":9,"key":"Mummified Hand"},{"floor":10,"key":"Pear"},{"floor":11,"key":"Mercury Hourglass"},{"floor":13,"key":"Bottled Flame"},{"floor":28,"key":"Gambling Chip"}],"event_choices":[{"damage_healed":0,"gold_gain":75,"player_choice":"Gather Gold","damage_taken":11,"max_hp_gain":0,"max_hp_loss":0,"event_name":"World of Goop","floor":2,"gold_loss":0},{"damage_healed":0,"gold_gain":0,"player_choice":"Take Damage","damage_taken":18,"relics_obtained":["Golden Idol"],"max_hp_gain":0,"max_hp_loss":0,"event_name":"Golden Idol","floor":4,"gold_loss":0},{"damage_healed":0,"gold_gain":0,"player_choice":"Entered Light","damage_taken":15,"max_hp_gain":0,"max_hp_loss":0,"event_name":"Shining Light","floor":5,"gold_loss":0,"cards_upgraded":["Loop","Strike_B"]},{"damage_healed":0,"gold_gain":0,"player_choice":"Fled","damage_taken":0,"max_hp_gain":0,"max_hp_loss":0,"event_name":"Scrap Ooze","floor":14,"gold_loss":0},{"damage_healed":28,"gold_gain":0,"player_choice":"Banana","damage_taken":0,"max_hp_gain":0,"max_hp_loss":0,"event_name":"Big Fish","floor":16,"gold_loss":0},{"damage_healed":0,"gold_gain":0,"cards_transformed":["Strike_B","Defend_B"],"player_choice":"Became Test Subject","damage_taken":0,"max_hp_gain":0,"max_hp_loss":0,"event_name":"Drug Dealer","floor":21,"gold_loss":0,"cards_obtained":["Rip and Tear","Loop"]},{"damage_healed":0,"gold_gain":0,"player_choice":"Copied","damage_taken":0,"max_hp_gain":0,"max_hp_loss":0,"event_name":"Duplicator","floor":24,"gold_loss":0,"cards_obtained":["Loop"]}],"is_beta":false,"boss_relics":[{"not_picked":["SlaversCollar","Calling Bell"],"picked":"Empty Cage"}],"items_purged_floors":[22],"is_endless":false,"potions_floor_spawned":[7,8,13,23],"killed_by":"Shelled Parasite and Fungi","ascension_level":7}}