{"host":"ve5hox67eka4rdnb","time":1613791508,"event":{"mods":["ATMod(°¢èªMod)","AchievementEnabler","Act Like it!","BaseMod","Downfall","Lobotomy","LobotomyExtend","Marisa£¨ìFÓê¡¡Ä§ÀíÉ³£©","Minty Spire (QoL Compilation)","Quick Restart","Replay The Spire","Shop Mod","StSLib"],"gold_per_floor":[114,114,131,148,73,106,106,141,141,141,166,180,195,211,211,308,308,308,308,319,418,418,453,453,486,538,538,566,586,600,612,612,709,709,721,71,103,103,103,103,165,194,244,287,339,355,429,461,461,491,491,491,491,24,75,101],"floor_reached":57,"language":"ZHS","playtime":3402,"items_purged":["Strike_MRS","Strike_MRS","Defend_MRS"],"score":1814,"play_id":"0b213cd9-8e84-4730-b1db-993799b032d6","local_time":"20210220112508","is_ascension_mode":true,"campfire_choices":[{"data":"AT_ChampionKick","floor":7.0,"key":"SMITH"},{"data":"UpSweep","floor":10.0,"key":"SMITH"},{"data":"Strike_MRS","floor":15.0,"key":"PURGE"},{"data":"UltimateShortwave","floor":24.0,"key":"SMITH"},{"data":"MasterSpark","floor":27.0,"key":"SMITH"},{"floor":32.0,"key":"REST"},{"floor":40.0,"key":"RECALL"},{"data":"ChargingUp","floor":49.0,"key":"SMITH"},{"data":"Master of Strategy","floor":53.0,"key":"SMITH"}],"circlet_count":0,"master_deck":["Defend_MRS","Defend_MRS","Defend_MRS","UpSweep+1","AT_ChampionKick+1","DoubleSpark","OneTimeOff","ChargingUp+1","OneTimeOff","PowerUp","UltimateShortwave+1","ChargeUpSpray","OrrerysSun+1","MilkyWay","ChargeUpSpray","Master of Strategy+1","MilkyWay+1","ManaConvection+1","MilkyWay+1","MagicAbsorber","ChargeUpSpray","Master of Strategy+1"],"relics":["MiniHakkero","AT_ATBox","Centennial Puzzle","LetterFromLob","Iron Hammer","AT_TimeSand","Replay:Bottled Flurry","AT_GuinsooRageblade","Runic Dome","MagicBullet_r","LaetitiaHeart","AT_GoldPhoenixTree","Pen Nib","AT_PhaseBoots","Bronze Scales","Replay:Bronze Core","Replay:Bandana","Oddly Smooth Stone","Golden Egg","AT_ChloranthyRing","CatCart","AT_SunfireAegis","Eternal Feather"],"acts_visited":["Exordium","TheCity","TheBeyond","TheEnding"],"potions_floor_usage":[56,56,56],"damage_taken":[{"damage":6.0,"enemies":"Jaw Worm","floor":1.0,"turns":3.0},{"damage":0.0,"enemies":"Cultist","floor":3.0,"turns":3.0},{"damage":12.0,"enemies":"Small Slimes","floor":4.0,"turns":3.0},{"damage":8.0,"enemies":"3 Sentries","floor":6.0,"turns":4.0},{"damage":7.0,"enemies":"Lagavulin","floor":8.0,"turns":6.0},{"damage":1.0,"enemies":"Replay:BlueRogue","floor":11.0,"turns":4.0},{"damage":1.0,"enemies":"Exordium Wildlife","floor":12.0,"turns":3.0},{"damage":0.0,"enemies":"2 Fungi Beasts","floor":13.0,"turns":3.0},{"damage":5.0,"enemies":"Lots of Slimes","floor":14.0,"turns":2.0},{"damage":4.0,"enemies":"Fading Forest","floor":16.0,"turns":11.0},{"damage":0.0,"enemies":"2 Thieves","floor":20.0,"turns":3.0},{"damage":13.0,"enemies":"Replay:Snechameleon","floor":23.0,"turns":4.0},{"damage":12.0,"enemies":"Gremlin Leader","floor":25.0,"turns":3.0},{"damage":0.0,"enemies":"Replay:Snechameleon","floor":28.0,"turns":4.0},{"damage":0.0,"enemies":"3 Byrds","floor":29.0,"turns":3.0},{"damage":0.0,"enemies":"Snecko","floor":30.0,"turns":3.0},{"damage":22.0,"enemies":"Snake Plant","floor":31.0,"turns":3.0},{"damage":4.0,"enemies":"Pondfish","floor":33.0,"turns":6.0},{"damage":0.0,"enemies":"Orb Walker","floor":35.0,"turns":2.0},{"damage":0.0,"enemies":"3 Darklings","floor":37.0,"turns":3.0},{"damage":0.0,"enemies":"Giant Head","floor":41.0,"turns":3.0},{"damage":0.0,"enemies":"Jaw Worm Horde","floor":42.0,"turns":3.0},{"damage":0.0,"enemies":"Transient","floor":44.0,"turns":5.0},{"damage":22.0,"enemies":"Reptomancer","floor":45.0,"turns":3.0},{"damage":0.0,"enemies":"4 Shapes","floor":46.0,"turns":2.0},{"damage":0.0,"enemies":"Orin","floor":47.0,"turns":4.0},{"damage":0.0,"enemies":"3 Darklings","floor":48.0,"turns":3.0},{"damage":8.0,"enemies":"Awakened One","floor":50.0,"turns":5.0},{"damage":0.0,"enemies":"Shield and Spear","floor":55.0,"turns":3.0},{"damage":51,"enemies":"The Heart","floor":56,"turns":5}],"seed_played":"1240054077168929301","potions_obtained":[{"floor":4.0,"key":"Milkshake"},{"floor":6.0,"key":"Reflective Coating"},{"floor":11.0,"key":"Reflective Coating"},{"floor":13.0,"key":"SpeedPotion"},{"floor":14.0,"key":"Strength Potion"},{"floor":16.0,"key":"SteroidPotion"},{"floor":20.0,"key":"SkillPotion"},{"floor":25.0,"key":"SkillPotion"},{"floor":28.0,"key":"LiquidMemories"},{"floor":37.0,"key":"Block Potion"},{"floor":39.0,"key":"LifebloodPotion"},{"floor":46.0,"key":"ColorlessPotion"}],"is_trial":false,"path_per_floor":["M","?","M","M","$","E","R","E","T","R","E","M","M","M","R","B",null,"M","?","M","?","?","E","R","E","T","R","E","M","M","M","R","B",null,"M","$","M","?","?","R","E","M","T","M","E","M","?","M","R","B",null,null,"R","$","E","B",null],"character_chosen":"MARISA","items_purchased":["ChargeUpSpray","Master of Strategy","Replay:Bandana","Oddly Smooth Stone","AT_SunfireAegis","Master of Strategy"],"campfire_rested":1,"item_purchase_floors":[36,36,36,36,54,54],"current_hp_per_floor":[69,69,69,57,57,49,49,42,42,42,41,40,40,35,35,39,75,75,75,75,75,61,48,48,36,36,36,36,36,36,14,38,34,80,80,80,80,80,80,80,80,80,80,80,58,58,58,58,58,50,50,80,80,80,80,29],"gold":101,"neow_bonus":"RANDOM_COMMON_RELIC","is_daily":false,"chose_seed":false,"campfire_upgraded":6,"win_rate":0.0,"timestamp":1613791508,"path_taken":["M","?","M","M","?","E","R","E","T","R","E","M","M","M","R","BOSS","M","?","M","?","?","E","R","E","T","R","E","M","M","M","R","BOSS","M","$","M","?","?","R","E","?","T","M","E","M","?","M","R","BOSS","R","$","E","BOSS"],"items_purchased_type":["Card","Card","Relic","Relic","Relic","Card"],"build_version":"2020-12-22","purchased_purges":3,"victory":true,"max_hp_per_floor":[75,75,75,75,75,75,75,75,75,75,75,75,75,75,75,75,75,75,75,75,75,80,80,80,80,80,80,80,80,80,80,80,80,80,80,80,80,80,80,80,80,80,80,80,80,80,80,80,80,80,80,80,80,80,80,80],"card_choices":[{"not_picked":["WitchOfGreed","GravityBeat"],"picked":"DoubleSpark","floor":1.0},{"not_picked":["AsteroidBelt","AlicesGift"],"picked":"ChargingUp","floor":3.0},{"not_picked":["WitchOfGreed","LuminesStrike","MilkyWay"],"picked":"SKIP","floor":4.0},{"not_picked":["MagicChant","Acceleration","MachineGunSpark"],"picked":"SKIP","floor":6.0},{"not_picked":["AsteroidBelt","IllusionStar"],"picked":"OneTimeOff","floor":8.0},{"not_picked":["OneTimeOff","MachineGunSpark","NonDirectionalLaser"],"picked":"SKIP","floor":11.0},{"not_picked":["LuminesStrike","OortCloud","UnstableBomb"],"picked":"SKIP","floor":12.0},{"not_picked":["Acceleration","AlicesGift","GalacticHalo"],"picked":"SKIP","floor":13.0},{"not_picked":["SporeBomb","ShootingEcho"],"picked":"PowerUp","floor":14.0},{"not_picked":["JA","FinalSpark"],"picked":"UltimateShortwave","floor":16.0},{"not_picked":["LuminesStrike+1","MachineGunSpark","GravityBeat"],"picked":"SKIP","floor":20.0},{"not_picked":["WitchOfGreed","Robbery+1","NonDirectionalLaser"],"picked":"SKIP","floor":23.0},{"not_picked":["WitchLeyline","WitchOfGreed"],"picked":"ChargeUpSpray","floor":25.0},{"not_picked":["EarthLightRay","IllusionStar","StarlightTyphoon"],"picked":"SKIP","floor":28.0},{"not_picked":["RefractionSpark+1","LuminesStrike","DC"],"picked":"SKIP","floor":29.0},{"not_picked":["StarBarrage","WitchLeyline"],"picked":"OrrerysSun+1","floor":30.0},{"not_picked":["SprinkleStarSeal","StarlightTyphoon","JA"],"picked":"SKIP","floor":31.0},{"not_picked":["NonDirectionalLaser","ChargingUp+1"],"picked":"MilkyWay","floor":35.0},{"not_picked":["DragonMeteor","IllusionStar"],"picked":"MilkyWay+1","floor":37.0},{"not_picked":["MysteriousBeam+1","ShootingEcho+1"],"picked":"ManaConvection+1","floor":41.0},{"not_picked":["IllusionStar","GalacticHalo"],"picked":"MilkyWay+1","floor":42.0},{"not_picked":["RefractionSpark","GrandCross+1","IllusionStar"],"picked":"SKIP","floor":44.0},{"not_picked":["PowerUp+1","ManaRampage","LuminesStrike"],"picked":"SKIP","floor":45.0},{"not_picked":["AsteroidBelt+1","DarkSpark+1"],"picked":"MagicAbsorber","floor":46.0},{"not_picked":["OneTimeOff+1","GrandCross+1"],"picked":"ChargeUpSpray","floor":48.0},{"not_picked":["SporeBomb","Acceleration","MillisecondPulsars"],"picked":"SKIP","floor":55.0}],"player_experience":216572,"relics_obtained":[{"floor":1.0,"key":"LetterFromLob"},{"floor":6.0,"key":"Iron Hammer"},{"floor":8.0,"key":"AT_TimeSand"},{"floor":9.0,"key":"Replay:Bottled Flurry"},{"floor":11.0,"key":"AT_GuinsooRageblade"},{"floor":23.0,"key":"AT_GoldPhoenixTree"},{"floor":25.0,"key":"Pen Nib"},{"floor":26.0,"key":"AT_SpeedBoots"},{"floor":28.0,"key":"Bronze Scales"},{"floor":41.0,"key":"Golden Egg"},{"floor":45.0,"key":"AT_ChloranthyRing"},{"floor":47.0,"key":"CatCart"},{"floor":55.0,"key":"Eternal Feather"}],"event_choices":[{"damage_healed":0.0,"max_hp_gain":0.0,"max_hp_loss":0.0,"gold_gain":0.0,"cards_transformed":["Strike_MRS"],"event_name":"Transmorgrifier","player_choice":"Transformed","floor":2.0,"gold_loss":0.0,"damage_taken":0.0,"cards_obtained":["OneTimeOff"]},{"damage_healed":0.0,"max_hp_gain":0.0,"max_hp_loss":0.0,"gold_gain":0.0,"event_name":"Vampires","player_choice":"Ignored","floor":19.0,"gold_loss":0.0,"damage_taken":0.0},{"damage_healed":0.0,"max_hp_gain":0.0,"max_hp_loss":0.0,"gold_gain":99.0,"event_name":"Nest","player_choice":"Stole From Cult","floor":21.0,"gold_loss":0.0,"damage_taken":0.0},{"damage_healed":0.0,"max_hp_gain":5.0,"max_hp_loss":0.0,"gold_gain":0.0,"event_name":"Forgotten Altar","player_choice":"Shed Blood","floor":22.0,"gold_loss":0.0,"damage_taken":19.0},{"cards_removed":["MasterSpark"],"damage_healed":0.0,"max_hp_gain":0.0,"max_hp_loss":0.0,"gold_gain":0.0,"event_name":"Falling","player_choice":"Removed Attack","floor":38.0,"gold_loss":0.0,"damage_taken":0.0},{"damage_healed":0.0,"max_hp_gain":0.0,"max_hp_loss":0.0,"gold_gain":0.0,"event_name":"Lab","player_choice":"Got Potions","floor":39.0,"gold_loss":0.0,"damage_taken":0.0},{"damage_healed":0.0,"max_hp_gain":0.0,"max_hp_loss":0.0,"gold_gain":0.0,"event_name":"OrinTheCat","player_choice":"Fight","floor":47.0,"gold_loss":0.0,"damage_taken":0.0}],"is_beta":false,"boss_relics":[{"not_picked":["ExperimentalFamiliar","Fusion Hammer"],"picked":"Runic Dome"},{"not_picked":["ChewingGum","Replay:Drink Me"],"picked":"Replay:Bronze Core"}],"items_purged_floors":[5,36,54],"is_endless":false,"potions_floor_spawned":[4,6,11,13,14,16,20,25,28,30,37,42,46,47],"ascension_level":1}}