{"host":"88hg6ocvqrqxrx5h","time":1613811730,"event":{"mods":["2.2 Compatiblity","BaseMod","Bestiary","Block Reminder","Colored Map","DeckTracker","Highlight Path","Minty Spire (QoL Compilation)","Relic Stats","Unceasing Turn Reminder","slay the spire mod where everything is the same but ironclad has a cowboy hat"],"gold_per_floor":[109,122,122,0,0,0,33,33,33,49,60,60,80,91,91,193,193,205,224,224,249,126,160,160,160,160],"floor_reached":25,"language":"ENG","playtime":1229,"items_purged":["Strike_R"],"score":334,"play_id":"e164c81c-bf11-417d-affe-ba9e522131a2","local_time":"20210220010210","is_ascension_mode":true,"campfire_choices":[{"data":"True Grit","floor":6.0,"key":"SMITH"},{"floor":8.0,"key":"REST"},{"data":"Combust","floor":12.0,"key":"SMITH"},{"data":"Seeing Red","floor":15.0,"key":"SMITH"},{"data":"Armaments","floor":24,"key":"SMITH"}],"circlet_count":0,"master_deck":["Strike_R","Strike_R","Strike_R","Defend_R","Defend_R","Defend_R","Defend_R","Bash","True Grit+1","Headbutt","Combust+1","Armaments+1","Pommel Strike","Sword Boomerang","Shrug It Off","Seeing Red+1","Carnage","Demon Form","Battle Trance","Ghostly","Ghostly","Ghostly","Ghostly","Ghostly","Feed"],"relics":["Burning Blood","Omamori","Kunai","Nunchaku","Boot","Calling Bell","Lantern","InkBottle","Magic Flower","Red Mask","Bottled Tornado"],"acts_visited":["Exordium","TheCity"],"potions_floor_usage":[23,23],"damage_taken":[{"damage":5.0,"enemies":"Small Slimes","floor":1.0,"turns":4.0},{"damage":3.0,"enemies":"2 Louse","floor":2.0,"turns":2.0},{"damage":33.0,"enemies":"3 Sentries","floor":7.0,"turns":7.0},{"damage":4.0,"enemies":"Jaw Worm","floor":10.0,"turns":3.0},{"damage":5.0,"enemies":"Blue Slaver","floor":11.0,"turns":4.0},{"damage":8.0,"enemies":"Looter","floor":13.0,"turns":3.0},{"damage":10.0,"enemies":"Exordium Wildlife","floor":14.0,"turns":4.0},{"damage":12.0,"enemies":"The Guardian","floor":16.0,"turns":9.0},{"damage":16.0,"enemies":"Spheric Guardian","floor":18.0,"turns":4.0},{"damage":28.0,"enemies":"2 Thieves","floor":19.0,"turns":4.0},{"damage":35.0,"enemies":"Masked Bandits","floor":21.0,"turns":6.0},{"damage":42,"enemies":"Book of Stabbing","floor":23,"turns":7},{"damage":12,"enemies":"Slavers","floor":25,"turns":3}],"seed_played":"416301203195620110","potions_obtained":[{"floor":7.0,"key":"SkillPotion"},{"floor":10.0,"key":"Swift Potion"},{"floor":11.0,"key":"SneckoOil"},{"floor":13.0,"key":"PowerPotion"},{"floor":14.0,"key":"SpeedPotion"},{"floor":21.0,"key":"FairyPotion"}],"is_trial":false,"path_per_floor":["M","M","?","$","?","R","E","R","T","M","M","R","M","M","R","B",null,"M","M","?","?","$","E","R","E"],"character_chosen":"IRONCLAD","items_purchased":["Combust","Armaments","BloodPotion"],"campfire_rested":1,"item_purchase_floors":[4,4,22],"current_hp_per_floor":[73,76,69,69,57,57,30,54,54,56,57,57,55,51,51,45,71,64,45,40,14,14,12,12,0,0],"gold":160,"neow_bonus":"RANDOM_COMMON_RELIC","is_daily":false,"chose_seed":false,"campfire_upgraded":4,"win_rate":0.0,"timestamp":1613811730,"path_taken":["M","M","?","$","?","R","E","R","T","M","M","R","M","M","R","BOSS","M","M","?","?","$","E","R","E"],"items_purchased_type":["Card","Card","Potion"],"build_version":"2020-12-22","purchased_purges":1,"victory":false,"max_hp_per_floor":[80,80,80,80,80,80,80,80,80,80,80,80,80,80,80,80,80,80,80,40,40,40,40,40,40,40],"relic_stats":{"Nunchaku":[5],"counters":[13,60],"Magic Flower":[22],"Kunai":[6],"Boot":[36],"obtain_stats":[{"Calling Bell":17,"Nunchaku":7,"Lantern":17,"Magic Flower":17,"Omamori":0,"Red Mask":21,"Kunai":5,"Bottled Tornado":23,"Boot":9,"Burning Blood":0,"InkBottle":17},{"Calling Bell":8,"Nunchaku":3,"Lantern":8,"Magic Flower":8,"Omamori":0,"Red Mask":11,"Kunai":2,"Bottled Tornado":12,"Boot":3,"Burning Blood":0,"InkBottle":8},{"Calling Bell":36,"Nunchaku":13,"Lantern":36,"Magic Flower":36,"Omamori":0,"Red Mask":50,"Kunai":6,"Bottled Tornado":57,"Boot":13,"Burning Blood":0,"InkBottle":36}],"Burning Blood":84,"InkBottle":[5]},"card_choices":[{"not_picked":["Thunderclap","Sword Boomerang"],"picked":"True Grit","floor":1.0},{"not_picked":["Clothesline","Whirlwind"],"picked":"Headbutt","floor":2.0},{"not_picked":["Thunderclap","Heavy Blade"],"picked":"Pommel Strike","floor":7.0},{"not_picked":["Twin Strike","Anger"],"picked":"Sword Boomerang","floor":10.0},{"not_picked":["Flex","Feel No Pain"],"picked":"Shrug It Off","floor":11.0},{"not_picked":["Feel No Pain","Second Wind"],"picked":"Seeing Red","floor":13.0},{"not_picked":["Clothesline","Pommel Strike"],"picked":"Carnage","floor":14.0},{"not_picked":["Reaper","Barricade"],"picked":"Demon Form","floor":16.0},{"not_picked":["Bloodletting","Wild Strike+1"],"picked":"Battle Trance","floor":18.0},{"not_picked":["Carnage+1","Burning Pact","Feel No Pain+1"],"picked":"SKIP","floor":19.0},{"not_picked":["Feed","Warcry","Havoc"],"picked":"SKIP","floor":23},{"not_picked":["Warcry","Havoc"],"picked":"Feed","floor":23}],"player_experience":181381,"relics_obtained":[{"floor":7.0,"key":"Nunchaku"},{"floor":9.0,"key":"Boot"},{"floor":17.0,"key":"Lantern"},{"floor":17.0,"key":"InkBottle"},{"floor":17.0,"key":"Magic Flower"},{"floor":21.0,"key":"Red Mask"},{"floor":23,"key":"Bottled Tornado"}],"event_choices":[{"cards_removed":["Strike_R"],"damage_healed":0.0,"max_hp_gain":0.0,"max_hp_loss":0.0,"gold_gain":0.0,"event_name":"Golden Wing","player_choice":"Card Removal","floor":3.0,"gold_loss":0.0,"damage_taken":7.0},{"damage_healed":0.0,"max_hp_gain":0.0,"max_hp_loss":0.0,"gold_gain":0.0,"event_name":"Scrap Ooze","player_choice":"Success","floor":5.0,"gold_loss":0.0,"damage_taken":12.0,"relics_obtained":["Kunai"]},{"damage_healed":0.0,"max_hp_gain":0.0,"max_hp_loss":40.0,"gold_gain":0.0,"event_name":"Ghosts","player_choice":"Became a Ghost","floor":20.0,"gold_loss":0.0,"damage_taken":0.0,"cards_obtained":["Ghostly","Ghostly","Ghostly","Ghostly","Ghostly"]},{"damage_healed":0.0,"max_hp_gain":0.0,"max_hp_loss":0.0,"gold_gain":0.0,"event_name":"Masked Bandits","player_choice":"Fought Bandits","floor":21.0,"gold_loss":0.0,"damage_taken":0.0}],"is_beta":false,"boss_relics":[{"not_picked":["Pandora\u0027s Box","Coffee Dripper"],"picked":"Calling Bell"}],"items_purged_floors":[22],"is_endless":false,"potions_floor_spawned":[7,10,11,13,14,21],"killed_by":"Slavers","ascension_level":8}}