{"host":"wsjkkb37re1dhcjs","time":1613846994,"event":{"mods":["AchievementEnabler","BaseMod","Colored Map","Curses Come First","Googly Eyes","Minty Spire (QoL Compilation)","Permanent Neow","Relic Stats","StSLib"],"gold_per_floor":[19,19,37,51,226,257,257,301,325,325,360,378,218,118,118,246,246,265,265,280,305,52,90,103,137,164,164,114,155,155,191,191,316,316,329,349,364,383,103,103,126,126,150,150,190,190,190,59,59,59],"floor_reached":51,"language":"ENG","playtime":2569,"items_purged":["Doubt","Injury","Strike_G","Strike_G","Strike_G"],"score":921,"play_id":"a13bd667-83d7-4a8f-8fd4-4c8542257826","local_time":"20210220134954","is_ascension_mode":true,"campfire_choices":[{"data":"Bouncing Flask","floor":7.0,"key":"SMITH"},{"floor":10.0,"key":"REST"},{"floor":15,"key":"REST"},{"floor":27,"key":"REST"},{"data":"Calculated Gamble","floor":30,"key":"SMITH"},{"data":"Catalyst","floor":32,"key":"SMITH"},{"floor":40,"key":"REST"},{"data":"Secret Technique","floor":42,"key":"SMITH"},{"data":"Catalyst","floor":46,"key":"SMITH"},{"data":"Adrenaline","floor":49,"key":"SMITH"}],"circlet_count":0,"master_deck":["Strike_G","Defend_G","Defend_G","Defend_G","Defend_G","Defend_G","Survivor","Neutralize","Sadistic Nature","Bouncing Flask+1","Deadly Poison","Catalyst+1","Calculated Gamble+1","Noxious Fumes","Bandage Up","Adrenaline+1","Acrobatics","Sadistic Nature","Catalyst+1","Poisoned Stab+1","Terror","Secret Technique+1","Crippling Poison","Purity","Neutralize","Poisoned Stab","Distraction"],"relics":["Ring of the Snake","Golden Idol","Snake Skull","Lantern","Art of War","Matryoshka","Busted Crown","Regal Pillow","Centennial Puzzle","Bag of Preparation","Smiling Mask","Happy Flower","PreservedInsect","Omamori","Ancient Tea Set","SlaversCollar","Pen Nib","Orichalcum"],"acts_visited":["Exordium","TheCity","TheBeyond"],"potions_floor_usage":[16,16,25,29,31,33,37,50,50],"damage_taken":[{"damage":4.0,"enemies":"2 Louse","floor":1.0,"turns":3.0},{"damage":0.0,"enemies":"Jaw Worm","floor":3.0,"turns":6.0},{"damage":0.0,"enemies":"Cultist","floor":4.0,"turns":2.0},{"damage":22.0,"enemies":"Gremlin Nob","floor":6.0,"turns":5.0},{"damage":3.0,"enemies":"Lagavulin","floor":8.0,"turns":3.0},{"damage":16,"enemies":"3 Sentries","floor":11,"turns":7},{"damage":1,"enemies":"2 Fungi Beasts","floor":12,"turns":2},{"damage":9,"enemies":"Hexaghost","floor":16,"turns":5},{"damage":1,"enemies":"3 Byrds","floor":18,"turns":4},{"damage":3,"enemies":"Chosen","floor":20,"turns":2},{"damage":2,"enemies":"Book of Stabbing","floor":23,"turns":3},{"damage":4,"enemies":"Centurion and Healer","floor":24,"turns":3},{"damage":30,"enemies":"Gremlin Leader","floor":25,"turns":3},{"damage":7,"enemies":"Slavers","floor":29,"turns":2},{"damage":3,"enemies":"Gremlin Leader","floor":31,"turns":2},{"damage":12,"enemies":"Champ","floor":33,"turns":4},{"damage":7,"enemies":"Orb Walker","floor":35,"turns":2},{"damage":18,"enemies":"3 Darklings","floor":36,"turns":3},{"damage":22,"enemies":"Maw","floor":37,"turns":3},{"damage":5,"enemies":"Spire Growth","floor":38,"turns":2},{"damage":9,"enemies":"4 Shapes","floor":41,"turns":3},{"damage":0,"enemies":"Nemesis","floor":45,"turns":1},{"damage":11,"enemies":"Donu and Deca","floor":50,"turns":4}],"seed_played":"9193289665427385061","potions_obtained":[{"floor":6.0,"key":"DistilledChaos"},{"floor":8.0,"key":"Dexterity Potion"},{"floor":11,"key":"SpeedPotion"},{"floor":12,"key":"SteroidPotion"},{"floor":16,"key":"Ancient Potion"},{"floor":23,"key":"SkillPotion"},{"floor":25,"key":"Explosive Potion"},{"floor":29,"key":"Poison Potion"},{"floor":35,"key":"Ancient Potion"},{"floor":38,"key":"Explosive Potion"},{"floor":45,"key":"Energy Potion"}],"is_trial":false,"path_per_floor":["M","?","M","M","?","E","R","E","T","R","E","M","$","$","R","B",null,"M","?","M","T","$","E","M","E","T","R","$","E","R","E","R","B",null,"M","M","M","M","$","R","M","R","T","?","E","R","?","$","R","B",null],"character_chosen":"THE_SILENT","items_purchased":["Bandage Up","Sadistic Nature","Catalyst","Secret Technique","Crippling Poison","Poisoned Stab","Distraction"],"campfire_rested":4,"item_purchase_floors":[13,22,22,39,39,48,48],"current_hp_per_floor":[66,66,66,66,66,44,44,41,41,62,46,45,45,45,66,61,70,69,69,66,66,66,68,64,38,38,70,70,63,63,64,64,56,70,63,49,31,30,30,66,61,61,61,61,61,61,61,61,61,54],"gold":59,"neow_bonus":"RANDOM_COLORLESS_2","is_daily":false,"chose_seed":false,"campfire_upgraded":6,"win_rate":0.0,"timestamp":1613846994,"path_taken":["M","?","M","M","?","E","R","E","T","R","E","?","?","$","R","BOSS","M","?","M","?","$","E","M","E","T","R","$","E","R","E","R","BOSS","M","M","?","M","$","R","M","R","T","?","E","R","?","$","R","BOSS"],"items_purchased_type":["Card","Card","Card","Card","Card","Card","Card"],"build_version":"2020-12-22","purchased_purges":5,"victory":true,"max_hp_per_floor":[70,70,70,70,70,70,70,70,70,70,70,70,70,70,70,70,70,70,70,70,70,70,70,70,70,70,70,70,70,70,70,70,70,70,70,70,70,70,70,70,70,70,70,70,70,70,70,70,70,70],"relic_stats":{"Regal Pillow":26,"Happy Flower":[8],"counters":[23,74],"Golden Idol":176,"Snake Skull":[197],"PreservedInsect":132,"Pen Nib":[0],"Bag of Preparation":[24],"Orichalcum":[12],"Smiling Mask":300,"Centennial Puzzle":[36],"Busted Crown":28,"Art of War":[6],"obtain_stats":[{"Lantern":8,"Regal Pillow":21,"Happy Flower":26,"Golden Idol":2,"Snake Skull":6,"PreservedInsect":26,"Pen Nib":43,"Bag of Preparation":23,"Omamori":29,"Orichalcum":45,"Smiling Mask":25,"Ancient Tea Set":31,"SlaversCollar":34,"Centennial Puzzle":21,"Matryoshka":11,"Busted Crown":17,"Art of War":9,"Ring of the Snake":0},{"Lantern":5,"Regal Pillow":10,"Happy Flower":13,"Golden Idol":1,"Snake Skull":4,"PreservedInsect":13,"Pen Nib":21,"Bag of Preparation":11,"Omamori":14,"Orichalcum":22,"Smiling Mask":13,"Ancient Tea Set":15,"SlaversCollar":16,"Centennial Puzzle":10,"Matryoshka":6,"Busted Crown":8,"Art of War":5,"Ring of the Snake":0},{"Lantern":19,"Regal Pillow":39,"Happy Flower":48,"Golden Idol":3,"Snake Skull":16,"PreservedInsect":48,"Pen Nib":69,"Bag of Preparation":42,"Omamori":50,"Orichalcum":70,"Smiling Mask":48,"Ancient Tea Set":52,"SlaversCollar":56,"Centennial Puzzle":39,"Matryoshka":26,"Busted Crown":33,"Art of War":19,"Ring of the Snake":0}],"Ring of the Snake":[46]},"card_choices":[{"not_picked":["HandOfGreed","Master of Strategy"],"picked":"Sadistic Nature","floor":0.0},{"not_picked":["Eviscerate","Concentrate","PiercingWail"],"picked":"SKIP","floor":1.0},{"not_picked":["Calculated Gamble","Terror"],"picked":"Bouncing Flask","floor":3.0},{"not_picked":["Blade Dance","Masterful Stab"],"picked":"Deadly Poison","floor":4.0},{"not_picked":["Footwork","Endless Agony"],"picked":"Catalyst","floor":6.0},{"not_picked":["Bane","Outmaneuver"],"picked":"Calculated Gamble","floor":8.0},{"not_picked":["Doppelganger","Acrobatics","Underhanded Strike"],"picked":"SKIP","floor":11},{"not_picked":["Heel Hook","Expertise"],"picked":"Noxious Fumes","floor":12},{"not_picked":["Glass Knife","Unload"],"picked":"Adrenaline","floor":16},{"not_picked":["Quick Slash"],"picked":"SKIP","floor":18},{"not_picked":[],"picked":"Acrobatics","floor":20},{"not_picked":["Well Laid Plans"],"picked":"SKIP","floor":23},{"not_picked":[],"picked":"Poisoned Stab+1","floor":24},{"not_picked":["Setup"],"picked":"SKIP","floor":25},{"not_picked":["Infinite Blades"],"picked":"SKIP","floor":29},{"not_picked":["Blade Dance"],"picked":"SKIP","floor":31},{"not_picked":["Cloak And Dagger"],"picked":"SKIP","floor":35},{"not_picked":["Masterful Stab"],"picked":"SKIP","floor":36},{"not_picked":["Concentrate+1"],"picked":"SKIP","floor":37},{"not_picked":[],"picked":"Terror","floor":38},{"not_picked":["Setup"],"picked":"SKIP","floor":41},{"not_picked":["Dodge and Roll"],"picked":"SKIP","floor":45}],"player_experience":850873,"relics_obtained":[{"floor":6.0,"key":"Snake Skull"},{"floor":8.0,"key":"Lantern"},{"floor":9.0,"key":"Art of War"},{"floor":11,"key":"Matryoshka"},{"floor":21,"key":"Regal Pillow"},{"floor":21,"key":"Centennial Puzzle"},{"floor":23,"key":"Bag of Preparation"},{"floor":25,"key":"Smiling Mask"},{"floor":26,"key":"Happy Flower"},{"floor":26,"key":"PreservedInsect"},{"floor":29,"key":"Omamori"},{"floor":31,"key":"Ancient Tea Set"},{"floor":43,"key":"Pen Nib"},{"floor":45,"key":"Orichalcum"}],"event_choices":[{"damage_healed":0.0,"max_hp_gain":0.0,"max_hp_loss":0.0,"gold_gain":0.0,"event_name":"Golden Idol","player_choice":"Take Wound","floor":2.0,"gold_loss":0.0,"damage_taken":0.0,"relics_obtained":["Golden Idol"],"cards_obtained":["Injury"]},{"damage_healed":0.0,"max_hp_gain":0.0,"max_hp_loss":0.0,"gold_gain":175.0,"event_name":"Liars Game","player_choice":"AGREE","floor":5.0,"gold_loss":0.0,"damage_taken":0.0,"cards_obtained":["Doubt"]},{"damage_healed":0,"gold_gain":0,"player_choice":"Ignored","damage_taken":0,"max_hp_gain":0,"max_hp_loss":0,"event_name":"The Mausoleum","floor":19,"gold_loss":0},{"cards_removed":["Strike_G"],"damage_healed":0,"gold_gain":0,"player_choice":"Removed Attack","damage_taken":0,"max_hp_gain":0,"max_hp_loss":0,"event_name":"Falling","floor":44,"gold_loss":0},{"damage_healed":0,"gold_gain":0,"player_choice":"2 cards matched","damage_taken":0,"max_hp_gain":0,"max_hp_loss":0,"event_name":"Match and Keep!","floor":47,"gold_loss":0,"cards_obtained":["Purity","Neutralize"]}],"is_beta":false,"boss_relics":[{"not_picked":["Snecko Eye","Empty Cage"],"picked":"Busted Crown"},{"not_picked":["WristBlade","Sozu"],"picked":"SlaversCollar"}],"items_purged_floors":[13,14,28,39,48],"is_endless":false,"potions_floor_spawned":[6,8,11,12,16,23,25,29,35,38,45],"ascension_level":2}}