{"host":"4ds1zdmwd19pifst","time":1613852786,"event":{"mods":["BaseMod","Downfall","Highlight Path","Minty Spire (QoL Compilation)","Replay The Spire","StSLib"],"gold_per_floor":[99,99,113,113,113,113,113,113,162,33,64,84,84,98,98,202,202,215,215,215],"floor_reached":19,"language":"ENG","playtime":270,"items_purged":["Heatsinks"],"score":248,"play_id":"bcc22557-3843-4167-93cb-6bae33743218","local_time":"20210220122626","is_ascension_mode":true,"campfire_choices":[{"data":"Darkness","floor":15,"key":"SMITH"}],"circlet_count":0,"master_deck":["Strike_B","Strike_B","Strike_B","Strike_B","Defend_B","Defend_B","Defend_B","Defend_B","Doom and Gloom","Vigilance","Eruption","Double Energy+1","Darkness+1","ReplayGash","Self Repair","All For One","Heatsinks"],"relics":["Cracked Core","replay:Trail_Library","NeowsBlessing","NeowsBlessing","NeowsBlessing","Nunchaku","Boot","Odd Mushroom","NeowsBlessing","expansioncontent:StudyCardRelic"],"acts_visited":["Exordium","TheCity"],"potions_floor_usage":[],"damage_taken":[{"damage":0,"enemies":"Jaw Worm","floor":3,"turns":1},{"damage":0,"enemies":"Lagavulin","floor":11,"turns":1},{"damage":0,"enemies":"The Mushroom Lair","floor":12,"turns":1},{"damage":0,"enemies":"2 Louse","floor":14,"turns":1},{"damage":0,"enemies":"Slime Boss","floor":16,"turns":1},{"damage":11,"enemies":"Spheric Guardian","floor":18,"turns":3}],"seed_played":"-5363415948171917194","potions_obtained":[{"floor":11,"key":"SpeedPotion"}],"is_trial":true,"path_per_floor":["WH","WH","M","WH","WH","WH","WH","?","T","$","E","?","WH","M","R","B",null,"M","WH"],"character_chosen":"DEFECT","items_purchased":["Double Energy+1"],"campfire_rested":0,"item_purchase_floors":[10],"current_hp_per_floor":[75,75,75,75,75,82,90,90,90,90,90,90,90,90,90,90,90,79,79,79],"gold":215,"neow_bonus":"THREE_ENEMY_KILL","is_daily":false,"chose_seed":false,"campfire_upgraded":1,"win_rate":0.0,"timestamp":1613852786,"path_taken":["WH","WH","M","WH","WH","WH","WH","?","T","$","E","?","WH","M","R","BOSS","M","WH"],"items_purchased_type":["Card"],"build_version":"2020-12-22","purchased_purges":1,"victory":false,"max_hp_per_floor":[75,75,75,75,75,82,90,90,90,90,90,90,90,90,90,90,90,90,90,90],"card_choices":[{"not_picked":["Turbo","Beam Cell"],"picked":"Doom and Gloom","floor":3},{"not_picked":["ReplayTheSpireMod:System Scan","Steam"],"picked":"Darkness","floor":11},{"not_picked":["Rebound","Stack"],"picked":"ReplayGash","floor":12},{"not_picked":["Stack","Rebound"],"picked":"Self Repair","floor":14},{"not_picked":["Mirror Shield","ReplayRNGCard"],"picked":"All For One","floor":16},{"not_picked":["Beam Cell+1","Auto Shields+1"],"picked":"Heatsinks","floor":18}],"player_experience":85027,"relics_obtained":[{"floor":9,"key":"Nunchaku"},{"floor":11,"key":"Boot"},{"floor":12,"key":"Odd Mushroom"}],"event_choices":[{"damage_healed":0,"gold_gain":0,"player_choice":"Fought Mushrooms","damage_taken":0,"max_hp_gain":0,"max_hp_loss":0,"event_name":"Mushrooms","floor":12,"gold_loss":0}],"is_beta":false,"boss_relics":[{"not_picked":["Calling Bell","Runic Dome"],"picked":"expansioncontent:StudyCardRelic"}],"items_purged_floors":[10],"is_endless":false,"potions_floor_spawned":[11],"ascension_level":4}}