{"host":"d73an99q9oevilk5","time":1613810098,"event":{"mods":["2.2 Compatiblity","AchievementEnabler","Act Like it!","Aspiration","BaseMod","Beaked The Cultist","Better Third Choice","BetterRewards","Colored Map","Colored Powertips","Conspire","Downfall","GifTheSpireLib","Halation","Hubris","Infinite Spire","Marisa????????","Mimic Mod","Minty Spire (QoL Compilation)","MostiFishMod","Quick Restart","Relic Sorter","Reliquary","Replay The Spire","Shop Mod","Spikes Relics","StSLib","Stuff the Spire","The Cursed","The Jungle","The Necromancer","The Saiyan","Waifu the Spire","egg","slay the spire mod where everything is the same but ironclad has a cowboy hat"],"gold_per_floor":[110,128,128,83,83,111,124,156,189,189,209,226,226,226,226,330,330,344,163,180,199,199,199,234,252,290,303,322,322,352,370,370,474,474,492,492,452,470,470,490,500,500,538,538,569,501,501,521,521,521],"floor_reached":51,"language":"ENG","playtime":1519,"items_purged":[],"score":1128,"play_id":"d1e5d04b-730c-4c35-a6d5-faaf3f217b05","local_time":"20210220013458","is_ascension_mode":false,"campfire_choices":[{"data":"Armaments","floor":15,"key":"SMITH"},{"data":"Inflame","floor":23,"key":"SMITH"},{"floor":32,"key":"DIG"},{"floor":42,"key":"DIG"},{"floor":47,"key":"DIG"},{"floor":49,"key":"DIG"}],"circlet_count":0,"master_deck":["Strike_R+1","Strike_R+1","Strike_R+1","Strike_R+1","Strike_R+1","Defend_R+1","Defend_R+1","Defend_R+1","Defend_R+1","Bash+1","Inflame+1","Blood for Blood+1","Limit Break+1","Heavy Blade+1","Cleave+1","MostiFishMod:#F4004+1","Sword Boomerang+1","Thunderclap+1","Armaments+1","Heavy Blade+1","MostiFishMod:DarkDeal+1","Sword Boomerang+1","Disarm+1","Inflame+1","Hemokinesis+1","Flex+1","Inflame+1","Disarm+1","Thunderclap+1","Twin Strike+1","Immolate+1","Hemokinesis","Bloodletting+1","infinitespire:Execution+1","BarbarianYell+1"],"relics":["Burning Blood","hubris:Potato","DaveBox","DSteel32","aspiration:SeaSaltIceCream","aspiration:Nostalgia","beaked:MendingPlumage","SynthV:TestCard","StuffTheSpire:RedRose","reliquary:Stiletto","hubris:ChampionShield","aspiration:StickyExplosives","Spirit Poop","GreenFoldingFan","hubris:EmptyBottle","Shovel","theJungle:BirthdayCakeSlice","Toy Ornithopter","reliquary:RedPaperclip","SacredBark","Replay:Bottled Flurry","hubris:BundleOfHerbs","ReplayFunnel","conspire:TopHat","infinitespire:EmpoweringShard","StuffTheSpire:BottledHeartBeat","Mirror"],"acts_visited":["Exordium","Exordium","TheBeyond"],"potions_floor_usage":[16,16,21,50,50,50,50,50],"damage_taken":[{"damage":4,"enemies":"Small Slimes","floor":1,"turns":4},{"damage":11,"enemies":"Jaw Worm","floor":2,"turns":3},{"damage":28,"enemies":"3 Sentries","floor":6,"turns":7},{"damage":7,"enemies":"2 Louse","floor":7,"turns":2},{"damage":10,"enemies":"Replay:BlueRogue","floor":8,"turns":4},{"damage":13,"enemies":"Looter","floor":9,"turns":6},{"damage":10,"enemies":"Looter","floor":11,"turns":2},{"damage":15,"enemies":"Lots of Slimes","floor":12,"turns":3},{"damage":6,"enemies":"Fading Forest","floor":16,"turns":11},{"damage":7,"enemies":"theJungle:MUSHROOMGANG","floor":18,"turns":2},{"damage":8,"enemies":"theJungle:GiantWrat","floor":20,"turns":3},{"damage":14,"enemies":"theJungle:JungleHuntersEncounter","floor":21,"turns":3},{"damage":0,"enemies":"theJungle:MamaSnecko","floor":24,"turns":3},{"damage":9,"enemies":"Snake Plant","floor":25,"turns":3},{"damage":3,"enemies":"theJungle:Lyon","floor":26,"turns":4},{"damage":2,"enemies":"theJungle:Lyon","floor":27,"turns":3},{"damage":7,"enemies":"theJungle:2_Snecko_Cultists","floor":28,"turns":3},{"damage":9,"enemies":"theJungle:Cassacara","floor":30,"turns":3},{"damage":13,"enemies":"Snake Plant","floor":31,"turns":2},{"damage":21,"enemies":"theJungle:FunGuy","floor":33,"turns":6},{"damage":5,"enemies":"3 Darklings","floor":35,"turns":2},{"damage":2,"enemies":"Orb Walker","floor":38,"turns":2},{"damage":19,"enemies":"Spire Growth","floor":40,"turns":3},{"damage":1,"enemies":"3 Darklings","floor":41,"turns":2},{"damage":12,"enemies":"Jaw Worm Horde","floor":43,"turns":5},{"damage":36,"enemies":"Reptomancer","floor":45,"turns":3},{"damage":6,"enemies":"Jaw Worm Horde","floor":48,"turns":3},{"damage":0,"enemies":"Time Eater","floor":50,"turns":4}],"seed_played":"324441248067987626","potions_obtained":[{"floor":1,"key":"DuplicationPotion"},{"floor":2,"key":"champ:CounterPotion"},{"floor":8,"key":"Energy Potion"},{"floor":18,"key":"ColorlessPotion"},{"floor":24,"key":"Venom Potion"},{"floor":27,"key":"CultistPotion"},{"floor":31,"key":"Adrenaline Potion"},{"floor":35,"key":"LifebloodPotion"}],"is_trial":false,"path_per_floor":["M","M","?","$","?","E","M","E","MIM","?","M","M","$","?","R","B",null,"M","$","M","M","?","R","E","M","MIM","M","M","?","E","M","R_BF","B",null,"M","?","?","M","AVR","M","M","R","MIM","?","E","?","R","M","R","B",null],"character_chosen":"IRONCLAD","items_purchased":["Inflame","aspiration:SeaSaltIceCream","Blood for Blood","Limit Break","Heavy Blade","hubris:EmptyBottle","Disarm"],"campfire_rested":0,"item_purchase_floors":[0,0,0,0,4,19,19],"current_hp_per_floor":[80,80,80,80,80,68,72,77,79,79,78,74,74,66,66,80,80,80,80,80,80,80,80,80,80,80,80,80,85,85,85,85,85,85,85,85,85,85,85,83,85,85,85,65,55,55,55,74,74,85],"gold":521,"neow_bonus":"","is_daily":false,"chose_seed":false,"campfire_upgraded":2,"win_rate":0.0,"timestamp":1613810098,"path_taken":["M","M","?","$","?","E","M","E","MIM","?","?","M","?","?","R","BOSS","M","$","M","?","?","R","E","?","MIM","?","M","?","E","M","R_BF","BOSS","M","?","?","M","AVR","?","M","R","MIM","?","E","?","R","M","R","BOSS"],"items_purchased_type":["Card","Relic","Card","Card","Card","Relic","Card"],"build_version":"2020-12-22","purchased_purges":0,"victory":true,"max_hp_per_floor":[80,80,80,80,80,80,80,80,80,80,80,80,80,80,80,80,80,80,80,80,80,80,80,80,80,80,80,80,85,85,85,85,85,85,85,85,85,85,85,85,85,85,85,85,85,85,85,85,85,85],"card_choices":[{"not_picked":["StuffTheSpire:Slingshot","Headbutt","Replay:Undeath\u0027s Touch"],"picked":"SKIP","floor":1},{"not_picked":["Clothesline","StuffTheSpire:Incineration","hubris:ReadiedAction","Second Wind","StuffTheSpire:Slingshot"],"picked":"SKIP","floor":2},{"not_picked":["Clash","Fire Breathing","Sword Boomerang","Body Slam"],"picked":"Cleave","floor":6},{"not_picked":["Warcry","Thunderclap","Eclipse","Clash"],"picked":"MostiFishMod:#F4004","floor":7},{"not_picked":["MostiFishMod:RacingGame","Evolve","ReplayReversal","Body Slam"],"picked":"Sword Boomerang","floor":8},{"not_picked":["Spot Weakness","hubris:ReadiedAction","Warcry","StuffTheSpire:Incineration"],"picked":"Thunderclap","floor":9},{"not_picked":["Metallicize","Iron Wave","Rupture","Hemogenesis"],"picked":"Armaments","floor":11},{"not_picked":["Metallicize","True Grit","Armaments","StuffTheSpire:Slingshot"],"picked":"Heavy Blade","floor":12},{"not_picked":["Hemogenesis","Immolate","StuffTheSpire:TitanForm","MostiFishMod:FlyOverUtopia"],"picked":"MostiFishMod:DarkDeal","floor":16},{"not_picked":["Body Slam+1","Replay:Undeath\u0027s Touch+1","StuffTheSpire:Resist","Clash"],"picked":"Sword Boomerang","floor":18},{"not_picked":["Sentinel","Armaments","Intimidate","Iron Wave"],"picked":"Inflame","floor":20},{"not_picked":["Disarm","Carnage+1","Iron Wave","Metallicize"],"picked":"Hemokinesis","floor":21},{"not_picked":["ReplayTheSpireMod:Limb From Limb+1","infinitespire:OneForAll","StuffTheSpire:Pyroclast+1","Corruption"],"picked":"Flex+1","floor":24},{"not_picked":["Spot Weakness","Perfected Strike+1","Body Slam+1","Rupture+1","Burning Pact"],"picked":"SKIP","floor":25},{"not_picked":["Wild Strike","Twin Strike","Sentinel","Body Slam"],"picked":"Inflame","floor":26},{"not_picked":["Blood for Blood+1","Anger","Infernal Blade+1","Armaments"],"picked":"Disarm+1","floor":27},{"not_picked":["Twin Strike","ReplayReversal","Run Through","Spot Weakness+1"],"picked":"Thunderclap","floor":28},{"not_picked":["Life Link","Iron Wave","Anger","Run Through"],"picked":"Twin Strike","floor":30},{"not_picked":["MostiFishMod:ChineseTea","ReplayTheSpireMod:Stacked+1","Absolvement+1","Iron Wave","StuffTheSpire:Pyroclast+1"],"picked":"SKIP","floor":31},{"not_picked":["Corruption","Feed","Eclipse","MostiFishMod:KnuckleDown"],"picked":"Immolate","floor":33},{"not_picked":["Sever Soul+1","Perfected Strike","Clash","infinitespire:OneForAll+1","Pommel Strike"],"picked":"SKIP","floor":35},{"not_picked":["Sever Soul+1","Perfected Strike","Clash","infinitespire:OneForAll+1","Pommel Strike"],"picked":"SKIP","floor":35},{"not_picked":["Wild Strike","Uppercut+1","Perfected Strike","Pommel Strike"],"picked":"Hemokinesis","floor":38},{"not_picked":["Havoc","Dark Embrace","True Grit+1","StuffTheSpire:Pyroclast+1","StuffTheSpire:Incineration"],"picked":"SKIP","floor":40},{"not_picked":["ReplayTheSpireMod:Limb From Limb","Metallicize+1","hubris:ReadiedAction","ReplayTheSpireMod:Strike From Hell+1","StuffTheSpire:RockThrow"],"picked":"SKIP","floor":41},{"not_picked":["Pommel Strike","Battle Trance","MostiFishMod:RacingGame","Flex"],"picked":"Bloodletting","floor":43},{"not_picked":["hubris:Rewind","infinitespire:Fortify"],"picked":"infinitespire:Execution","floor":44},{"not_picked":["Armaments","Reckless Charge","Clothesline","Thunderclap+1"],"picked":"BarbarianYell+1","floor":45},{"not_picked":["Thunderclap","Blood for Blood+1","Abandon","ReplayReversal","Iron Wave"],"picked":"SKIP","floor":48}],"player_experience":1948846,"relics_obtained":[{"floor":1,"key":"SynthV:TestCard"},{"floor":3,"key":"Bronze Scales"},{"floor":6,"key":"reliquary:Stiletto"},{"floor":8,"key":"hubris:ChampionShield"},{"floor":9,"key":"aspiration:StickyExplosives"},{"floor":26,"key":"Shovel"},{"floor":30,"key":"Toy Ornithopter"},{"floor":32,"key":"reliquary:PrincelyHelmet"},{"floor":42,"key":"hubris:BundleOfHerbs"},{"floor":43,"key":"ReplayFunnel"},{"floor":45,"key":"conspire:TopHat"},{"floor":47,"key":"StuffTheSpire:BottledHeartBeat"},{"floor":49,"key":"Mirror"}],"event_choices":[{"cards_removed":["Regret"],"damage_healed":0,"gold_gain":0,"player_choice":"Offered Curse","damage_taken":0,"relics_obtained":["Spirit Poop"],"max_hp_gain":0,"max_hp_loss":0,"event_name":"Bonfire Elementals","floor":10,"gold_loss":0},{"damage_healed":0,"gold_gain":0,"player_choice":"Damaged","damage_taken":8,"max_hp_gain":0,"max_hp_loss":0,"event_name":"Wheel of Change","floor":14,"gold_loss":0},{"damage_healed":0,"gold_gain":0,"player_choice":"Ignored","damage_taken":0,"max_hp_gain":0,"max_hp_loss":0,"event_name":"Transmorgrifier","floor":22,"gold_loss":0},{"damage_healed":0,"gold_gain":0,"player_choice":"Upgrade","damage_taken":0,"max_hp_gain":0,"max_hp_loss":0,"event_name":"Designer","floor":37,"gold_loss":40,"cards_upgraded":["Inflame"]},{"damage_healed":0,"gold_gain":0,"player_choice":"Paid Gold","damage_taken":0,"relics_obtained":["infinitespire:EmpoweringShard"],"max_hp_gain":0,"max_hp_loss":0,"event_name":"WeMeetAgain","floor":46,"gold_loss":68}],"is_beta":false,"boss_relics":[{"not_picked":["Astrolabe","xbg"],"picked":"GreenFoldingFan"},{"not_picked":["GuanYuAspect","ReplayTheSpireMod:DimensionalGlitch"],"picked":"reliquary:RedPaperclip"}],"items_purged_floors":[],"is_endless":false,"potions_floor_spawned":[1,2,8,11,18,24,27,28,30,31,33,35,41,45],"ascension_level":0}}