{"host":"o3n4et6u1y1w2h5j","time":1613839978,"event":{"mods":["AchievementEnabler","BaseMod","Block Reminder","Minty Spire (QoL Compilation)","Rare Cards Sparkle","Relic Stats","StSLib"],"gold_per_floor":[119,119,21,41,57,57,89,89,89,89,89],"floor_reached":10,"language":"ENG","playtime":433,"items_purged":["Strike_P"],"score":73,"play_id":"ecd82dae-eca5-42f7-b409-ff59c4ba35f1","local_time":"20210220085258","is_ascension_mode":true,"campfire_choices":[],"circlet_count":0,"master_deck":["Strike_P","Strike_P","Defend_P","Defend_P","Defend_P","Defend_P","Eruption","Vigilance","EmptyFist","EmptyBody","FlurryOfBlows","TalkToTheHand","Prostrate"],"relics":["PureWater","NeowsBlessing","Singing Bowl","Art of War"],"acts_visited":["Exordium"],"potions_floor_usage":[],"damage_taken":[{"damage":0,"enemies":"2 Louse","floor":1,"turns":1},{"damage":0,"enemies":"Cultist","floor":4,"turns":1},{"damage":0,"enemies":"Small Slimes","floor":5,"turns":1},{"damage":33,"enemies":"Gremlin Nob","floor":7,"turns":5},{"damage":52,"enemies":"3 Sentries","floor":10,"turns":10}],"seed_played":"7586812285295002591","potions_obtained":[{"floor":5,"key":"SteroidPotion"}],"is_trial":false,"path_per_floor":["M","?","$","M","M","$","E","?","T","E"],"character_chosen":"WATCHER","items_purchased":["EmptyBody"],"campfire_rested":0,"item_purchase_floors":[3],"current_hp_per_floor":[72,72,72,72,72,72,41,41,41,0,0],"gold":89,"neow_bonus":"THREE_ENEMY_KILL","is_daily":false,"chose_seed":false,"campfire_upgraded":0,"win_rate":0.0,"timestamp":1613839978,"path_taken":["M","?","$","?","M","$","E","?","T","E"],"items_purchased_type":["Card"],"build_version":"2020-12-22","purchased_purges":1,"victory":false,"max_hp_per_floor":[72,72,72,72,72,72,74,74,74,74,74],"relic_stats":{"Singing Bowl":2,"counters":[5,18],"Art of War":[2],"obtain_stats":[{"NeowsBlessing":0,"Singing Bowl":7,"Art of War":9,"PureWater":0},{"NeowsBlessing":0,"Singing Bowl":4,"Art of War":4,"PureWater":0},{"NeowsBlessing":0,"Singing Bowl":8,"Art of War":8,"PureWater":0}]},"card_choices":[{"not_picked":["Evaluate","Halt"],"picked":"EmptyFist","floor":1},{"not_picked":["ThirdEye","Protect"],"picked":"FlurryOfBlows","floor":4},{"not_picked":["PathToVictory","CarveReality"],"picked":"TalkToTheHand","floor":5},{"not_picked":["CrushJoints","Consecrate","Worship"],"picked":"Singing Bowl","floor":7}],"player_experience":93216,"relics_obtained":[{"floor":7,"key":"Singing Bowl"},{"floor":9,"key":"Art of War"}],"event_choices":[{"damage_healed":0,"gold_gain":0,"player_choice":"Bought 0 Potions","damage_taken":0,"max_hp_gain":0,"max_hp_loss":0,"event_name":"The Woman in Blue","floor":2,"gold_loss":0},{"damage_healed":0,"gold_gain":0,"cards_transformed":["Strike_P"],"player_choice":"Change","damage_taken":0,"max_hp_gain":0,"max_hp_loss":0,"event_name":"Living Wall","floor":8,"gold_loss":0,"cards_obtained":["Prostrate"]}],"is_beta":false,"boss_relics":[],"items_purged_floors":[3],"is_endless":false,"potions_floor_spawned":[5],"killed_by":"3 Sentries","ascension_level":2}}