{"host":"epmvf5u7so8a7bmi","time":1613824688,"event":{"mods":["BaseMod","Colored Map","Colored Powertips","Downfall","Minty Spire (QoL Compilation)","StSLib"],"gold_per_floor":[99,116,128,143,153,178,178,178,207,219,219,219,219,238,254,349,349,349,349,138,153,167,181,181,3,16,16,16,16,16,50,50,50,50],"floor_reached":32,"language":"ENG","playtime":1519,"items_purged":["Pain"],"score":347,"play_id":"f8a7d3d4-c77b-41a8-bc1c-72be69d04b90","local_time":"20210220123808","is_ascension_mode":false,"campfire_choices":[{"data":"champ:Taunt","floor":1,"key":"SMITH"},{"data":"champ:Backstep","floor":11,"key":"SMITH"},{"data":"champ:IronFortress","floor":13,"key":"SMITH"},{"data":"champ:Lariat","floor":18,"key":"SMITH"},{"floor":28,"key":"RECALL"},{"data":"champ:GladiatorForm","floor":30,"key":"SMITH"}],"circlet_count":0,"master_deck":["champ:Defend","champ:Defend","champ:Defend","champ:Defend","champ:Execute","champ:Taunt+1","champ:GutPunch","champ:Lariat+1","champ:StanceDance","champ:IronFortress+1","champ:PreciseThrust","champ:Backstep+1","Regret","champ:Endure","champ:Endure","champ:DancingMaster","champ:IronFortress","champ:TornadoPunch","champ:ShieldWall","champ:GutPunch+1","champ:BringItOn","champ:GladiatorForm+1","champ:Backstep+1","Bite","Bite","Bite","Bite","Bite"],"relics":["champ:ChampionCrown","Bottled Tornado","Singing Bowl","champ:LiftRelic","Letter Opener","Pantograph","Coffee Dripper","WarpedTongs","Bag of Marbles"],"acts_visited":["Exordium","TheCity"],"potions_floor_usage":[6,16,22,26,31,31,31],"damage_taken":[{"damage":13,"enemies":"Jaw Worm","floor":2,"turns":4},{"damage":10,"enemies":"2 Louse","floor":3,"turns":2},{"damage":39,"enemies":"Cultist","floor":4,"turns":4},{"damage":25,"enemies":"Exordium Wildlife","floor":5,"turns":4},{"damage":44,"enemies":"Gremlin Nob","floor":6,"turns":6},{"damage":33,"enemies":"Lagavulin","floor":9,"turns":7},{"damage":0,"enemies":"Blue Slaver","floor":10,"turns":3},{"damage":14,"enemies":"2 Fungi Beasts","floor":14,"turns":3},{"damage":10,"enemies":"downfall:LooterAlt","floor":15,"turns":3},{"damage":57,"enemies":"SI_SHIV_ARCHETYPE","floor":16,"turns":10},{"damage":12,"enemies":"downfall:FleeingMerchant","floor":20,"turns":4},{"damage":29,"enemies":"downfall:LooterAlt2","floor":21,"turns":3},{"damage":42,"enemies":"Spheric Guardian","floor":22,"turns":4},{"damage":27,"enemies":"Snake Plant","floor":23,"turns":4},{"damage":10,"enemies":"downfall:FleeingMerchant","floor":25,"turns":4},{"damage":38,"enemies":"Shelled Parasite and Fungi","floor":26,"turns":4},{"damage":27,"enemies":"Slavers","floor":31,"turns":8},{"damage":43,"enemies":"Sentry and Sphere","floor":32,"turns":3}],"seed_played":"4636559530824373199","potions_obtained":[{"floor":2,"key":"Block Potion"},{"floor":9,"key":"Fire Potion"},{"floor":10,"key":"ColorlessPotion"},{"floor":15,"key":"sneckomod:MuddlingPotion"},{"floor":22,"key":"EssenceOfSteel"},{"floor":23,"key":"Dexterity Potion"},{"floor":26,"key":"BlessingOfTheForge"}],"is_trial":false,"path_per_floor":["R","M","M","M","M","E","T","?","E","M","R","?","R","M","M","B",null,"R","?","$","M","M","M","T","$","M","?","R","?","R","E","M"],"character_chosen":"THE_CHAMP","items_purchased":["champ:TornadoPunch","champ:ShieldWall","champ:GladiatorForm"],"campfire_rested":0,"item_purchase_floors":[20,20,25],"current_hp_per_floor":[99,96,96,92,92,63,63,63,62,62,62,62,62,58,58,81,101,101,101,99,87,70,58,58,60,22,22,22,22,22,17,0,0,0],"gold":50,"neow_bonus":"TEN_PERCENT_HP_BONUS","is_daily":false,"chose_seed":false,"campfire_upgraded":5,"win_rate":0.0,"timestamp":1613824688,"path_taken":["R","M","M","M","M","E","T","?","E","M","R","?","R","M","M","BOSS","R","?","$","M","M","M","T","$","?","?","R","?","R","E","M"],"items_purchased_type":["Card","Card","Card"],"build_version":"2020-12-22","purchased_purges":1,"victory":false,"max_hp_per_floor":[99,99,99,99,99,99,99,99,101,101,101,101,101,101,101,101,101,101,101,101,103,103,103,103,105,105,105,105,73,73,75,75,75,75],"card_choices":[{"not_picked":["champ:BladeFlurry","champ:Haymaker"],"picked":"champ:GutPunch","floor":2},{"not_picked":["champ:FocusedDefense","champ:BerserkersShout"],"picked":"champ:Lariat","floor":3},{"not_picked":["champ:FanOfKnives","champ:Lariat"],"picked":"champ:StanceDance","floor":4},{"not_picked":["champ:AdrenalArmor","champ:BerserkersShout"],"picked":"champ:IronFortress","floor":5},{"not_picked":["champ:Lariat","champ:EndlessRage"],"picked":"champ:PreciseThrust","floor":6},{"not_picked":["champ:CrownThrow","champ:Lariat","champ:CrookedStrike"],"picked":"Singing Bowl","floor":9},{"not_picked":["champ:StanceDance","champ:BladeFlurry"],"picked":"champ:Backstep","floor":10},{"not_picked":["champ:AdrenalArmor","champ:BerserkersShout"],"picked":"champ:Endure","floor":14},{"not_picked":["champ:AdrenalArmor","champ:EnGarde"],"picked":"champ:Endure","floor":15},{"not_picked":["champ:MurderStrike","champ:LastStand"],"picked":"champ:DancingMaster","floor":16},{"not_picked":["champ:CrookedStrike","champ:SetATrap"],"picked":"champ:IronFortress","floor":20},{"not_picked":["champ:Circumvent+1","champ:CrownThrow","champ:BladeFlurry"],"picked":"Singing Bowl","floor":21},{"not_picked":["champ:CrownThrow","champ:EnGarde"],"picked":"champ:GutPunch+1","floor":22},{"not_picked":["champ:Backstep","champ:EnragedBash"],"picked":"champ:BringItOn","floor":23},{"not_picked":["champ:BringItOn","champ:GutPunch+1","champ:CrownThrow"],"picked":"Singing Bowl","floor":25},{"not_picked":["champ:GutPunch","champ:RisingSlash"],"picked":"champ:Backstep+1","floor":26},{"not_picked":["champ:RisingSlash","champ:BladeFlurry","champ:CrookedStrike+1"],"picked":"Singing Bowl","floor":31}],"player_experience":193396,"relics_obtained":[{"floor":6,"key":"Bottled Tornado"},{"floor":7,"key":"Singing Bowl"},{"floor":9,"key":"Letter Opener"},{"floor":31,"key":"Bag of Marbles"}],"event_choices":[{"damage_healed":0,"gold_gain":0,"player_choice":"Box","damage_taken":0,"relics_obtained":["Pantograph"],"max_hp_gain":0,"max_hp_loss":0,"event_name":"Big Fish","floor":12,"gold_loss":0,"cards_obtained":["Regret"]},{"damage_healed":0,"gold_gain":0,"player_choice":"Rummage","damage_taken":0,"relics_obtained":["WarpedTongs"],"max_hp_gain":0,"max_hp_loss":0,"event_name":"Accursed Blacksmith","floor":19,"gold_loss":0,"cards_obtained":["Pain"]},{"damage_healed":0,"gold_gain":0,"player_choice":"Became a vampire","damage_taken":0,"max_hp_gain":0,"max_hp_loss":32,"event_name":"Vampires","floor":29,"gold_loss":0,"cards_obtained":["Bite","Bite","Bite","Bite","Bite"]}],"is_beta":false,"boss_relics":[{"not_picked":["Fusion Hammer","Runic Dome"],"picked":"Coffee Dripper"}],"items_purged_floors":[20],"is_endless":false,"potions_floor_spawned":[2,9,10,15,22,23,26],"killed_by":"Sentry and Sphere","ascension_level":0}}