{"host":"t5vp0whyqzs05fb6","time":1613802518,"event":{"mods":["AchievementEnabler","BaseMod","Colored Map","Minty Spire (QoL Compilation)","Rare Cards Sparkle","SuperFastMode","everything is the same but u backflip on backflip"],"gold_per_floor":[111,121,141,141,161,177,206,223,223,223,223,236,294,312,312,312,312],"floor_reached":16,"language":"KOR","playtime":607,"items_purged":[],"score":106,"play_id":"8ae490a3-5b07-45b8-b5e0-6002a1fbd8f9","local_time":"20210220152838","is_ascension_mode":false,"campfire_choices":[{"floor":10.0,"key":"REST"},{"data":"Envenom","floor":15.0,"key":"SMITH"}],"circlet_count":0,"master_deck":["Strike_G","Strike_G","Strike_G","Strike_G","Strike_G","Defend_G","Defend_G","Defend_G","Defend_G","Defend_G","Survivor","Neutralize","Finesse","Deadly Poison","Blur","PiercingWail","Backflip","Caltrops+1","Acrobatics","Flying Knee+1","Envenom+1","Blade Dance"],"relics":["Ring of the Snake","Shuriken","Molten Egg 2","Singing Bowl"],"acts_visited":["Exordium"],"potions_floor_usage":[16],"damage_taken":[{"damage":4.0,"enemies":"Cultist","floor":1.0,"turns":4.0},{"damage":5.0,"enemies":"Small Slimes","floor":2.0,"turns":4.0},{"damage":0.0,"enemies":"2 Louse","floor":3.0,"turns":2.0},{"damage":4.0,"enemies":"Blue Slaver","floor":5.0,"turns":4.0},{"damage":19.0,"enemies":"Exordium Thugs","floor":6.0,"turns":6.0},{"damage":53.0,"enemies":"Lagavulin","floor":7.0,"turns":11.0},{"damage":0.0,"enemies":"3 Louse","floor":8.0,"turns":1.0},{"damage":5.0,"enemies":"2 Fungi Beasts","floor":12.0,"turns":4.0},{"damage":10.0,"enemies":"3 Sentries","floor":13.0,"turns":7.0},{"damage":4.0,"enemies":"Blue Slaver","floor":14.0,"turns":4.0},{"damage":40,"enemies":"Slime Boss","floor":16,"turns":7}],"seed_played":"-1856954843945758337","potions_obtained":[{"floor":2.0,"key":"Explosive Potion"},{"floor":6.0,"key":"FairyPotion"},{"floor":7.0,"key":"DuplicationPotion"},{"floor":12.0,"key":"AttackPotion"},{"floor":14.0,"key":"Ancient Potion"}],"is_trial":false,"path_per_floor":["M","M","M","?","M","M","E","M","T","R","?","M","?","M","R","B"],"character_chosen":"THE_SILENT","items_purchased":[],"campfire_rested":1,"item_purchase_floors":[],"current_hp_per_floor":[66,61,61,66,62,43,22,22,22,44,44,39,29,25,25,0,0],"gold":312,"neow_bonus":"RANDOM_COLORLESS","is_daily":false,"chose_seed":false,"campfire_upgraded":1,"win_rate":0.0,"timestamp":1613802518,"path_taken":["M","M","?","?","M","M","E","M","T","R","?","?","?","M","R","BOSS"],"items_purchased_type":[],"build_version":"2020-12-22","purchased_purges":0,"victory":false,"max_hp_per_floor":[70,70,70,75,75,75,75,75,75,75,75,75,75,75,75,75,75],"card_choices":[{"not_picked":["Purity","Deep Breath"],"picked":"Finesse","floor":0.0},{"not_picked":["Slice","Cloak And Dagger"],"picked":"Deadly Poison","floor":1.0},{"not_picked":["Acrobatics","Deadly Poison"],"picked":"Blur","floor":2.0},{"not_picked":["Blade Dance","Deadly Poison"],"picked":"PiercingWail","floor":3.0},{"not_picked":["Poisoned Stab","Concentrate","Finisher"],"picked":"SKIP","floor":5.0},{"not_picked":["Deflect","Calculated Gamble"],"picked":"Backflip","floor":6.0},{"not_picked":["Tools of the Trade","Reflex"],"picked":"Caltrops","floor":7.0},{"not_picked":["Choke","Slice"],"picked":"Acrobatics","floor":8.0},{"not_picked":["Outmaneuver","Dodge and Roll"],"picked":"Flying Knee+1","floor":12.0},{"not_picked":["Backflip","Footwork"],"picked":"Envenom","floor":13.0},{"not_picked":["Eviscerate+1","Dagger Spray+1"],"picked":"Blade Dance","floor":14.0}],"player_experience":238238,"relics_obtained":[{"floor":7.0,"key":"Shuriken"},{"floor":9.0,"key":"Molten Egg 2"}],"event_choices":[{"damage_healed":0.0,"max_hp_gain":5.0,"max_hp_loss":0.0,"gold_gain":0.0,"event_name":"Big Fish","player_choice":"Donut","floor":4.0,"gold_loss":0.0,"damage_taken":0.0},{"damage_healed":0.0,"max_hp_gain":0.0,"max_hp_loss":0.0,"gold_gain":0.0,"event_name":"Accursed Blacksmith","player_choice":"Forge","floor":11.0,"gold_loss":0.0,"damage_taken":0.0,"cards_upgraded":["Caltrops"]},{"damage_healed":0.0,"max_hp_gain":0.0,"max_hp_loss":0.0,"gold_gain":0.0,"event_name":"Dead Adventurer","player_choice":"Searched \u00272\u0027 times","floor":13.0,"gold_loss":0.0,"damage_taken":0.0,"relics_obtained":["Singing Bowl"]}],"is_beta":false,"boss_relics":[],"items_purged_floors":[],"is_endless":false,"potions_floor_spawned":[2,6,7,12,14],"killed_by":"Slime Boss","ascension_level":0}}