{"host":"5f8yr5jxnqok2jdo","time":1613836018,"event":{"mods":["AchievementEnabler","BaseMod","Better Altar","Better Match","Better Note","Better Skull","Better Third Choice","Block Reminder","Colored Map","Colored Powertips","DeckTracker","Displayed Cursed Tome","Filter the Spire","Googly Eyes","Highlight Path","Key Reminder","Minty Spire (QoL Compilation)","Quick Restart","Rare Cards Sparkle","Relic Sorter","Relic Stats","ShortenTheSpire","Smile Girya","Spire Arcade","Spire Birthday Party","StSLib","Steal the Spire","SuperFastMode","Uncapped","Unceasing Turn Reminder","UnlockEverythingMod","Weighted Paths","everything is the same but u backflip on backflip","slay the spire mod where everything is the same but ironclad has a cowboy hat"],"gold_per_floor":[111,111,111,124,49,49,384,384,452,481,481,494,20,20,20,98,98,98,98],"floor_reached":18,"language":"ENG","playtime":498,"items_purged":["Neutralize"],"score":332,"play_id":"94193131-8d14-4e81-85af-c50ff36939e5","local_time":"20210220164658","is_ascension_mode":true,"campfire_choices":[{"floor":6,"key":"REST"},{"floor":8,"key":"REST"},{"floor":11,"key":"REST"},{"data":"Sucker Punch","floor":15,"key":"SMITH"}],"circlet_count":0,"master_deck":["AscendersBane","Strike_G","Strike_G","Strike_G","Defend_G","Defend_G+1","Defend_G","Defend_G","Survivor+1","Underhanded Strike+1","Skewer","Unload","Sucker Punch+1","A Thousand Cuts","Deadly Poison+1","Accuracy+1","Bane+1"],"relics":["Snecko Eye","Old Coin","InkBottle","Tough Bandages","Membership Card","Ornamental Fan","The Specimen","Astrolabe"],"acts_visited":["Exordium","TheCity"],"potions_floor_usage":[],"damage_taken":[{"damage":16,"enemies":"Jaw Worm","floor":1,"turns":6},{"damage":1,"enemies":"Cultist","floor":4,"turns":3},{"damage":15,"enemies":"3 Sentries","floor":7,"turns":9},{"damage":25,"enemies":"Gremlin Nob","floor":10,"turns":4},{"damage":1,"enemies":"Small Slimes","floor":12,"turns":3},{"damage":30,"enemies":"Hexaghost","floor":16,"turns":12},{"damage":0,"enemies":"2 Thieves","floor":18,"turns":1}],"seed_played":"6198520923245878340","potions_obtained":[{"floor":10,"key":"AttackPotion"}],"is_trial":false,"path_per_floor":["M","?","?","M","$","R","E","R","T","E","R","M","$","?","R","B",null,"M"],"character_chosen":"THE_SILENT","items_purchased":["Membership Card","Ornamental Fan","The Specimen"],"campfire_rested":3,"item_purchase_floors":[13,13,13],"current_hp_per_floor":[43,23,23,22,22,41,26,45,45,20,39,38,38,39,39,9,52,52,52],"gold":98,"neow_bonus":"BOSS_RELIC","is_daily":false,"chose_seed":false,"campfire_upgraded":1,"win_rate":0.0,"timestamp":1613836018,"path_taken":["M","?","?","?","?","R","E","R","T","E","R","M","$","?","R","BOSS","M"],"items_purchased_type":["Relic","Relic","Relic"],"build_version":"2020-12-22","purchased_purges":1,"victory":false,"max_hp_per_floor":[66,66,66,66,66,66,66,66,66,66,66,66,66,66,66,66,66,66,66],"relic_stats":{"Tough Bandages":[60],"counters":[7,38],"Ornamental Fan":[16],"Astrolabe":["Deadly Poison","Accuracy","Bane"],"Snecko Eye":[61,56,47,56],"obtain_stats":[{"Tough Bandages":10,"The Specimen":13,"Ornamental Fan":13,"Astrolabe":17,"Snecko Eye":0,"Membership Card":13,"InkBottle":9,"Ring of the Snake":0,"Old Coin":7},{"Tough Bandages":4,"The Specimen":5,"Ornamental Fan":5,"Astrolabe":6,"Snecko Eye":0,"Membership Card":5,"InkBottle":3,"Ring of the Snake":0,"Old Coin":3},{"Tough Bandages":22,"The Specimen":25,"Ornamental Fan":25,"Astrolabe":37,"Snecko Eye":0,"Membership Card":25,"InkBottle":18,"Ring of the Snake":0,"Old Coin":18}],"InkBottle":[6]},"card_choices":[{"not_picked":["Dagger Throw","Dodge and Roll"],"picked":"Underhanded Strike","floor":1},{"not_picked":["Setup","Dagger Throw"],"picked":"Skewer","floor":4},{"not_picked":["Underhanded Strike","Outmaneuver","PiercingWail"],"picked":"SKIP","floor":7},{"not_picked":["Blur","Calculated Gamble"],"picked":"Unload","floor":10},{"not_picked":["Acrobatics","Prepared"],"picked":"Sucker Punch","floor":12},{"not_picked":["Tools of the Trade","Phantasmal Killer"],"picked":"A Thousand Cuts","floor":16}],"player_experience":374036,"relics_obtained":[{"floor":7,"key":"Old Coin"},{"floor":9,"key":"InkBottle"},{"floor":10,"key":"Tough Bandages"}],"event_choices":[{"damage_healed":43,"gold_gain":0,"player_choice":"Upgrade","damage_taken":20,"max_hp_gain":0,"max_hp_loss":66,"event_name":"betterThird:BetterShining","floor":2,"gold_loss":0,"cards_upgraded":["Defend_G","Underhanded Strike"]},{"damage_healed":0,"gold_gain":0,"player_choice":"Forge","damage_taken":0,"max_hp_gain":0,"max_hp_loss":0,"event_name":"Accursed Blacksmith","floor":3,"gold_loss":0,"cards_upgraded":["Survivor"]},{"damage_healed":1,"gold_gain":0,"player_choice":"LEAVE ","damage_taken":0,"relics_obtained":[],"max_hp_gain":0,"max_hp_loss":0,"event_name":"betterSkull:BetterSkull","floor":14,"gold_loss":0,"cards_upgraded":[]}],"is_beta":false,"boss_relics":[{"not_picked":["SacredBark","Pandora\u0027s Box"],"picked":"Astrolabe"}],"items_purged_floors":[5],"is_endless":false,"potions_floor_spawned":[10],"killed_by":"2 Thieves","ascension_level":20}}