{"host":"6ve8qn5s1am4lo6s","time":1613819057,"event":{"mods":["AchievementEnabler","Act Like it!","BaseMod","Better Altar","Better Match","Better Note","Better Vampires","BetterRewards","CapriCore","Displayed Cursed Tome","Evolution","Minty Spire (QoL Compilation)","Permanent Neow","Relic Stats","Shapeshifter Mod","StSLib"],"gold_per_floor":[119,119,142,68,89,123,123,164,233,233,233,274,317,340,340,460,460,473,291,291,214,214,253,297,328,353,353,353],"floor_reached":27,"language":"ENG","playtime":1614,"items_purged":[],"score":470,"play_id":"63865850-d0b4-4d3d-add8-34cda7db617f","local_time":"20210220060417","daily_mods":["Draft","Vintage","Heirloom","Time Dilation","Flight","DeadlyEvents","Elite Swarm"],"is_ascension_mode":false,"campfire_choices":[{"data":"Pummel","floor":7.0,"key":"SMITH"},{"data":"Combust","floor":10.0,"key":"SMITH"},{"data":"Rupture","floor":11.0,"key":"SMITH"},{"data":"Double Tap","floor":15.0,"key":"SMITH"}],"circlet_count":0,"master_deck":["Iron Wave","Dropkick","Iron Wave","Iron Wave","Rupture","Hemokinesis","Thunderclap","True Grit","Feel No Pain","Havoc","Metallicize","Iron Wave","Pummel+1","Rupture+1","Battle Trance","Combust+1","Reaper","Reaper","Brutality","Double Tap+1","Limit Break","Panache","Bloodletting","Sword Boomerang+1","Reaper+1","Brutality","Reaper+1"],"relics":["Burning Blood","Champion Belt","Gremlin Horn","Golden Idol","Potion Belt","Bottled Tornado","White Beast Statue","Centennial Puzzle","Molten Egg 2","Anchor","Nunchaku","Kunai","Runic Dome","Dream Catcher","Nilry\u0027s Codex","Blue Candle","Red Skull","Akabeko","Blood Vial"],"acts_visited":[],"potions_floor_usage":[],"damage_taken":[{"damage":2.0,"enemies":"Jaw Worm","floor":1.0,"turns":3.0},{"damage":2.0,"enemies":"Small Slimes","floor":3.0,"turns":3.0},{"damage":3.0,"enemies":"2 Louse","floor":5.0,"turns":3.0},{"damage":10.0,"enemies":"Gremlin Nob","floor":6.0,"turns":4.0},{"damage":5.0,"enemies":"Lagavulin","floor":8.0,"turns":4.0},{"damage":16.0,"enemies":"3 Sentries","floor":12.0,"turns":3.0},{"damage":6.0,"enemies":"Lagavulin","floor":13.0,"turns":3.0},{"damage":12.0,"enemies":"Blue Slaver","floor":14.0,"turns":3.0},{"damage":6.0,"enemies":"Slime Boss","floor":16.0,"turns":2.0},{"damage":4.0,"enemies":"Spheric Guardian","floor":18.0,"turns":2.0},{"damage":4.0,"enemies":"Gremlin Leader","floor":23.0,"turns":3.0},{"damage":16.0,"enemies":"Book of Stabbing","floor":24.0,"turns":3.0},{"damage":23.0,"enemies":"Gremlin Leader","floor":25.0,"turns":3.0}],"seed_played":"5503698945503547670","potions_obtained":[{"floor":1.0,"key":"SteroidPotion"},{"floor":5.0,"key":"AttackPotion"},{"floor":6.0,"key":"PowerPotion"},{"floor":8.0,"key":"Fire Potion"},{"floor":12.0,"key":"Fire Potion"},{"floor":16.0,"key":"Strength Potion"},{"floor":18.0,"key":"Explosive Potion"},{"floor":23.0,"key":"AttackPotion"}],"is_trial":true,"path_per_floor":["M","?","M","$","M","E","R","E","T","R","R","E","E","M","R","B",null,"M","$","?","$","?","E","E","E","T","R"],"character_chosen":"IRONCLAD","items_purchased":["Combust","Panache","Bloodletting"],"campfire_rested":0,"item_purchase_floors":[4,19,21],"current_hp_per_floor":[80,60,64,64,67,63,63,64,64,64,64,80,80,74,74,74,80,80,80,64,64,64,80,70,66,66,66,66],"gold":353,"neow_bonus":"","is_daily":false,"chose_seed":false,"campfire_upgraded":4,"win_rate":0.0,"timestamp":1613819057,"path_taken":["M","?","M","$","M","E","R","E","T","R","R","E","E","M","R","BOSS","M","$","?","$","?","E","E","E","T","R"],"items_purchased_type":["Card","Card","Card"],"build_version":"2020-12-22","purchased_purges":0,"victory":false,"max_hp_per_floor":[80,80,80,80,80,80,80,80,80,80,80,80,80,80,80,80,80,80,80,80,80,80,80,80,80,80,80,80],"relic_stats":{"Blood Vial":0,"Centennial Puzzle":[0],"Nunchaku":[0],"Dream Catcher":0,"Gremlin Horn":[0,0],"counters":[0,0],"Golden Idol":0,"Blue Candle":[0],"Champion Belt":[0],"Kunai":[0],"obtain_stats":[{"Potion Belt":0,"Gremlin Horn":0,"Golden Idol":0,"Nilry\u0027s Codex":0,"Blue Candle":0,"Bottled Tornado":0,"Burning Blood":0,"White Beast Statue":0,"Akabeko":0,"Blood Vial":0,"Runic Dome":0,"Centennial Puzzle":0,"Anchor":0,"Nunchaku":0,"Dream Catcher":0,"Molten Egg 2":0,"Champion Belt":0,"Kunai":0,"Red Skull":0},{"Potion Belt":0,"Gremlin Horn":0,"Golden Idol":0,"Nilry\u0027s Codex":0,"Blue Candle":0,"Bottled Tornado":0,"Burning Blood":0,"White Beast Statue":0,"Akabeko":0,"Blood Vial":0,"Runic Dome":0,"Centennial Puzzle":0,"Anchor":0,"Nunchaku":0,"Dream Catcher":0,"Molten Egg 2":0,"Champion Belt":0,"Kunai":0,"Red Skull":0},{"Potion Belt":0,"Gremlin Horn":0,"Golden Idol":0,"Nilry\u0027s Codex":0,"Blue Candle":0,"Bottled Tornado":0,"Burning Blood":0,"White Beast Statue":0,"Akabeko":0,"Blood Vial":0,"Runic Dome":0,"Centennial Puzzle":0,"Anchor":0,"Nunchaku":0,"Dream Catcher":0,"Molten Egg 2":0,"Champion Belt":0,"Kunai":0,"Red Skull":0}],"Burning Blood":0},"card_choices":[{"not_picked":["Ghostly Armor","Shrug It Off"],"picked":"Iron Wave","floor":0.0},{"not_picked":["Anger","Headbutt"],"picked":"Dropkick","floor":0.0},{"not_picked":["Reckless Charge","Thunderclap"],"picked":"Iron Wave","floor":0.0},{"not_picked":["Rampage","Flex"],"picked":"Iron Wave","floor":0.0},{"not_picked":["Clothesline","Shrug It Off"],"picked":"Rupture","floor":0.0},{"not_picked":["Dual Wield","Dark Embrace"],"picked":"Hemokinesis","floor":0.0},{"not_picked":["Wild Strike","Shrug It Off"],"picked":"Thunderclap","floor":0.0},{"not_picked":["Twin Strike","Perfected Strike"],"picked":"True Grit","floor":0.0},{"not_picked":["Entrench","Body Slam"],"picked":"Feel No Pain","floor":0.0},{"not_picked":["Shockwave","Perfected Strike"],"picked":"Havoc","floor":0.0},{"not_picked":["Shrug It Off","Dual Wield"],"picked":"Metallicize","floor":0.0},{"not_picked":["Twin Strike","Entrench"],"picked":"Iron Wave","floor":0.0},{"not_picked":["Ghostly Armor","Shockwave"],"picked":"Pummel","floor":0.0},{"not_picked":["Iron Wave","Thunderclap"],"picked":"Rupture","floor":0.0},{"not_picked":["Carnage","Whirlwind"],"picked":"Battle Trance","floor":0.0},{"not_picked":["Impervious","Exhume"],"picked":"Reaper","floor":6.0},{"not_picked":["Barricade","Offering"],"picked":"Reaper","floor":8.0},{"not_picked":["Exhume","Immolate+1"],"picked":"Brutality","floor":12.0},{"not_picked":["Reaper+1","Brutality"],"picked":"Double Tap","floor":13.0},{"not_picked":["Impervious","Brutality"],"picked":"Limit Break","floor":16.0},{"not_picked":["Immolate+1","Barricade"],"picked":"Reaper+1","floor":23.0},{"not_picked":["Corruption","Juggernaut"],"picked":"Brutality","floor":24.0},{"not_picked":["Immolate+1","Bludgeon+1"],"picked":"Reaper+1","floor":25.0}],"player_experience":246230,"relics_obtained":[{"floor":1.0,"key":"Gremlin Horn"},{"floor":3.0,"key":"Potion Belt"},{"floor":5.0,"key":"Bottled Tornado"},{"floor":6.0,"key":"White Beast Statue"},{"floor":8.0,"key":"Centennial Puzzle"},{"floor":9.0,"key":"Molten Egg 2"},{"floor":12.0,"key":"Anchor"},{"floor":13.0,"key":"Nunchaku"},{"floor":14.0,"key":"Kunai"},{"floor":18.0,"key":"Dream Catcher"},{"floor":20.0,"key":"Nilry\u0027s Codex"},{"floor":23.0,"key":"Blue Candle"},{"floor":24.0,"key":"Red Skull"},{"floor":25.0,"key":"Akabeko"},{"floor":26.0,"key":"Blood Vial"}],"event_choices":[{"damage_healed":0.0,"max_hp_gain":0.0,"max_hp_loss":0.0,"gold_gain":0.0,"event_name":"Golden Idol","player_choice":"Take Damage","floor":2.0,"gold_loss":0.0,"damage_taken":20.0,"relics_obtained":["Golden Idol"]},{"damage_healed":0.0,"max_hp_gain":0.0,"max_hp_loss":0.0,"gold_gain":0.0,"event_name":"Cursed Tome","player_choice":"Obtained Book","floor":20.0,"gold_loss":0.0,"damage_taken":16.0},{"damage_healed":0.0,"max_hp_gain":0.0,"max_hp_loss":0.0,"gold_gain":0.0,"event_name":"The Library","player_choice":"Read","floor":22.0,"gold_loss":0.0,"damage_taken":0.0,"cards_obtained":["Sword Boomerang"]}],"is_beta":false,"boss_relics":[{"not_picked":["Busted Crown","Sozu"],"picked":"Runic Dome"}],"items_purged_floors":[],"is_endless":false,"potions_floor_spawned":[1,5,6,8,12,13,14,16,18,23,24,25],"ascension_level":0}}