{"host":"47ceihhszt3bzrh1","time":1613835686,"event":{"mods":["BaseMod","Colored Map","Minty Spire (QoL Compilation)","Permanent Neow","Quick Restart","StSLib"],"gold_per_floor":[99,99,99,9,9,9,9,9,9,9,9,9,9,9,9,9,9,0,0,0,0],"floor_reached":20,"language":"ENG","playtime":835,"items_purged":[],"score":212,"play_id":"c6588500-c02a-4e03-8ed9-be585fbefd07","local_time":"20210220104126","is_ascension_mode":true,"campfire_choices":[{"data":"Chaos","floor":6,"key":"SMITH"},{"data":"Zap","floor":8,"key":"SMITH"},{"data":"FTL","floor":10,"key":"SMITH"},{"data":"Darkness","floor":15,"key":"SMITH"}],"circlet_count":0,"master_deck":["Strike_B","Strike_B","Defend_B","Defend_B","Defend_B","Defend_B","Zap+1","Dualcast","Sweeping Beam","Compile Driver","Darkness+1","Chaos+1","FTL+1","Go for the Eyes+1","Melter+1","Electrodynamics","Ball Lightning+1","Normality","Leap"],"relics":["Ectoplasm","Shuriken","Molten Egg 2","Pantograph","Odd Mushroom","Inserter","Pear"],"acts_visited":["Exordium","TheCity"],"potions_floor_usage":[],"damage_taken":[{"damage":0,"enemies":"2 Louse","floor":1,"turns":3},{"damage":1,"enemies":"Jaw Worm","floor":2,"turns":3},{"damage":2,"enemies":"Small Slimes","floor":5,"turns":3},{"damage":12,"enemies":"3 Sentries","floor":7,"turns":6},{"damage":8,"enemies":"Lagavulin","floor":11,"turns":4},{"damage":3,"enemies":"The Mushroom Lair","floor":13,"turns":4},{"damage":37,"enemies":"Hexaghost","floor":16,"turns":6},{"damage":25,"enemies":"2 Thieves","floor":18,"turns":3}],"seed_played":"1375964058393399941","potions_obtained":[{"floor":5,"key":"PotionOfCapacity"},{"floor":13,"key":"Strength Potion"}],"is_trial":false,"path_per_floor":["M","M","?","$","M","R","E","R","T","R","E","?","?","?","R","B",null,"M","?","?"],"character_chosen":"DEFECT","items_purchased":["Darkness","Fire Potion"],"campfire_rested":0,"item_purchase_floors":[4,4],"current_hp_per_floor":[75,74,74,74,72,72,60,60,60,60,52,57,54,47,47,35,80,55,65,65,65],"gold":0,"neow_bonus":"BOSS_RELIC","is_daily":false,"chose_seed":false,"campfire_upgraded":4,"win_rate":0.0,"timestamp":1613835686,"path_taken":["M","M","?","$","M","R","E","R","T","R","E","?","?","?","R","BOSS","M","?","?"],"items_purchased_type":["Card","Potion"],"build_version":"2020-12-22","purchased_purges":0,"victory":false,"max_hp_per_floor":[75,75,75,75,75,75,75,75,75,75,75,80,80,80,80,80,80,80,90,90,90],"card_choices":[{"not_picked":["Stack","Redo"],"picked":"Sweeping Beam","floor":1},{"not_picked":["Tempest","Force Field"],"picked":"Compile Driver","floor":2},{"not_picked":["Compile Driver","Gash"],"picked":"Chaos","floor":5},{"not_picked":["Rebound","Self Repair"],"picked":"FTL","floor":7},{"not_picked":["White Noise","Hologram"],"picked":"Go for the Eyes+1","floor":11},{"not_picked":["Chaos","Heatsinks"],"picked":"Melter+1","floor":13},{"not_picked":["Amplify","Rainbow"],"picked":"Electrodynamics","floor":16},{"not_picked":["Reprogram","Steam"],"picked":"Ball Lightning+1","floor":18}],"player_experience":17062,"relics_obtained":[{"floor":7,"key":"Shuriken"},{"floor":9,"key":"Molten Egg 2"},{"floor":11,"key":"Pantograph"},{"floor":13,"key":"Odd Mushroom"}],"event_choices":[{"damage_healed":0,"gold_gain":0,"player_choice":"Ignored","damage_taken":0,"max_hp_gain":0,"max_hp_loss":0,"event_name":"Liars Game","floor":3,"gold_loss":0},{"damage_healed":0,"gold_gain":0,"player_choice":"Donut","damage_taken":0,"max_hp_gain":5,"max_hp_loss":0,"event_name":"Big Fish","floor":12,"gold_loss":0},{"damage_healed":0,"gold_gain":0,"player_choice":"Fought Mushrooms","damage_taken":0,"max_hp_gain":0,"max_hp_loss":0,"event_name":"Mushrooms","floor":13,"gold_loss":0},{"cards_removed":["Strike_B"],"damage_healed":0,"gold_gain":0,"player_choice":"Card Removal","damage_taken":7,"max_hp_gain":0,"max_hp_loss":0,"event_name":"Golden Wing","floor":14,"gold_loss":0},{"damage_healed":0,"gold_gain":0,"player_choice":"Stole Relic","damage_taken":0,"relics_obtained":["Pear"],"max_hp_gain":0,"max_hp_loss":0,"event_name":"Addict","floor":19,"gold_loss":0,"cards_obtained":["Shame"]},{"damage_healed":0,"gold_gain":0,"cards_transformed":["Shame","Strike_B"],"player_choice":"Became Test Subject","damage_taken":0,"max_hp_gain":0,"max_hp_loss":0,"event_name":"Drug Dealer","floor":20,"gold_loss":0,"cards_obtained":["Normality","Leap"]}],"is_beta":false,"boss_relics":[{"not_picked":["Black Star","Fusion Hammer"],"picked":"Inserter"}],"items_purged_floors":[],"is_endless":false,"potions_floor_spawned":[5,13,16],"ascension_level":1}}