{"host":"qm4rv4rkpk76sbxu","time":1613850730,"event":{"mods":["BaseMod","Bestiary","Block Reminder","DeckTracker","Filter the Spire","Keyboard Shortcuts","Minty Spire (QoL Compilation)","MonsterHotkey","Quick Restart","Random Character Button","Relic Stats","Slay-I","StSLib","Unceasing Turn Reminder","Weighted Paths","ojb\u0027s Better Paths Mod","ojb\u0027s Info Mod"],"gold_per_floor":[117,132,145,95,95,95,135,135,135,169,182,182,222,263,263,389,389,404,419,419,125,125,165,185,226,251,267,285,285,326,360,360,483,483,503,517,214,227,227,227,227,262,289,329,347,221,242,286,286,286,286,286,43,79,79],"floor_reached":56,"language":"ENG","playtime":4527,"items_purged":["All For One","Melter+1"],"score":1792,"play_id":"7f67e582-7797-45fb-a477-da62560795e5","local_time":"20210220205210","is_ascension_mode":true,"campfire_choices":[{"data":"Chaos","floor":6.0,"key":"SMITH"},{"data":"Defragment","floor":8.0,"key":"SMITH"},{"data":"Buffer","floor":12.0,"key":"SMITH"},{"data":"Capacitor","floor":15.0,"key":"SMITH"},{"data":"Dualcast","floor":29.0,"key":"SMITH"},{"data":"Double Energy","floor":32.0,"key":"SMITH"},{"floor":40.0,"key":"RECALL"}],"circlet_count":0,"master_deck":["Dualcast+1","FTL+1","Force Field+1","Beam Cell+1","Chaos+1","Buffer+1","Defragment+1","Go for the Eyes+1","Cold Snap+1","Ball Lightning+1","Glacier+1","Capacitor+1","Undo+1","All For One+1","Thunder Strike+1","Cold Snap+1","Loop+1","Conserve Battery+1","Seek+1","Compile Driver+1","Compile Driver+1","Steam+1","All For One+1","Double Energy+1","Echo Form+1","Capacitor+1","Tempest+1","Compile Driver+1","Trip+1","Go for the Eyes+1","Madness+1","Madness+1","Glacier+1","Coolheaded+1","Master of Strategy","Recycle+1","Barrage+1","Hologram","Cold Snap+1"],"relics":["Pandora\u0027s Box","Golden Idol","Ginger","WingedGreaves","HornCleat","Gremlin Horn","Shuriken","Coffee Dripper","White Beast Statue","Kunai","Whetstone","War Paint","Symbiotic Virus","Regal Pillow","Fusion Hammer","Membership Card","Nunchaku","Mark of the Bloom","Eternal Feather","Letter Opener","Oddly Smooth Stone","Bottled Lightning","Bag of Marbles"],"acts_visited":["Exordium","TheCity","TheBeyond","TheEnding"],"potions_floor_usage":[55,55,55],"damage_taken":[{"damage":0.0,"enemies":"2 Louse","floor":1.0,"turns":2.0},{"damage":0.0,"enemies":"Jaw Worm","floor":2.0,"turns":3.0},{"damage":0.0,"enemies":"Small Slimes","floor":3.0,"turns":4.0},{"damage":12.0,"enemies":"3 Sentries","floor":7.0,"turns":6.0},{"damage":0.0,"enemies":"Lagavulin","floor":10.0,"turns":6.0},{"damage":12.0,"enemies":"Exordium Thugs","floor":11.0,"turns":4.0},{"damage":6.0,"enemies":"3 Sentries","floor":13.0,"turns":7.0},{"damage":0.0,"enemies":"Gremlin Nob","floor":14.0,"turns":4.0},{"damage":14.0,"enemies":"The Guardian","floor":16.0,"turns":6.0},{"damage":0.0,"enemies":"Spheric Guardian","floor":18.0,"turns":5.0},{"damage":0.0,"enemies":"2 Thieves","floor":19.0,"turns":3.0},{"damage":0.0,"enemies":"Gremlin Leader","floor":23.0,"turns":6.0},{"damage":0.0,"enemies":"Cultist and Chosen","floor":24.0,"turns":5.0},{"damage":12.0,"enemies":"Book of Stabbing","floor":25.0,"turns":6.0},{"damage":0.0,"enemies":"Centurion and Healer","floor":27.0,"turns":5.0},{"damage":0.0,"enemies":"Shelled Parasite and Fungi","floor":28.0,"turns":3.0},{"damage":21.0,"enemies":"Slavers","floor":30.0,"turns":4.0},{"damage":12.0,"enemies":"Book of Stabbing","floor":31.0,"turns":3.0},{"damage":0.0,"enemies":"Champ","floor":33.0,"turns":8.0},{"damage":0.0,"enemies":"3 Shapes","floor":35.0,"turns":5.0},{"damage":0.0,"enemies":"3 Darklings","floor":36.0,"turns":3.0},{"damage":6.0,"enemies":"Writhing Mass","floor":38.0,"turns":4.0},{"damage":0.0,"enemies":"Giant Head","floor":42.0,"turns":5.0},{"damage":0.0,"enemies":"Reptomancer","floor":44.0,"turns":3.0},{"damage":0.0,"enemies":"Maw","floor":45.0,"turns":5.0},{"damage":8.0,"enemies":"Jaw Worm Horde","floor":47.0,"turns":2.0},{"damage":0.0,"enemies":"Nemesis","floor":48.0,"turns":5.0},{"damage":5.0,"enemies":"Awakened One","floor":50.0,"turns":10.0},{"damage":3.0,"enemies":"Shield and Spear","floor":54.0,"turns":4.0},{"damage":32,"enemies":"The Heart","floor":55,"turns":9}],"seed_played":"3306820591947174302","potions_obtained":[{"floor":1.0,"key":"BlessingOfTheForge"},{"floor":11.0,"key":"SkillPotion"},{"floor":14.0,"key":"Swift Potion"},{"floor":16.0,"key":"Dexterity Potion"},{"floor":18.0,"key":"Explosive Potion"},{"floor":19.0,"key":"SteroidPotion"},{"floor":23.0,"key":"SkillPotion"},{"floor":24.0,"key":"SteroidPotion"},{"floor":25.0,"key":"Energy Potion"},{"floor":27.0,"key":"DuplicationPotion"},{"floor":30.0,"key":"Dexterity Potion"},{"floor":31.0,"key":"SteroidPotion"},{"floor":33.0,"key":"Dexterity Potion"},{"floor":35.0,"key":"ColorlessPotion"},{"floor":36.0,"key":"AttackPotion"},{"floor":38.0,"key":"ColorlessPotion"},{"floor":42.0,"key":"GamblersBrew"},{"floor":44.0,"key":"Fire Potion"},{"floor":47.0,"key":"Weak Potion"},{"floor":48.0,"key":"Dexterity Potion"}],"is_trial":false,"path_per_floor":["M","M","M","?","?","R","E","R","T","E","M","R","E","E","R","B",null,"M","M","?","$","?","E","M","E","T","M","M","R","E","E","R","B",null,"M","M","$","M","?","R","?","E","T","E","M","$","M","E","R","B",null,"R","$","E","B",null],"character_chosen":"DEFECT","items_purchased":["White Beast Statue","Conserve Battery","Membership Card","Compile Driver","Nunchaku","Trip","Master of Strategy","EssenceOfSteel","Bottled Lightning","Hologram"],"campfire_rested":0,"item_purchase_floors":[21,21,37,37,37,37,46,53,53,53],"current_hp_per_floor":[75,75,75,75,69,69,57,57,57,57,45,45,39,39,39,25,69,69,69,69,69,69,69,69,57,57,57,57,57,36,24,24,24,69,69,69,69,63,54,54,54,54,54,54,54,54,46,46,46,41,41,41,41,38,6],"gold":79,"neow_bonus":"BOSS_RELIC","is_daily":false,"chose_seed":false,"campfire_upgraded":6,"win_rate":0.0,"timestamp":1613850730,"path_taken":["M","M","M","?","?","R","E","R","T","E","M","R","E","E","R","BOSS","M","M","?","?","?","E","?","E","T","M","?","R","E","E","R","BOSS","M","M","$","M","?","R","?","E","T","E","M","?","?","E","R","BOSS","R","$","E","BOSS"],"items_purchased_type":["Relic","Card","Relic","Card","Relic","Card","Card","Potion","Relic","Card"],"build_version":"2020-12-22","purchased_purges":2,"victory":true,"max_hp_per_floor":[75,75,75,75,69,69,69,69,69,69,69,69,69,69,69,69,69,69,69,69,69,69,69,69,69,69,69,69,69,69,69,69,69,69,69,69,69,69,69,69,69,69,69,69,69,69,69,69,69,69,69,69,69,69,69],"relic_stats":{"Regal Pillow":0,"Mark of the Bloom":111,"Gremlin Horn":[24,25],"counters":[30,145],"Golden Idol":230,"Eternal Feather":0,"Ginger":[14],"Whetstone":["Go for the Eyes","Cold Snap"],"Letter Opener":[164],"War Paint":["Conserve Battery","Seek"],"Nunchaku":[17],"Shuriken":[89],"Pandora\u0027s Box":["Stack","Hello World","FTL","Force Field","Beam Cell","Chaos","Buffer","Defragment"],"Kunai":[75],"obtain_stats":[{"Regal Pillow":31,"Mark of the Bloom":41,"Gremlin Horn":13,"Golden Idol":5,"Oddly Smooth Stone":48,"Eternal Feather":42,"Ginger":7,"Whetstone":25,"Letter Opener":44,"War Paint":26,"White Beast Statue":21,"Nunchaku":37,"HornCleat":10,"Shuriken":14,"Pandora\u0027s Box":0,"WingedGreaves":9,"Fusion Hammer":34,"Coffee Dripper":17,"Bag of Marbles":54,"Kunai":23,"Membership Card":37,"Bottled Lightning":53,"Cracked Core":0,"Symbiotic Virus":30},{"Regal Pillow":18,"Mark of the Bloom":22,"Gremlin Horn":7,"Golden Idol":3,"Oddly Smooth Stone":27,"Eternal Feather":23,"Ginger":4,"Whetstone":14,"Letter Opener":24,"War Paint":14,"White Beast Statue":11,"Nunchaku":21,"HornCleat":5,"Shuriken":8,"Pandora\u0027s Box":0,"WingedGreaves":4,"Fusion Hammer":19,"Coffee Dripper":9,"Bag of Marbles":29,"Kunai":12,"Membership Card":21,"Bottled Lightning":28,"Cracked Core":0,"Symbiotic Virus":17},{"Regal Pillow":82,"Mark of the Bloom":102,"Gremlin Horn":32,"Golden Idol":9,"Oddly Smooth Stone":122,"Eternal Feather":107,"Ginger":15,"Whetstone":67,"Letter Opener":110,"War Paint":67,"White Beast Statue":50,"Nunchaku":98,"HornCleat":21,"Shuriken":36,"Pandora\u0027s Box":0,"WingedGreaves":15,"Fusion Hammer":90,"Coffee Dripper":42,"Bag of Marbles":136,"Kunai":56,"Membership Card":98,"Bottled Lightning":132,"Cracked Core":0,"Symbiotic Virus":79}]},"card_choices":[{"not_picked":["Tempest","Leap"],"picked":"Go for the Eyes","floor":1.0},{"not_picked":["Ball Lightning","Compile Driver"],"picked":"Cold Snap","floor":2.0},{"not_picked":["Consume","Rebound"],"picked":"Ball Lightning","floor":3.0},{"not_picked":["Hyperbeam","Darkness"],"picked":"Glacier","floor":7.0},{"not_picked":["Hologram","Steam"],"picked":"Capacitor","floor":10.0},{"not_picked":["Blizzard","Melter"],"picked":"Undo","floor":11.0},{"not_picked":["Beam Cell","Hyperbeam","Gash"],"picked":"SKIP","floor":13.0},{"not_picked":["Capacitor","Glacier"],"picked":"All For One","floor":14.0},{"not_picked":["Rainbow","Machine Learning"],"picked":"Thunder Strike","floor":16.0},{"not_picked":["Chaos","Steam Power"],"picked":"Melter","floor":18.0},{"not_picked":["Turbo","Gash"],"picked":"Cold Snap","floor":19.0},{"not_picked":["Melter","Darkness+1"],"picked":"Seek","floor":23.0},{"not_picked":["Chill","Barrage"],"picked":"Compile Driver","floor":24.0},{"not_picked":["Auto Shields","Conserve Battery","Lockon"],"picked":"SKIP","floor":25.0},{"not_picked":["Rip and Tear","Conserve Battery+1"],"picked":"Compile Driver","floor":27.0},{"not_picked":["Streamline","Beam Cell"],"picked":"Steam","floor":28.0},{"not_picked":["Lockon","Blizzard"],"picked":"All For One","floor":30.0},{"not_picked":["Auto Shields+1","Reinforced Body"],"picked":"Double Energy","floor":31.0},{"not_picked":["Amplify","Biased Cognition"],"picked":"Echo Form","floor":33.0},{"not_picked":["Rebound","Leap"],"picked":"Capacitor","floor":35.0},{"not_picked":["Hologram","Lockon"],"picked":"Tempest+1","floor":36.0},{"not_picked":["Coolheaded","Conserve Battery+1"],"picked":"Go for the Eyes","floor":38.0},{"not_picked":["Go for the Eyes","Gash"],"picked":"All For One","floor":42.0},{"not_picked":["Gash","Streamline"],"picked":"Glacier+1","floor":44.0},{"not_picked":["Cold Snap","FTL+1"],"picked":"Coolheaded+1","floor":45.0},{"not_picked":["Turbo","Sunder+1"],"picked":"Recycle+1","floor":47.0},{"not_picked":["Compile Driver+1","Rip and Tear+1"],"picked":"Barrage+1","floor":48.0},{"not_picked":["Aggregate","Sweeping Beam"],"picked":"Cold Snap+1","floor":54.0}],"player_experience":1581139,"relics_obtained":[{"floor":7.0,"key":"Ginger"},{"floor":9.0,"key":"WingedGreaves"},{"floor":10.0,"key":"HornCleat"},{"floor":13.0,"key":"Gremlin Horn"},{"floor":14.0,"key":"Shuriken"},{"floor":23.0,"key":"Kunai"},{"floor":25.0,"key":"Whetstone"},{"floor":26.0,"key":"War Paint"},{"floor":30.0,"key":"Symbiotic Virus"},{"floor":31.0,"key":"Regal Pillow"},{"floor":42.0,"key":"Eternal Feather"},{"floor":44.0,"key":"Letter Opener"},{"floor":48.0,"key":"Oddly Smooth Stone"},{"floor":54.0,"key":"Bag of Marbles"}],"event_choices":[{"cards_removed":["Zap"],"damage_healed":0.0,"max_hp_gain":0.0,"max_hp_loss":0.0,"gold_gain":0.0,"event_name":"The Cleric","player_choice":"Card Removal","floor":4.0,"gold_loss":50.0,"damage_taken":0.0},{"damage_healed":0.0,"max_hp_gain":0.0,"max_hp_loss":6.0,"gold_gain":0.0,"event_name":"Golden Idol","player_choice":"Lose Max HP","floor":5.0,"gold_loss":0.0,"damage_taken":0.0,"relics_obtained":["Golden Idol"]},{"damage_healed":0.0,"max_hp_gain":0.0,"max_hp_loss":0.0,"gold_gain":0.0,"cards_transformed":["Hello World"],"event_name":"Transmorgrifier","player_choice":"Transformed","floor":20.0,"gold_loss":0.0,"damage_taken":0.0,"cards_obtained":["Loop"]},{"cards_removed":["Stack"],"damage_healed":5.0,"max_hp_gain":0.0,"max_hp_loss":0.0,"gold_gain":0.0,"event_name":"Bonfire Elementals","player_choice":"Offered Common","floor":22.0,"gold_loss":0.0,"damage_taken":0.0},{"cards_removed":["Stack"],"damage_healed":5.0,"max_hp_gain":0.0,"max_hp_loss":0.0,"gold_gain":0.0,"event_name":"Bonfire Elementals","player_choice":"Offered Special","floor":22.0,"gold_loss":0.0,"damage_taken":0.0},{"damage_healed":0.0,"max_hp_gain":0.0,"max_hp_loss":0.0,"gold_gain":0.0,"event_name":"Winding Halls","player_choice":"Embrace Madness","floor":39.0,"gold_loss":0.0,"damage_taken":9.0,"cards_obtained":["Madness","Madness"]},{"damage_healed":0.0,"max_hp_gain":0.0,"max_hp_loss":0.0,"gold_gain":0.0,"event_name":"MindBloom","player_choice":"Upgrade","floor":41.0,"gold_loss":0.0,"damage_taken":0.0,"cards_upgraded":["FTL","Force Field","Beam Cell","Cold Snap","Ball Lightning","Glacier","Undo","All For One","Thunder Strike","Melter","Loop","Compile Driver","Compile Driver","Steam","All For One","Echo Form","Capacitor","Compile Driver","Trip","Go for the Eyes","Madness","Madness"],"relics_obtained":["Mark of the Bloom"]}],"is_beta":false,"boss_relics":[{"not_picked":["Snecko Eye","SlaversCollar"],"picked":"Coffee Dripper"},{"not_picked":["Nuclear Battery","Inserter"],"picked":"Fusion Hammer"}],"items_purged_floors":[46,53],"is_endless":false,"potions_floor_spawned":[1,11,14,16,18,19,23,24,25,27,28,30,31,33,35,36,38,42,44,45,47,48,54],"ascension_level":4}}