{"host":"cd7awanv0x2msn9z","time":1613842584,"event":{"mods":["BaseMod","Downfall","Minty Spire (QoL Compilation)","Replay The Spire","StSLib","SuperFastMode"],"gold_per_floor":[118,118,118,118,118,140,167,197,197,17,64,104,123,123,156,178,178,283,283,308,308,308,308,332,356,380,382,382],"floor_reached":27,"language":"ZHS","playtime":3936,"items_purged":[],"score":258,"play_id":"56acef1c-76d0-4150-97f8-21542ddbd899","local_time":"20210221013624","is_ascension_mode":true,"campfire_choices":[{"data":"Catalyst","floor":9.0,"key":"SMITH"},{"data":"Masterful Stab","floor":14.0,"key":"SMITH"},{"floor":17.0,"key":"REST"}],"circlet_count":0,"master_deck":["Strike_G+1","Strike_G","Strike_G","Strike_G","Defend_G","Defend_G","Defend_G","Defend_G","Defend_G","Survivor","Neutralize","Catalyst+1","Regret","Catalyst+1","Deadly Poison+1","Deadly Poison+1","Masterful Stab+1","Outmaneuver+1","Draining Mist+1","Acrobatics+1","Underhanded Strike+1","Glass Knife"],"relics":["Ring of the Snake","NeowsBlessing","Replay:Bandana","Toxic Egg 2","Guide Book","Potion Belt","Centennial Puzzle","Odd Mushroom","HoveringKite","Nloth\u0027s Gift"],"acts_visited":["Exordium","TheCity"],"potions_floor_usage":[],"damage_taken":[{"damage":0.0,"enemies":"Small Slimes","floor":1.0,"turns":1.0},{"damage":0.0,"enemies":"Jaw Worm","floor":6.0,"turns":1.0},{"damage":0.0,"enemies":"Gremlin Nob","floor":8.0,"turns":1.0},{"damage":16.0,"enemies":"Lagavulin","floor":12.0,"turns":3.0},{"damage":6.0,"enemies":"2 Louse","floor":13.0,"turns":2.0},{"damage":20.0,"enemies":"The Mushroom Lair","floor":15.0,"turns":4.0},{"damage":6.0,"enemies":"2 Fungi Beasts","floor":16.0,"turns":3.0},{"damage":11.0,"enemies":"The Guardian","floor":18.0,"turns":5.0},{"damage":3.0,"enemies":"Chosen","floor":20.0,"turns":4.0},{"damage":15.0,"enemies":"Shell Parasite","floor":24.0,"turns":4.0},{"damage":48.0,"enemies":"Cultist and Chosen","floor":25.0,"turns":9.0},{"damage":1.0,"enemies":"Snecko","floor":26.0,"turns":4.0},{"damage":14,"enemies":"Slavers","floor":27,"turns":1}],"seed_played":"7525269786068858891","potions_obtained":[{"floor":6.0,"key":"BlessingOfTheForge"},{"floor":8.0,"key":"Weak Potion"},{"floor":20.0,"key":"Fire Potion"},{"floor":25.0,"key":"Block Potion"},{"floor":26.0,"key":"SteroidPotion"}],"is_trial":false,"path_per_floor":["M","?","PTL","PTL","?","M","T","E","R","$","T","E","M","R","?","M","R","B",null,"M","?","PTL","PTL","M","M","M","E"],"character_chosen":"THE_SILENT","items_purchased":["Deadly Poison+1","Guide Book"],"campfire_rested":1,"item_purchase_floors":[10,10],"current_hp_per_floor":[70,63,63,63,63,63,70,70,70,70,70,54,48,48,28,22,45,34,77,74,74,74,74,59,11,10,0,0],"gold":382,"neow_bonus":"THREE_ENEMY_KILL","is_daily":false,"chose_seed":false,"campfire_upgraded":2,"win_rate":0.0,"timestamp":1613842584,"path_taken":["M","?","PTL","PTL","?","M","?","E","R","$","T","E","M","R","?","M","R","BOSS","M","?","PTL","PTL","M","M","M","E"],"items_purchased_type":["Card","Relic"],"build_version":"2020-12-22","purchased_purges":0,"victory":false,"max_hp_per_floor":[70,70,70,70,70,70,77,77,77,77,77,77,77,77,77,77,77,77,77,77,77,77,77,77,77,77,77,77],"card_choices":[{"not_picked":["Dagger Throw","Riddle With Holes"],"picked":"Catalyst","floor":1.0},{"not_picked":["Dodge and Roll","Replay:Poison Smokescreen"],"picked":"Catalyst","floor":6.0},{"not_picked":["Sucker Punch","All Out Attack"],"picked":"Deadly Poison+1","floor":8.0},{"not_picked":["ReplayTheSpireMod:From All Sides","Footwork"],"picked":"Masterful Stab","floor":12.0},{"not_picked":["Underhanded Strike","Blade Dance+1"],"picked":"Outmaneuver+1","floor":13.0},{"not_picked":["Sucker Punch","Predator"],"picked":"Draining Mist+1","floor":15.0},{"not_picked":["ReplayTheSpireMod:Tripwire+1","Outmaneuver+1","Deflect+1"],"picked":"SKIP","floor":16.0},{"not_picked":["Poisoned Stab","Heel Hook","Dodge and Roll+1"],"picked":"SKIP","floor":20.0},{"not_picked":["Deflect+1","Sucker Punch"],"picked":"Acrobatics+1","floor":24.0},{"not_picked":["Reflex+1","Dash"],"picked":"Underhanded Strike+1","floor":25.0},{"not_picked":["Quick Slash","Well Laid Plans"],"picked":"Glass Knife","floor":26.0}],"player_experience":86452,"relics_obtained":[{"floor":7.0,"key":"Strawberry"},{"floor":8.0,"key":"Toxic Egg 2"},{"floor":11.0,"key":"Potion Belt"},{"floor":12.0,"key":"Centennial Puzzle"},{"floor":15.0,"key":"Odd Mushroom"}],"event_choices":[{"cards_removed":["Strike_G"],"damage_healed":0.0,"max_hp_gain":0.0,"max_hp_loss":0.0,"gold_gain":0.0,"event_name":"Golden Wing","player_choice":"Card Removal","floor":2.0,"gold_loss":0.0,"damage_taken":7.0},{"damage_healed":0.0,"max_hp_gain":0.0,"max_hp_loss":0.0,"gold_gain":0.0,"event_name":"Big Fish","player_choice":"Box","floor":5.0,"gold_loss":0.0,"damage_taken":0.0,"relics_obtained":["Replay:Bandana"],"cards_obtained":["Regret"]},{"damage_healed":0.0,"max_hp_gain":0.0,"max_hp_loss":0.0,"gold_gain":0.0,"event_name":"Mushrooms","player_choice":"Fought Mushrooms","floor":15.0,"gold_loss":0.0,"damage_taken":0.0},{"damage_healed":0.0,"max_hp_gain":0.0,"max_hp_loss":0.0,"gold_gain":0.0,"event_name":"N\u0027loth","player_choice":"Traded Relic","floor":21.0,"relics_lost":["Strawberry"],"gold_loss":0.0,"damage_taken":0.0,"relics_obtained":["Nloth\u0027s Gift"]}],"is_beta":false,"boss_relics":[{"not_picked":["Ectoplasm","Kintsugi"],"picked":"HoveringKite"}],"items_purged_floors":[],"is_endless":false,"potions_floor_spawned":[6,8,20,25,26],"killed_by":"Slavers","ascension_level":1}}