{"host":"0ucmu30xnqs1j0i5","time":1613832868,"event":{"mods":["AchievementEnabler","BaseMod","Colored Map","Colored Powertips","Minty Spire (QoL Compilation)","Quick Restart"],"gold_per_floor":[7000,7011,5616,5616,5616,5630,5689,5709,5732,5130,5145,5172,5185,5196,5196,5300,5300,5318,5318,5338,5356,5366,5400,5400,5420,5420,4612,4626,3492,3502,2878,2878,2980,2980,2992,2245,2258,2312,2328,2328,2363,2375,2401,2401,1741,1741,1757,1757,1757,1757],"floor_reached":51,"language":"ZHS","playtime":27744,"items_purged":["Strike_B","Strike_B","Strike_B","Strike_B","Defend_B","Defend_B","Defend_B"],"score":778,"play_id":"1084a7ba-2560-46fb-8ccf-8a6936b309af","local_time":"20210220225428","is_ascension_mode":false,"campfire_choices":[{"data":"Genetic Algorithm","floor":15.0,"key":"SMITH"},{"data":"Creative AI","floor":24,"key":"SMITH"},{"data":"Defragment","floor":32,"key":"SMITH"},{"data":"Fission","floor":40,"key":"SMITH"},{"data":"Fission","floor":49,"key":"SMITH"}],"circlet_count":0,"master_deck":["Zap","Dualcast","White Noise","Loop","Beam Cell","Reboot","Doom and Gloom","Chaos","Static Discharge+1","Secret Technique","Self Repair","Genetic Algorithm+1","Stack","Storm","Go for the Eyes+1","Storm","Seek","Reboot","Creative AI+1","Go for the Eyes+1","Chill","Impatience","Skim","Fission+1","Defragment+1","Electrodynamics","Aggregate+1","Defragment","White Noise+1","Thunder Strike+1","Coolheaded+1","Fission+1"],"relics":["Cracked Core","OrangePellets","Calipers","HornCleat","MealTicket","Nunchaku","Potion Belt","ClockworkSouvenir","Orichalcum","Molten Egg 2","Inserter","Centennial Puzzle","Matryoshka","Frozen Eye","Bag of Preparation","White Beast Statue","Mango","Ginger","Lee\u0027s Waffle","Sling","Tiny Chest","Happy Flower","Nuclear Battery","Orrery","Mercury Hourglass","Strawberry","Prayer Wheel","Question Card","Oddly Smooth Stone","Smiling Mask","Blood Vial","PreservedInsect","Cauldron","Gremlin Horn","Bag of Marbles"],"acts_visited":["Exordium","TheCity","TheBeyond"],"potions_floor_usage":[23,41,50,50,50,50],"damage_taken":[{"damage":3.0,"enemies":"Jaw Worm","floor":1.0,"turns":3.0},{"damage":3.0,"enemies":"Small Slimes","floor":2.0,"turns":5.0},{"damage":0.0,"enemies":"Cultist","floor":6.0,"turns":3.0},{"damage":31.0,"enemies":"Gremlin Nob","floor":7.0,"turns":4.0},{"damage":9.0,"enemies":"Exordium Wildlife","floor":8.0,"turns":4.0},{"damage":2.0,"enemies":"2 Fungi Beasts","floor":11.0,"turns":5.0},{"damage":4.0,"enemies":"Lagavulin","floor":12.0,"turns":5.0},{"damage":15.0,"enemies":"Exordium Thugs","floor":13.0,"turns":5.0},{"damage":2.0,"enemies":"Gremlin Gang","floor":14.0,"turns":2.0},{"damage":20.0,"enemies":"Hexaghost","floor":16.0,"turns":7.0},{"damage":0.0,"enemies":"Chosen","floor":18.0,"turns":4.0},{"damage":5,"enemies":"3 Byrds","floor":20,"turns":4},{"damage":7,"enemies":"Centurion and Healer","floor":21,"turns":6},{"damage":19,"enemies":"Sentry and Sphere","floor":22,"turns":6},{"damage":17,"enemies":"Slavers","floor":23,"turns":4},{"damage":4,"enemies":"Snake Plant","floor":25,"turns":4},{"damage":7,"enemies":"Chosen and Byrds","floor":28,"turns":5},{"damage":4,"enemies":"Centurion and Healer","floor":30,"turns":6},{"damage":14,"enemies":"Collector","floor":33,"turns":6},{"damage":3,"enemies":"Orb Walker","floor":35,"turns":4},{"damage":0,"enemies":"3 Shapes","floor":37,"turns":3},{"damage":0,"enemies":"2 Orb Walkers","floor":38,"turns":3},{"damage":0,"enemies":"Spire Growth","floor":39,"turns":4},{"damage":39,"enemies":"Nemesis","floor":41,"turns":4},{"damage":0,"enemies":"3 Darklings","floor":42,"turns":2},{"damage":0,"enemies":"Maw","floor":47,"turns":4},{"damage":6,"enemies":"Awakened One","floor":50,"turns":4}],"seed_played":"4481621064627659288","potions_obtained":[{"floor":2.0,"key":"SteroidPotion"},{"floor":6.0,"key":"BlessingOfTheForge"},{"floor":11.0,"key":"Explosive Potion"},{"floor":13.0,"key":"PotionOfCapacity"},{"floor":14.0,"key":"FearPotion"},{"floor":20,"key":"PotionOfCapacity"},{"floor":28,"key":"SkillPotion"},{"floor":42,"key":"LiquidBronze"},{"floor":45,"key":"FocusPotion"},{"floor":45,"key":"DuplicationPotion"}],"is_trial":false,"path_per_floor":["M","M","$","?","?","M","?","M","T","$","M","E","M","M","R","B",null,"M","?","M","M","M","E","R","M","T","$","M","$","M","$","R","B",null,"M","$","M","?","M","R","E","M","T","?","$","T","M","?","R","B",null],"character_chosen":"DEFECT","items_purchased":["Beam Cell","OrangePellets","Calipers","HornCleat","Reboot","Doom and Gloom","Chaos","Static Discharge","PowerPotion","Secret Technique","Potion Belt","ClockworkSouvenir","Orichalcum","Stack","Frozen Eye","Bag of Preparation","White Beast Statue","Chill","Impatience","Mango","Ginger","Lee\u0027s Waffle","Fission","Defragment","Sling","Tiny Chest","Happy Flower","Orrery","Mercury Hourglass","Strawberry","Blood Vial","PreservedInsect","Cauldron","Thunder Strike+1"],"campfire_rested":0,"item_purchase_floors":[3,3,3,3,3,3,3,3,3,3,10,10,10,10,27,27,27,27,27,29,29,29,29,29,31,31,31,36,36,36,45,45,45,45],"current_hp_per_floor":[79,76,76,76,76,76,45,36,36,51,56,59,51,56,56,43,82,82,82,82,75,63,46,46,49,49,64,64,103,103,103,103,96,103,103,110,110,110,110,110,78,85,85,85,100,100,102,102,102,105],"gold":1757,"neow_bonus":"TEN_PERCENT_HP_BONUS","is_daily":false,"chose_seed":false,"campfire_upgraded":5,"win_rate":0.0,"timestamp":1613832868,"path_taken":["M","M","$","?","?","?","?","M","T","$","M","E","M","M","R","BOSS","M","?","M","M","M","E","R","M","T","$","M","$","?","$","R","BOSS","M","$","?","?","M","R","E","M","T","?","$","?","?","?","R","BOSS"],"items_purchased_type":["Card","Relic","Relic","Relic","Card","Card","Card","Card","Potion","Card","Relic","Relic","Relic","Card","Relic","Relic","Relic","Card","Card","Relic","Relic","Relic","Card","Card","Relic","Relic","Relic","Relic","Relic","Relic","Relic","Relic","Relic","Card"],"build_version":"2020-12-22","purchased_purges":7,"victory":true,"max_hp_per_floor":[82,82,82,82,82,82,82,82,82,82,82,82,82,82,82,82,82,82,82,82,82,82,82,82,82,82,82,82,103,103,103,103,103,103,103,110,110,110,110,110,110,110,110,110,110,110,110,110,110,110],"card_choices":[{"not_picked":["Hologram","Steam"],"picked":"White Noise","floor":1.0},{"not_picked":["Darkness","Leap"],"picked":"Loop","floor":2.0},{"not_picked":["Streamline","Lockon","Sweeping Beam"],"picked":"SKIP","floor":6.0},{"not_picked":["Blizzard","Compile Driver"],"picked":"Self Repair","floor":7.0},{"not_picked":["Redo","Doom and Gloom"],"picked":"Genetic Algorithm","floor":8.0},{"not_picked":["Chaos","Gash"],"picked":"Storm","floor":11.0},{"not_picked":["Leap","Auto Shields"],"picked":"Go for the Eyes+1","floor":12.0},{"not_picked":["Rip and Tear+1","Steam","Tempest"],"picked":"SKIP","floor":13.0},{"not_picked":["Coolheaded","Streamline+1"],"picked":"Storm","floor":14.0},{"not_picked":["All For One+1","Amplify"],"picked":"Seek","floor":16.0},{"not_picked":["Redo","Ball Lightning+1","Compile Driver+1"],"picked":"SKIP","floor":18},{"not_picked":["Steam","Aggregate"],"picked":"Creative AI","floor":20},{"not_picked":["Melter+1","Aggregate","Go for the Eyes+1"],"picked":"SKIP","floor":21},{"not_picked":["Ball Lightning+1","Sweeping Beam+1","Reprogram"],"picked":"SKIP","floor":22},{"not_picked":["White Noise","Sweeping Beam+1","Redo"],"picked":"SKIP","floor":23},{"not_picked":["Barrage+1","Loop"],"picked":"Go for the Eyes+1","floor":25},{"not_picked":["Conserve Battery","Streamline+1"],"picked":"Skim","floor":28},{"not_picked":["Leap+1","All For One+1","Streamline+1"],"picked":"SKIP","floor":30},{"not_picked":["Machine Learning","Creative AI"],"picked":"Electrodynamics","floor":33},{"not_picked":["Barrage+1","Heatsinks","Streamline+1"],"picked":"SKIP","floor":35},{"not_picked":["Auto Shields+1","Stack+1"],"picked":"Aggregate+1","floor":36},{"not_picked":["Barrage+1","Leap","Reinforced Body"],"picked":"SKIP","floor":37},{"not_picked":["Conserve Battery+1","Barrage+1","Go for the Eyes+1"],"picked":"SKIP","floor":39},{"not_picked":["Creative AI","Go for the Eyes+1","Gash+1"],"picked":"SKIP","floor":39},{"not_picked":["Redo+1","Cold Snap+1"],"picked":"Defragment","floor":41},{"not_picked":["Cold Snap+1","Aggregate+1","Stack+1"],"picked":"White Noise+1","floor":42},{"not_picked":["Gash+1","Storm","Beam Cell+1","Compile Driver+1"],"picked":"SKIP","floor":42},{"not_picked":["Beam Cell+1","Conserve Battery+1","White Noise"],"picked":"Coolheaded+1","floor":47},{"not_picked":["Go for the Eyes+1","Coolheaded","Steam+1","Stack+1"],"picked":"SKIP","floor":47}],"player_experience":53108,"relics_obtained":[{"floor":7.0,"key":"MealTicket"},{"floor":9.0,"key":"Nunchaku"},{"floor":12.0,"key":"Molten Egg 2"},{"floor":23,"key":"Centennial Puzzle"},{"floor":26,"key":"Matryoshka"},{"floor":38,"key":"Prayer Wheel"},{"floor":41,"key":"Question Card"},{"floor":43,"key":"Oddly Smooth Stone"},{"floor":43,"key":"Smiling Mask"},{"floor":46,"key":"Gremlin Horn"},{"floor":46,"key":"Bag of Marbles"}],"event_choices":[{"damage_healed":0.0,"max_hp_gain":0.0,"max_hp_loss":0.0,"gold_gain":0.0,"event_name":"Liars Game","player_choice":"Ignored","floor":4.0,"gold_loss":0.0,"damage_taken":0.0},{"damage_healed":0.0,"max_hp_gain":0.0,"max_hp_loss":0.0,"gold_gain":0.0,"event_name":"Accursed Blacksmith","player_choice":"Forge","floor":5.0,"gold_loss":0.0,"damage_taken":0.0,"cards_upgraded":["Static Discharge"]},{"damage_healed":0.0,"max_hp_gain":0.0,"max_hp_loss":0.0,"gold_gain":30.0,"event_name":"Dead Adventurer","player_choice":"Searched \u00273\u0027 times","floor":7.0,"gold_loss":0.0,"damage_taken":0.0},{"damage_healed":0,"gold_gain":0,"player_choice":"Copied","damage_taken":0,"max_hp_gain":0,"max_hp_loss":0,"event_name":"Duplicator","floor":19,"gold_loss":0,"cards_obtained":["Reboot"]},{"damage_healed":0,"gold_gain":0,"player_choice":"Fight","damage_taken":0,"max_hp_gain":0,"max_hp_loss":0,"event_name":"Mysterious Sphere","floor":38,"gold_loss":0},{"damage_healed":0,"gold_gain":0,"player_choice":"Ignored","damage_taken":0,"max_hp_gain":0,"max_hp_loss":0,"event_name":"Tomb of Lord Red Mask","floor":44,"gold_loss":0},{"damage_healed":0,"gold_gain":0,"cards_transformed":["Defend_B"],"player_choice":"Transformed","damage_taken":0,"max_hp_gain":0,"max_hp_loss":0,"event_name":"Transmorgrifier","floor":48,"gold_loss":0,"cards_obtained":["Fission"]}],"is_beta":false,"boss_relics":[{"not_picked":["Coffee Dripper","Cursed Key"],"picked":"Inserter"},{"not_picked":["Runic Pyramid","Tiny House"],"picked":"Nuclear Battery"}],"items_purged_floors":[3,10,27,29,31,36,45],"is_endless":false,"potions_floor_spawned":[2,6,8,11,13,14,20,22,28,30,33,35,37,38,39,41,42,47],"ascension_level":0}}