{"host":"prxrhpgaxnj4om9r","time":1613794593,"event":{"mods":["AchievementEnabler","BaseMod","Colored Map","DeckTracker","Minty Spire (QoL Compilation)"],"gold_per_floor":[112,112,62,62,77,106,117,117,187,213,227,246,260,294,294,393,393,367,367,59,59,6,6,6,6],"floor_reached":24,"language":"KOR","playtime":829,"items_purged":[],"score":239,"play_id":"0e9575c7-c37c-4006-bf2b-0a7e8f67f095","local_time":"20210220131633","is_ascension_mode":false,"campfire_choices":[{"data":"Zap","floor":8,"key":"SMITH"},{"floor":15,"key":"REST"},{"floor":23,"key":"REST"}],"circlet_count":0,"master_deck":["Zap+1","Dualcast","Turbo","Double Energy","Static Discharge","Doom and Gloom","Hologram","White Noise","Blizzard","Genetic Algorithm","Consume","Capacitor","Streamline","Buffer","Defragment","Capacitor","Buffer","All For One","Barrage","FTL","Sweeping Beam","Gash+1","Shame","Cold Snap+1","Leap+1"],"relics":["Cracked Core","NeowsBlessing","Strawberry","Bottled Flame","Torii","Dream Catcher","Pandora\u0027s Box","Nilry\u0027s Codex","Molten Egg 2","Art of War"],"acts_visited":["Exordium","TheCity"],"potions_floor_usage":[13,14,16,20,24],"damage_taken":[{"damage":0,"enemies":"Jaw Worm","floor":1,"turns":1},{"damage":0,"enemies":"2 Louse","floor":5,"turns":1},{"damage":0,"enemies":"Lagavulin","floor":6,"turns":1},{"damage":0,"enemies":"Small Slimes","floor":7,"turns":3},{"damage":14,"enemies":"3 Sentries","floor":10,"turns":4},{"damage":9,"enemies":"2 Fungi Beasts","floor":11,"turns":2},{"damage":14,"enemies":"Red Slaver","floor":12,"turns":3},{"damage":11,"enemies":"Large Slime","floor":13,"turns":3},{"damage":26,"enemies":"Lagavulin","floor":14,"turns":6},{"damage":28,"enemies":"The Guardian","floor":16,"turns":8},{"damage":32,"enemies":"2 Thieves","floor":18,"turns":5},{"damage":74,"enemies":"Slavers","floor":24,"turns":3}],"seed_played":"5315981167148734680","potions_obtained":[{"floor":10,"key":"Ancient Potion"},{"floor":11,"key":"Swift Potion"},{"floor":13,"key":"LiquidMemories"},{"floor":14,"key":"GamblersBrew"},{"floor":16,"key":"Fruit Juice"}],"is_trial":false,"path_per_floor":["M","?","?","$","M","E","M","R","T","E","M","M","M","E","R","B",null,"M","?","$","?","$","R","E"],"character_chosen":"DEFECT","items_purchased":["Molten Egg 2","Gash+1","Cold Snap+1"],"campfire_rested":2,"item_purchase_floors":[20,20,22],"current_hp_per_floor":[75,75,75,75,75,82,82,82,82,68,59,45,34,8,32,4,82,50,34,39,39,39,65,0,0],"gold":6,"neow_bonus":"THREE_ENEMY_KILL","is_daily":false,"chose_seed":false,"campfire_upgraded":1,"win_rate":0.0,"timestamp":1613794593,"path_taken":["M","?","?","$","M","E","M","R","T","E","M","M","M","E","R","BOSS","M","?","$","?","$","R","E"],"items_purchased_type":["Relic","Card","Card"],"build_version":"2020-12-22","purchased_purges":0,"victory":false,"max_hp_per_floor":[75,75,75,75,75,82,82,82,82,82,82,82,82,82,82,82,82,82,82,87,87,87,87,87,87],"card_choices":[{"not_picked":["Blizzard","Compile Driver"],"picked":"Turbo","floor":1},{"not_picked":["Leap","Double Energy"],"picked":"Static Discharge","floor":5},{"not_picked":["Compile Driver","Undo"],"picked":"Doom and Gloom","floor":6},{"not_picked":["Heatsinks","Steam"],"picked":"Hologram","floor":7},{"not_picked":["Glacier","Streamline"],"picked":"White Noise","floor":10},{"not_picked":["Hello World","Heatsinks"],"picked":"Blizzard","floor":11},{"not_picked":["Buffer","Turbo"],"picked":"Genetic Algorithm","floor":12},{"not_picked":["Reprogram","Hologram"],"picked":"Consume","floor":13},{"not_picked":["Coolheaded","Recycle"],"picked":"Capacitor","floor":14},{"not_picked":["Steam","Coolheaded"],"picked":"Streamline","floor":15},{"not_picked":["Meteor Strike","Biased Cognition"],"picked":"Buffer","floor":16},{"not_picked":["Tempest","Stack"],"picked":"Sweeping Beam","floor":18},{"not_picked":["Conserve Battery","Blizzard+1"],"picked":"Leap+1","floor":23}],"player_experience":548920,"relics_obtained":[{"floor":6,"key":"Strawberry"},{"floor":9,"key":"Bottled Flame"},{"floor":10,"key":"Torii"},{"floor":14,"key":"Dream Catcher"},{"floor":19,"key":"Nilry\u0027s Codex"}],"event_choices":[{"damage_healed":0,"gold_gain":0,"cards_transformed":["Defend_B"],"player_choice":"Change","damage_taken":0,"max_hp_gain":0,"max_hp_loss":0,"event_name":"Living Wall","floor":2,"gold_loss":0,"cards_obtained":["Double Energy"]},{"cards_removed":["Defend_B"],"damage_healed":0,"gold_gain":0,"player_choice":"Card Removal","damage_taken":0,"max_hp_gain":0,"max_hp_loss":0,"event_name":"The Cleric","floor":3,"gold_loss":50},{"damage_healed":0,"gold_gain":0,"player_choice":"Obtained Book","damage_taken":16,"max_hp_gain":0,"max_hp_loss":0,"event_name":"Cursed Tome","floor":19,"gold_loss":0},{"damage_healed":0,"gold_gain":0,"player_choice":"Stole Relic","damage_taken":0,"relics_obtained":["Art of War"],"max_hp_gain":0,"max_hp_loss":0,"event_name":"Addict","floor":21,"gold_loss":0,"cards_obtained":["Shame"]}],"is_beta":false,"boss_relics":[{"not_picked":["Astrolabe","Tiny House"],"picked":"Pandora\u0027s Box"}],"items_purged_floors":[],"is_endless":false,"potions_floor_spawned":[10,11,13,14,16],"killed_by":"Slavers","ascension_level":0}}