{"host":"en4narc5947t7k9n","time":1613815821,"event":{"mods":["AchievementEnabler","BaseMod","Colored Map","Minty Spire (QoL Compilation)","SuperFastMode"],"gold_per_floor":[111,111,111,129,129,129,164,177,203,217,27,27,27],"floor_reached":12,"language":"KOR","playtime":451,"items_purged":[],"score":78,"play_id":"99c55cf8-b189-4041-87d2-5d00b64b33cb","local_time":"20210220191021","is_ascension_mode":false,"campfire_choices":[{"floor":6,"key":"RECALL"}],"circlet_count":0,"master_deck":["Strike_B+1","Strike_B","Strike_B","Strike_B+1","Defend_B","Defend_B","Defend_B","Defend_B","Zap+1","Dualcast","Redo","Sweeping Beam","Ball Lightning","Echo Form","Self Repair","Electrodynamics"],"relics":["Cracked Core","Whetstone","Membership Card"],"acts_visited":["Exordium"],"potions_floor_usage":[10,12],"damage_taken":[{"damage":1,"enemies":"2 Louse","floor":1,"turns":3},{"damage":1,"enemies":"Jaw Worm","floor":4,"turns":4},{"damage":41,"enemies":"3 Sentries","floor":7,"turns":6},{"damage":6,"enemies":"Cultist","floor":8,"turns":3},{"damage":16,"enemies":"Lots of Slimes","floor":10,"turns":3},{"damage":23,"enemies":"Gremlin Nob","floor":12,"turns":3}],"seed_played":"7851368675190251425","potions_obtained":[{"floor":4,"key":"Energy Potion"},{"floor":7,"key":"ColorlessPotion"},{"floor":10,"key":"FocusPotion"}],"is_trial":false,"path_per_floor":["M","$","?","M","?","R","E","M","T","M","$","E"],"character_chosen":"DEFECT","items_purchased":["Membership Card","Electrodynamics"],"campfire_rested":0,"item_purchase_floors":[11,11],"current_hp_per_floor":[81,81,86,85,85,85,44,38,38,22,22,0,0],"gold":27,"neow_bonus":"TEN_PERCENT_HP_BONUS","is_daily":false,"chose_seed":false,"campfire_upgraded":0,"win_rate":0.0,"timestamp":1613815821,"path_taken":["M","$","?","M","?","R","E","M","T","M","$","E"],"items_purchased_type":["Relic","Card"],"build_version":"2020-12-22","purchased_purges":0,"victory":false,"max_hp_per_floor":[82,82,87,87,87,87,87,87,87,87,87,87,87],"card_choices":[{"not_picked":["Barrage","Streamline"],"picked":"Redo","floor":1},{"not_picked":["Compile Driver","Go for the Eyes"],"picked":"Sweeping Beam","floor":4},{"not_picked":["Streamline","Cold Snap"],"picked":"Ball Lightning","floor":7},{"not_picked":["Stack","Ball Lightning"],"picked":"Echo Form","floor":8},{"not_picked":["Glacier","Reinforced Body"],"picked":"Self Repair","floor":10}],"player_experience":102439,"relics_obtained":[{"floor":7,"key":"Whetstone"}],"event_choices":[{"damage_healed":0,"gold_gain":0,"player_choice":"Donut","damage_taken":0,"max_hp_gain":5,"max_hp_loss":0,"event_name":"Big Fish","floor":3,"gold_loss":0},{"damage_healed":0,"gold_gain":0,"player_choice":"Grow","damage_taken":0,"max_hp_gain":0,"max_hp_loss":0,"event_name":"Living Wall","floor":5,"gold_loss":0,"cards_upgraded":["Zap"]}],"is_beta":false,"boss_relics":[],"items_purged_floors":[],"is_endless":false,"potions_floor_spawned":[4,7,10],"killed_by":"Gremlin Nob","ascension_level":0}}