{"host":"as7albp2mcgkylj3","time":1613842148,"event":{"mods":["2.2 Compatiblity","AchievementEnabler","BaseMod","Colored Map","DeckTracker","Downfall","Googly Eyes","Highlight Path","Minty Spire (QoL Compilation)","Replay The Spire","StSLib","SuperFastMode"],"gold_per_floor":[99,117,137,5,18,29,54,88,88,105,15,15,15,32,45,141,141,141,154,154,174,59,87,138,123,123,123,123,123],"floor_reached":27,"language":"ITA","playtime":2875,"items_purged":["Parasite","downfall:Malfunctioning"],"score":215,"play_id":"d74719c4-f84a-4cfa-9d79-9c0f1336914d","local_time":"20210220182908","is_ascension_mode":false,"campfire_choices":[{"data":"hexamod:Float","floor":1.0,"key":"SMITH"},{"data":"hexamod:TimeOfNeed","floor":13.0,"key":"SMITH"},{"data":"hexamod:HexaLevel","floor":18.0,"key":"SMITH"},{"floor":26,"key":"REST"}],"circlet_count":0,"master_deck":["hexamod:Strike","hexamod:Strike","hexamod:Strike","hexamod:Defend+1","hexamod:Defend","hexamod:Defend","hexamod:Defend","hexamod:Float+1","hexamod:SkipABeat+1","hexamod:InspiringFlames","hexamod:FirstSeal","hexamod:ThirdSeal","hexamod:InspiringFlames+1","hexamod:FourthSeal","hexamod:HauntingEcho","hexamod:CatchUp+1","hexamod:TimeOfNeed+1","hexamod:StepThrough","hexamod:ShieldOfDarkness","hexamod:HexaLevel+1","hexamod:TimeOfNeed","hexamod:HauntingEcho+1","hexamod:DynamicBlow+1","hexamod:SecondSeal","hexamod:BacktrackSmack+1","hexamod:SixthSeal"],"relics":["hexamod:SpiritBrand","ReplayTheSpireMod:TigerMarble","Empty Cage","downfall:RedIOU","Nunchaku"],"acts_visited":["Exordium","TheCity"],"potions_floor_usage":[25,25,25,27],"damage_taken":[{"damage":0.0,"enemies":"Cultist","floor":2.0,"turns":4.0},{"damage":2.0,"enemies":"2 Louse","floor":3.0,"turns":3.0},{"damage":0.0,"enemies":"downfall:FleeingMerchant","floor":4.0,"turns":4.0},{"damage":0.0,"enemies":"Small Slimes","floor":5.0,"turns":4.0},{"damage":5.0,"enemies":"Exordium Thugs","floor":6.0,"turns":4.0},{"damage":61.0,"enemies":"Gremlin Nob","floor":8.0,"turns":7.0},{"damage":17.0,"enemies":"Lots of Slimes","floor":10.0,"turns":5.0},{"damage":0.0,"enemies":"downfall:FleeingMerchant","floor":11.0,"turns":4.0},{"damage":0.0,"enemies":"downfall:LooterAlt","floor":14.0,"turns":3.0},{"damage":3.0,"enemies":"Large Slime","floor":15.0,"turns":6.0},{"damage":29.0,"enemies":"DF_ARCHETYPE_STREAMLINE","floor":16.0,"turns":13.0},{"damage":24.0,"enemies":"downfall:LooterAlt2","floor":19.0,"turns":7.0},{"damage":11.0,"enemies":"Shell Parasite","floor":21.0,"turns":7.0},{"damage":10.0,"enemies":"downfall:FleeingMerchant","floor":22.0,"turns":4.0},{"damage":48.0,"enemies":"Cultist and Chosen","floor":23.0,"turns":9.0},{"damage":3,"enemies":"downfall:FleeingMerchant","floor":25,"turns":4},{"damage":36,"enemies":"3 Cultists","floor":27,"turns":5}],"seed_played":"2487201543530226504","potions_obtained":[{"floor":3.0,"key":"hexamod:DoubleChargePotion"},{"floor":5.0,"key":"AttackPotion"},{"floor":8.0,"key":"SkillPotion"},{"floor":10.0,"key":"hexamod:DoubleChargePotion"},{"floor":10.0,"key":"Block Potion"},{"floor":23,"key":"PowerPotion"},{"floor":25,"key":"AttackPotion"}],"is_trial":false,"path_per_floor":["R","M","M","$","M","M","T","E","?","M","$","?","R","M","M","B",null,"R","M","?","M","$","M","T","$","R","M"],"character_chosen":"THE_SPIRIT","items_purchased":["hexamod:ThirdSeal","hexamod:InspiringFlames+1"],"campfire_rested":1,"item_purchase_floors":[4,4],"current_hp_per_floor":[77,77,75,75,77,77,77,23,42,32,39,39,39,39,43,14,74,74,57,57,53,50,9,9,13,35,0,0,0],"gold":123,"neow_bonus":"TEN_PERCENT_HP_BONUS","is_daily":false,"chose_seed":false,"campfire_upgraded":3,"win_rate":0.0,"timestamp":1613842148,"path_taken":["R","M","M","$","M","?","T","E","?","M","$","?","R","M","M","BOSS","R","M","?","M","?","?","T","$","R","M"],"items_purchased_type":["Card","Card"],"build_version":"2020-12-22","purchased_purges":2,"victory":false,"max_hp_per_floor":[77,77,77,77,77,77,77,77,77,77,74,74,74,74,74,74,74,74,74,74,74,74,74,74,74,74,74,74,74],"card_choices":[{"not_picked":["hexamod:ThermalTransfer","hexamod:BurningTouch"],"picked":"hexamod:SkipABeat","floor":2.0},{"not_picked":["hexamod:ShieldOfDarkness","hexamod:GhostLash"],"picked":"hexamod:InspiringFlames","floor":3.0},{"not_picked":["hexamod:Hexaguard","hexamod:ExtraCrispy"],"picked":"hexamod:FirstSeal","floor":4.0},{"not_picked":["hexamod:SwordOfDarkness","hexamod:WildfireWeapon"],"picked":"hexamod:FourthSeal","floor":5.0},{"not_picked":["hexamod:Firestarter","hexamod:SpectralAdrenaline","hexamod:GhostLash"],"picked":"SKIP","floor":5.0},{"not_picked":["hexamod:ThermalTransfer","hexamod:SpectersWail"],"picked":"hexamod:HauntingEcho","floor":6.0},{"not_picked":["hexamod:RetreatToShadows","hexamod:HeatMetal","hexamod:GhostShield"],"picked":"SKIP","floor":6.0},{"not_picked":["hexamod:BurningTouch","hexamod:DynamicBlow"],"picked":"hexamod:CatchUp","floor":8.0},{"not_picked":["hexamod:GhostShield","hexamod:SkipABeat","hexamod:HeatMetal"],"picked":"SKIP","floor":8.0},{"not_picked":["hexamod:Firestarter","hexamod:BurningTouch","hexamod:HauntingEcho"],"picked":"SKIP","floor":10.0},{"not_picked":["hexamod:Firestarter","hexamod:NightmareStrike"],"picked":"hexamod:TimeOfNeed","floor":11.0},{"not_picked":["hexamod:InspiringFlames","hexamod:Incineration","hexamod:SwordOfDarkness"],"picked":"SKIP","floor":11.0},{"not_picked":["hexamod:HauntingEcho","hexamod:NightmareGuise"],"picked":"hexamod:StepThrough","floor":14.0},{"not_picked":["hexamod:GhostOfSpirePast","hexamod:Hexaguard"],"picked":"hexamod:ShieldOfDarkness","floor":15.0},{"not_picked":["hexamod:AdvancingGuard","hexamod:InspiringFlames","hexamod:NightmareStrike"],"picked":"SKIP","floor":15.0},{"not_picked":["hexamod:ParanormalForm","hexamod:UnleashSpirits"],"picked":"hexamod:HexaLevel","floor":16.0},{"not_picked":["hexamod:UnlimitedPower","hexamod:WildfireWeapon"],"picked":"hexamod:TimeOfNeed","floor":16.0},{"not_picked":["hexamod:HeatMetal+1","hexamod:RecurringNightmare"],"picked":"hexamod:HauntingEcho+1","floor":19.0},{"not_picked":["hexamod:Rewind+1","hexamod:ThermalTransfer"],"picked":"hexamod:DynamicBlow+1","floor":21.0},{"not_picked":["hexamod:ShieldOfDarkness+1","hexamod:NightmareStrike+1"],"picked":"hexamod:SecondSeal","floor":21.0},{"not_picked":["hexamod:SoulSteal+1","hexamod:InspiringFlames+1","hexamod:SpectralAdrenaline"],"picked":"SKIP","floor":22.0},{"not_picked":["hexamod:ShieldOfDarkness","hexamod:FourthSeal"],"picked":"hexamod:BacktrackSmack+1","floor":23},{"not_picked":["hexamod:BurningTouch","hexamod:EmpoweredFlame+1"],"picked":"hexamod:SixthSeal","floor":25},{"not_picked":["hexamod:HauntingEcho","hexamod:NightmareGuise","hexamod:SecondSeal"],"picked":"SKIP","floor":25}],"player_experience":506253,"relics_obtained":[{"floor":7.0,"key":"Replay:Rubber Ducky"},{"floor":8.0,"key":"ReplayTheSpireMod:TigerMarble"},{"floor":24,"key":"Nunchaku"}],"event_choices":[{"damage_healed":19.0,"max_hp_gain":0.0,"max_hp_loss":0.0,"gold_gain":0.0,"event_name":"Mushrooms","player_choice":"Healed and dodged fight","floor":9.0,"gold_loss":0.0,"damage_taken":0.0,"cards_obtained":["Parasite"]}],"is_beta":false,"boss_relics":[{"not_picked":["Black Star","Calling Bell"],"picked":"Empty Cage"}],"items_purged_floors":[11,22],"is_endless":false,"potions_floor_spawned":[3,5,8,10,16,19,23],"killed_by":"3 Cultists","ascension_level":0}}