{"host":"1lxw72ckkilnkgp7","time":1613834880,"event":{"mods":["ATMod(阿瑾Mod)","BaseMod","BetterRewards","Custom Start","Marisa（F雨　魔理沙）","Minty Spire (QoL Compilation)","Quick Restart","Replay The Spire","Shop Mod","StSLib","The Servant 0.9.4","[IsaacMod]以撒尖塔","[功能]功能增强和修复MOD","【功能Mod】聪明的最终Boss"],"gold_per_floor":[28,28,28,48,48,73,73,103,103,135,135,162,196,66,66,601,601,633,385,385,304,336,336,336,336,359,359,387,138,58,91,103,685,697,709,751,763,775,787,799,811,823,835,847,859,871,685,685,685,694,335,335,335,374,424,504,504,504],"floor_reached":57,"language":"ZHS","playtime":4175,"items_purged":["BlazingStar+1","AsteroidBelt+1"],"score":3489,"play_id":"f20633eb-b412-4498-b158-7cc43a45876d","local_time":"20210220232800","daily_mods":["Heirloom","Flight","DeadlyEvents"],"is_ascension_mode":true,"campfire_choices":[{"floor":7.0,"key":"RECALL"},{"data":"1","floor":15,"key":"LIFT"},{"data":"2","floor":27,"key":"LIFT"},{"floor":32,"key":"DIG"},{"data":"3","floor":46,"key":"LIFT"},{"floor":50,"key":"REST"}],"circlet_count":0,"master_deck":["GasGiant+1","EscapeVelocity+1","MillisecondPulsars+1","Acceleration+1","ShootTheMoon+1","DoubleSpark+1","FinalSpark+1","Embodiment+1","TheWorld+1","Ghostly+1","Ghostly+1","Enlightenment+1","Madness+1","AT_EssenceShift+1","Feel No Pain+1","Evolve+1","Parasite","Parasite","EnergyFlow+1","TreasureHunter+1","CurseOfTheBell","TreasureHunter+1","IllusionStar+1","ShootingEcho+1","DarkMatter+1"],"relics":["MiniHakkero","HushsDoor","AT_ATBox","replay:Trail_Library","BelialBook","Girya","Ice Cream","AT_SeraphEmbrace","AT_Manta","Byrd Skull","PocketWatch","Runic Pyramid","Quantum Egg","AT_BellowingDragoncrestRing","Bag of Preparation","BewitchedHakkero","Mummified Hand","ReplayTheSpireMod:Ninjato","Sozu","EctoplasmExtend","Electric Blood","TungstenRod","MoneyPower","ChampionBelt","Medical Kit","Calipers","AT_SilvercatRing","Replay:Towering Pillar of Hats","Golden Egg","AT_BellowingDragoncrestRing","AT_SpeedBoots","War Paint","Molten Egg 2","BookofShadows","BFFS","ShroomBag","BloodDonationMachine","TheBattery","ForgetMeNow","Ginger","Calling Bell","ReplayTheSpireMod:Lightbulb","DeadEye","Replay:Kaleidoscope","Replay:Rubber Ducky","AT_BellDemon","DollysMirror","Omamori","PreservedInsect","AmplifyWand","Singing Bowl","Bronze Scales","Replay:Ringing Soul","HornCleat","BookOfRevelations","AT_ChloranthyRing","Toy Ornithopter","Onion Ring","White Beast Statue","CeramicFish","SimpleLauncher","Dream Catcher","ClockworkSouvenir","Pet Ghost","MawBank","Bag of Marbles","Damocles","Nunchaku","Gambling Chip","Gremlin Food","Blood Vial","ChampionBelt","AT_BladeRuinedKing","Regal Pillow","StoneCalendar","Replay:PocketPolymizer","Smiling Mask","Toxic Egg 2","AT_LudenTempest","Shuriken","TheBible","Replay:Bottled Steam","Whetstone","BargainBundle","Anchor","Happy Flower","Centennial Puzzle","Vajra","DoctorsRemote","Mirror","Lee\u0027s Waffle","Pear","Chameleon Ring","Thread and Needle","Strawberry","Blue Doll","Replay:Bandana","Art of War","Replay:Baseball","UnicornStump"],"acts_visited":["Exordium","TheCity","TheBeyond"],"potions_floor_usage":[],"damage_taken":[{"damage":0.0,"enemies":"Gremlin Nob","floor":1.0,"turns":1.0},{"damage":0.0,"enemies":"2 Louse","floor":4.0,"turns":1.0},{"damage":0.0,"enemies":"Lagavulin","floor":6.0,"turns":1.0},{"damage":1.0,"enemies":"Replay:BlueRogue","floor":8.0,"turns":2.0},{"damage":0.0,"enemies":"3 Sentries","floor":10.0,"turns":1.0},{"damage":0.0,"enemies":"Lagavulin","floor":11.0,"turns":1.0},{"damage":0,"enemies":"Lagavulin","floor":12,"turns":1},{"damage":0,"enemies":"Replay:BlueRogue","floor":13,"turns":1},{"damage":0,"enemies":"Hexaghost","floor":16,"turns":1},{"damage":3,"enemies":"Gremlin Leader","floor":18,"turns":1},{"damage":0,"enemies":"Replay:Snechameleon","floor":22,"turns":1},{"damage":0,"enemies":"Gremlin Leader","floor":23,"turns":1},{"damage":0,"enemies":"Slavers","floor":25,"turns":2},{"damage":1,"enemies":"Gremlin Leader","floor":28,"turns":1},{"damage":1,"enemies":"Book of Stabbing","floor":31,"turns":1},{"damage":0,"enemies":"Collector","floor":33,"turns":1},{"damage":0,"enemies":"Nemesis","floor":35,"turns":1},{"damage":0,"enemies":"Reptomancer","floor":36,"turns":1},{"damage":0,"enemies":"R_Hoarder","floor":44,"turns":1},{"damage":0,"enemies":"Reptomancer","floor":48,"turns":1},{"damage":0,"enemies":"R_Hoarder","floor":52,"turns":1},{"damage":0,"enemies":"Reptomancer","floor":54,"turns":1},{"damage":0,"enemies":"Delirium","floor":56,"turns":2},{"damage":0,"enemies":"Delirium","floor":57,"turns":1}],"seed_played":"-4269518434973039198","potions_obtained":[],"is_trial":true,"path_per_floor":["M","$","$","M","?","E","R","E","T","E","M","E","E","$","R","B",null,"M","$","?","$","E","E","?","E","T","R","E","$","$","E","R","B",null,"M","M","?","PTL","PTL","PTL","PTL","PTL","PTL","E","?","R","$","M","T","R","$","E","$","M","R","B","B"],"character_chosen":"MARISA","items_purchased":["TheBattery","EnergyFlow","AT_BellDemon","DollysMirror","Omamori","PreservedInsect","SimpleLauncher","Dream Catcher","ClockworkSouvenir","BargainBundle","Anchor","Lee\u0027s Waffle","Pear","Chameleon Ring"],"campfire_rested":1,"item_purchase_floors":[14,14,19,19,19,21,29,29,30,47,47,51,51,51],"current_hp_per_floor":[63,63,63,63,63,63,63,62,62,62,62,62,62,62,62,66,69,70,70,70,70,72,75,75,77,77,80,82,82,82,84,84,94,94,96,98,98,98,98,98,98,98,98,100,110,110,110,112,112,117,134,143,143,145,145,145,145,145],"gold":504,"neow_bonus":"","is_daily":false,"chose_seed":false,"campfire_upgraded":0,"win_rate":0.0,"timestamp":1613834880,"path_taken":["M","$","$","M","?","E","R","E","T","E","M","E","E","$","R","BOSS","M","?","?","$","?","E","?","E","T","R","E","?","$","?","R","BOSS","M","M","?","PTL","PTL","PTL","PTL","PTL","PTL","?","?","R","$","?","T","R","$","?","?","?","R","BOSS","BOSS"],"items_purchased_type":["Relic","Card","Relic","Relic","Relic","Relic","Relic","Relic","Relic","Relic","Relic","Relic","Relic","Relic"],"build_version":"2020-12-22","purchased_purges":2,"victory":false,"max_hp_per_floor":[70,70,70,70,70,70,70,70,70,70,70,70,70,70,70,70,70,70,70,70,70,72,75,75,77,77,80,82,82,82,84,84,94,94,96,98,98,98,98,98,98,98,98,100,110,110,110,112,112,117,134,143,143,145,145,145,145,145],"card_choices":[{"not_picked":[],"picked":"BettingIsNotGood","floor":0.0},{"not_picked":["WitchLeyline","PulseMagic","DoubleSpark"],"picked":"SKIP","floor":1.0},{"not_picked":["AsteroidBelt","GalacticHalo","Singularity"],"picked":"SKIP","floor":4.0},{"not_picked":["GrandCross","EarthLightRay","SporeBomb"],"picked":"SKIP","floor":4.0},{"not_picked":["BigCrunch","SporeBomb","OpenUniverse"],"picked":"SKIP","floor":4.0},{"not_picked":["BlazeAway","OrrerysSun","NonDirectionalLaser"],"picked":"SKIP","floor":6.0},{"not_picked":["DarkSpark","IllusionStar","NonDirectionalLaser"],"picked":"SKIP","floor":8.0},{"not_picked":["AsteroidBelt","MeteoricShower+1","MachineGunSpark+1"],"picked":"SKIP","floor":10.0},{"not_picked":["EarthLightRay","DarkMatter","DC+1"],"picked":"SKIP","floor":11},{"not_picked":["MagicChant","FinalSpark+1","IllusionStar"],"picked":"SKIP","floor":12},{"not_picked":["SporeBomb","ManaConvection","DarkMatter"],"picked":"SKIP","floor":13},{"not_picked":["StarDustReverie","ManaRampage"],"picked":"TreasureHunter+1","floor":16},{"not_picked":["OrrerysSun","RefractionSpark+1","MeteoricShower+1"],"picked":"SKIP","floor":18},{"not_picked":["MysteriousBeam+1","AlicesGift+1","WitchOfGreed"],"picked":"Singing Bowl","floor":22},{"not_picked":["GrandCross+1","NonDirectionalLaser+1"],"picked":"IllusionStar","floor":23},{"not_picked":["EarthLightRay+1","GravityBeat+1","GrandCross+1"],"picked":"Singing Bowl","floor":25},{"not_picked":["EnergyFlow","RefractionSpark+1","MachineGunSpark+1"],"picked":"Singing Bowl","floor":28},{"not_picked":["BlazeAway","DragonMeteor+1","EarthLightRay"],"picked":"Singing Bowl","floor":31},{"not_picked":["TreasureHunter+1","UltimateShortwave","StarDustReverie"],"picked":"Singing Bowl","floor":33},{"not_picked":["EscapeVelocity","BinaryStars","ManaRampage"],"picked":"Singing Bowl","floor":33},{"not_picked":["TreasureHunter+1","SatelliteIllusion","BinaryStars"],"picked":"Singing Bowl","floor":33},{"not_picked":["StarDustReverie","ManaRampage","BigCrunch"],"picked":"Singing Bowl","floor":33},{"not_picked":["ManaRampage","JA+1","UltimateShortwave"],"picked":"Singing Bowl","floor":33},{"not_picked":["NonDirectionalLaser+1","GrandCross+1","GasGiant"],"picked":"Singing Bowl","floor":35},{"not_picked":["ShootingEcho+1","WitchOfGreed+1","UnstableBomb+1"],"picked":"Singing Bowl","floor":36},{"not_picked":["SuperNova","MysteriousBeam+1","GrandCross+1"],"picked":"Singing Bowl","floor":44},{"not_picked":["SporeBomb+1","UnstableBomb+1","AbsoluteMagnitude+1"],"picked":"Singing Bowl","floor":48},{"not_picked":["ChargingUp+1","GrandCross+1","Orbital+1"],"picked":"Singing Bowl","floor":50},{"not_picked":["MysteriousBeam+1","GravityBeat+1","MilkyWay+1"],"picked":"Singing Bowl","floor":52},{"not_picked":["DC+1","SuperPerseids+1","LuminesStrike+1"],"picked":"Singing Bowl","floor":54}],"player_experience":123099,"relics_obtained":[{"floor":6.0,"key":"AT_SpeedBoots"},{"floor":8.0,"key":"War Paint"},{"floor":9.0,"key":"Molten Egg 2"},{"floor":10.0,"key":"BookofShadows"},{"floor":11,"key":"BFFS"},{"floor":12,"key":"ShroomBag"},{"floor":13,"key":"BloodDonationMachine"},{"floor":16,"key":"ForgetMeNow"},{"floor":16,"key":"Ginger"},{"floor":17,"key":"ReplayTheSpireMod:Lightbulb"},{"floor":17,"key":"DeadEye"},{"floor":17,"key":"Replay:Kaleidoscope"},{"floor":18,"key":"Replay:Rubber Ducky"},{"floor":22,"key":"AmplifyWand"},{"floor":22,"key":"Singing Bowl"},{"floor":22,"key":"Bronze Scales"},{"floor":23,"key":"Replay:Ringing Soul"},{"floor":23,"key":"HornCleat"},{"floor":23,"key":"BookOfRevelations"},{"floor":25,"key":"AT_ChloranthyRing"},{"floor":25,"key":"Toy Ornithopter"},{"floor":25,"key":"Onion Ring"},{"floor":28,"key":"White Beast Statue"},{"floor":28,"key":"CeramicFish"},{"floor":31,"key":"Pet Ghost"},{"floor":31,"key":"MawBank"},{"floor":31,"key":"Bag of Marbles"},{"floor":32,"key":"Damocles"},{"floor":33,"key":"Nunchaku"},{"floor":33,"key":"Gambling Chip"},{"floor":33,"key":"Gremlin Food"},{"floor":33,"key":"Blood Vial"},{"floor":35,"key":"AT_BladeRuinedKing"},{"floor":35,"key":"Regal Pillow"},{"floor":35,"key":"StoneCalendar"},{"floor":35,"key":"Replay:PocketPolymizer"},{"floor":36,"key":"Smiling Mask"},{"floor":36,"key":"Toxic Egg 2"},{"floor":36,"key":"AT_LudenTempest"},{"floor":44,"key":"Shuriken"},{"floor":44,"key":"TheBible"},{"floor":44,"key":"Replay:Bottled Steam"},{"floor":44,"key":"Whetstone"},{"floor":48,"key":"Happy Flower"},{"floor":48,"key":"Centennial Puzzle"},{"floor":48,"key":"Vajra"},{"floor":48,"key":"DoctorsRemote"},{"floor":49,"key":"Mirror"},{"floor":52,"key":"Thread and Needle"},{"floor":52,"key":"Strawberry"},{"floor":52,"key":"Blue Doll"},{"floor":52,"key":"Replay:Bandana"},{"floor":54,"key":"Art of War"},{"floor":54,"key":"Replay:Baseball"},{"floor":54,"key":"UnicornStump"}],"event_choices":[{"cards_removed":["SuperNova"],"damage_healed":0.0,"max_hp_gain":0.0,"max_hp_loss":0.0,"gold_gain":0.0,"event_name":"Living Wall","player_choice":"Forget","floor":5.0,"gold_loss":0.0,"damage_taken":0.0},{"cards_removed":["Turbo"],"damage_healed":0,"gold_gain":0,"player_choice":"Elegance","damage_taken":0,"max_hp_gain":0,"max_hp_loss":0,"event_name":"Back to Basics","floor":20,"gold_loss":0},{"damage_healed":0,"gold_gain":0,"player_choice":"Ignored","damage_taken":0,"max_hp_gain":0,"max_hp_loss":0,"event_name":"Vampires","floor":24,"gold_loss":0},{"cards_removed":["CasketOfStar"],"damage_healed":0,"gold_gain":0,"player_choice":"Offered Rare","damage_taken":0,"max_hp_gain":10,"max_hp_loss":0,"event_name":"Bonfire Elementals","floor":45,"gold_loss":0},{"damage_healed":0,"gold_gain":50,"player_choice":"Pray","damage_taken":0,"max_hp_gain":0,"max_hp_loss":0,"event_name":"Golden Shrine","floor":55,"gold_loss":0}],"is_beta":false,"boss_relics":[{"not_picked":["Painkiller Herb","Velvet Choker"],"picked":"Calling Bell"},{"not_picked":[]},{"not_picked":["Pandora\u0027s Box","MagicMushroom"],"picked":"ChampionBelt"},{"not_picked":[]}],"items_purged_floors":[14,14],"is_endless":false,"potions_floor_spawned":[1,6,8,10,11,11,11,12,12,13,13,16,22,22,22,23,23,31,31,31,31,33,35,35,36,36,36,36,44,44,44,48,48,48,48,52,52,52,52,54],"killed_by":"Delirium","ascension_level":20}}