{"host":"je99lgdwtlinqp9h","time":1613854637,"event":{"mods":["Act Like it!","Arknights","BaseMod","Colored Map","HololiveMod","Minty Spire (QoL Compilation)","MostiFishMod","Reimu£®≤©¿ˆ¡È√Œ£©","Relic Stats","Replay The Spire","Shop Mod","Spicy Shops","StSLib","noobMod","°æ“≈ŒÔø®≈∆°øREMEMod"],"gold_per_floor":[116,116,116,116,131,131,160,160,184,184,184,184,184,213,213,349,349,389,437,352,352,393,436,436,479,479,529,529,727,727,761,761,891,891,939,977,1061,554,618,618,671,718,794,794,794,860,895,926,926,956],"floor_reached":51,"language":"ZHS","playtime":2608,"items_purged":["Defend_Lin:ReiMu"],"score":978,"play_id":"76125798-b9d2-46c1-a983-9219dfff5319","local_time":"20210221045717","is_ascension_mode":false,"campfire_choices":[{"data":"Stagnation:ReiMu","floor":6,"key":"SMITH"},{"data":"OrbThrow:ReiMu","floor":8,"key":"SMITH"},{"floor":10,"key":"REST"},{"data":"RainPray2:ReiMu","floor":12,"key":"SMITH"},{"floor":15,"key":"REST"},{"floor":24,"key":"REST"},{"data":"KamiRite:ReiMu","floor":28,"key":"SMITH"},{"data":"FantasyBorder:ReiMu","floor":30,"key":"SMITH"},{"data":"KamiRite:ReiMu","floor":32,"key":"SMITH"},{"floor":40,"key":"REST"},{"floor":44,"key":"REST"},{"data":"RainPray2:ReiMu","floor":49,"key":"SMITH"}],"circlet_count":0,"master_deck":["Strike_Lin:ReiMu","Strike_Lin:ReiMu","Strike_Lin:ReiMu","Strike_Lin:ReiMu","Defend_Lin:ReiMu","Defend_Lin:ReiMu","NB:ReiMu+1","Stagnation:ReiMu+1","OrbThrow:ReiMu+1","RainPray2:ReiMu+1","Revelation:ReiMu","AirStrike:ReiMu","SubAcupoint:ReiMu","KamiRite:ReiMu+1","InherentArray:ReiMu","TightArray:ReiMu+1","LearningPray:ReiMu+1","Conquer:ReiMu","AirStrike:ReiMu+1","FantasyBorder:ReiMu+1","DoubleButterfly:ReiMu","Enchanting:ReiMu","KamiRite:ReiMu+1","PrayRite:ReiMu","Gathering:ReiMu+1","RainPray2:ReiMu+1","AirStrike:ReiMu+1","Conquer:ReiMu","Conquer:ReiMu","PassingAway:ReiMu+1","PhosphorusFlame:ReiMu+1","CardOfSanctity:ReiMu","FantasyBorder:ReiMu","RainPray2:ReiMu+1","Free:ReiMu"],"relics":["FlyPower:ReiMu","DaveBox","REME_ComplimentaryCards","ice","Sling","SynthV:TestCard","Toy Ornithopter","Hololive_LightStick","Dream Catcher","Replay:Bandana","ChewingGum","Omamori","Mirror","Gremlin Horn","Simple Rune","FeatherPendant","ArrowTower","Bag of Marbles","HornCleat","Orichalcum","REME_LimitBreaker","Bag of Preparation"],"acts_visited":["Exordium","TheCity","TheBeyond"],"potions_floor_usage":[14,22,27,50],"damage_taken":[{"damage":6,"enemies":"Cultist","floor":1,"turns":5},{"damage":2,"enemies":"ats:Genji","floor":5,"turns":6},{"damage":23,"enemies":"Lagavulin","floor":7,"turns":11},{"damage":0,"enemies":"Small Slimes","floor":13,"turns":3},{"damage":0,"enemies":"Replay:BlueRogue","floor":14,"turns":3},{"damage":5,"enemies":"Hexaghost","floor":16,"turns":7},{"damage":0,"enemies":"Spheric Guardian","floor":18,"turns":3},{"damage":17,"enemies":"2 Thieves","floor":19,"turns":5},{"damage":21,"enemies":"Centurion and Healer","floor":22,"turns":8},{"damage":44,"enemies":"Slavers","floor":23,"turns":7},{"damage":0,"enemies":"Snecko","floor":25,"turns":3},{"damage":3,"enemies":"Gremlin Leader","floor":27,"turns":5},{"damage":17,"enemies":"Snake Plant","floor":31,"turns":3},{"damage":20,"enemies":"Automaton","floor":33,"turns":7},{"damage":30,"enemies":"3 Shapes","floor":35,"turns":1},{"damage":0,"enemies":"Orb Walker","floor":36,"turns":2},{"damage":4,"enemies":"Mind Bloom Boss Battle","floor":37,"turns":3},{"damage":0,"enemies":"Maw","floor":39,"turns":3},{"damage":0,"enemies":"Reptomancer","floor":41,"turns":1},{"damage":0,"enemies":"Writhing Mass","floor":42,"turns":1},{"damage":0,"enemies":"Giant Head","floor":46,"turns":2},{"damage":0,"enemies":"Spire Growth","floor":47,"turns":2},{"damage":0,"enemies":"4 Shapes","floor":48,"turns":1},{"damage":43,"enemies":"Time Eater","floor":50,"turns":7}],"seed_played":"-4882859453506722748","potions_obtained":[{"floor":5,"key":"GamblersBrew"},{"floor":7,"key":"Strength Potion"},{"floor":18,"key":"SneckoOil"},{"floor":23,"key":"BlessingOfTheForge"},{"floor":25,"key":"ColorlessPotion"},{"floor":35,"key":"FearPotion"},{"floor":47,"key":"PinkPotion:ReiMu"}],"is_trial":false,"path_per_floor":["M","$","?","?","M","R","E","R","T","R","?","R","M","E","R_BF","B",null,"M","M","?","?","M","E","R","M","T","E","R","?","R","M","R","B",null,"M","M","?","$","M","R","E","M","T","R","?","E","M","M","R","B",null],"character_chosen":"REIMU","items_purchased":["Conquer:ReiMu","Bag of Marbles","HornCleat"],"campfire_rested":5,"item_purchase_floors":[38,38,38],"current_hp_per_floor":[65,65,58,58,56,56,33,33,33,54,54,54,54,59,71,66,71,71,54,54,47,31,57,74,74,74,73,73,73,73,56,56,36,92,62,62,58,58,58,91,91,91,91,112,106,106,106,106,106,68],"gold":956,"neow_bonus":"TEN_PERCENT_HP_BONUS","is_daily":false,"chose_seed":false,"campfire_upgraded":7,"win_rate":0.0,"timestamp":1613854637,"path_taken":["M","?","?","?","M","R","E","R","T","R","?","R","M","E","R_BF","BOSS","M","?","?","?","?","E","R","M","T","E","R","?","R","M","R","BOSS","M","M","?","$","M","R","E","M","T","R","?","E","?","M","R","BOSS"],"items_purchased_type":["Card","Relic","Relic"],"build_version":"2020-12-22","purchased_purges":1,"victory":true,"max_hp_per_floor":[71,71,71,71,71,71,71,71,71,71,71,71,71,71,71,71,71,71,71,71,71,71,74,74,75,75,80,80,80,80,86,86,92,92,104,105,111,111,112,112,112,112,112,112,106,106,107,107,107,117],"relic_stats":{"Dream Catcher":5,"Gremlin Horn":[10,10],"counters":[24,99],"Bag of Preparation":[6],"Orichalcum":[18],"obtain_stats":[{"DaveBox":0,"Gremlin Horn":26,"ice":0,"Omamori":20,"Bag of Preparation":46,"Orichalcum":41,"REME_LimitBreaker":43,"Sling":0,"Hololive_LightStick":7,"Dream Catcher":9,"Replay:Bandana":14,"SynthV:TestCard":1,"HornCleat":38,"FeatherPendant":34,"ChewingGum":17,"Simple Rune":27,"Bag of Marbles":38,"FlyPower:ReiMu":0,"Mirror":23,"ArrowTower":37,"Toy Ornithopter":3,"REME_ComplimentaryCards":0},{"DaveBox":0,"Gremlin Horn":11,"ice":0,"Omamori":8,"Bag of Preparation":21,"Orichalcum":19,"REME_LimitBreaker":20,"Sling":0,"Hololive_LightStick":3,"Dream Catcher":3,"Replay:Bandana":5,"SynthV:TestCard":1,"HornCleat":17,"FeatherPendant":14,"ChewingGum":6,"Simple Rune":12,"Bag of Marbles":17,"FlyPower:ReiMu":0,"Mirror":10,"ArrowTower":17,"Toy Ornithopter":1,"REME_ComplimentaryCards":0},{"DaveBox":0,"Gremlin Horn":61,"ice":0,"Omamori":43,"Bag of Preparation":89,"Orichalcum":86,"REME_LimitBreaker":87,"Sling":0,"Hololive_LightStick":22,"Dream Catcher":22,"Replay:Bandana":28,"SynthV:TestCard":5,"HornCleat":82,"FeatherPendant":76,"ChewingGum":35,"Simple Rune":66,"Bag of Marbles":82,"FlyPower:ReiMu":0,"Mirror":58,"ArrowTower":82,"Toy Ornithopter":5,"REME_ComplimentaryCards":0}],"Toy Ornithopter":17},"card_choices":[{"not_picked":["EmergencyTakeOff:ReiMu","Meditation:ReiMu","OctopathBindingBorder2:ReiMu"],"picked":"SKIP","floor":1},{"not_picked":["YinYangSign:ReiMu","Gathering:ReiMu","FineLineFantasy:ReiMu","SubAcupoint:ReiMu","TakeOff:ReiMu"],"picked":"SKIP","floor":5},{"not_picked":["SpreadBorder2:ReiMu","YinYangSange:ReiMu","Intuition:ReiMu","FineLineFantasy:ReiMu"],"picked":"OrbThrow:ReiMu","floor":7},{"not_picked":["UniversalSpiritual:ReiMu","Conquer:ReiMu","FantasyBorder:ReiMu","YinYangSign:ReiMu"],"picked":"RainPray2:ReiMu","floor":10},{"not_picked":["AirStrike:ReiMu","CareerPray:ReiMu","OrbThrow:ReiMu","Intuition:ReiMu"],"picked":"Revelation:ReiMu","floor":13},{"not_picked":["BlastKick2:ReiMu","CareerPray:ReiMu","EmergencyTakeOff:ReiMu","SpreadBorder2:ReiMu"],"picked":"AirStrike:ReiMu","floor":14},{"not_picked":["SafetyPray:ReiMu","ShadowOfCrow2:ReiMu","SubcavityInstant:ReiMu","Dreaming2:ReiMu"],"picked":"SubAcupoint:ReiMu","floor":15},{"not_picked":["Shading:ReiMu","Determination:ReiMu","SubcavityFantasy:ReiMu","PrayRite:ReiMu"],"picked":"KamiRite:ReiMu","floor":16},{"not_picked":["EmergencyTakeOff:ReiMu","Intuition:ReiMu","TightArray:ReiMu","SafetyPray:ReiMu"],"picked":"InherentArray:ReiMu","floor":18},{"not_picked":["AirStrike:ReiMu","FoulBorder2:ReiMu","Conquer:ReiMu","EmergencyTakeOff:ReiMu"],"picked":"TightArray:ReiMu+1","floor":19},{"not_picked":["FantasyBorder:ReiMu","SubAcupoint:ReiMu","Intuition:ReiMu","TightArray:ReiMu"],"picked":"LearningPray:ReiMu+1","floor":22},{"not_picked":["TightArray:ReiMu","Enchanting:ReiMu","CareerPray:ReiMu","BlastKick2:ReiMu"],"picked":"Conquer:ReiMu","floor":23},{"not_picked":["TightArray:ReiMu+1","SubAcupoint:ReiMu","OctopathBindingBorder2:ReiMu","SafetyPray:ReiMu"],"picked":"AirStrike:ReiMu+1","floor":24},{"not_picked":["CareerPray:ReiMu+1","Intuition:ReiMu","SafetyPray:ReiMu","SpreadBorder2:ReiMu"],"picked":"FantasyBorder:ReiMu","floor":25},{"not_picked":["Revelation:ReiMu","KamiSacrifice:ReiMu","ForcedLanding:ReiMu","Conquer:ReiMu"],"picked":"DoubleButterfly:ReiMu","floor":27},{"not_picked":["TightArray:ReiMu","WonderfulDomain:ReiMu","OctopathBindingBorder2:ReiMu","PassingAway:ReiMu"],"picked":"Enchanting:ReiMu","floor":29},{"not_picked":["AirStrike:ReiMu","ShadowOfCrow2:ReiMu","EmergencyTakeOff:ReiMu+1","LovePray:ReiMu"],"picked":"KamiRite:ReiMu","floor":31},{"not_picked":["CeremonyResonance:ReiMu","Free:ReiMu","Dreaming:ReiMu","Shading:ReiMu"],"picked":"PrayRite:ReiMu","floor":33},{"not_picked":["AlertArray:ReiMu+1","UniversalSpiritual:ReiMu+1","SubcavityInstant:ReiMu+1","CareerPray:ReiMu"],"picked":"Gathering:ReiMu+1","floor":35},{"not_picked":["SpringWay:ReiMu+1","TightArray:ReiMu","Authority:ReiMu","Amulet:ReiMu"],"picked":"RainPray2:ReiMu+1","floor":36},{"not_picked":["Gathering:ReiMu","MountainWay:ReiMu","SpringWay:ReiMu+1","Amulet:ReiMu"],"picked":"AirStrike:ReiMu+1","floor":37},{"not_picked":["WonderfulDomain:ReiMu+1","Meditation:ReiMu","FantasyBorder:ReiMu","Dreaming2:ReiMu","FoulBorder2:ReiMu+1"],"picked":"SKIP","floor":39},{"not_picked":["TakeOff:ReiMu","AirStrike:ReiMu+1","EmergencyTakeOff:ReiMu+1","Amulet:ReiMu+1"],"picked":"PassingAway:ReiMu+1","floor":40},{"not_picked":["EmergencyTakeOff:ReiMu","ShadowOfCrow2:ReiMu","LearningPray:ReiMu","SubcavityInstant:ReiMu"],"picked":"PhosphorusFlame:ReiMu+1","floor":41},{"not_picked":["SubcavityInstant:ReiMu+1","CareerPray:ReiMu","Conquer:ReiMu","MountainWay:ReiMu+1"],"picked":"CardOfSanctity:ReiMu","floor":42},{"not_picked":["Conquer:ReiMu+1","CareerPray:ReiMu+1","AlertArray:ReiMu","AirStrike:ReiMu+1"],"picked":"FantasyBorder:ReiMu","floor":44},{"not_picked":["AlertArray:ReiMu","Revelation:ReiMu+1","SubAcupoint:ReiMu+1","Meditation:ReiMu+1","OrbThrow:ReiMu+1"],"picked":"SKIP","floor":46},{"not_picked":["KamiSacrifice:ReiMu","AirStrike:ReiMu+1","Conquer:ReiMu+1","SpreadBorder2:ReiMu"],"picked":"RainPray2:ReiMu","floor":47},{"not_picked":["Amulet:ReiMu+1","SpreadBorder2:ReiMu","AirStrike:ReiMu","TakeOff:ReiMu"],"picked":"Free:ReiMu","floor":48}],"player_experience":35228,"relics_obtained":[{"floor":1,"key":"SynthV:TestCard"},{"floor":7,"key":"Hololive_LightStick"},{"floor":9,"key":"Dream Catcher"},{"floor":14,"key":"Replay:Bandana"},{"floor":23,"key":"Mirror"},{"floor":26,"key":"Gremlin Horn"},{"floor":27,"key":"Simple Rune"},{"floor":37,"key":"ArrowTower"},{"floor":41,"key":"Orichalcum"},{"floor":43,"key":"REME_LimitBreaker"},{"floor":46,"key":"Bag of Preparation"}],"event_choices":[{"damage_healed":0,"gold_gain":0,"player_choice":"Success","damage_taken":7,"relics_obtained":["Toy Ornithopter"],"max_hp_gain":0,"max_hp_loss":0,"event_name":"Scrap Ooze","floor":3,"gold_loss":0},{"damage_healed":0,"gold_gain":0,"player_choice":"Grow","damage_taken":0,"max_hp_gain":0,"max_hp_loss":0,"event_name":"Living Wall","floor":4,"gold_loss":0,"cards_upgraded":["NB:ReiMu"]},{"cards_removed":["Defend_Lin:ReiMu"],"damage_healed":0,"gold_gain":0,"player_choice":"Purged","damage_taken":0,"max_hp_gain":0,"max_hp_loss":0,"event_name":"Purifier","floor":11,"gold_loss":0},{"damage_healed":0,"gold_gain":0,"player_choice":"Obtained Relic","damage_taken":0,"relics_obtained":["Omamori"],"max_hp_gain":0,"max_hp_loss":0,"event_name":"Addict","floor":20,"gold_loss":85},{"damage_healed":0,"gold_gain":0,"player_choice":"Damaged","damage_taken":7,"max_hp_gain":0,"max_hp_loss":0,"event_name":"Wheel of Change","floor":21,"gold_loss":0},{"damage_healed":0,"gold_gain":0,"player_choice":"Fight","damage_taken":0,"max_hp_gain":0,"max_hp_loss":0,"event_name":"MindBloom","floor":37,"gold_loss":0},{"damage_healed":0,"gold_gain":0,"player_choice":"Max HP","damage_taken":0,"max_hp_gain":0,"max_hp_loss":6,"event_name":"Winding Halls","floor":45,"gold_loss":0}],"is_beta":false,"boss_relics":[{"not_picked":["FixedStarFall","Replay:Drink Me"],"picked":"ChewingGum"},{"not_picked":["Runic Pyramid","ReplayTheSpireMod:DimensionalGlitch"],"picked":"FeatherPendant"}],"items_purged_floors":[38],"is_endless":false,"potions_floor_spawned":[5,7,18,23,25,35,36,47],"ascension_level":0}}