{"host":"5mo0809oo9tcrmpl","time":1613795680,"event":{"mods":["BaseMod","Highlight Path","Minty Spire (QoL Compilation)","Relic Stats","Slay the Relics Exporter"],"gold_per_floor":[113,126,126,141,141,141,160,194,229,266,278,278],"floor_reached":11,"language":"ENG","playtime":285,"items_purged":[],"score":150,"play_id":"555a0227-6751-4fd0-baa1-6e2e2e27ba71","local_time":"20210219223440","is_ascension_mode":true,"campfire_choices":[{"data":"Zap","floor":6.0,"key":"SMITH"}],"circlet_count":0,"master_deck":["AscendersBane","Strike_B","Strike_B","Strike_B","Strike_B","Defend_B","Defend_B","Defend_B","Defend_B","Zap+1","Dualcast","Gash","Conserve Battery","Go for the Eyes","Go for the Eyes","Skim","Beam Cell"],"relics":["Cracked Core","NeowsBlessing","Golden Idol","MawBank","Regal Pillow"],"acts_visited":["Exordium"],"potions_floor_usage":[8,10,11],"damage_taken":[{"damage":0.0,"enemies":"Small Slimes","floor":1.0,"turns":1.0},{"damage":0.0,"enemies":"2 Louse","floor":2.0,"turns":1.0},{"damage":0.0,"enemies":"Jaw Worm","floor":4.0,"turns":1.0},{"damage":4,"enemies":"3 Louse","floor":7,"turns":3},{"damage":19,"enemies":"Lagavulin","floor":8,"turns":8},{"damage":10,"enemies":"Lots of Slimes","floor":10,"turns":4},{"damage":27,"enemies":"Gremlin Nob","floor":11,"turns":3}],"seed_played":"-4748579134927046914","potions_obtained":[{"floor":1.0,"key":"SteroidPotion"},{"floor":7,"key":"Weak Potion"},{"floor":8,"key":"SpeedPotion"}],"is_trial":false,"path_per_floor":["M","M","?","M","?","R","M","E","T","M","E"],"character_chosen":"DEFECT","items_purchased":[],"campfire_rested":0,"item_purchase_floors":[],"current_hp_per_floor":[64,64,69,69,43,43,39,20,20,10,0,0],"gold":278,"neow_bonus":"THREE_ENEMY_KILL","is_daily":false,"chose_seed":false,"campfire_upgraded":1,"win_rate":0.0,"timestamp":1613795680,"path_taken":["M","M","?","M","?","R","M","E","T","M","E"],"items_purchased_type":[],"build_version":"2020-12-22","purchased_purges":0,"victory":false,"max_hp_per_floor":[71,71,76,76,76,76,76,76,76,76,76,76],"relic_stats":{"Regal Pillow":0,"counters":[7,21],"Golden Idol":16,"MawBank":36,"obtain_stats":[{"Regal Pillow":9,"NeowsBlessing":0,"Golden Idol":5,"Cracked Core":0,"MawBank":8},{"Regal Pillow":5,"NeowsBlessing":0,"Golden Idol":3,"Cracked Core":0,"MawBank":5},{"Regal Pillow":14,"NeowsBlessing":0,"Golden Idol":3,"Cracked Core":0,"MawBank":14}]},"card_choices":[{"not_picked":["Loop","Compile Driver"],"picked":"Gash","floor":1.0},{"not_picked":["Scrape","Hello World"],"picked":"Conserve Battery","floor":2.0},{"not_picked":["Barrage","Compile Driver"],"picked":"Go for the Eyes","floor":4.0},{"not_picked":["Compile Driver","Rip and Tear"],"picked":"Go for the Eyes","floor":7},{"not_picked":["Coolheaded","Recycle"],"picked":"Skim","floor":8},{"not_picked":["Consume","Stack"],"picked":"Beam Cell","floor":10}],"player_experience":1305648,"relics_obtained":[{"floor":8,"key":"MawBank"},{"floor":9,"key":"Regal Pillow"}],"event_choices":[{"damage_healed":0.0,"max_hp_gain":5.0,"max_hp_loss":0.0,"gold_gain":0.0,"event_name":"Big Fish","player_choice":"Donut","floor":3.0,"gold_loss":0.0,"damage_taken":0.0},{"damage_healed":0.0,"max_hp_gain":0.0,"max_hp_loss":0.0,"gold_gain":0.0,"event_name":"Golden Idol","player_choice":"Take Damage","floor":5.0,"gold_loss":0.0,"damage_taken":26.0,"relics_obtained":["Golden Idol"]}],"is_beta":false,"boss_relics":[],"items_purged_floors":[],"is_endless":false,"potions_floor_spawned":[1,7,8],"killed_by":"Gremlin Nob","ascension_level":20}}