{"host":"h7dgy2mp13cbhzus","time":1613782710,"event":{"mods":["Act Like it!","BaseMod","Downfall","GifTheSpireLib","Minty Spire (QoL Compilation)","Relic Stats","StSLib"],"gold_per_floor":[99,114,128,128,38,55,79,103,170,200,247,259,256,286,314,429,441,453,480,511,523,548,580,666,707,732,185,199,199,225,243,263,364,364,264,304,377,377,389,289,316,216,216,256,177,206,34,48,68,68,68,159,28,28,28,28],"floor_reached":57,"language":"ENG","playtime":5891,"items_purged":["Regret","Pain","Pain"],"score":1280,"play_id":"084694bf-ffb2-4026-8ff8-b5c45e88ea62","local_time":"20210219185830","is_ascension_mode":false,"campfire_choices":[{"data":"sneckomod:SnekBite","floor":1.0,"key":"SMITH"},{"floor":12.0,"key":"REST"},{"data":"sneckomod:UnknownBoss","floor":18.0,"key":"SMITH"},{"floor":29.0,"key":"REST"},{"data":"sneckomod:UnknownRareSkill","floor":35.0,"key":"SMITH"},{"floor":40.0,"key":"RECALL"},{"data":"sneckomod:UnknownStrength","floor":42.0,"key":"SMITH"},{"floor":54,"key":"REST"}],"circlet_count":0,"master_deck":["sneckomod:Defend","sneckomod:Defend+1","sneckomod:Defend","sneckomod:TailWhip","sneckomod:SnekBite+1","sneckomod:Unknown","sneckomod:Unknown+1","sneckomod:SerpentIdol","sneckomod:TrashToTreasure","sneckomod:UnknownStrength","sneckomod:WideSting","sneckomod:MixItUp","sneckomod:CheapStock","sneckomod:SlitherStrike","sneckomod:UnknownBoss+1","sneckomod:Transmogrify","sneckomod:SoulRoll+1","sneckomod:DefensiveFlair+1","sneckomod:UnknownStrength+1","sneckomod:UnknownColorless+1","sneckomod:ImprovisedGuard","sneckomod:UnknownExhaust+1","sneckomod:DiceBlock","sneckomod:UnendingSupply","sneckomod:UnknownRareSkill+1","sneckomod:UnknownDraw+1","sneckomod:SnakeSap","sneckomod:UnknownBlock+1","sneckomod:SnakeSap+1","sneckomod:Restock","expansioncontent:QuickStudy","sneckomod:Rotation","sneckomod:PureSnecko","sneckomod:UnknownStrength","Dark Shackles","sneckomod:SoulCleanse"],"relics":["sneckomod:SneckoSoul","War Paint","SacredBark","MawBank","Bag of Preparation","InkBottle","Chemical X","Gambling Chip","Sozu","downfall:HeartBlessingGreen","downfall:HeartBlessingBlue","Dream Catcher","downfall:HeartBlessingRed","WarpedTongs","Ice Cream","Shuriken","sneckomod:LoadedDie","Question Card","Happy Flower"],"acts_visited":["Exordium","TheCity","TheBeyond","TheEnding"],"potions_floor_usage":[50,56,56],"damage_taken":[{"damage":5.0,"enemies":"Small Slimes","floor":2.0,"turns":4.0},{"damage":0.0,"enemies":"Cultist","floor":3.0,"turns":2.0},{"damage":5.0,"enemies":"downfall:FleeingMerchant","floor":5.0,"turns":4.0},{"damage":0.0,"enemies":"Jaw Worm","floor":6.0,"turns":4.0},{"damage":10.0,"enemies":"downfall:LooterAlt","floor":8.0,"turns":3.0},{"damage":14.0,"enemies":"Gremlin Nob","floor":9.0,"turns":4.0},{"damage":0.0,"enemies":"Exordium Thugs","floor":10.0,"turns":1.0},{"damage":0.0,"enemies":"Lagavulin","floor":11.0,"turns":5.0},{"damage":7.0,"enemies":"downfall:FleeingMerchant","floor":13.0,"turns":4.0},{"damage":8.0,"enemies":"Blue Slaver","floor":14.0,"turns":3.0},{"damage":8.0,"enemies":"Lots of Slimes","floor":15.0,"turns":2.0},{"damage":15.0,"enemies":"WA_ARCHETYPE_RETAIN","floor":16.0,"turns":7.0},{"damage":22.0,"enemies":"downfall:LooterAlt2","floor":19.0,"turns":3.0},{"damage":14.0,"enemies":"Spheric Guardian","floor":20.0,"turns":4.0},{"damage":24.0,"enemies":"Snecko","floor":22.0,"turns":8.0},{"damage":21.0,"enemies":"Cultist and Chosen","floor":23.0,"turns":8.0},{"damage":17.0,"enemies":"Gremlin Leader","floor":25.0,"turns":7.0},{"damage":21.0,"enemies":"Centurion and Healer","floor":26.0,"turns":12.0},{"damage":6.0,"enemies":"downfall:FleeingMerchant","floor":27.0,"turns":4.0},{"damage":3.0,"enemies":"Shelled Parasite and Fungi","floor":28.0,"turns":6.0},{"damage":18.0,"enemies":"Book of Stabbing","floor":30.0,"turns":5.0},{"damage":16.0,"enemies":"Snake Plant","floor":31.0,"turns":4.0},{"damage":0.0,"enemies":"Centurion and Healer","floor":32.0,"turns":6.0},{"damage":17.0,"enemies":"IC_MUSHROOM_ARCHETYPE","floor":33.0,"turns":9.0},{"damage":0.0,"enemies":"3 Shapes","floor":36.0,"turns":4.0},{"damage":19.0,"enemies":"3 Darklings","floor":39.0,"turns":4.0},{"damage":26.0,"enemies":"Transient","floor":44.0,"turns":5.0},{"damage":11.0,"enemies":"downfall:FleeingMerchant","floor":45.0,"turns":3.0},{"damage":9.0,"enemies":"Reptomancer","floor":46.0,"turns":7.0},{"damage":0.0,"enemies":"Spire Growth","floor":48.0,"turns":6.0},{"damage":0.0,"enemies":"Writhing Mass","floor":49.0,"turns":7.0},{"damage":45,"enemies":"DF_ARCHETYPE_ORBS","floor":50,"turns":16},{"damage":31,"enemies":"downfall:CharBossMerchant","floor":52,"turns":8},{"damage":0,"enemies":"downfall:NeowBoss","floor":55,"turns":9},{"damage":86,"enemies":"downfall:NeowBossFinal","floor":56,"turns":12}],"seed_played":"-5427879285110314048","potions_obtained":[{"floor":3.0,"key":"Fire Potion"},{"floor":8.0,"key":"ColorlessPotion"},{"floor":9.0,"key":"ColorlessPotion"},{"floor":11.0,"key":"FearPotion"},{"floor":15.0,"key":"Block Potion"},{"floor":19.0,"key":"EssenceOfSteel"},{"floor":26.0,"key":"Guardian:BlockOnCardUsePotion"},{"floor":28.0,"key":"Block Potion"},{"floor":30.0,"key":"DuplicationPotion"},{"floor":33.0,"key":"Swift Potion"}],"is_trial":false,"path_per_floor":["R","M","M","?","$","M","T","M","?","M","E","R","$","M","M","B",null,"R","M","M","?","M","M","T","E","M","$","M","R","E","M","M","B",null,"R","M","?","?","M","R","T","R","?","M","$","E","$","M","M","B",null,"E","$","R","B","B",null],"character_chosen":"THE_SNECKO","items_purchased":["Gambling Chip","Chemical X","Ice Cream","expansioncontent:QuickStudy","sneckomod:UnknownStrength","Dark Shackles"],"campfire_rested":3,"item_purchase_floors":[27,27,45,47,53,53],"current_hp_per_floor":[81,76,76,76,71,71,71,61,47,47,47,79,72,64,56,41,108,108,86,72,72,97,76,76,59,38,32,29,61,43,27,27,10,108,108,108,108,108,89,99,99,99,99,73,62,63,63,63,63,25,118,87,87,118,118,32],"gold":28,"neow_bonus":"TWENTY_PERCENT_HP_BONUS","is_daily":false,"chose_seed":false,"campfire_upgraded":4,"win_rate":0.0,"timestamp":1613782710,"path_taken":["R","M","M","?","?","M","T","?","?","M","E","R","$","M","M","BOSS","R","M","M","?","M","M","T","E","M","$","M","R","E","M","M","BOSS","R","M","?","?","M","R","T","R","?","M","$","E","$","?","M","BOSS","E","$","R","BOSS","BOSS"],"items_purchased_type":["Relic","Relic","Relic","Card","Card","Card"],"build_version":"2020-12-22","purchased_purges":3,"victory":true,"max_hp_per_floor":[108,108,108,108,108,108,108,108,108,108,108,108,108,108,108,108,108,108,108,108,108,108,108,108,108,108,108,108,108,108,108,108,108,108,108,108,108,108,108,118,118,118,118,118,118,118,118,118,118,118,118,118,118,118,118,118],"relic_stats":{"Happy Flower":[7],"counters":[35,200],"Bag of Preparation":[34],"War Paint":["sneckomod:Defend","sneckomod:Unknown"],"MawBank":240,"Question Card":20,"WarpedTongs":[73],"Sozu":5,"Dream Catcher":1,"Shuriken":[25],"Gambling Chip":[51],"Chemical X":[13],"obtain_stats":[{"Ice Cream":45,"sneckomod:LoadedDie":30,"downfall:HeartBlessingRed":42,"Happy Flower":52,"SacredBark":17,"downfall:HeartBlessingGreen":35,"Bag of Preparation":26,"War Paint":9,"sneckomod:SneckoSoul":0,"MawBank":7,"Question Card":24,"WarpedTongs":43,"Sozu":34,"Anchor":25,"Dream Catcher":41,"downfall:HeartBlessingBlue":40,"Shuriken":46,"Gambling Chip":27,"Chemical X":27,"InkBottle":21},{"Ice Cream":28,"sneckomod:LoadedDie":21,"downfall:HeartBlessingRed":26,"Happy Flower":33,"SacredBark":12,"downfall:HeartBlessingGreen":24,"Bag of Preparation":18,"War Paint":5,"sneckomod:SneckoSoul":0,"MawBank":4,"Question Card":16,"WarpedTongs":26,"Sozu":24,"Anchor":17,"Dream Catcher":26,"downfall:HeartBlessingBlue":26,"Shuriken":29,"Gambling Chip":19,"Chemical X":19,"InkBottle":14},{"Ice Cream":135,"sneckomod:LoadedDie":100,"downfall:HeartBlessingRed":127,"Happy Flower":179,"SacredBark":43,"downfall:HeartBlessingGreen":119,"Bag of Preparation":85,"War Paint":17,"sneckomod:SneckoSoul":0,"MawBank":14,"Question Card":66,"WarpedTongs":127,"Sozu":119,"Anchor":73,"Dream Catcher":127,"downfall:HeartBlessingBlue":127,"Shuriken":142,"Gambling Chip":89,"Chemical X":89,"InkBottle":50}],"InkBottle":[75]},"card_choices":[{"not_picked":["sneckomod:Nope","sneckomod:UnknownWeak"],"picked":"sneckomod:SerpentIdol","floor":2.0},{"not_picked":["sneckomod:Unknown1Cost","sneckomod:UnknownCommonSkill","sneckomod:SerpentIdol"],"picked":"SKIP","floor":3.0},{"not_picked":["sneckomod:QuickMove","sneckomod:UnknownCommonAttack"],"picked":"sneckomod:TrashToTreasure","floor":5.0},{"not_picked":["sneckomod:UnknownClassTHE_BRONZE_AUTOMATON","sneckomod:UnknownClassPURPLE","sneckomod:SoulCleanse"],"picked":"SKIP","floor":6.0},{"not_picked":["sneckomod:Unknown2Cost","sneckomod:MixItUp"],"picked":"sneckomod:UnknownStrength","floor":8.0},{"not_picked":["sneckomod:DiceCrush","sneckomod:Nope"],"picked":"sneckomod:WideSting","floor":9.0},{"not_picked":["sneckomod:UnknownClassPURPLE","sneckomod:UnknownBlock"],"picked":"sneckomod:MixItUp","floor":10.0},{"not_picked":["sneckomod:Unknown2Cost","sneckomod:UnknownClassPURPLE"],"picked":"sneckomod:CheapStock","floor":11.0},{"not_picked":["sneckomod:IronFang","sneckomod:UnknownColorless"],"picked":"sneckomod:SlitherStrike","floor":13.0},{"not_picked":["sneckomod:UnknownDexterity","sneckomod:RainOfDice"],"picked":"sneckomod:UnknownBoss","floor":14.0},{"not_picked":["sneckomod:UnknownClassPURPLE","sneckomod:CheapStock","sneckomod:WideSting"],"picked":"SKIP","floor":15.0},{"not_picked":["sneckomod:UnknownClassPURPLE","sneckomod:CheapStock","sneckomod:WideSting"],"picked":"SKIP","floor":15.0},{"not_picked":["sneckomod:Mudshield","sneckomod:Restock"],"picked":"sneckomod:Transmogrify","floor":16.0},{"not_picked":["sneckomod:UnendingSupply","sneckomod:PureSnecko"],"picked":"sneckomod:SoulRoll+1","floor":19.0},{"not_picked":["sneckomod:SnekBeam+1","sneckomod:UnknownClassPURPLE"],"picked":"sneckomod:DefensiveFlair+1","floor":20.0},{"not_picked":["sneckomod:UnknownWeak","sneckomod:DiceBlock","sneckomod:UnknownCommonAttack"],"picked":"SKIP","floor":22.0},{"not_picked":["sneckomod:Unknown2Cost+1","sneckomod:DiceCrush"],"picked":"sneckomod:UnknownStrength","floor":23.0},{"not_picked":["sneckomod:TrashToTreasure","sneckomod:UnknownCommonSkill","sneckomod:UnknownDraw"],"picked":"sneckomod:UnknownColorless+1","floor":25.0},{"not_picked":["sneckomod:UnknownCommonSkill","sneckomod:UnknownUncommonSkill","sneckomod:CheapStock"],"picked":"sneckomod:ImprovisedGuard","floor":26.0},{"not_picked":["sneckomod:DiceBlock","sneckomod:QuickBite","sneckomod:Unknown2Cost","sneckomod:UnknownVulnerable+1"],"picked":"SKIP","floor":27.0},{"not_picked":["sneckomod:IronFang+1","sneckomod:SlitherStrike","sneckomod:DiceBlock"],"picked":"sneckomod:UnknownExhaust+1","floor":28.0},{"not_picked":["sneckomod:UnknownClassTHE_BRONZE_AUTOMATON","sneckomod:QuickBite","sneckomod:Unknown1Cost","sneckomod:UnknownDraw"],"picked":"SKIP","floor":30.0},{"not_picked":["sneckomod:TrashToTreasure+1","sneckomod:IronFang","sneckomod:MasterEye"],"picked":"sneckomod:DiceBlock","floor":31.0},{"not_picked":["sneckomod:UnlimitedRolls","sneckomod:Memorize","sneckomod:IronFang"],"picked":"sneckomod:UnendingSupply","floor":32.0},{"not_picked":["sneckomod:Cheat","sneckomod:SoulExchange","sneckomod:Unknown3Cost"],"picked":"sneckomod:UnknownRareSkill","floor":33.0},{"not_picked":["sneckomod:Unknown1Cost","sneckomod:DiceBlock+1","sneckomod:UnknownColorless+1"],"picked":"sneckomod:UnknownDraw+1","floor":36.0},{"not_picked":["sneckomod:UnknownClassPURPLE+1","sneckomod:DiceCrush","sneckomod:DiceBlock+1"],"picked":"sneckomod:SnakeSap","floor":39.0},{"not_picked":["sneckomod:UnknownStrength","sneckomod:UnknownWeak","sneckomod:DiceCrush"],"picked":"sneckomod:UnknownBlock+1","floor":44.0},{"not_picked":["sneckomod:DefensiveFlair+1","sneckomod:UnknownRareSkill","sneckomod:UnknownVulnerable"],"picked":"sneckomod:SnakeSap+1","floor":45.0},{"not_picked":["sneckomod:UnknownDraw","sneckomod:UnknownExhaust","sneckomod:UnendingSupply"],"picked":"sneckomod:Restock","floor":46.0},{"not_picked":["sneckomod:IronFang","sneckomod:WideSting+1","sneckomod:UnknownUncommonAttack+1"],"picked":"SKIP","floor":48.0},{"not_picked":["sneckomod:QuickBite+1","sneckomod:DiceBlock+1","sneckomod:IronFang"],"picked":"sneckomod:Rotation","floor":49.0},{"not_picked":["sneckomod:IronFang","sneckomod:DiceBlock","sneckomod:UnknownCommonAttack+1"],"picked":"sneckomod:PureSnecko","floor":52},{"not_picked":["sneckomod:UnknownVulnerable","sneckomod:DiceBoulder","sneckomod:UnknownDraw"],"picked":"sneckomod:SoulCleanse","floor":54}],"player_experience":735173,"relics_obtained":[{"floor":7.0,"key":"MawBank"},{"floor":19.0,"key":"MawBank"},{"floor":24.0,"key":"Question Card"},{"floor":25.0,"key":"Anchor"},{"floor":26.0,"key":"Bag of Preparation"},{"floor":27.0,"key":"InkBottle"},{"floor":28.0,"key":"Gambling Chip"},{"floor":30.0,"key":"sneckomod:LoadedDie"},{"floor":41.0,"key":"Dream Catcher"},{"floor":46.0,"key":"Shuriken"},{"floor":46.0,"key":"sneckomod:LoadedDie"},{"floor":48.0,"key":"Question Card"},{"floor":52,"key":"Happy Flower"}],"event_choices":[{"damage_healed":0.0,"max_hp_gain":0.0,"max_hp_loss":0.0,"gold_gain":0.0,"event_name":"Accursed Blacksmith","player_choice":"Rummage","floor":43.0,"gold_loss":0.0,"damage_taken":0.0,"relics_obtained":["WarpedTongs"],"cards_obtained":["Pain"]}],"is_beta":false,"boss_relics":[{"not_picked":["expansioncontent:StudyCardRelic","Runic Dome"],"picked":"SacredBark"},{"not_picked":["Empty Cage","Astrolabe"],"picked":"Sozu"}],"items_purged_floors":[5,27,45],"is_endless":false,"potions_floor_spawned":[3,8,9,11,15,19,26,28,30,31,32,33,39,44,46,49,52],"ascension_level":0}}