{"host":"iy54rgx5egu9t31x","time":1613825467,"event":{"mods":["2.2 Compatiblity","Act Like it!","Always Whale","BaseMod","Downfall","Gensokyo","Marisa¡]Ãú«B¡@Å]²z¨F¡^","Minty Spire (QoL Compilation)","Quick Restart","StSLib","SuperFastMode"],"gold_per_floor":[99,112,112,130,143,28,55,55,74,91,319,319,119,119,132,231,231,231,245,2,15,415,415,496,729,743,772,672,624,639,674,688,789,789,789,809,809,823,823,841,841,841,841,868,881,881,896,71,84,84,84,417,16,16,16,16],"floor_reached":57,"language":"ZHS","playtime":3256,"items_purged":["Clumsy"],"score":1616,"play_id":"e9e7c993-f3db-4f35-8bca-25571f24a32d","local_time":"20210220205107","is_ascension_mode":true,"campfire_choices":[{"floor":1,"key":"RECALL"},{"data":"bronze:Goto","floor":8,"key":"SMITH"},{"data":"bronze:Iterate","floor":13,"key":"SMITH"},{"data":"bronze:Frontload","floor":18,"key":"SMITH"},{"data":"bronze:Mutator","floor":28,"key":"SMITH"},{"data":"bronze:HardenedForm","floor":35,"key":"SMITH"},{"data":"bronze:Terminator","floor":42,"key":"SMITH"},{"data":"Gensokyo:ManorOfTheDishes","floor":54,"key":"SMITH"}],"circlet_count":0,"master_deck":["bronze:Strike","bronze:Strike","bronze:Strike","bronze:Strike","bronze:Defend","bronze:Defend","bronze:Defend","bronze:Defend","bronze:Replicate","bronze:Goto+1","bronze:Frontload+1","bronze:WildBeam","bronze:ChosenStrike","bronze:Backtrace","bronze:Iterate+1","bronze:Deprecate","bronze:DelayedSlice","bronze:Mutator+1","bronze:CutThrough","bronze:BronzeOrb","bronze:GetLatest+1","bronze:Virus","Gensokyo:FourOfAKind","Gensokyo:FourOfAKind","Gensokyo:FourOfAKind","Gensokyo:FourOfAKind","bronze:FineTuning+1","bronze:ItsAFeature","bronze:Branch","expansioncontent:InvincibleStrength","bronze:Turbo","bronze:FineTuning+1","bronze:Invalidate+1","bronze:ChildClass+1","bronze:HardenedForm+1","CurseOfTheBell","bronze:DigitalCarnage+1","bronze:Terminator+1","bronze:DarkDash+1","Decay","Gensokyo:UnlikelyAid+1","bronze:Fortify+1","bronze:Optimize+1","Gensokyo:PrivateSquare+1","Pride","bronze:ForLoop+1","Gensokyo:ManorOfTheDishes+1","Gensokyo:Doppelganger+1","bronze:BuggyMess+1","bronze:ItsAFeature","bronze:Virus","expansioncontent:AwakenDeath","bronze:MaxOutput","bronze:FollowUp"],"relics":["bronze:BronzeCore","Thread and Needle","Potion Belt","Lantern","Mercury Hourglass","Pear","downfall:HeartBlessingRed","downfall:HeartBlessingBlue","bronze:BottledCode","Cursed Key","PreservedInsect","TungstenRod","WingedGreaves","hexamod:CandleOfCauterizing","Gambling Chip","Pocketwatch","Mummified Hand","downfall:HeartBlessingGreen","Sling","Bronze Scales","Calling Bell","MealTicket","Eternal Feather","Mango","Toxic Egg 2","CaptainsWheel","Pantograph","TheAbacus","Orichalcum"],"acts_visited":["Gensokyo:Gensokyo","Gensokyo:Gensokyoer","Gensokyo:Gensokyoest","TheEnding"],"potions_floor_usage":[11,29,33,43,47,50,50,52,55],"damage_taken":[{"damage":0,"enemies":"Gensokyo:3_Fairies","floor":2,"turns":3},{"damage":0,"enemies":"Gensokyo:2_Kodama","floor":4,"turns":4},{"damage":0,"enemies":"Gensokyo:Gryphon","floor":5,"turns":4},{"damage":4,"enemies":"Gensokyo:2_Rabbits","floor":9,"turns":5},{"damage":6,"enemies":"Gensokyo:VengefulSpirit","floor":10,"turns":7},{"damage":7,"enemies":"Gensokyo:Aya","floor":11,"turns":6},{"damage":0,"enemies":"Gensokyo:3_Kodama","floor":15,"turns":2},{"damage":17,"enemies":"DF_ARCHETYPE_STREAMLINE","floor":16,"turns":6},{"damage":0,"enemies":"Gensokyo:Chomper","floor":19,"turns":3},{"damage":10,"enemies":"Gensokyo:3_Dogs","floor":21,"turns":5},{"damage":19,"enemies":"Gensokyo:3_Dogs","floor":22,"turns":9},{"damage":0,"enemies":"Gensokyo:Reisen","floor":25,"turns":3},{"damage":0,"enemies":"Gensokyo:Chomper_and_Gloop","floor":26,"turns":4},{"damage":0,"enemies":"Gensokyo:Koishi","floor":27,"turns":4},{"damage":0,"enemies":"downfall:FleeingMerchant","floor":29,"turns":4},{"damage":4,"enemies":"Gensokyo:Mirror_and_Dog","floor":30,"turns":2},{"damage":0,"enemies":"Gensokyo:Tenshi","floor":31,"turns":3},{"damage":0,"enemies":"Gensokyo:3_Gloops","floor":32,"turns":2},{"damage":3,"enemies":"SI_MIRROR_ARCHETYPE","floor":33,"turns":4},{"damage":0,"enemies":"Gensokyo:3_Boulders","floor":36,"turns":3},{"damage":0,"enemies":"Gensokyo:AncientGuardian","floor":38,"turns":3},{"damage":20,"enemies":"Gensokyo:Rafflesia","floor":40,"turns":6},{"damage":0,"enemies":"Gensokyo:Rafflesia","floor":43,"turns":4},{"damage":8,"enemies":"Gensokyo:Doremy","floor":44,"turns":3},{"damage":0,"enemies":"Gensokyo:Dusk_and_Dawn","floor":45,"turns":2},{"damage":0,"enemies":"Gensokyo:4_Bats","floor":47,"turns":3},{"damage":0,"enemies":"Gensokyo:SeedOfUnknown","floor":49,"turns":5},{"damage":19,"enemies":"IC_BLOCK_ARCHETYPE","floor":50,"turns":11},{"damage":10,"enemies":"downfall:CharBossMerchant","floor":52,"turns":6},{"damage":7,"enemies":"downfall:NeowBoss","floor":55,"turns":17},{"damage":0,"enemies":"downfall:NeowBossFinal","floor":56,"turns":11}],"seed_played":"8913334908242630652","potions_obtained":[{"floor":5,"key":"BlessingOfTheForge"},{"floor":11,"key":"Ancient Potion"},{"floor":15,"key":"BlessingOfTheForge"},{"floor":25,"key":"DuplicationPotion"},{"floor":27,"key":"Fire Potion"},{"floor":30,"key":"SpeedPotion"},{"floor":31,"key":"SmokeBomb"},{"floor":32,"key":"BlessingOfTheForge"},{"floor":33,"key":"PowerPotion"},{"floor":45,"key":"SpeedPotion"},{"floor":47,"key":"champ:CounterPotion"}],"is_trial":false,"path_per_floor":["R","M","?","M","M","COS","T","R","M","M","E","?","R","?","M","B",null,"R","M","COS","M","?","?","T","E","M","E","R","$","M","E","M","B",null,"R","M","?","M","?","M","T","R","?","E","M","?","M","COS","M","B",null,"E","$","R","B","B",null],"character_chosen":"THE_AUTOMATON","items_purchased":["Sling","expansioncontent:InvincibleStrength","bronze:Turbo","EssenceOfSteel","AttackPotion","bronze:FreeFunctionsPotion","expansioncontent:AwakenDeath","bronze:MaxOutput","bronze:FollowUp"],"campfire_rested":0,"item_purchase_floors":[29,29,29,53,53,53,53,53,53],"current_hp_per_floor":[63,63,63,63,63,63,63,63,59,53,46,41,51,51,51,34,73,73,73,73,63,44,44,44,44,44,44,44,44,40,40,40,37,66,66,66,66,66,66,46,46,66,66,58,58,58,58,58,58,47,66,56,66,66,59,66],"gold":16,"neow_bonus":"ONE_RARE_RELIC","is_daily":false,"chose_seed":false,"campfire_upgraded":7,"win_rate":0.0,"timestamp":1613825467,"path_taken":["R","M","?","M","?","COS","T","R","M","M","E","?","R","?","M","BOSS","R","M","COS","M","?","?","T","E","M","E","R","$","?","E","M","BOSS","R","M","?","?","?","M","T","R","?","E","M","?","?","COS","M","BOSS","E","$","R","BOSS","BOSS"],"items_purchased_type":["Relic","Card","Card","Potion","Potion","Potion","Card","Card","Card"],"build_version":"2020-12-22","purchased_purges":1,"victory":true,"max_hp_per_floor":[63,63,63,63,63,63,63,63,63,63,63,73,83,73,73,73,73,73,73,73,73,73,52,52,52,52,52,52,52,52,52,52,52,66,66,66,66,66,66,66,66,66,66,66,66,66,66,66,66,66,66,66,66,66,66,66],"card_choices":[{"not_picked":["bronze:Deprecate","bronze:Separator"],"picked":"bronze:Frontload","floor":2},{"not_picked":["bronze:DelayedGuard","bronze:MaxOutput"],"picked":"bronze:WildBeam","floor":4},{"not_picked":["bronze:ItsAFeature","bronze:DelayedSlice"],"picked":"bronze:ChosenStrike","floor":5},{"not_picked":["bronze:Invalidate","bronze:Deprecate"],"picked":"bronze:Backtrace","floor":9},{"not_picked":["bronze:Overload","bronze:BuggyMess"],"picked":"bronze:Iterate","floor":10},{"not_picked":["bronze:Backtrace","bronze:FineTuning"],"picked":"bronze:Deprecate","floor":11},{"not_picked":["bronze:Deprecate","bronze:DelayedGuard"],"picked":"bronze:DelayedSlice","floor":15},{"not_picked":["bronze:HyperBeam","bronze:BurnOut"],"picked":"bronze:Mutator","floor":16},{"not_picked":["bronze:Iterate","bronze:BitShift"],"picked":"bronze:CutThrough","floor":19},{"not_picked":["bronze:Turbo","bronze:FollowUp"],"picked":"bronze:BronzeOrb","floor":21},{"not_picked":["bronze:Backtrace+1","bronze:BugBarrage+1"],"picked":"bronze:GetLatest+1","floor":22},{"not_picked":["bronze:WildBeam","bronze:BitShift+1"],"picked":"bronze:Virus","floor":22},{"not_picked":["bronze:DarkDash","bronze:Shield"],"picked":"bronze:Repulsor","floor":25},{"not_picked":["bronze:Terminator","bronze:Return"],"picked":"bronze:FineTuning+1","floor":26},{"not_picked":["bronze:Refactor+1","bronze:Overheat+1"],"picked":"bronze:ItsAFeature","floor":27},{"not_picked":["bronze:Frontload","bronze:Separator"],"picked":"bronze:Branch","floor":29},{"not_picked":["bronze:Frontload","bronze:WildBeam"],"picked":"bronze:FineTuning+1","floor":30},{"not_picked":["bronze:Optimize","bronze:Constructor+1"],"picked":"bronze:Invalidate+1","floor":31},{"not_picked":["bronze:Turbo","bronze:Constructor+1"],"picked":"bronze:ChildClass+1","floor":32},{"not_picked":["bronze:SpaghettiCode","bronze:Break"],"picked":"bronze:HardenedForm","floor":33},{"not_picked":["bronze:BronzeArmor","bronze:Return+1"],"picked":"bronze:DigitalCarnage+1","floor":36},{"not_picked":["bronze:NullPointer","bronze:BronzeArmor"],"picked":"bronze:Terminator","floor":38},{"not_picked":["bronze:Separator","bronze:BitShift"],"picked":"bronze:DarkDash+1","floor":40},{"not_picked":["Gensokyo:DreamlikeParadise+1","Gensokyo:RainbowDanmaku+1"],"picked":"Gensokyo:UnlikelyAid+1","floor":43},{"not_picked":["bronze:Separator","bronze:WildBeam"],"picked":"bronze:Fortify+1","floor":44},{"not_picked":["bronze:Frontload+1","bronze:ThunderWave"],"picked":"bronze:Optimize+1","floor":45},{"not_picked":["bronze:FineTuning+1","bronze:Frontload+1"],"picked":"bronze:ForLoop+1","floor":47},{"not_picked":["bronze:DelayedGuard+1","bronze:WhirlingStrike+1"],"picked":"bronze:BuggyMess+1","floor":49},{"not_picked":["bronze:Constructor+1","bronze:Allocate+1"],"picked":"bronze:ItsAFeature","floor":49},{"not_picked":["bronze:CutThrough+1","bronze:OilSpill"],"picked":"bronze:Virus","floor":52}],"player_experience":1109373,"relics_obtained":[{"floor":11,"key":"Mercury Hourglass"},{"floor":22,"key":"TungstenRod"},{"floor":22,"key":"WingedGreaves"},{"floor":24,"key":"hexamod:CandleOfCauterizing"},{"floor":25,"key":"Gambling Chip"},{"floor":27,"key":"Mummified Hand"},{"floor":31,"key":"Bronze Scales"},{"floor":34,"key":"MealTicket"},{"floor":34,"key":"Eternal Feather"},{"floor":34,"key":"Mango"},{"floor":41,"key":"Toxic Egg 2"},{"floor":44,"key":"CaptainsWheel"},{"floor":52,"key":"Orichalcum"}],"event_choices":[],"is_beta":false,"boss_relics":[{"not_picked":["Fusion Hammer","Velvet Choker"],"picked":"Cursed Key"},{"not_picked":["Tiny House","Empty Cage"],"picked":"Calling Bell"}],"items_purged_floors":[29],"is_endless":false,"potions_floor_spawned":[5,11,15,25,27,30,31,32,33,40,45,47],"ascension_level":2}}