{"host":"vpaavrwbmey593fx","time":1613793774,"event":{"mods":["AchievementEnabler","BaseMod","Bestiary","Colored Map","Colored Powertips","DeckTracker","Minty Spire (QoL Compilation)","Relic Sorter"],"gold_per_floor":[210,210,230,230,34,34,34,34,34,64,64,75,106,123,123,224,224,244,6,16,27,27,27,52,52,52,2,12,31,31,41,41,139,139,156,156,11,61,61,90,90,118,164,189,189,199,218,27,27,27],"floor_reached":51,"language":"ENG","playtime":3464,"items_purged":[],"score":847,"play_id":"e91a9f5e-ad2f-461d-af68-957b35c2d635","local_time":"20210219200254","is_ascension_mode":true,"campfire_choices":[{"data":"Zap","floor":6.0,"key":"SMITH"},{"data":"Dualcast","floor":8.0,"key":"SMITH"},{"data":"Streamline","floor":15.0,"key":"SMITH"},{"data":"Barrage","floor":23.0,"key":"SMITH"},{"data":"Coolheaded","floor":25.0,"key":"SMITH"},{"data":"Hologram","floor":32.0,"key":"SMITH"},{"data":"Leap","floor":41.0,"key":"SMITH"},{"floor":45.0,"key":"REST"},{"floor":49.0,"key":"REST"}],"circlet_count":0,"master_deck":["Defend_B","Defend_B","Defend_B+1","Defend_B","Zap+1","Dualcast+1","Streamline+1","Turbo+1","Gash","Gash","Gash","Conserve Battery","Ball Lightning","Barrage+1","Stack+1","Coolheaded+1","Bite","Bite","Bite","Bite","Bite","Leap+1","Hologram+1","Conserve Battery","Coolheaded+1","Redo","Hologram+1","Beam Cell"],"relics":["FrozenCore","Inserter","Happy Flower","Ornamental Fan","Akabeko","DollysMirror","Emotion Chip","CaptainsWheel","Symbiotic Virus","TungstenRod","Unceasing Top","Oddly Smooth Stone","War Paint","Blood Vial","Bronze Scales"],"acts_visited":["Exordium","TheCity","TheBeyond"],"potions_floor_usage":[50,50,50],"damage_taken":[{"damage":1.0,"enemies":"Cultist","floor":1.0,"turns":3.0},{"damage":0.0,"enemies":"2 Louse","floor":3.0,"turns":1.0},{"damage":14.0,"enemies":"Gremlin Nob","floor":10.0,"turns":3.0},{"damage":1.0,"enemies":"Small Slimes","floor":12.0,"turns":2.0},{"damage":9.0,"enemies":"Lagavulin","floor":13.0,"turns":4.0},{"damage":4.0,"enemies":"Gremlin Gang","floor":14.0,"turns":3.0},{"damage":11.0,"enemies":"Hexaghost","floor":16.0,"turns":7.0},{"damage":14.0,"enemies":"2 Thieves","floor":18.0,"turns":4.0},{"damage":5.0,"enemies":"Chosen","floor":20.0,"turns":3.0},{"damage":1.0,"enemies":"Centurion and Healer","floor":21.0,"turns":5.0},{"damage":16.0,"enemies":"Book of Stabbing","floor":24.0,"turns":5.0},{"damage":7.0,"enemies":"Snecko","floor":28.0,"turns":4.0},{"damage":15.0,"enemies":"Snake Plant","floor":29.0,"turns":5.0},{"damage":9.0,"enemies":"3 Cultists","floor":31.0,"turns":5.0},{"damage":30.0,"enemies":"Champ","floor":33.0,"turns":12.0},{"damage":6.0,"enemies":"Orb Walker","floor":35.0,"turns":4.0},{"damage":12.0,"enemies":"Mind Bloom Boss Battle","floor":38.0,"turns":8.0},{"damage":5.0,"enemies":"Nemesis","floor":40.0,"turns":7.0},{"damage":55.0,"enemies":"Giant Head","floor":42.0,"turns":12.0},{"damage":15.0,"enemies":"Nemesis","floor":44.0,"turns":8.0},{"damage":1.0,"enemies":"3 Darklings","floor":46.0,"turns":7.0},{"damage":24.0,"enemies":"Writhing Mass","floor":47.0,"turns":7.0},{"damage":28,"enemies":"Donu and Deca","floor":50,"turns":12}],"seed_played":"-1860194015274526406","potions_obtained":[{"floor":1.0,"key":"SpeedPotion"},{"floor":2.0,"key":"CultistPotion"},{"floor":2.0,"key":"EssenceOfSteel"},{"floor":2.0,"key":"FearPotion"},{"floor":10.0,"key":"CultistPotion"},{"floor":14.0,"key":"SkillPotion"},{"floor":18.0,"key":"EssenceOfSteel"},{"floor":24.0,"key":"DuplicationPotion"},{"floor":29.0,"key":"Dexterity Potion"},{"floor":33.0,"key":"SkillPotion"},{"floor":42.0,"key":"PotionOfCapacity"}],"is_trial":false,"path_per_floor":["M","?","M","?","$","R","?","R","T","E","?","M","E","M","R","B",null,"M","$","M","M","?","R","E","R","T","?","M","M","?","M","R","B",null,"M","?","$","?","?","E","R","E","T","E","R","M","M","$","R","B",null],"character_chosen":"DEFECT","items_purchased":["Gash","DollysMirror","Symbiotic Virus","Conserve Battery","Strength Potion","BlessingOfTheForge","Beam Cell","Bronze Scales"],"campfire_rested":2,"item_purchase_floors":[5,5,19,37,37,37,48,48],"current_hp_per_floor":[74,74,74,74,74,74,67,67,67,53,53,52,43,39,39,28,75,61,61,56,55,52,52,42,42,42,42,39,36,36,39,39,31,52,48,48,48,50,41,52,52,7,7,6,21,36,26,26,41,35],"gold":27,"neow_bonus":"HUNDRED_GOLD","is_daily":false,"chose_seed":false,"campfire_upgraded":7,"win_rate":0.0,"timestamp":1613793774,"path_taken":["M","?","?","?","$","R","?","R","T","E","?","M","E","M","R","BOSS","M","$","M","?","?","R","E","R","T","?","M","?","?","M","R","BOSS","M","?","$","?","?","E","R","E","T","E","R","?","M","$","R","BOSS"],"items_purchased_type":["Card","Relic","Relic","Card","Potion","Potion","Card","Relic"],"build_version":"2020-12-22","purchased_purges":0,"victory":true,"max_hp_per_floor":[75,75,75,75,75,75,75,75,75,75,75,75,75,75,75,75,75,75,75,75,75,52,52,52,52,52,52,52,52,52,52,52,52,52,52,52,52,52,52,52,52,52,52,52,52,52,52,52,52,52],"card_choices":[{"not_picked":["BootSequence","Steam"],"picked":"Streamline","floor":1.0},{"not_picked":["Fusion","Lockon"],"picked":"Turbo","floor":3.0},{"not_picked":["Seek","Loop"],"picked":"Gash","floor":10.0},{"not_picked":["Tempest","Stack"],"picked":"Conserve Battery","floor":12.0},{"not_picked":["Steam","Redo"],"picked":"Ball Lightning","floor":13.0},{"not_picked":["Steam","Stack","Ball Lightning"],"picked":"SKIP","floor":14.0},{"not_picked":["Defragment","Leap"],"picked":"Barrage","floor":18.0},{"not_picked":["Force Field","Go for the Eyes"],"picked":"Stack+1","floor":20.0},{"not_picked":["Biased Cognition","Conserve Battery+1"],"picked":"Coolheaded","floor":21.0},{"not_picked":["Reinforced Body","Stack+1","Chaos"],"picked":"SKIP","floor":24.0},{"not_picked":["Reinforced Body","Stack+1","Chaos"],"picked":"SKIP","floor":24.0},{"not_picked":["Go for the Eyes","FTL"],"picked":"Leap","floor":28.0},{"not_picked":["Steam","Go for the Eyes"],"picked":"Hologram","floor":29.0},{"not_picked":["All For One","Streamline","Stack"],"picked":"SKIP","floor":31.0},{"not_picked":["Steam","Tempest+1","Fusion"],"picked":"SKIP","floor":35.0},{"not_picked":["Steam","Streamline"],"picked":"Coolheaded+1","floor":40.0},{"not_picked":["Steam Power","Go for the Eyes"],"picked":"Redo","floor":42.0},{"not_picked":["Compile Driver","Multi-Cast","Sunder"],"picked":"SKIP","floor":44.0},{"not_picked":["Conserve Battery+1","Compile Driver+1","Undo+1"],"picked":"SKIP","floor":46.0},{"not_picked":["Rip and Tear","Self Repair"],"picked":"Hologram+1","floor":47.0}],"player_experience":385507,"relics_obtained":[{"floor":9.0,"key":"Ornamental Fan"},{"floor":10.0,"key":"Emotion Chip"},{"floor":13.0,"key":"CaptainsWheel"},{"floor":24.0,"key":"TungstenRod"},{"floor":38.0,"key":"Unceasing Top"},{"floor":40.0,"key":"Oddly Smooth Stone"},{"floor":42.0,"key":"Happy Flower"},{"floor":43.0,"key":"War Paint"},{"floor":44.0,"key":"Blood Vial"}],"event_choices":[{"damage_healed":0.0,"max_hp_gain":0.0,"max_hp_loss":0.0,"gold_gain":0.0,"event_name":"Lab","player_choice":"Got Potions","floor":2.0,"gold_loss":0.0,"damage_taken":0.0},{"damage_healed":0.0,"max_hp_gain":0.0,"max_hp_loss":0.0,"gold_gain":0.0,"event_name":"Big Fish","player_choice":"Box","floor":4.0,"gold_loss":0.0,"damage_taken":0.0,"relics_obtained":["Akabeko"],"cards_obtained":["Regret"]},{"cards_removed":["Regret"],"damage_healed":0.0,"max_hp_gain":0.0,"max_hp_loss":0.0,"gold_gain":0.0,"event_name":"Golden Wing","player_choice":"Card Removal","floor":7.0,"gold_loss":0.0,"damage_taken":7.0},{"cards_removed":["Strike_B"],"damage_healed":0.0,"max_hp_gain":0.0,"max_hp_loss":0.0,"gold_gain":0.0,"event_name":"Bonfire Elementals","player_choice":"Offered Basic","floor":11.0,"gold_loss":0.0,"damage_taken":0.0},{"damage_healed":0.0,"max_hp_gain":0.0,"max_hp_loss":23.0,"gold_gain":0.0,"event_name":"Vampires","player_choice":"Became a vampire","floor":22.0,"gold_loss":0.0,"damage_taken":0.0,"cards_obtained":["Bite","Bite","Bite","Bite","Bite"]},{"damage_healed":0.0,"max_hp_gain":0.0,"max_hp_loss":0.0,"gold_gain":0.0,"event_name":"The Joust","player_choice":"Bet on Murderer","floor":27.0,"gold_loss":50.0,"damage_taken":0.0},{"damage_healed":0.0,"max_hp_gain":0.0,"max_hp_loss":0.0,"gold_gain":0.0,"event_name":"Tomb of Lord Red Mask","player_choice":"Ignored","floor":36.0,"gold_loss":0.0,"damage_taken":0.0},{"damage_healed":0.0,"max_hp_gain":0.0,"max_hp_loss":0.0,"gold_gain":0.0,"event_name":"MindBloom","player_choice":"Fight","floor":38.0,"gold_loss":0.0,"damage_taken":0.0},{"damage_healed":0.0,"max_hp_gain":0.0,"max_hp_loss":0.0,"gold_gain":0.0,"event_name":"SensoryStone","player_choice":"Memory 3","floor":39.0,"gold_loss":0.0,"damage_taken":10.0}],"is_beta":false,"boss_relics":[{"not_picked":["Runic Pyramid","Coffee Dripper"],"picked":"Inserter"},{"not_picked":["SlaversCollar","Snecko Eye"],"picked":"FrozenCore"}],"items_purged_floors":[],"is_endless":false,"potions_floor_spawned":[1,10,14,18,20,24,29,33,42,47],"ascension_level":1}}