{"host":"x4ats5ishrj7ufnw","time":1613852108,"event":{"mods":["BaseMod","Colored Map","Colored Powertips","DeckTracker","KOR Keyword Fix","Minty Spire (QoL Compilation)","Permanent Neow","Quick Restart","Relic Stats","StSLib","SuperFastMode"],"gold_per_floor":[111,130,130,193,193,218,234,234,234,234,159,174,174,190,190,285,285,297,397,211,86,105,139,158,158,158,158,488,488,507,519,519,617,667,680,697,145,195,195,195,229,229,229,272,299,311,239,257,257,257],"floor_reached":51,"language":"KOR","playtime":1494,"items_purged":["Strike_R","Strike_R","Strike_R+1","Anger"],"score":818,"play_id":"71139033-2958-481f-8477-6376c6fc2503","local_time":"20210221051508","is_ascension_mode":false,"campfire_choices":[{"data":"Rampage","floor":8.0,"key":"SMITH"},{"data":"Blood for Blood","floor":10.0,"key":"SMITH"},{"data":"Bash","floor":15.0,"key":"SMITH"},{"data":"Corruption","floor":25.0,"key":"SMITH"},{"floor":27.0,"key":"REST"},{"floor":32.0,"key":"REST"},{"data":"Offering","floor":40.0,"key":"SMITH"},{"floor":46.0,"key":"REST"},{"data":"Impatience","floor":49.0,"key":"SMITH"}],"circlet_count":0,"master_deck":["Strike_R+1","Defend_R","Defend_R","Defend_R","Defend_R","Bash+1","Clothesline+1","Blood for Blood+1","Rampage+1","Corruption+1","Ghostly Armor","Impatience+1","Shrug It Off","Shrug It Off+1","Offering+1","Shrug It Off+1","Rampage+1","Battle Trance+1","Barricade+1","Demon Form+1","True Grit+1","True Grit+1","Offering+1","PanicButton+1"],"relics":["Burning Blood","Paper Frog","Whetstone","Red Skull","Sozu","Vajra","Frozen Egg 2","Old Coin","Shuriken","Tiny House","Toxic Egg 2","Orrery","Incense Burner","Nunchaku","Potion Belt","MawBank","Molten Egg 2"],"acts_visited":["Exordium","TheCity","TheBeyond"],"potions_floor_usage":[50],"damage_taken":[{"damage":3.0,"enemies":"Small Slimes","floor":1.0,"turns":3.0},{"damage":14.0,"enemies":"Jaw Worm","floor":2.0,"turns":4.0},{"damage":26.0,"enemies":"Lagavulin","floor":6.0,"turns":7.0},{"damage":0.0,"enemies":"Cultist","floor":7.0,"turns":3.0},{"damage":1.0,"enemies":"Large Slime","floor":12.0,"turns":3.0},{"damage":5.0,"enemies":"Exordium Thugs","floor":14.0,"turns":4.0},{"damage":29.0,"enemies":"The Guardian","floor":16.0,"turns":8.0},{"damage":17.0,"enemies":"Shell Parasite","floor":18.0,"turns":6.0},{"damage":15.0,"enemies":"3 Byrds","floor":22.0,"turns":5.0},{"damage":41.0,"enemies":"Gremlin Leader","floor":23.0,"turns":6.0},{"damage":0.0,"enemies":"3 Cultists","floor":24.0,"turns":5.0},{"damage":10.0,"enemies":"Book of Stabbing","floor":28.0,"turns":6.0},{"damage":0.0,"enemies":"Snecko","floor":30.0,"turns":4.0},{"damage":18.0,"enemies":"Shelled Parasite and Fungi","floor":31.0,"turns":4.0},{"damage":69.0,"enemies":"Champ","floor":33.0,"turns":10.0},{"damage":6.0,"enemies":"Orb Walker","floor":35.0,"turns":2.0},{"damage":10.0,"enemies":"3 Shapes","floor":36.0,"turns":4.0},{"damage":6.0,"enemies":"Mind Bloom Boss Battle","floor":38.0,"turns":6.0},{"damage":43.0,"enemies":"Reptomancer","floor":41.0,"turns":7.0},{"damage":12.0,"enemies":"Giant Head","floor":44.0,"turns":4.0},{"damage":14.0,"enemies":"Transient","floor":45.0,"turns":5.0},{"damage":12.0,"enemies":"Jaw Worm Horde","floor":48.0,"turns":3.0},{"damage":57,"enemies":"Awakened One","floor":50,"turns":5}],"seed_played":"3023814469418822474","potions_obtained":[{"floor":1.0,"key":"BloodPotion"},{"floor":12.0,"key":"DuplicationPotion"},{"floor":14.0,"key":"Swift Potion"}],"is_trial":false,"path_per_floor":["M","M","?","?","?","E","M","R","T","R","$","M","?","M","R","B",null,"M","?","$","$","M","E","M","R","T","R","E","T","M","M","R","B",null,"M","M","$","?","?","R","E","T","T","E","M","R","$","M","R","B",null],"character_chosen":"IRONCLAD","items_purchased":["Impatience","Toxic Egg 2","Orrery","PanicButton+1"],"campfire_rested":3,"item_purchase_floors":[20,37,37,47],"current_hp_per_floor":[80,72,77,77,70,50,56,56,56,56,56,61,61,62,62,39,85,74,74,74,74,65,30,36,36,36,61,57,57,63,51,76,13,90,90,86,86,86,85,85,65,65,65,59,51,76,76,70,70,19],"gold":257,"neow_bonus":"","is_daily":false,"chose_seed":false,"campfire_upgraded":6,"win_rate":0.0,"timestamp":1613852108,"path_taken":["M","M","?","?","?","E","M","R","T","R","$","M","?","?","R","BOSS","M","?","?","$","M","E","M","R","T","R","E","?","M","M","R","BOSS","M","M","$","?","?","R","E","?","T","E","M","R","$","M","R","BOSS"],"items_purchased_type":["Card","Relic","Relic","Card"],"build_version":"2020-12-22","purchased_purges":4,"victory":true,"max_hp_per_floor":[80,80,85,85,85,85,85,85,85,85,85,85,85,85,85,85,85,85,85,85,85,85,85,85,85,85,85,85,85,85,85,85,85,90,90,90,90,90,85,85,85,85,85,85,85,85,85,85,85,85],"relic_stats":{"Sozu":9,"Nunchaku":[4],"counters":[23,114],"Shuriken":[21],"Whetstone":["Strike_R","Strike_R"],"MawBank":48,"obtain_stats":[{"Potion Belt":42,"Tiny House":34,"Vajra":23,"Incense Burner":38,"Whetstone":6,"Frozen Egg 2":26,"MawBank":43,"Burning Blood":0,"Old Coin":28,"Sozu":17,"Nunchaku":41,"Shuriken":29,"Orrery":37,"Molten Egg 2":44,"Toxic Egg 2":37,"Red Skull":9,"Paper Frog":5},{"Potion Belt":19,"Tiny House":15,"Vajra":10,"Incense Burner":18,"Whetstone":3,"Frozen Egg 2":11,"MawBank":19,"Burning Blood":0,"Old Coin":12,"Sozu":7,"Nunchaku":19,"Shuriken":12,"Orrery":17,"Molten Egg 2":20,"Toxic Egg 2":17,"Red Skull":4,"Paper Frog":2},{"Potion Belt":97,"Tiny House":78,"Vajra":49,"Incense Burner":90,"Whetstone":14,"Frozen Egg 2":54,"MawBank":97,"Burning Blood":0,"Old Coin":60,"Sozu":32,"Nunchaku":97,"Shuriken":60,"Orrery":84,"Molten Egg 2":101,"Toxic Egg 2":84,"Red Skull":17,"Paper Frog":7}],"Burning Blood":135},"card_choices":[{"not_picked":["Iron Wave","Intimidate","Anger"],"picked":"SKIP","floor":1.0},{"not_picked":["Body Slam","Headbutt"],"picked":"Clothesline","floor":2.0},{"not_picked":["Body Slam","Pummel"],"picked":"Blood for Blood","floor":6.0},{"not_picked":["Flame Barrier","Entrench"],"picked":"Rampage","floor":7.0},{"not_picked":["Twin Strike","Body Slam","True Grit"],"picked":"SKIP","floor":12.0},{"not_picked":["Dark Embrace","Dropkick","Barricade"],"picked":"SKIP","floor":14.0},{"not_picked":["Feed","Berserk"],"picked":"Corruption","floor":16.0},{"not_picked":["Anger","Thunderclap"],"picked":"Ghostly Armor","floor":18.0},{"not_picked":["Carnage+1","Second Wind"],"picked":"Shrug It Off","floor":22.0},{"not_picked":["Anger","Sword Boomerang+1"],"picked":"Shrug It Off+1","floor":23.0},{"not_picked":["Sword Boomerang","Thunderclap","Cleave"],"picked":"SKIP","floor":24.0},{"not_picked":["Uppercut","Power Through","Anger"],"picked":"SKIP","floor":28.0},{"not_picked":["Sword Boomerang","Whirlwind"],"picked":"Anger","floor":30.0},{"not_picked":["Seeing Red","Thunderclap","Cleave"],"picked":"SKIP","floor":31.0},{"not_picked":["Reaper","Feed"],"picked":"Offering","floor":33.0},{"not_picked":["Pommel Strike","Sword Boomerang+1"],"picked":"Shrug It Off+1","floor":34.0},{"not_picked":["Disarm+1","Warcry+1"],"picked":"Rampage+1","floor":35.0},{"not_picked":["Entrench","Anger+1"],"picked":"Battle Trance+1","floor":36.0},{"not_picked":["Armaments+1","Headbutt"],"picked":"Barricade+1","floor":37.0},{"not_picked":["Anger+1","Hemokinesis"],"picked":"Demon Form+1","floor":37.0},{"not_picked":["Flex+1","Anger+1"],"picked":"True Grit+1","floor":37.0},{"not_picked":["Intimidate+1","Twin Strike+1"],"picked":"True Grit+1","floor":37.0},{"not_picked":["Rage+1","Feel No Pain+1"],"picked":"Offering+1","floor":41.0},{"not_picked":["Metallicize+1","Cleave+1","Clash+1"],"picked":"SKIP","floor":44.0},{"not_picked":["Rupture+1","Fire Breathing+1","Whirlwind+1"],"picked":"SKIP","floor":45.0},{"not_picked":["Bloodletting+1","Battle Trance+1","Power Through+1"],"picked":"SKIP","floor":48.0}],"player_experience":0,"relics_obtained":[{"floor":6.0,"key":"Whetstone"},{"floor":9.0,"key":"Red Skull"},{"floor":23.0,"key":"Vajra"},{"floor":26.0,"key":"Frozen Egg 2"},{"floor":28.0,"key":"Old Coin"},{"floor":29.0,"key":"Shuriken"},{"floor":38.0,"key":"Incense Burner"},{"floor":41.0,"key":"Nunchaku"},{"floor":42.0,"key":"Potion Belt"},{"floor":43.0,"key":"MawBank"},{"floor":44.0,"key":"Molten Egg 2"}],"event_choices":[{"damage_healed":0.0,"max_hp_gain":5.0,"max_hp_loss":0.0,"gold_gain":0.0,"event_name":"Big Fish","player_choice":"Donut","floor":3.0,"gold_loss":0.0,"damage_taken":0.0},{"damage_healed":0.0,"max_hp_gain":0.0,"max_hp_loss":0.0,"gold_gain":63.0,"event_name":"Golden Wing","player_choice":"Gained Gold","floor":4.0,"gold_loss":0.0,"damage_taken":0.0},{"damage_healed":0.0,"max_hp_gain":0.0,"max_hp_loss":0.0,"gold_gain":0.0,"event_name":"Scrap Ooze","player_choice":"Success","floor":5.0,"gold_loss":0.0,"damage_taken":7.0,"relics_obtained":["Paper Frog"]},{"cards_removed":["Strike_R"],"damage_healed":0.0,"max_hp_gain":0.0,"max_hp_loss":0.0,"gold_gain":0.0,"event_name":"Bonfire Elementals","player_choice":"Offered Basic","floor":13.0,"gold_loss":0.0,"damage_taken":0.0},{"damage_healed":0.0,"max_hp_gain":0.0,"max_hp_loss":0.0,"gold_gain":100.0,"event_name":"Golden Shrine","player_choice":"Pray","floor":19.0,"gold_loss":0.0,"damage_taken":0.0},{"damage_healed":0.0,"max_hp_gain":0.0,"max_hp_loss":0.0,"gold_gain":0.0,"event_name":"MindBloom","player_choice":"Fight","floor":38.0,"gold_loss":0.0,"damage_taken":0.0},{"damage_healed":0.0,"max_hp_gain":0.0,"max_hp_loss":5.0,"gold_gain":0.0,"event_name":"Winding Halls","player_choice":"Max HP","floor":39.0,"gold_loss":0.0,"damage_taken":0.0}],"is_beta":false,"boss_relics":[{"not_picked":["Cursed Key","Runic Pyramid"],"picked":"Sozu"},{"not_picked":["Mark of Pain","Coffee Dripper"],"picked":"Tiny House"}],"items_purged_floors":[11,20,21,37],"is_endless":false,"potions_floor_spawned":[1,12,14,16,23,24,28,31,33,35,38,45],"ascension_level":0}}