{"host":"uhi6g4fgvyietct9","time":1613834225,"event":{"mods":["AchievementEnabler","BaseMod","Colored Map","Colored Powertips","Minty Spire (QoL Compilation)","StSLib","SuperFastMode"],"gold_per_floor":[113,63,17,37,37,48,48,48,48,67,67,67,67,33,33,164,227,251,251,154,174,174,174,212,228,304,327,327,347,347,361,361,361,361],"floor_reached":33,"language":"KOR","playtime":1670,"items_purged":["Strike_G+1"],"score":395,"play_id":"d8f05807-561c-4024-bdf1-774fd9e8abd7","local_time":"20210221001705","is_ascension_mode":true,"campfire_choices":[{"data":"Prepared","floor":7.0,"key":"SMITH"},{"data":"Calculated Gamble","floor":11.0,"key":"SMITH"},{"data":"Die Die Die","floor":13.0,"key":"SMITH"},{"data":"Tactician","floor":15.0,"key":"SMITH"},{"data":"After Image","floor":23.0,"key":"SMITH"},{"floor":32.0,"key":"REST"}],"circlet_count":0,"master_deck":["AscendersBane","Strike_G+1","Strike_G+1","Strike_G+1","Defend_G+1","Defend_G+1","Defend_G+1","Defend_G+1","Defend_G+1","Survivor","Neutralize","Die Die Die+1","Prepared+1","Blade Dance","Endless Agony+1","Blade Dance","Calculated Gamble+1","Injury","Tactician+1","After Image+1","Acrobatics+1","PiercingWail","Footwork","Cloak And Dagger"],"relics":["Ring of the Snake","Nunchaku","Shuriken","Bloody Idol","Tiny House","Bag of Preparation","Pantograph","Sundial"],"acts_visited":["Exordium","TheCity"],"potions_floor_usage":[],"damage_taken":[{"damage":0.0,"enemies":"Small Slimes","floor":1.0,"turns":2.0},{"damage":0.0,"enemies":"2 Louse","floor":4.0,"turns":1.0},{"damage":0.0,"enemies":"Cultist","floor":6.0,"turns":4.0},{"damage":0.0,"enemies":"Blue Slaver","floor":10.0,"turns":2.0},{"damage":35.0,"enemies":"Hexaghost","floor":16.0,"turns":8.0},{"damage":6.0,"enemies":"3 Byrds","floor":18.0,"turns":5.0},{"damage":0.0,"enemies":"Shell Parasite","floor":21.0,"turns":3.0},{"damage":26.0,"enemies":"Gremlin Leader","floor":24.0,"turns":7.0},{"damage":0.0,"enemies":"Sentry and Sphere","floor":25.0,"turns":3.0},{"damage":20.0,"enemies":"Snecko","floor":27.0,"turns":5.0},{"damage":0.0,"enemies":"Centurion and Healer","floor":29.0,"turns":4.0},{"damage":0.0,"enemies":"Snake Plant","floor":31.0,"turns":5.0},{"damage":69,"enemies":"Collector","floor":33,"turns":7}],"seed_played":"-4818586379367770887","potions_obtained":[{"floor":1.0,"key":"CunningPotion"},{"floor":4.0,"key":"EntropicBrew"},{"floor":17.0,"key":"Poison Potion"},{"floor":21.0,"key":"Fire Potion"},{"floor":25.0,"key":"AttackPotion"}],"is_trial":false,"path_per_floor":["M","?","$","M","?","M","R","?","T","M","R","?","R","$","R","B",null,"M","?","$","M","T","R","E","M","T","M","?","M","?","M","R","B"],"character_chosen":"THE_SILENT","items_purchased":["Blade Dance","Tactician","PiercingWail"],"campfire_rested":1,"item_purchase_floors":[3,14,20],"current_hp_per_floor":[63,63,63,63,56,56,56,56,56,56,56,56,56,56,56,21,63,57,57,57,57,57,57,31,31,31,11,11,11,11,16,38,0,0],"gold":361,"neow_bonus":"ONE_RANDOM_RARE_CARD","is_daily":false,"chose_seed":false,"campfire_upgraded":5,"win_rate":0.0,"timestamp":1613834225,"path_taken":["M","?","$","M","?","M","R","?","T","?","R","?","R","$","R","BOSS","M","?","$","M","?","R","E","M","T","M","?","M","?","M","R","BOSS"],"items_purchased_type":["Card","Card","Card"],"build_version":"2020-12-22","purchased_purges":1,"victory":false,"max_hp_per_floor":[70,70,70,70,70,70,70,70,70,70,70,70,70,70,70,70,75,75,75,75,75,75,75,75,75,75,75,75,75,75,75,75,75,75],"card_choices":[{"not_picked":["Riddle With Holes","Slice"],"picked":"Prepared","floor":1.0},{"not_picked":["Underhanded Strike","Dagger Throw"],"picked":"Endless Agony","floor":4.0},{"not_picked":["Poisoned Stab","Dash"],"picked":"Blade Dance","floor":6.0},{"not_picked":["Noxious Fumes","Dagger Spray"],"picked":"Calculated Gamble","floor":10.0},{"not_picked":["Night Terror","Die Die Die"],"picked":"After Image","floor":16.0},{"not_picked":["Deflect","PiercingWail"],"picked":"Acrobatics+1","floor":18.0},{"not_picked":["Flying Knee","Bane","Deadly Poison"],"picked":"SKIP","floor":21.0},{"not_picked":["Slice","Blade Dance","Bane+1"],"picked":"SKIP","floor":24.0},{"not_picked":["Dodge and Roll","Backflip","Calculated Gamble"],"picked":"SKIP","floor":25.0},{"not_picked":["Choke","Crippling Poison+1","Sucker Punch"],"picked":"SKIP","floor":27.0},{"not_picked":["Envenom","Deflect"],"picked":"Footwork","floor":29.0},{"not_picked":["Underhanded Strike","Predator+1"],"picked":"Cloak And Dagger","floor":31.0}],"player_experience":603755,"relics_obtained":[{"floor":9.0,"key":"Shuriken"},{"floor":22.0,"key":"Bag of Preparation"},{"floor":24.0,"key":"Pantograph"},{"floor":26.0,"key":"Sundial"}],"event_choices":[{"cards_removed":["Strike_G"],"damage_healed":0.0,"max_hp_gain":0.0,"max_hp_loss":0.0,"gold_gain":0.0,"event_name":"The Cleric","player_choice":"Card Removal","floor":2.0,"gold_loss":50.0,"damage_taken":0.0},{"damage_healed":0.0,"max_hp_gain":0.0,"max_hp_loss":0.0,"gold_gain":0.0,"event_name":"Scrap Ooze","player_choice":"Success","floor":5.0,"gold_loss":0.0,"damage_taken":7.0,"relics_obtained":["Nunchaku"]},{"damage_healed":0.0,"max_hp_gain":0.0,"max_hp_loss":0.0,"gold_gain":0.0,"event_name":"Lab","player_choice":"Got Potions","floor":8.0,"gold_loss":0.0,"damage_taken":0.0},{"damage_healed":0.0,"max_hp_gain":0.0,"max_hp_loss":0.0,"gold_gain":0.0,"event_name":"Golden Idol","player_choice":"Take Wound","floor":12.0,"gold_loss":0.0,"damage_taken":0.0,"relics_obtained":["Golden Idol"],"cards_obtained":["Injury"]},{"damage_healed":0.0,"max_hp_gain":0.0,"max_hp_loss":0.0,"gold_gain":0.0,"event_name":"Back to Basics","player_choice":"Simplicity","floor":19.0,"gold_loss":0.0,"damage_taken":0.0,"cards_upgraded":["Strike_G","Strike_G","Strike_G","Strike_G","Defend_G","Defend_G","Defend_G","Defend_G","Defend_G"]},{"damage_healed":0.0,"max_hp_gain":0.0,"max_hp_loss":0.0,"gold_gain":0.0,"event_name":"Vampires","player_choice":"Ignored","floor":28.0,"gold_loss":0.0,"damage_taken":0.0},{"damage_healed":0.0,"max_hp_gain":0.0,"max_hp_loss":0.0,"gold_gain":0.0,"event_name":"Forgotten Altar","player_choice":"Gave Idol","floor":30.0,"relics_lost":["Golden Idol"],"gold_loss":0.0,"damage_taken":0.0,"relics_obtained":["Bloody Idol"]}],"is_beta":false,"boss_relics":[{"not_picked":["Sozu","Runic Pyramid"],"picked":"Tiny House"}],"items_purged_floors":[20],"is_endless":false,"potions_floor_spawned":[1,4,10,21,25],"killed_by":"Collector","ascension_level":11}}