{"host":"acw864156wjp8gcv","time":1613842988,"event":{"mods":["2.2 Compatiblity","AchievementEnabler","Ascension Reborn","Aspiration","BaseMod","Beaked The Cultist","Better Altar","Better Match","Better Note","Better Sensory Stone","Better Silent Start","Better Skull","Better Third Choice","Better Vampires","BetterRewards","Challenge The Spire","Colored Map","Colored Powertips","Conspire","Curses Come First","Downfall","Energized Spire","GifTheSpireLib","Halation","Hubris","Infinite Spire","Ironclad Rager","Jedi Mod","Mimic Mod","Minty Spire (QoL Compilation)","Permanent Neow","Relic Sorter","Replay The Spire","Robot Space Explorer","Shop Mod","Spicy Shops","Spikes Relics","StSLib","Stuff the Spire","The Blue Laboratory","The Construct","The Jungle","The Marked","Wandering Minibosses","everything is the same but u backflip on backflip"],"gold_per_floor":[115,235,249,75,75,107,184,219,219,219,279,303,319,349,349,469,469,486,629,689,772,832,867,867,944,944,974,993,993,363,386,386,505,505,524,684,223,292,308,308,322,322,322,372,392,462,487,550,550,550,550,550,122,151,151],"floor_reached":56,"language":"ENG","playtime":2133,"items_purged":["Defend_G+1","Defend_G+1","Strike_G+1"],"score":1708,"play_id":"8c49b6a9-f066-40fe-858c-1b1c06485f16","local_time":"20210220114308","is_ascension_mode":true,"campfire_choices":[{"floor":10.0,"key":"RECALL"},{"floor":15.0,"key":"REST"},{"floor":24.0,"key":"REST"},{"data":"Eviscerate","floor":29.0,"key":"SMITH"},{"data":"Accuracy","floor":40,"key":"SMITH"},{"data":"Accuracy","floor":42,"key":"SMITH"},{"data":"Finisher+1","floor":49,"key":"SMITH"},{"data":"Finisher+2","floor":52,"key":"SMITH"}],"circlet_count":0,"master_deck":["Strike_G+2","Strike_G+1","Strike_G+2","Defend_G+1","Defend_G+1","Survivor+1","Neutralize+1","StuffTheSpire:Fury+1","conspire:PoisonWeapons+1","Slice+1","Adrenaline+1","Cloak And Dagger+1","Finisher+3","Eviscerate+1","Hidden Blade+1","Hidden Blade+1","Accuracy+1","Accuracy+1","Blade Dance+1"],"relics":["Ring of the Snake","Pen Nib","Toxic Egg 2","halation:BottledLove","hubris:MobiusCoin","infinitespire:Broken Mirror","BicycleWheel","Ninja Scroll","Mirror","wanderingMiniBosses:ThiefScarf","SsserpentHead","jedi:arcanewood","Counterbalance","WristBlade","halation:PrussianBluePaint","WarpedTongs","halation:KoshaPiece","Pet Ghost","jedi:cryingmask","Replay:Wax Seal","construct:FoamFinger","HandDrill","infinitespire:PuzzleCube","StuffTheSpire:HeavyRock","conspire:Flyswatter","Replay:PocketPolymizer","aspiration:FutureDiary","CherryCoatedStake","Boot","Calipers","conspire:InfiniteJournal","Simple Rune","aspiration:Lifesprig","infinitespire:Beetle Shell","halation:Toothbrush","StuffTheSpire:Gunfinga"],"acts_visited":["Exordium","TheCity","TheBeyond","TheEnding"],"potions_floor_usage":[],"damage_taken":[{"damage":0.0,"enemies":"conspire:RoseBush","floor":1.0,"turns":2.0},{"damage":4.0,"enemies":"infinitespire:Voidling","floor":3.0,"turns":3.0},{"damage":0.0,"enemies":"Lagavulin","floor":6.0,"turns":3.0},{"damage":0.0,"enemies":"Small Slimes","floor":7.0,"turns":2.0},{"damage":0.0,"enemies":"Gremlin Nob","floor":8.0,"turns":2.0},{"damage":0.0,"enemies":"Exordium Thugs","floor":12.0,"turns":2.0},{"damage":0.0,"enemies":"conspire:2 RoseBushes","floor":13.0,"turns":1.0},{"damage":0.0,"enemies":"Lots of Slimes","floor":14.0,"turns":5.0},{"damage":0.0,"enemies":"Slime Boss","floor":16.0,"turns":5.0},{"damage":0.0,"enemies":"Shell Parasite","floor":18.0,"turns":1.0},{"damage":0.0,"enemies":"Chosen","floor":19.0,"turns":1.0},{"damage":7.0,"enemies":"Snecko","floor":21.0,"turns":1.0},{"damage":1.0,"enemies":"Gremlin Leader","floor":23.0,"turns":1.0},{"damage":0.0,"enemies":"Sentry and Sphere","floor":25.0,"turns":1.0},{"damage":0.0,"enemies":"Slavers","floor":27.0,"turns":2.0},{"damage":0.0,"enemies":"Centurion and Healer","floor":28.0,"turns":2.0},{"damage":0.0,"enemies":"Snake Plant","floor":31.0,"turns":1.0},{"damage":0.0,"enemies":"Automaton","floor":33.0,"turns":1.0},{"damage":21.0,"enemies":"3 Shapes","floor":35.0,"turns":1.0},{"damage":0.0,"enemies":"infinitespire:Three Voidlings","floor":36.0,"turns":1.0},{"damage":40.0,"enemies":"Nightmare_Alpha","floor":36.0,"turns":4.0},{"damage":0.0,"enemies":"Orb Walker","floor":38.0,"turns":1.0},{"damage":0.0,"enemies":"Transient","floor":39.0,"turns":3.0},{"damage":0,"enemies":"Writhing Mass","floor":41,"turns":1},{"damage":0,"enemies":"Sphere and 2 Shapes","floor":45,"turns":1},{"damage":0,"enemies":"Jaw Worm Horde","floor":46,"turns":1},{"damage":0,"enemies":"Nightmare","floor":47,"turns":1},{"damage":0,"enemies":"3 Darklings","floor":48,"turns":1},{"damage":0,"enemies":"conspire:OrnateMirror","floor":50,"turns":1},{"damage":0,"enemies":"Shield and Spear","floor":54,"turns":1},{"damage":47,"enemies":"The Heart","floor":55,"turns":3}],"seed_played":"1172460164032760839","potions_obtained":[{"floor":1.0,"key":"Elixir"},{"floor":3.0,"key":"blueLaboratory:Moonshine"},{"floor":6.0,"key":"Fire Potion"},{"floor":7.0,"key":"Energy Potion"},{"floor":12.0,"key":"DuplicationPotion"}],"is_trial":false,"path_per_floor":["M","?","M","$","?","E","M","E","T","R","T","M","M","M","R","B",null,"M","M","?","M","?","E","R","M","T","E","M","R","$","M","R_BF","B",null,"M","?","$","M","M","R","M","R","T","?","M","M","NM","M","R","B",null,"R","$","E","B",null],"character_chosen":"THE_SILENT","items_purchased":["Pen Nib","construct:FoamFinger","HandDrill","infinitespire:PuzzleCube","Hidden Blade+1","StuffTheSpire:HeavyRock","conspire:InfiniteJournal","Accuracy","Blade Dance+1","aspiration:Lifesprig","infinitespire:Beetle Shell","halation:Toothbrush"],"campfire_rested":2,"item_purchase_floors":[4,30,30,30,30,30,37,37,37,53,53,53],"current_hp_per_floor":[74,74,74,74,74,74,74,74,74,74,74,74,74,74,74,78,78,78,78,78,71,71,70,78,78,78,78,78,78,78,78,78,82,82,61,42,42,42,42,42,42,42,42,42,42,42,42,42,42,42,78,78,78,78,33],"gold":151,"neow_bonus":"ONE_RANDOM_RARE_CARD","is_daily":false,"chose_seed":false,"campfire_upgraded":5,"win_rate":0.0,"timestamp":1613842988,"path_taken":["M","?","?","$","?","E","?","E","T","R","?","M","M","M","R","BOSS","M","?","?","?","?","E","R","?","T","E","M","R","$","M","R_BF","BOSS","M","?","?","?","M","R","M","R","T","?","M","?","NM","?","R","BOSS","R","$","E","BOSS"],"items_purchased_type":["Relic","Relic","Relic","Relic","Card","Relic","Relic","Card","Card","Relic","Relic","Relic"],"build_version":"2020-12-22","purchased_purges":3,"victory":true,"max_hp_per_floor":[74,74,74,74,74,74,74,74,74,74,74,74,74,74,74,78,78,78,78,78,78,78,78,78,78,78,78,78,78,78,78,78,82,82,82,82,82,82,82,82,82,82,82,78,78,78,78,78,78,78,78,78,78,78,78],"card_choices":[{"not_picked":["Predator","PiercingWail+1","Dagger Spray"],"picked":"SKIP","floor":1.0},{"not_picked":["Cloak And Dagger+1","Dodge and Roll+1"],"picked":"StuffTheSpire:Fury+1","floor":3.0},{"not_picked":["ReplayTheSpireMod:Speed Training+1","Concentrate+1"],"picked":"conspire:PoisonWeapons+1","floor":6.0},{"not_picked":["Dagger Throw+1","Prepared+1"],"picked":"Slice+1","floor":6.0},{"not_picked":["conspire:PoisonWeapons+1","Deflect+1","Predator"],"picked":"SKIP","floor":7.0},{"not_picked":["hubris:TrickCloak+1","ReplayTheSpireMod:From All Sides","Terror+1"],"picked":"SKIP","floor":8.0},{"not_picked":["StuffTheSpire:BumpUp","Bouncing Flask+1","StuffTheSpire:Sprint+1"],"picked":"SKIP","floor":8.0},{"not_picked":["Dodge and Roll+1","Skewer","Deadly Poison+1"],"picked":"SKIP","floor":12.0},{"not_picked":["Poisoned Stab","Backflip+1","Prepared+1"],"picked":"SKIP","floor":13.0},{"not_picked":["Bane+1","Fluid Movement+1","Prepared+1"],"picked":"SKIP","floor":14.0},{"not_picked":["Doppelganger+1","Bullet Time+1"],"picked":"Adrenaline+1","floor":16.0},{"not_picked":["Hidden Blade+1","Prepared+1","Poisoned Stab"],"picked":"SKIP","floor":18.0},{"not_picked":["Well Laid Plans","Endless Agony+1"],"picked":"Cloak And Dagger+1","floor":19.0},{"not_picked":["Sneak Up+1","Deflect+1","Infinite Blades"],"picked":"SKIP","floor":21.0},{"not_picked":["Dagger Spray","StuffTheSpire:MirrorStance+1"],"picked":"Finisher+1","floor":23.0},{"not_picked":["Dagger Throw","Pace+1","Eviscerate"],"picked":"SKIP","floor":25.0},{"not_picked":["Dagger Throw","Pace+1"],"picked":"Eviscerate","floor":25.0},{"not_picked":["Quick Slash","After Image"],"picked":"Hidden Blade+1","floor":27.0},{"not_picked":["Slice+1","Choke","Dagger Spray+1"],"picked":"SKIP","floor":28.0},{"not_picked":["Underhanded Strike","StuffTheSpire:BrimstoneBlast","Blur+1"],"picked":"SKIP","floor":31.0},{"not_picked":["Terror+1","Replay:Poison Smokescreen+1","Outmaneuver+1"],"picked":"SKIP","floor":35.0},{"not_picked":["Sucker Punch","Deflect+1","Replay:Poison Smokescreen+1"],"picked":"SKIP","floor":38.0},{"not_picked":["hubris:SlightOfHand+1","Slice","StuffTheSpire:BumpUp"],"picked":"SKIP","floor":39.0},{"not_picked":["Dagger Throw","StuffTheSpire:Injection+1","Quick Slash+1"],"picked":"SKIP","floor":41},{"not_picked":["Draining Mist+1","Underhanded Strike+1","Dagger Throw"],"picked":"SKIP","floor":45},{"not_picked":["Bane","StuffTheSpire:Sprint+1","ReplayTheSpireMod:Tripwire+1"],"picked":"SKIP","floor":46},{"not_picked":["Wraith Form v2","ReplayTheSpireMod:Speed Training+1","Venomology+1"],"picked":"SKIP","floor":47},{"not_picked":["hubris:SlightOfHand+1","StuffTheSpire:Injection+1","PiercingWail+1"],"picked":"SKIP","floor":48},{"not_picked":["StuffTheSpire:ClusterCrunch","ReplayTheSpireMod:From All Sides","StuffTheSpire:Injection+1"],"picked":"SKIP","floor":54}],"player_experience":198654,"relics_obtained":[{"floor":1.0,"key":"Toxic Egg 2"},{"floor":6.0,"key":"halation:BottledLove"},{"floor":8.0,"key":"hubris:MobiusCoin"},{"floor":9.0,"key":"infinitespire:Broken Mirror"},{"floor":9.0,"key":"BicycleWheel"},{"floor":11.0,"key":"Ninja Scroll"},{"floor":11.0,"key":"Mirror"},{"floor":14.0,"key":"wanderingMiniBosses:ThiefScarf"},{"floor":14.0,"key":"SsserpentHead"},{"floor":14.0,"key":"jedi:arcanewood"},{"floor":16.0,"key":"Counterbalance"},{"floor":19.0,"key":"halation:PrussianBluePaint"},{"floor":23.0,"key":"halation:KoshaPiece"},{"floor":26.0,"key":"Pet Ghost"},{"floor":26.0,"key":"jedi:cryingmask"},{"floor":27.0,"key":"Replay:Wax Seal"},{"floor":31.0,"key":"conspire:Flyswatter"},{"floor":33.0,"key":"Replay:PocketPolymizer"},{"floor":36.0,"key":"Calipers"},{"floor":47,"key":"Simple Rune"},{"floor":54,"key":"StuffTheSpire:Gunfinga"}],"event_choices":[{"damage_healed":0.0,"max_hp_gain":0.0,"max_hp_loss":0.0,"gold_gain":100.0,"event_name":"Wheel of Change","player_choice":"Gold","floor":2.0,"gold_loss":0.0,"damage_taken":0.0},{"damage_healed":0.0,"max_hp_gain":0.0,"max_hp_loss":0.0,"gold_gain":0.0,"event_name":"FaceTrader","player_choice":"Trade","floor":5.0,"gold_loss":0.0,"damage_taken":0.0,"relics_obtained":["SsserpentHead"]},{"damage_healed":0.0,"max_hp_gain":0.0,"max_hp_loss":0.0,"gold_gain":0.0,"event_name":"Accursed Blacksmith","player_choice":"Rummage","floor":20.0,"gold_loss":0.0,"damage_taken":0.0,"relics_obtained":["WarpedTongs"],"cards_obtained":["Pain"]},{"damage_healed":0.0,"max_hp_gain":0.0,"max_hp_loss":0.0,"gold_gain":0.0,"event_name":"The Woman in Blue","player_choice":"Bought 0 Potions","floor":22.0,"gold_loss":0.0,"damage_taken":0.0},{"damage_healed":0.0,"max_hp_gain":0.0,"max_hp_loss":0.0,"gold_gain":0.0,"event_name":"The Woman in Blue","player_choice":"Bought 0 Potions","floor":36.0,"gold_loss":0.0,"damage_taken":0.0},{"damage_healed":0,"gold_gain":0,"player_choice":"Max HP","damage_taken":0,"max_hp_gain":0,"max_hp_loss":4,"event_name":"Winding Halls","floor":44,"gold_loss":0}],"is_beta":false,"boss_relics":[{"not_picked":["energizedSpire:CursedPentagram","Snecko Eye"],"picked":"WristBlade"},{"not_picked":["energizedSpire:SpiderWeb","energizedSpire:MagnifyingGlass"],"picked":"aspiration:FutureDiary"}],"items_purged_floors":[4,30,37],"is_endless":false,"potions_floor_spawned":[6,7,13,14,18,21,23,27,33,38,39,41,45,48],"ascension_level":0}}