{"host":"iovigr651ajk16h5","time":1613838474,"event":{"mods":["2.2 Compatiblity","AchievementEnabler","Aspiration","BaseMod","Better Altar","Better Match","Better Note","Better Sensory Stone","Better Skull","Better Third Choice","Block Reminder","CapriCore","Colored Map","Ekko","Energized Spire","GifTheSpireLib","GungeonMod","Halation","Hermit","Highlight Path","Hubris","Infinite Spire","Koishi","Luminous","Marisa????????","Minty Spire (QoL Compilation)","Nova Terra(??·??)","Onozuka Komachi Mod","Permanent Neow","Prisma Mod","Quick Restart","Railgun Mod","Remilia??????","Replay The Spire","StSLib","Stuff the Spire","Td1madao Mod","The Administrix","The Bladedancer","The Bug Knight","The Construct","The Exalted","The Immortal","The Marked","The Problem Sleuth","The Servant 0.9.4","TheFirefly","TheSwordswoman","Trackpad","Waifu the Spire","WarShipGirlsR/????R mod","everything is the same but u backflip on backflip"],"gold_per_floor":[111,125,125,136,136,136,136,170,170,170,170,216,216,235,235,334,334,351,351,351,378,398,398,410,410,458,472,472,507,521,536,536,536,536],"floor_reached":33,"language":"ENG","playtime":1052,"items_purged":[],"score":265,"play_id":"c4ab0d49-d659-4f2a-8eca-503535f88da5","local_time":"20210220112754","is_ascension_mode":false,"campfire_choices":[{"data":"WitchLeyline","floor":7,"key":"SMITH"},{"floor":11,"key":"REST"},{"data":"StuffTheSpire:Innocence","floor":13,"key":"SMITH"},{"floor":15,"key":"RECALL"},{"floor":23,"key":"REST"},{"floor":25,"key":"REST"},{"floor":32,"key":"REST"}],"circlet_count":0,"master_deck":["Strike_MRS","Strike_MRS","Strike_MRS","Strike_MRS","Defend_MRS","Defend_MRS","Defend_MRS","Defend_MRS","MasterSpark","UpSweep+1","WitchLeyline+1","ShootingEcho","MaximisePower+1","StuffTheSpire:Innocence+1","UltimateShortwave+1","PowerUp+1","WitchLeyline+1","SprinkleStarSeal+1","ShootingEcho","GalacticHalo+1","ChargingUp+1"],"relics":["MiniHakkero","NeowsBlessing","Toxic Egg 2","White Beast Statue","Bromod:ArcaneTrickery","infinitespire:Cupcake","theSleuth:SaltedMelon","theSleuth:SaltedMelon","DemoMod:PoisonVial","halation:PrussianBluePaint","SlaversCollar","hubris:DeckOfHolding","DemoMod:GlassGuonStoneRelic"],"acts_visited":["Exordium","TheCity"],"potions_floor_usage":[16,18,24,29],"damage_taken":[{"damage":0,"enemies":"2 Louse","floor":1,"turns":1},{"damage":0,"enemies":"Cultist","floor":2,"turns":1},{"damage":0,"enemies":"Jaw Worm","floor":4,"turns":1},{"damage":20,"enemies":"3 Sentries","floor":8,"turns":7},{"damage":0,"enemies":"Large Slime","floor":14,"turns":4},{"damage":13,"enemies":"Hexaghost","floor":16,"turns":12},{"damage":20,"enemies":"Spheric Guardian","floor":18,"turns":4},{"damage":19,"enemies":"Shell Parasite","floor":22,"turns":5},{"damage":10,"enemies":"3 Cultists","floor":24,"turns":5},{"damage":18,"enemies":"Sentry and Sphere","floor":27,"turns":5},{"damage":21,"enemies":"Book of Stabbing","floor":29,"turns":4},{"damage":4,"enemies":"Chosen and Byrds","floor":30,"turns":7},{"damage":16,"enemies":"Snake Plant","floor":31,"turns":4},{"damage":0,"enemies":"Automaton","floor":33,"turns":4}],"seed_played":"7593428603712913978","potions_obtained":[{"floor":2,"key":"DemoMod:LeadSkinPotion"},{"floor":14,"key":"FearPotion"},{"floor":16,"key":"Dexterity Potion"},{"floor":18,"key":"Strength Potion"},{"floor":22,"key":"Explosive Potion"},{"floor":24,"key":"FearPotion"},{"floor":29,"key":"Venom Potion"}],"is_trial":false,"path_per_floor":["M","M","?","M","?","?","R","E","T","?","R","T","R","M","R","B",null,"M","?","?","T","M","R","M","R","T","M","AVR","E","M","M","R","B"],"character_chosen":"MARISA","items_purchased":[],"campfire_rested":4,"item_purchase_floors":[],"current_hp_per_floor":[75,75,75,75,75,68,68,48,48,41,63,63,63,63,63,50,75,55,55,55,55,36,61,51,76,76,58,58,37,33,17,43,43,43],"gold":536,"neow_bonus":"THREE_ENEMY_KILL","is_daily":false,"chose_seed":false,"campfire_upgraded":2,"win_rate":0.0,"timestamp":1613838474,"path_taken":["M","M","?","?","?","?","R","E","T","?","R","?","R","M","R","BOSS","M","?","?","?","M","R","M","R","T","?","AVR","E","M","M","R","BOSS"],"items_purchased_type":[],"build_version":"2020-12-22","purchased_purges":0,"victory":false,"max_hp_per_floor":[75,75,75,75,75,75,75,75,75,75,75,75,75,75,75,75,75,75,75,75,75,75,77,77,79,79,79,79,79,79,79,81,81,81],"card_choices":[{"not_picked":["UnstableBomb","LuminesStrike"],"picked":"WitchLeyline","floor":1},{"not_picked":["AsteroidBelt","PulseMagic"],"picked":"ShootingEcho","floor":2},{"not_picked":["RefractionSpark","GravityBeat","ManaConvection"],"picked":"SKIP","floor":4},{"not_picked":["6A","FairyDestructionRay","GravityBeat"],"picked":"SKIP","floor":8},{"not_picked":["DarkSpark","Acceleration+1","UnstableBomb"],"picked":"SKIP","floor":14},{"not_picked":["CasketOfStar","ManaRampage+1"],"picked":"UltimateShortwave+1","floor":16},{"not_picked":["UnstableBomb","MysteriousBeam"],"picked":"PowerUp+1","floor":18},{"not_picked":["OpenUniverse+1","DragonMeteor"],"picked":"WitchLeyline+1","floor":22},{"not_picked":["WitchOfGreed","6A"],"picked":"SprinkleStarSeal+1","floor":24},{"not_picked":["WitchOfGreed+1","MilkyWay+1"],"picked":"ShootingEcho","floor":27},{"not_picked":["DragonMeteor","EventHorizon+1"],"picked":"GalacticHalo+1","floor":29},{"not_picked":["NonDirectionalLaser","MachineGunSpark","6A+1"],"picked":"SKIP","floor":30},{"not_picked":["6A","Robbery"],"picked":"ChargingUp+1","floor":31}],"player_experience":402868,"relics_obtained":[{"floor":8,"key":"White Beast Statue"},{"floor":9,"key":"Bromod:ArcaneTrickery"},{"floor":21,"key":"DemoMod:PoisonVial"},{"floor":26,"key":"halation:PrussianBluePaint"},{"floor":29,"key":"hubris:DeckOfHolding"}],"event_choices":[{"cards_removed":["UpSweep"],"damage_healed":0,"gold_gain":0,"player_choice":"Take \u0026 Give","damage_taken":0,"max_hp_gain":0,"max_hp_loss":0,"event_name":"betterNote:BetterNote","floor":3,"gold_loss":0,"cards_obtained":["MaximisePower"]},{"damage_healed":0,"gold_gain":0,"player_choice":"Ignored","damage_taken":0,"max_hp_gain":0,"max_hp_loss":0,"event_name":"Vampires","floor":19,"gold_loss":0}],"is_beta":false,"boss_relics":[{"not_picked":["Bromod:ArcaneGrace","energizedSpire:RedRose"],"picked":"infinitespire:Cupcake"}],"items_purged_floors":[],"is_endless":false,"potions_floor_spawned":[2,14,16,18,22,24,27,29,30,31],"killed_by":"Automaton","ascension_level":0}}