{"host":"rb2p2z6v6vieend5","time":1613848226,"event":{"mods":["BaseMod","Block Reminder","Colored Map","DeckTracker","Highlight Path","Minty Spire (QoL Compilation)","Random Character Button","Relic Stats"],"gold_per_floor":[117,137,137,137,157,157,184,200,200,200,235,235,9,26,26,127,127,147,157,157,157,169,169,185,185,185],"floor_reached":25,"language":"ENG","playtime":1244,"items_purged":["Strike_B"],"score":298,"play_id":"e8bfe24d-0fd6-4306-9006-bdd77cee1d48","local_time":"20210220201026","is_ascension_mode":true,"campfire_choices":[{"data":"Defend_B","floor":6,"key":"PURGE"},{"data":"Defend_B","floor":10,"key":"PURGE"},{"data":"Strike_B","floor":12,"key":"PURGE"},{"data":"Zap","floor":15,"key":"SMITH"},{"data":"Force Field","floor":23,"key":"SMITH"}],"circlet_count":0,"master_deck":["Strike_B","Strike_B","Defend_B","Defend_B","Zap+1","Dualcast","Gash","White Noise+1","Glacier","Conserve Battery","Scrape+1","Streamline+1","Electrodynamics","Hologram","Force Field+1","Conserve Battery+1"],"relics":["Cracked Core","Peace Pipe","Tiny Chest","Molten Egg 2","Mango","TheAbacus","Runic Pyramid","MutagenicStrength"],"acts_visited":["Exordium","TheCity"],"potions_floor_usage":[24,25],"damage_taken":[{"damage":1,"enemies":"Cultist","floor":1,"turns":4},{"damage":0,"enemies":"2 Louse","floor":2,"turns":3},{"damage":2,"enemies":"Jaw Worm","floor":5,"turns":3},{"damage":24,"enemies":"3 Sentries","floor":7,"turns":11},{"damage":2,"enemies":"2 Fungi Beasts","floor":8,"turns":4},{"damage":10,"enemies":"Lagavulin","floor":11,"turns":7},{"damage":0,"enemies":"Exordium Wildlife","floor":14,"turns":4},{"damage":9,"enemies":"Slime Boss","floor":16,"turns":7},{"damage":10,"enemies":"Shell Parasite","floor":18,"turns":4},{"damage":5,"enemies":"Chosen","floor":19,"turns":3},{"damage":12,"enemies":"Snake Plant","floor":22,"turns":3},{"damage":9,"enemies":"Centurion and Healer","floor":24,"turns":3},{"damage":35,"enemies":"Book of Stabbing","floor":25,"turns":5}],"seed_played":"-1068156566991924587","potions_obtained":[{"floor":5,"key":"ColorlessPotion"},{"floor":14,"key":"BlessingOfTheForge"},{"floor":16,"key":"Fruit Juice"}],"is_trial":false,"path_per_floor":["M","M","$","?","M","R","E","M","T","R","E","R","$","M","R","B",null,"M","M","?","?","M","R","M","E"],"character_chosen":"DEFECT","items_purchased":["TheAbacus"],"campfire_rested":0,"item_purchase_floors":[13],"current_hp_per_floor":[67,67,67,67,65,65,41,39,39,39,43,43,43,43,43,34,70,60,55,55,55,43,43,34,0,0],"gold":185,"neow_bonus":"ONE_RARE_RELIC","is_daily":false,"chose_seed":false,"campfire_upgraded":2,"win_rate":0.0,"timestamp":1613848226,"path_taken":["M","?","?","?","?","R","E","M","T","R","E","R","$","M","R","BOSS","M","M","?","?","M","R","M","E"],"items_purchased_type":["Relic"],"build_version":"2020-12-22","purchased_purges":1,"victory":false,"max_hp_per_floor":[68,68,68,68,68,68,68,68,68,68,82,82,82,82,82,82,82,82,82,82,82,82,82,82,82,82],"relic_stats":{"Peace Pipe":3,"TheAbacus":[96],"counters":[13,61],"Tiny Chest":0,"obtain_stats":[{"Peace Pipe":0,"TheAbacus":13,"MutagenicStrength":20,"Tiny Chest":7,"Molten Egg 2":9,"Mango":11,"Cracked Core":0,"Runic Pyramid":17},{"Peace Pipe":0,"TheAbacus":6,"MutagenicStrength":10,"Tiny Chest":4,"Molten Egg 2":5,"Mango":6,"Cracked Core":0,"Runic Pyramid":8},{"Peace Pipe":0,"TheAbacus":32,"MutagenicStrength":50,"Tiny Chest":21,"Molten Egg 2":25,"Mango":32,"Cracked Core":0,"Runic Pyramid":43}]},"card_choices":[{"not_picked":["Force Field","Stack"],"picked":"Gash","floor":1},{"not_picked":["Stack","Coolheaded"],"picked":"White Noise","floor":2},{"not_picked":["Recycle","Compile Driver"],"picked":"Glacier","floor":5},{"not_picked":["Stack","Redo","Rebound"],"picked":"SKIP","floor":7},{"not_picked":["Doom and Gloom","Sweeping Beam"],"picked":"Conserve Battery","floor":8},{"not_picked":["Recycle","Reboot"],"picked":"Scrape+1","floor":11},{"not_picked":["Sweeping Beam+1","Melter+1"],"picked":"Streamline+1","floor":14},{"not_picked":["Machine Learning","Reboot"],"picked":"Electrodynamics","floor":16},{"not_picked":["Ball Lightning+1","Compile Driver+1"],"picked":"Hologram","floor":18},{"not_picked":["Ball Lightning+1","Barrage+1"],"picked":"Force Field","floor":19},{"not_picked":["Barrage+1","Hologram"],"picked":"Conserve Battery+1","floor":22},{"not_picked":["Double Energy","Consume","Scrape+1"],"picked":"SKIP","floor":24}],"player_experience":783706,"relics_obtained":[{"floor":7,"key":"Tiny Chest"},{"floor":9,"key":"Molten Egg 2"},{"floor":11,"key":"Mango"}],"event_choices":[{"damage_healed":0,"gold_gain":0,"player_choice":"Forge","damage_taken":0,"max_hp_gain":0,"max_hp_loss":0,"event_name":"Accursed Blacksmith","floor":4,"gold_loss":0,"cards_upgraded":["White Noise"]},{"damage_healed":0,"gold_gain":0,"player_choice":"Inject Mutagens","damage_taken":0,"relics_obtained":["MutagenicStrength"],"max_hp_gain":0,"max_hp_loss":0,"event_name":"Drug Dealer","floor":20,"gold_loss":0},{"damage_healed":0,"gold_gain":0,"player_choice":"Ignored","damage_taken":0,"max_hp_gain":0,"max_hp_loss":0,"event_name":"Vampires","floor":21,"gold_loss":0}],"is_beta":false,"boss_relics":[{"not_picked":["Nuclear Battery","Busted Crown"],"picked":"Runic Pyramid"}],"items_purged_floors":[13],"is_endless":false,"potions_floor_spawned":[5,14,16,22],"killed_by":"Book of Stabbing","ascension_level":8}}