{"host":"eoyiepan94o8zmpo","time":1613843489,"event":{"mods":["2.2 Compatiblity","BaseMod","Dark Map","Highlight Path","Minty Spire (QoL Compilation)","Quick Restart"],"gold_per_floor":[113,388,407,424,203,203,203,228,264,276,307,319,408,434,446,563,575,602,602,628,640,652,652],"floor_reached":22,"language":"ENG","playtime":994,"items_purged":["Regret"],"score":195,"play_id":"5e0b96f9-f824-4f5b-b34a-19eef0ee5054","local_time":"20210220185129","is_ascension_mode":true,"campfire_choices":[{"data":"True Grit","floor":6,"key":"SMITH"},{"data":"Armaments","floor":10,"key":"SMITH"},{"floor":15,"key":"REST"}],"circlet_count":0,"master_deck":["Strike_R","Strike_R","Strike_R","Strike_R","Strike_R+1","Defend_R","Defend_R+1","Defend_R","Defend_R","Bash+1","Body Slam","Iron Wave","Body Slam","True Grit+1","Finesse","Armaments+1","Metallicize","Feel No Pain","Berserk","Bloodletting","Headbutt","Havoc"],"relics":["Burning Blood","MawBank","Nunchaku"],"acts_visited":["Exordium","TheCity"],"potions_floor_usage":[8,16,20],"damage_taken":[{"damage":3,"enemies":"Small Slimes","floor":1,"turns":3},{"damage":13,"enemies":"Cultist","floor":3,"turns":4},{"damage":5,"enemies":"2 Louse","floor":4,"turns":4},{"damage":18,"enemies":"Lagavulin","floor":8,"turns":6},{"damage":0,"enemies":"Large Slime","floor":11,"turns":6},{"damage":15,"enemies":"Exordium Thugs","floor":14,"turns":4},{"damage":14,"enemies":"The Guardian","floor":16,"turns":14},{"damage":18,"enemies":"Shell Parasite","floor":18,"turns":8},{"damage":20,"enemies":"2 Thieves","floor":19,"turns":4},{"damage":36,"enemies":"3 Cultists","floor":20,"turns":7},{"damage":29,"enemies":"Cultist and Chosen","floor":22,"turns":6}],"seed_played":"-8981587951658569572","potions_obtained":[{"floor":3,"key":"FearPotion"},{"floor":4,"key":"Dexterity Potion"},{"floor":19,"key":"Explosive Potion"}],"is_trial":false,"path_per_floor":["M","?","M","M","$","R","?","E","T","R","M","$","?","M","R","B",null,"M","M","M","?","M"],"character_chosen":"IRONCLAD","items_purchased":["True Grit","Finesse"],"campfire_rested":1,"item_purchase_floors":[5,5],"current_hp_per_floor":[80,80,73,74,74,74,58,46,46,46,52,52,52,43,67,59,80,68,54,24,24,0,0],"gold":652,"neow_bonus":"UPGRADE_CARD","is_daily":false,"chose_seed":false,"campfire_upgraded":2,"win_rate":0.0,"timestamp":1613843489,"path_taken":["M","?","?","M","$","R","?","E","T","R","M","$","?","M","R","BOSS","M","M","M","?","M"],"items_purchased_type":["Card","Card"],"build_version":"2020-12-22","purchased_purges":1,"victory":false,"max_hp_per_floor":[80,80,80,80,80,80,80,80,80,80,80,80,80,80,80,80,80,80,80,80,80,80,80],"card_choices":[{"not_picked":["Iron Wave","Fire Breathing"],"picked":"Body Slam","floor":1},{"not_picked":["Sword Boomerang","Headbutt"],"picked":"Iron Wave","floor":3},{"not_picked":["Havoc","Warcry"],"picked":"Body Slam","floor":4},{"not_picked":["Anger","Hemokinesis"],"picked":"Armaments","floor":8},{"not_picked":["Clothesline","Warcry"],"picked":"Metallicize","floor":11},{"not_picked":["Uppercut","Headbutt"],"picked":"Feel No Pain","floor":14},{"not_picked":["Bludgeon","Fiend Fire"],"picked":"Berserk","floor":16},{"not_picked":["Dual Wield+1","Flex"],"picked":"Bloodletting","floor":18},{"not_picked":["Sentinel","Burning Pact"],"picked":"Headbutt","floor":19},{"not_picked":["Clothesline","Exhume"],"picked":"Havoc","floor":20}],"player_experience":289174,"relics_obtained":[{"floor":8,"key":"MawBank"},{"floor":9,"key":"Nunchaku"}],"event_choices":[{"damage_healed":0,"gold_gain":275,"player_choice":"Desecrate","damage_taken":0,"max_hp_gain":0,"max_hp_loss":0,"event_name":"Golden Shrine","floor":2,"gold_loss":0,"cards_obtained":["Regret"]},{"damage_healed":0,"gold_gain":0,"player_choice":"Entered Light","damage_taken":16,"max_hp_gain":0,"max_hp_loss":0,"event_name":"Shining Light","floor":7,"gold_loss":0,"cards_upgraded":["Strike_R","Defend_R"]},{"damage_healed":0,"gold_gain":77,"player_choice":"Gained Gold","damage_taken":0,"max_hp_gain":0,"max_hp_loss":0,"event_name":"Golden Wing","floor":13,"gold_loss":0},{"damage_healed":0,"gold_gain":0,"player_choice":"Ignored","damage_taken":0,"max_hp_gain":0,"max_hp_loss":0,"event_name":"Vampires","floor":21,"gold_loss":0}],"is_beta":false,"boss_relics":[{"not_picked":["Runic Dome","Philosopher\u0027s Stone","Pandora\u0027s Box"]}],"items_purged_floors":[5],"is_endless":false,"potions_floor_spawned":[3,4,19],"killed_by":"Cultist and Chosen","ascension_level":1}}