{"host":"udyc8f81k2jocuhg","time":1613849618,"event":{"mods":["2.2 Compatiblity","BaseMod","Better Third Choice","Colored Powertips","Conspire","Custom Start","GifTheSpireLib","Hermit","Minty Spire (QoL Compilation)","Permanent Neow","Quick Restart","Relic Filter","Relic Stats","Replay The Spire","Shop Mod","Spikes Relics","StSLib","Stuff the Spire"],"gold_per_floor":[117,129,149,199,217,243,243,276,325,353,367,392,392,392,392,392,392,352,352,352,352,176,176,176,176,176,116,116,132,150,150,150,150,150,161,161,178,190,10,10,40,40,40,40,40,40,40,40,40,40,40,40],"floor_reached":51,"language":"ENG","playtime":2751,"items_purged":["ReplayTheSpireMod:Restless Dread"],"score":1288,"play_id":"ecead82d-9a7d-4bf1-904e-bacac5001c3a","local_time":"20210220203338","is_ascension_mode":true,"campfire_choices":[{"data":"Zap","floor":13.0,"key":"SMITH"},{"data":"Zap","floor":15.0,"key":"SMITH"},{"data":"StuffTheSpire:CelestialWarden","floor":24,"key":"SMITH"},{"data":"ReplaySolidLightProjector","floor":32,"key":"SMITH"},{"data":"StuffTheSpire:Vigor","floor":40,"key":"SMITH"},{"data":"Glacier","floor":42,"key":"SMITH"},{"floor":49,"key":"RECALL"}],"circlet_count":0,"master_deck":["AscendersBane","Strike_B","Strike_B","Strike_B+1","Defend_B","Defend_B","Defend_B","Defend_B+1","Zap+1","Dualcast","Cold Snap","Leap","Cold Snap+1","Glacier+1","Hyperbeam+1","Zap+1","Creative AI+1","TheSerpent","ReplayTheSpireMod:Doomed","Glacier+1","ReplaySolidLightProjector+1","StuffTheSpire:CelestialWarden+1","Force Field","Self Repair+1","Amplify+1","Electrodynamics+1","Glacier","StuffTheSpire:Vigor+1","StuffTheSpire:Synthwave","Self Repair+1","Echo Form+1"],"relics":["AncientExoskeleton","Ring of Shattering","Ring of Greed","Golden Egg","The Courier","conspire:DecoderRing","White Beast Statue","War Paint","Du-Vu Doll","LugNut","Nuclear Battery","Pear","PreservedInsect","Replay:Wax Seal","Sozu","StuffTheSpire:BottledEssence","conspire:GiftBox","Prayer Wheel","Whetstone","Potion Belt"],"acts_visited":["Exordium","TheCity","TheBeyond"],"potions_floor_usage":[],"damage_taken":[{"damage":0.0,"enemies":"2 Louse","floor":1.0,"turns":3.0},{"damage":6.0,"enemies":"Jaw Worm","floor":2.0,"turns":4.0},{"damage":0.0,"enemies":"Cultist","floor":3.0,"turns":4.0},{"damage":0.0,"enemies":"Blue Slaver","floor":5.0,"turns":4.0},{"damage":0.0,"enemies":"3 Sentries","floor":6.0,"turns":10.0},{"damage":5.0,"enemies":"Gremlin Nob","floor":8.0,"turns":4.0},{"damage":3.0,"enemies":"Lagavulin","floor":10.0,"turns":8.0},{"damage":8.0,"enemies":"3 Louse","floor":11.0,"turns":3.0},{"damage":6.0,"enemies":"3 Sentries","floor":12.0,"turns":5.0},{"damage":11.0,"enemies":"Gremlin Nob","floor":14.0,"turns":6.0},{"damage":14.0,"enemies":"The Guardian","floor":16.0,"turns":9.0},{"damage":0.0,"enemies":"2 Thieves","floor":18.0,"turns":2.0},{"damage":12.0,"enemies":"Shell Parasite","floor":19.0,"turns":5.0},{"damage":3.0,"enemies":"Snake Plant","floor":20.0,"turns":3.0},{"damage":9.0,"enemies":"Shelled Parasite and Fungi","floor":21.0,"turns":6.0},{"damage":21.0,"enemies":"Book of Stabbing","floor":23.0,"turns":6.0},{"damage":4,"enemies":"conspire:Head Lice","floor":25,"turns":8},{"damage":3,"enemies":"Centurion and Healer","floor":29,"turns":6},{"damage":6,"enemies":"3 Cultists","floor":30,"turns":6},{"damage":3,"enemies":"Chosen and Byrds","floor":31,"turns":7},{"damage":12,"enemies":"conspire:MysteriousRune","floor":33,"turns":12},{"damage":3,"enemies":"Orb Walker","floor":35,"turns":4},{"damage":0,"enemies":"3 Darklings","floor":37,"turns":3},{"damage":3,"enemies":"4 Shapes","floor":38,"turns":3},{"damage":13,"enemies":"Reptomancer","floor":41,"turns":6},{"damage":9,"enemies":"Transient","floor":44,"turns":6},{"damage":23,"enemies":"Giant Head","floor":45,"turns":8},{"damage":56,"enemies":"Reptomancer","floor":47,"turns":6},{"damage":0,"enemies":"Writhing Mass","floor":48,"turns":11},{"damage":13,"enemies":"Replay:Hell Engine","floor":50,"turns":14},{"damage":142,"enemies":"conspire:OrnateMirror","floor":51,"turns":8}],"seed_played":"514926259465402885","potions_obtained":[{"floor":2.0,"key":"BlessingOfTheForge"},{"floor":3.0,"key":"Block Potion"},{"floor":12.0,"key":"Explosive Potion"},{"floor":20.0,"key":"Block Potion"},{"floor":21.0,"key":"Adrenaline Potion"}],"is_trial":false,"path_per_floor":["M","M","M","?","M","E","?","E","T","E","M","E","R","E","R","B",null,"M","M","M","M","?","E","R","E","T","$","?","M","M","M","R","B",null,"M","?","M","M","$","R","E","R","T","M","E","?","E","M","R","B","B"],"character_chosen":"DEFECT","items_purchased":["StuffTheSpire:BottledEssence","Self Repair+1"],"campfire_rested":0,"item_purchase_floors":[39,39],"current_hp_per_floor":[64,58,58,58,58,58,58,53,53,50,42,36,36,25,25,11,56,56,44,41,32,32,21,21,17,17,17,17,14,18,35,35,33,69,66,66,66,63,63,63,80,80,80,81,81,81,45,75,75,72,0,0],"gold":40,"neow_bonus":"BOSS_RELIC","is_daily":false,"chose_seed":false,"campfire_upgraded":6,"win_rate":0.0,"timestamp":1613849618,"path_taken":["M","M","M","?","M","E","?","E","T","E","?","E","R","E","R","BOSS","BOSS","M","M","M","M","?","E","R","E","T","$","?","M","M","M","R","BOSS","M","?","M","M","$","R","E","R","T","M","E","?","E","M","R","BOSS","BOSS"],"items_purchased_type":["Relic","Card"],"build_version":"2020-12-22","purchased_purges":1,"victory":false,"max_hp_per_floor":[71,71,71,71,71,71,71,71,71,71,71,71,71,71,71,71,71,71,71,71,71,71,81,81,81,81,81,81,81,81,81,81,81,81,81,81,81,81,81,81,81,81,81,81,81,81,81,81,81,81,81,81],"relic_stats":{"Sozu":4,"counters":[31,190],"Prayer Wheel":2,"PreservedInsect":253,"Whetstone":["Cold Snap","Strike_B"],"War Paint":["Glacier","Defend_B"],"obtain_stats":[{"Potion Belt":47,"Golden Egg":4,"Pear":23,"AncientExoskeleton":0,"The Courier":4,"PreservedInsect":25,"StuffTheSpire:BottledEssence":39,"Ring of Greed":4,"Whetstone":45,"War Paint":9,"White Beast Statue":8,"Nuclear Battery":17,"Du-Vu Doll":12,"Sozu":34,"Replay:Baseball":10,"conspire:GiftBox":41,"conspire:DecoderRing":6,"Prayer Wheel":44,"Ring of Shattering":4,"Replay:Wax Seal":26,"Cracked Core":0,"LugNut":14},{"Potion Belt":28,"Golden Egg":3,"Pear":16,"AncientExoskeleton":0,"The Courier":3,"PreservedInsect":17,"StuffTheSpire:BottledEssence":24,"Ring of Greed":3,"Whetstone":27,"War Paint":6,"White Beast Statue":6,"Nuclear Battery":11,"Du-Vu Doll":9,"Sozu":21,"Replay:Baseball":7,"conspire:GiftBox":25,"conspire:DecoderRing":5,"Prayer Wheel":26,"Ring of Shattering":3,"Replay:Wax Seal":17,"Cracked Core":0,"LugNut":10},{"Potion Belt":157,"Golden Egg":11,"Pear":82,"AncientExoskeleton":0,"The Courier":11,"PreservedInsect":90,"StuffTheSpire:BottledEssence":131,"Ring of Greed":11,"Whetstone":151,"War Paint":29,"White Beast Statue":29,"Nuclear Battery":60,"Du-Vu Doll":45,"Sozu":121,"Replay:Baseball":37,"conspire:GiftBox":137,"conspire:DecoderRing":25,"Prayer Wheel":141,"Ring of Shattering":11,"Replay:Wax Seal":90,"Cracked Core":0,"LugNut":51}]},"card_choices":[{"not_picked":["Redo","ReplaySolidLightProjector"],"picked":"Cold Snap","floor":1.0},{"not_picked":["Barrage","BasicCrystalCard"],"picked":"Leap","floor":2.0},{"not_picked":["Redo","Double Energy"],"picked":"Cold Snap","floor":3.0},{"not_picked":["Barrage","Streamline"],"picked":"Glacier","floor":5.0},{"not_picked":["Consume","Gash"],"picked":"Hyperbeam","floor":6.0},{"not_picked":["ReplaySort","Rebound","StuffTheSpire:Plugnplay"],"picked":"SKIP","floor":8.0},{"not_picked":["Beam Cell","Chaos","Skim"],"picked":"SKIP","floor":10.0},{"not_picked":["Auto Shields","Compile Driver","Beam Cell"],"picked":"SKIP","floor":11.0},{"not_picked":["Beam Cell","StuffTheSpire:Plugnplay"],"picked":"Glacier","floor":12.0},{"not_picked":["StuffTheSpire:Plugnplay","ReplayTheSpireMod:Repulse","Panic Button"],"picked":"SKIP","floor":14.0},{"not_picked":["Cold Snap","Go for the Eyes","Barrage"],"picked":"SKIP","floor":18.0},{"not_picked":["Lockon","BasicCrystalCard","Hologram"],"picked":"SKIP","floor":19.0},{"not_picked":["Compile Driver","Panic Button"],"picked":"ReplaySolidLightProjector","floor":20.0},{"not_picked":["Blizzard","Streamline","Biased Cognition"],"picked":"SKIP","floor":21.0},{"not_picked":["StuffTheSpire:Plugnplay","Compile Driver"],"picked":"Force Field","floor":23},{"not_picked":["Cold Snap","Darkness+1","Stack"],"picked":"SKIP","floor":25},{"not_picked":["Turbo","Loop"],"picked":"Self Repair+1","floor":29},{"not_picked":["Barrage","Ball Lightning","BasicCrystalCard"],"picked":"SKIP","floor":30},{"not_picked":["StuffTheSpire:CleanHardDrive","Gash"],"picked":"Amplify","floor":31},{"not_picked":["StuffTheSpire:ForEach","All For One"],"picked":"Electrodynamics","floor":33},{"not_picked":["Sweeping Beam","Coolheaded"],"picked":"Glacier","floor":35},{"not_picked":["StuffTheSpire:Innocence","StuffTheSpire:Brawn"],"picked":"StuffTheSpire:Vigor","floor":36},{"not_picked":["Turbo","Stack","Double Energy+1"],"picked":"SKIP","floor":37},{"not_picked":["Go for the Eyes","StuffTheSpire:GlassShard"],"picked":"StuffTheSpire:Synthwave","floor":38},{"not_picked":["Ball Lightning","BootSequence"],"picked":"ReplayTheSpireMod:Fabricate Wheel","floor":41},{"not_picked":["Barrage","Undo","Conserve Battery"],"picked":"SKIP","floor":44},{"not_picked":["BasicCrystalCard","Redo","StuffTheSpire:LoadUp"],"picked":"SKIP","floor":44},{"not_picked":["Rainbow","BasicCrystalCard","Auto Shields"],"picked":"SKIP","floor":45},{"not_picked":["Go for the Eyes","Beam Cell","Stack+1"],"picked":"SKIP","floor":47},{"not_picked":["FTL","StuffTheSpire:CleanHardDrive","conspire:Rain"],"picked":"SKIP","floor":48},{"not_picked":["Gash","Tempest","Rebound"],"picked":"SKIP","floor":48}],"player_experience":2059683,"relics_obtained":[{"floor":4.0,"key":"Ring of Shattering"},{"floor":4.0,"key":"Ring of Greed"},{"floor":4.0,"key":"Golden Egg"},{"floor":4.0,"key":"The Courier"},{"floor":6.0,"key":"conspire:DecoderRing"},{"floor":8.0,"key":"White Beast Statue"},{"floor":9.0,"key":"War Paint"},{"floor":10.0,"key":"Replay:Baseball"},{"floor":12.0,"key":"Du-Vu Doll"},{"floor":14.0,"key":"LugNut"},{"floor":23,"key":"Pear"},{"floor":25,"key":"PreservedInsect"},{"floor":26,"key":"Replay:Wax Seal"},{"floor":41,"key":"conspire:GiftBox"},{"floor":45,"key":"Whetstone"},{"floor":47,"key":"Potion Belt"}],"event_choices":[{"damage_healed":0.0,"max_hp_gain":0.0,"max_hp_loss":0.0,"gold_gain":0.0,"event_name":"Match and Keep!","player_choice":"2 cards matched","floor":7.0,"gold_loss":0.0,"damage_taken":0.0,"cards_obtained":["Zap","Creative AI"]},{"damage_healed":0,"gold_gain":0,"player_choice":"Ignored","damage_taken":0,"max_hp_gain":0,"max_hp_loss":0,"event_name":"Vampires","floor":28,"gold_loss":0},{"cards_removed":["Strike_B"],"damage_healed":0,"gold_gain":0,"player_choice":"Removed Attack","damage_taken":0,"max_hp_gain":0,"max_hp_loss":0,"event_name":"Falling","floor":46,"gold_loss":0}],"is_beta":false,"boss_relics":[{"not_picked":["Honey Jar","StuffTheSpire:Kangaroo"],"picked":"Nuclear Battery"},{"not_picked":["StuffTheSpire:RunicHypercube","Coffee Dripper"],"picked":"Sozu"}],"items_purged_floors":[27],"is_endless":false,"potions_floor_spawned":[2,3,8,10,11,12,14,16,18,19,20,21,23,25,29,30,31,33,35,37,38,41,44,45,47,48],"killed_by":"conspire:OrnateMirror","ascension_level":20}}