{"host":"51qmnr9isyv85d0p","time":1613807597,"event":{"mods":["AchievementEnabler","BaseMod","Colored Map","Colored Powertips","Curses Come First","Downfall","Minty Spire (QoL Compilation)","Red Circlet Mod","Relic Stats","Replay The Spire","StSLib","TestMod"],"gold_per_floor":[21200,21217,20219,20219,20231,20231,20256,20271,20349,20360,20370,20387,20417,19706,19706,19810,19810,19830,19830,19845,19862,18814,18832,18843,18870,18870,18898,18196,18214,17043,17056,17056,17160,17160,17176,16214,15239,15239,15239,15268,15268,14629,14675,14675,0,37,58,74,74,89,89,89,7859,7893,7912],"floor_reached":56,"language":"ZHS","playtime":2385,"items_purged":["Defend_B","Defend_B","Strike_B","Defend_B","Strike_B","Defend_B","Strike_B"],"score":1873,"play_id":"cf18318d-fd30-4509-b67e-3b634be8c8e0","local_time":"20210220155317","is_ascension_mode":true,"campfire_choices":[{"data":"Zap","floor":6,"key":"SMITH"},{"data":"Dualcast","floor":15,"key":"SMITH"},{"data":"1","floor":32,"key":"LIFT"},{"data":"2","floor":41,"key":"LIFT"},{"data":"3","floor":44,"key":"LIFT"},{"floor":49,"key":"RECALL"},{"data":"Electrodynamics","floor":52,"key":"SMITH"}],"circlet_count":0,"master_deck":["Zap+1","Dualcast+1","Chill","Scrape","Coolheaded+1","Hologram+1","Bandage Up+1","Gash","Mirror Shield+1","ReplayTheSpireMod:Calculation Training+1","Genetic Algorithm+1","Glacier+1","Storm","Double Energy+1","Seek+1","Loop","ReplayTheSpireMod:Omega Cannon+1","Turbo+1","Beam Cell","Machine Learning+1","Chaos+1","Metamorphosis+1","Violence+1","Dark Shackles+1","White Noise+1","Go for the Eyes+1","FIFO Queue+1","ReplayTheSpireMod:Repulse+1","Redo+1","Redo+1","Gash+1","Secret Technique+1","Fission+1","Gash+1","Electrodynamics+1","FIFO Queue+1","Good Instincts+1","ReplayTheSpireMod:Calculation Training+1","Loop+1","Redo+1","ReplayTheSpireMod:Calculation Training+1","Electrodynamics+1","Master of Strategy+1","Aggregate+1"],"relics":["Cracked Core","testmod-TestBox","testmod-Alchemist","Toxic Egg 2","Bronze Scales","Frozen Eye","testmod-ObsoleteBoomerang","Guardian:PocketSentry","Orichalcum","Darkstone Periapt","ClockworkSouvenir","testmod-TimeTraveler","Prayer Wheel","Quantum Egg","Girya","ReplayTheSpireMod:ShopPack","Gremlin Food","Replay:Mystery Machine","Replay:Antivirus Software","Nunchaku","Lee\u0027s Waffle","testmod-HeartOfStrike","Prayer Wheel","Guardian:BottledAnomaly","SacredBark","Blue Doll","testmod-ThousandKnives","champ:Barbells","TungstenRod","Pantograph","Guide Book","ReplayTheSpireMod:Ring of Addiction","Ring of Shattering","White Beast Statue","Toy Ornithopter","testmod-BlackFramedGlasses","Letter Opener","ReplayTheSpireMod:Lightbulb","BargainBundle","testmod-Acrobat","Red Mask","testmod-TurbochargingSystem","Vajra","Pondfish Scales","Raider\u0027s Mask","Ornamental Fan"],"acts_visited":["Exordium","TheCity","TheBeyond","TheEnding"],"potions_floor_usage":[16,21,23,23,28,39,47,50,55,55,55,55,55,55,55,55],"damage_taken":[{"damage":7,"enemies":"Small Slimes","floor":1,"turns":4},{"damage":0,"enemies":"Cultist","floor":2,"turns":3},{"damage":2,"enemies":"Jaw Worm","floor":5,"turns":3},{"damage":11,"enemies":"3 Sentries","floor":7,"turns":10},{"damage":0,"enemies":"Exordium Wildlife","floor":8,"turns":1},{"damage":0,"enemies":"Lots of Slimes","floor":10,"turns":2},{"damage":0,"enemies":"Large Slime","floor":11,"turns":2},{"damage":1,"enemies":"3 Louse","floor":12,"turns":2},{"damage":0,"enemies":"Gremlin Nob","floor":13,"turns":3},{"damage":3,"enemies":"Hexaghost","floor":16,"turns":5},{"damage":0,"enemies":"Chosen","floor":18,"turns":3},{"damage":0,"enemies":"2 Thieves","floor":20,"turns":2},{"damage":0,"enemies":"Centurion and Healer","floor":21,"turns":3},{"damage":0,"enemies":"Chosen and Byrds","floor":23,"turns":3},{"damage":0,"enemies":"Snake Plant","floor":24,"turns":2},{"damage":17,"enemies":"Slavers","floor":25,"turns":3},{"damage":1,"enemies":"Book of Stabbing","floor":27,"turns":3},{"damage":2,"enemies":"Cultist and Chosen","floor":29,"turns":2},{"damage":0,"enemies":"Centurion and Healer","floor":31,"turns":2},{"damage":0,"enemies":"Automaton","floor":33,"turns":1},{"damage":0,"enemies":"3 Shapes","floor":35,"turns":1},{"damage":0,"enemies":"Reptomancer","floor":40,"turns":1},{"damage":0,"enemies":"Nemesis","floor":46,"turns":1},{"damage":0,"enemies":"3 Darklings","floor":47,"turns":1},{"damage":0,"enemies":"Jaw Worm Horde","floor":48,"turns":1},{"damage":0,"enemies":"Awakened One","floor":50,"turns":2},{"damage":0,"enemies":"Shield and Spear","floor":54,"turns":2},{"damage":0,"enemies":"The Heart","floor":55,"turns":3}],"seed_played":"-5271665052724729897","potions_obtained":[{"floor":2,"key":"Dexterity Potion"},{"floor":7,"key":"Energy Potion"},{"floor":10,"key":"Fruit Juice"},{"floor":16,"key":"Guardian:BlockOnCardUsePotion"},{"floor":21,"key":"testmod-SpacePotion"},{"floor":25,"key":"FearPotion"},{"floor":27,"key":"BlessingOfTheForge"},{"floor":33,"key":"Reflective Coating"},{"floor":39,"key":"testmod-SpacePotion"},{"floor":39,"key":"Ancient Potion"},{"floor":39,"key":"Dexterity Potion"},{"floor":40,"key":"Swift Potion"},{"floor":46,"key":"EntropicBrew"},{"floor":47,"key":"Swift Potion"},{"floor":48,"key":"Toxic Potion"},{"floor":54,"key":"PotionOfCapacity"}],"is_trial":false,"path_per_floor":["M","M","$","?","M","R","E","M","T","M","M","M","E","$","R","B",null,"M","?","M","M","$","M","M","E","T","E","$","M","$","M","R","B",null,"M","$","$","?","?","E","R","$","T","R","?","E","M","M","R","B",null,"R","$","E","B",null],"character_chosen":"DEFECT","items_purchased":["Toxic Egg 2","Bronze Scales","Frozen Eye","Coolheaded+1","Hologram+1","Bandage Up+1","FocusPotion","Strength Potion","Languid Potion","Orichalcum","Darkstone Periapt","ClockworkSouvenir","Storm","Quantum Egg","Girya","ReplayTheSpireMod:ShopPack","Machine Learning","Chaos+1","Replay:Antivirus Software","Nunchaku","Lee\u0027s Waffle","Redo+1","Fire Potion","testmod-HeartOfStrike","Prayer Wheel","Guardian:BottledAnomaly","Secret Technique+1","DistilledChaos","Blue Doll","testmod-ThousandKnives","champ:Barbells","Good Instincts+1","ReplayTheSpireMod:Calculation Training+1","TungstenRod","Pantograph","Guide Book","Loop+1","Letter Opener","ReplayTheSpireMod:Lightbulb","BargainBundle","Vajra","Pondfish Scales","Raider\u0027s Mask","Electrodynamics+1","Master of Strategy+1","Aggregate+1","LifebloodPotion"],"campfire_rested":0,"item_purchase_floors":[3,3,3,3,3,3,3,3,3,14,14,14,14,22,22,22,22,22,28,28,28,28,28,30,30,30,30,30,36,36,36,36,36,37,37,37,37,42,42,42,53,53,53,53,53,53,53],"current_hp_per_floor":[68,68,68,68,72,72,64,70,70,75,80,84,89,89,89,95,95,100,80,91,96,96,102,108,97,97,96,122,120,120,120,120,122,122,122,122,122,122,122,122,122,122,120,120,120,118,118,118,118,118,118,118,118,116,116],"gold":7912,"neow_bonus":"HUNDRED_GOLD","is_daily":false,"chose_seed":false,"campfire_upgraded":3,"win_rate":0.0,"timestamp":1613807597,"path_taken":["M","M","$","?","M","R","E","?","T","?","M","M","E","$","R","BOSS","M","?","M","M","$","M","M","E","T","E","?","?","$","M","R","BOSS","M","?","$","?","?","E","R","?","T","R","?","E","M","M","R","BOSS","R","$","E","BOSS"],"items_purchased_type":["Relic","Relic","Relic","Card","Card","Card","Potion","Potion","Potion","Relic","Relic","Relic","Card","Relic","Relic","Relic","Card","Card","Relic","Relic","Relic","Card","Potion","Relic","Relic","Relic","Card","Potion","Relic","Relic","Relic","Card","Card","Relic","Relic","Relic","Card","Relic","Relic","Relic","Relic","Relic","Relic","Card","Card","Card","Potion"],"build_version":"2020-12-22","purchased_purges":7,"victory":true,"max_hp_per_floor":[75,75,75,75,75,75,75,75,75,75,80,85,90,90,90,95,95,100,105,110,115,115,115,115,115,115,115,122,122,122,122,122,122,122,122,122,122,122,122,122,122,122,120,120,120,118,118,118,118,118,118,118,118,116,116],"relic_stats":{"Darkstone Periapt":0,"Lee\u0027s Waffle":26,"counters":[28,70],"Letter Opener":[162],"Orichalcum":[24],"Nunchaku":[6],"Ornamental Fan":[12],"Bronze Scales":[177],"Pantograph":0,"Prayer Wheel":9,"obtain_stats":[{"Darkstone Periapt":14,"testmod-HeartOfStrike":30,"SacredBark":34,"Vajra":53,"Blue Doll":36,"Raider\u0027s Mask":53,"Replay:Mystery Machine":26,"testmod-BlackFramedGlasses":40,"ClockworkSouvenir":14,"Frozen Eye":3,"Nunchaku":28,"testmod-Alchemist":0,"Pantograph":37,"testmod-ThousandKnives":36,"testmod-ObsoleteBoomerang":7,"Prayer Wheel":20,"Ring of Shattering":39,"Red Mask":45,"Toxic Egg 2":3,"Replay:Antivirus Software":28,"Guardian:BottledAnomaly":30,"Cracked Core":0,"Gremlin Food":25,"Girya":22,"champ:Barbells":36,"Lee\u0027s Waffle":28,"BargainBundle":42,"testmod-TestBox":0,"testmod-TimeTraveler":17,"Quantum Egg":22,"Guide Book":37,"ReplayTheSpireMod:Ring of Addiction":39,"Guardian:PocketSentry":13,"Letter Opener":42,"testmod-TurbochargingSystem":46,"Orichalcum":14,"White Beast Statue":39,"Pondfish Scales":53,"Ornamental Fan":54,"Bronze Scales":3,"testmod-Acrobat":43,"ReplayTheSpireMod:Lightbulb":42,"TungstenRod":37,"Toy Ornithopter":39,"ReplayTheSpireMod:ShopPack":22},{"Darkstone Periapt":9,"testmod-HeartOfStrike":18,"SacredBark":20,"Vajra":26,"Blue Doll":21,"Raider\u0027s Mask":26,"Replay:Mystery Machine":16,"testmod-BlackFramedGlasses":22,"ClockworkSouvenir":9,"Frozen Eye":2,"Nunchaku":17,"testmod-Alchemist":0,"Pantograph":21,"testmod-ThousandKnives":21,"testmod-ObsoleteBoomerang":4,"Prayer Wheel":12,"Ring of Shattering":21,"Red Mask":22,"Toxic Egg 2":2,"Replay:Antivirus Software":17,"Guardian:BottledAnomaly":18,"Cracked Core":0,"Gremlin Food":16,"Girya":13,"champ:Barbells":21,"Lee\u0027s Waffle":17,"BargainBundle":22,"testmod-TestBox":0,"testmod-TimeTraveler":10,"Quantum Egg":13,"Guide Book":21,"ReplayTheSpireMod:Ring of Addiction":21,"Guardian:PocketSentry":9,"Letter Opener":22,"testmod-TurbochargingSystem":23,"Orichalcum":9,"White Beast Statue":21,"Pondfish Scales":26,"Ornamental Fan":27,"Bronze Scales":2,"testmod-Acrobat":22,"ReplayTheSpireMod:Lightbulb":22,"TungstenRod":21,"Toy Ornithopter":21,"ReplayTheSpireMod:ShopPack":13},{"Darkstone Periapt":30,"testmod-HeartOfStrike":55,"SacredBark":58,"Vajra":65,"Blue Doll":59,"Raider\u0027s Mask":65,"Replay:Mystery Machine":50,"testmod-BlackFramedGlasses":60,"ClockworkSouvenir":30,"Frozen Eye":7,"Nunchaku":53,"testmod-Alchemist":0,"Pantograph":59,"testmod-ThousandKnives":59,"testmod-ObsoleteBoomerang":20,"Prayer Wheel":38,"Ring of Shattering":59,"Red Mask":60,"Toxic Egg 2":7,"Replay:Antivirus Software":53,"Guardian:BottledAnomaly":55,"Cracked Core":0,"Gremlin Food":50,"Girya":42,"champ:Barbells":59,"Lee\u0027s Waffle":53,"BargainBundle":60,"testmod-TestBox":0,"testmod-TimeTraveler":35,"Quantum Egg":42,"Guide Book":59,"ReplayTheSpireMod:Ring of Addiction":59,"Guardian:PocketSentry":30,"Letter Opener":60,"testmod-TurbochargingSystem":61,"Orichalcum":30,"White Beast Statue":59,"Pondfish Scales":65,"Ornamental Fan":67,"Bronze Scales":7,"testmod-Acrobat":60,"ReplayTheSpireMod:Lightbulb":60,"TungstenRod":59,"Toy Ornithopter":59,"ReplayTheSpireMod:ShopPack":42}],"TungstenRod":0,"Toy Ornithopter":0},"card_choices":[{"not_picked":["Leap","Reprogram"],"picked":"Chill","floor":1},{"not_picked":["Steam","Barrage"],"picked":"Scrape","floor":2},{"not_picked":["Sweeping Beam","Fusion+1"],"picked":"Gash","floor":5},{"not_picked":["Leap+1","Steam+1"],"picked":"Hologram+1","floor":7},{"not_picked":["Ball Lightning","Reinforced Body+1","Rebound"],"picked":"SKIP","floor":8},{"not_picked":["Barrage","Coolheaded+1"],"picked":"Mirror Shield+1","floor":10},{"not_picked":["Barrage","Panic Button+1"],"picked":"ReplayTheSpireMod:Calculation Training+1","floor":11},{"not_picked":["Barrage","Stack+1"],"picked":"Genetic Algorithm+1","floor":12},{"not_picked":["Leap+1","Multi-Cast+1"],"picked":"Glacier+1","floor":13},{"not_picked":["Hyperbeam","Thunder Strike"],"picked":"ReplayTheSpireMod:Fabricate Wheel+1","floor":16},{"not_picked":["Conserve Battery+1","ReplayTheSpireMod:Calculation Training+1"],"picked":"Double Energy+1","floor":18},{"not_picked":["Compile Driver","Steam+1"],"picked":"Loop","floor":20},{"not_picked":["Sweeping Beam+1","Crystallizer"],"picked":"ReplayTheSpireMod:Omega Cannon","floor":20},{"not_picked":["Ball Lightning","Compile Driver"],"picked":"Turbo+1","floor":21},{"not_picked":["ReplayGash","Conserve Battery+1"],"picked":"Beam Cell","floor":21},{"not_picked":["testmod-AutoReboundSystem","testmod-CardIndex"],"picked":"Metamorphosis","floor":22},{"not_picked":["testmod-PulseDistributor","testmod-Recap"],"picked":"Violence","floor":22},{"not_picked":["testmod-Reflect","testmod-LifeRuler"],"picked":"Dark Shackles","floor":22},{"not_picked":["Fusion+1","Lockon+1"],"picked":"White Noise+1","floor":23},{"not_picked":["Cold Snap","Turbo+1","Compile Driver"],"picked":"SKIP","floor":23},{"not_picked":["Auto Shields+1","Hologram+1"],"picked":"Go for the Eyes+1","floor":24},{"not_picked":["Echo Form","Sweeping Beam+1"],"picked":"FIFO Queue","floor":24},{"not_picked":["ReplayTheSpireMod:Fabricate Wheel+1","Gash"],"picked":"ReplayTheSpireMod:Repulse+1","floor":25},{"not_picked":["Rebound","Panic Button+1","Cold Snap+1"],"picked":"SKIP","floor":27},{"not_picked":["FIFO Queue+1","Compile Driver+1"],"picked":"Gash+1","floor":29},{"not_picked":["Sunder+1","Compile Driver","BasicCrystalCard+1"],"picked":"SKIP","floor":29},{"not_picked":["Streamline","Steam+1"],"picked":"Fission+1","floor":31},{"not_picked":["Coolheaded+1","ReplayGash"],"picked":"Gash+1","floor":31},{"not_picked":["Gash","Turbo+1","Blizzard+1"],"picked":"SKIP","floor":31},{"not_picked":["Rainbow+1","Creative AI"],"picked":"Electrodynamics","floor":33},{"not_picked":["Rebound+1","Compile Driver"],"picked":"FIFO Queue+1","floor":35},{"not_picked":["Streamline+1","Hologram+1","ReplayTheSpireMod:System Scan+1"],"picked":"SKIP","floor":35},{"not_picked":["Gash+1","ReplayTheSpireMod:GoodbyeWorld","BootSequence+1"],"picked":"SKIP","floor":35},{"not_picked":["ReplaySolidLightProjector+1","Sweeping Beam+1","Hologram+1"],"picked":"SKIP","floor":40},{"not_picked":["Rip and Tear","Tempest+1","Mirror Shield+1"],"picked":"SKIP","floor":46},{"not_picked":["Sunder+1","Sweeping Beam+1"],"picked":"Redo+1","floor":47},{"not_picked":["Beam Cell+1","Redo+1"],"picked":"ReplayTheSpireMod:Calculation Training+1","floor":47},{"not_picked":["FTL+1","BasicCrystalCard+1","Lockon+1"],"picked":"SKIP","floor":47},{"not_picked":["Coolheaded+1","Hologram+1","Compile Driver"],"picked":"SKIP","floor":48},{"not_picked":["Ball Lightning+1","Conserve Battery+1","Streamline+1"],"picked":"SKIP","floor":48},{"not_picked":["Cold Snap","Time Bomb+1","Gash"],"picked":"SKIP","floor":48},{"not_picked":["ReplayTheSpireMod:Fabricate Wheel+1","Hologram+1","Redo+1"],"picked":"SKIP","floor":54}],"player_experience":142855,"relics_obtained":[{"floor":7,"key":"testmod-ObsoleteBoomerang"},{"floor":13,"key":"Guardian:PocketSentry"},{"floor":25,"key":"Gremlin Food"},{"floor":26,"key":"Replay:Mystery Machine"},{"floor":39,"key":"ReplayTheSpireMod:Ring of Addiction"},{"floor":39,"key":"Ring of Shattering"},{"floor":39,"key":"White Beast Statue"},{"floor":39,"key":"Toy Ornithopter"},{"floor":40,"key":"testmod-BlackFramedGlasses"},{"floor":43,"key":"testmod-Acrobat"},{"floor":46,"key":"testmod-TurbochargingSystem"},{"floor":54,"key":"Ornamental Fan"}],"event_choices":[{"cards_removed":["Strike_B"],"damage_healed":0,"gold_gain":0,"player_choice":"Purged","damage_taken":0,"max_hp_gain":0,"max_hp_loss":0,"event_name":"Purifier","floor":4,"gold_loss":0},{"damage_healed":0,"gold_gain":0,"player_choice":"Shed Blood","damage_taken":25,"max_hp_gain":5,"max_hp_loss":0,"event_name":"Forgotten Altar","floor":19,"gold_loss":0},{"cards_removed":["Hologram"],"damage_healed":0,"gold_gain":0,"player_choice":"Removed Skill","damage_taken":0,"max_hp_gain":0,"max_hp_loss":0,"event_name":"Falling","floor":38,"gold_loss":0},{"damage_healed":0,"gold_gain":0,"player_choice":"Paid","damage_taken":0,"relics_obtained":["Red Mask"],"max_hp_gain":0,"max_hp_loss":0,"event_name":"Tomb of Lord Red Mask","floor":45,"gold_loss":14675}],"is_beta":false,"boss_relics":[{"not_picked":["Busted Crown","Inserter"],"picked":"testmod-TimeTraveler"},{"not_picked":["Ring of Chaos","sneckomod:SneckoTalon"],"picked":"SacredBark"}],"items_purged_floors":[3,14,22,28,30,36,37],"is_endless":false,"potions_floor_spawned":[2,7,10,13,16,20,21,25,27,33,40,46,47,48,54],"ascension_level":3}}