{"host":"ul3z8ex5o8l5j7mh","time":1613826485,"event":{"mods":["AchievementEnabler","BaseMod","Bestiary","Colored Map","Colored Powertips","DeckTracker","Keyboard Shortcuts","Minty Spire (QoL Compilation)","Relic Sorter","Relic Stats","SuperFastMode"],"gold_per_floor":[109,109,109,128,140,170,19,19,19,19,38,38,51,51,51,149,149,163,433,452,367,386,386,386,386],"floor_reached":24,"language":"ENG","playtime":817,"items_purged":[],"score":196,"play_id":"fa48445a-acd9-4496-af8c-90331185bcd2","local_time":"20210220140805","is_ascension_mode":false,"campfire_choices":[{"floor":10,"key":"RECALL"},{"data":"Carnage","floor":12,"key":"SMITH"},{"floor":15,"key":"REST"},{"floor":23,"key":"REST"}],"circlet_count":0,"master_deck":["Strike_R","Strike_R","Strike_R","Strike_R","Strike_R","Defend_R","Defend_R","Defend_R","Defend_R","Bash+1","Iron Wave+1","Spot Weakness","Spot Weakness","Carnage+1","Shrug It Off","Bludgeon","Inflame"],"relics":["Sozu","Pantograph","Art of War","Vajra","Self Forming Clay","SlaversCollar","Orichalcum"],"acts_visited":["Exordium","TheCity"],"potions_floor_usage":[],"damage_taken":[{"damage":6,"enemies":"Jaw Worm","floor":1,"turns":3},{"damage":0,"enemies":"2 Louse","floor":4,"turns":2},{"damage":0,"enemies":"Cultist","floor":5,"turns":3},{"damage":32,"enemies":"Lagavulin","floor":6,"turns":7},{"damage":8,"enemies":"Exordium Thugs","floor":11,"turns":4},{"damage":2,"enemies":"Blue Slaver","floor":13,"turns":2},{"damage":37,"enemies":"The Guardian","floor":16,"turns":8},{"damage":12,"enemies":"Shell Parasite","floor":18,"turns":3},{"damage":20,"enemies":"2 Thieves","floor":20,"turns":4},{"damage":17,"enemies":"Centurion and Healer","floor":22,"turns":6},{"damage":28,"enemies":"Gremlin Leader","floor":24,"turns":4}],"seed_played":"-1191019274323350074","potions_obtained":[],"is_trial":false,"path_per_floor":["M","?","?","M","M","E","$","?","T","R","M","R","M","T","R","B",null,"M","?","M","?","M","R","E"],"character_chosen":"IRONCLAD","items_purchased":["Art of War"],"campfire_rested":2,"item_purchase_floors":[7],"current_hp_per_floor":[74,74,74,74,74,42,42,42,42,42,34,34,32,32,56,43,80,68,41,21,21,4,28,0,0],"gold":386,"neow_bonus":"BOSS_RELIC","is_daily":false,"chose_seed":false,"campfire_upgraded":1,"win_rate":0.0,"timestamp":1613826485,"path_taken":["M","?","?","M","?","E","$","?","T","R","M","R","M","?","R","BOSS","M","?","?","?","M","R","E"],"items_purchased_type":["Relic"],"build_version":"2020-12-22","purchased_purges":0,"victory":false,"max_hp_per_floor":[80,80,80,80,80,80,80,80,80,80,80,80,80,80,80,80,80,80,80,80,80,80,80,80,80],"relic_stats":{"Sozu":4,"counters":[11,46],"Self Forming Clay":[60],"Pantograph":24,"Art of War":[1],"Orichalcum":[12],"obtain_stats":[{"Sozu":0,"SlaversCollar":17,"Self Forming Clay":14,"Pantograph":6,"Vajra":8,"Art of War":7,"Orichalcum":21,"Burning Blood":0},{"Sozu":0,"SlaversCollar":7,"Self Forming Clay":6,"Pantograph":4,"Vajra":4,"Art of War":4,"Orichalcum":9,"Burning Blood":0},{"Sozu":0,"SlaversCollar":29,"Self Forming Clay":21,"Pantograph":15,"Vajra":15,"Art of War":15,"Orichalcum":36,"Burning Blood":0}]},"card_choices":[{"not_picked":["Spot Weakness","Flex"],"picked":"Iron Wave","floor":1},{"not_picked":["Perfected Strike","Disarm"],"picked":"Spot Weakness","floor":4},{"not_picked":["Inflame","Twin Strike"],"picked":"Spot Weakness","floor":5},{"not_picked":["Armaments","Reckless Charge","Metallicize"],"picked":"SKIP","floor":6},{"not_picked":["Perfected Strike","Pommel Strike"],"picked":"Carnage","floor":11},{"not_picked":["Havoc","Clash"],"picked":"Shrug It Off","floor":13},{"not_picked":["Brutality","Feed"],"picked":"Bludgeon","floor":16},{"not_picked":["Dual Wield+1","True Grit+1","Ghostly Armor"],"picked":"SKIP","floor":18},{"not_picked":["Uppercut+1","Reckless Charge+1","Metallicize"],"picked":"SKIP","floor":20},{"not_picked":["Second Wind","Wild Strike+1"],"picked":"Inflame","floor":22}],"player_experience":399471,"relics_obtained":[{"floor":6,"key":"Pantograph"},{"floor":14,"key":"Self Forming Clay"}],"event_choices":[{"damage_healed":0,"gold_gain":0,"player_choice":"Grow","damage_taken":0,"max_hp_gain":0,"max_hp_loss":0,"event_name":"Living Wall","floor":2,"gold_loss":0,"cards_upgraded":["Iron Wave"]},{"damage_healed":0,"gold_gain":0,"player_choice":"Upgraded","damage_taken":0,"max_hp_gain":0,"max_hp_loss":0,"event_name":"Upgrade Shrine","floor":3,"gold_loss":0,"cards_upgraded":["Bash"]},{"damage_healed":0,"gold_gain":0,"player_choice":"Searched \u00271\u0027 times","damage_taken":0,"relics_obtained":["Vajra"],"max_hp_gain":0,"max_hp_loss":0,"event_name":"Dead Adventurer","floor":8,"gold_loss":0},{"damage_healed":0,"gold_gain":270,"player_choice":"GOLD GOLD GOLD ","damage_taken":27,"max_hp_gain":0,"max_hp_loss":0,"event_name":"Knowing Skull","floor":19,"potions_obtained":[],"gold_loss":0,"cards_obtained":[]},{"damage_healed":0,"gold_gain":0,"player_choice":"Obtained Relic","damage_taken":0,"relics_obtained":["Orichalcum"],"max_hp_gain":0,"max_hp_loss":0,"event_name":"Addict","floor":21,"gold_loss":85}],"is_beta":false,"boss_relics":[{"not_picked":["SacredBark","Tiny House"],"picked":"SlaversCollar"}],"items_purged_floors":[],"is_endless":false,"potions_floor_spawned":[4,13,18,20],"killed_by":"Gremlin Leader","ascension_level":0}}