{"host":"a4s27ghlnr83kbqz","time":1613782875,"event":{"mods":["AchievementEnabler","BaseMod","Colored Map","Minty Spire (QoL Compilation)","Permanent Neow","SuperFastMode"],"gold_per_floor":[112,112,112,37,55,95,114,134,134,134,149,168,168,206,206,305,305,324,344,269,294,314,314,352,53,80,80,93,109,134,153,153,246,246,262,262,7,27,50,50,89,112,112,128,164,164,164,182,182,182,182,182,182,58,58,58],"floor_reached":55,"language":"KOR","playtime":1960,"items_purged":["Strike_R","Strike_R","Strike_R","Anger"],"score":1930,"play_id":"e01d914d-b13d-477b-8c7a-f54e7dcdbef7","local_time":"20210220100115","is_ascension_mode":true,"campfire_choices":[{"data":"Shockwave","floor":10.0,"key":"SMITH"},{"data":"Armaments","floor":15.0,"key":"SMITH"},{"data":"Whirlwind","floor":23,"key":"SMITH"},{"data":"Warcry","floor":27,"key":"SMITH"},{"data":"Demon Form","floor":32,"key":"SMITH"},{"data":"Burning Pact","floor":40,"key":"SMITH"},{"floor":47,"key":"REST"},{"floor":49,"key":"RECALL"},{"data":"Disarm","floor":53,"key":"SMITH"}],"circlet_count":0,"master_deck":["AscendersBane","Defend_R","Defend_R","Defend_R","Bash","Wild Strike","Shockwave+1","Disarm+1","Armaments+1","Twin Strike","Whirlwind+1","Metallicize","Demon Form+1","Shrug It Off","Warcry+1","Reaper","Warcry+1","Feed","Impervious","Burning Pact+1","Entrench+1","Panacea"],"relics":["Burning Blood","NeowsBlessing","Golden Idol","Vajra","HornCleat","CaptainsWheel","Velvet Choker","Oddly Smooth Stone","Membership Card","Omamori","Sozu","Sling","Akabeko","Du-Vu Doll","Centennial Puzzle"],"acts_visited":["Exordium","TheCity","TheBeyond","TheEnding"],"potions_floor_usage":[21,41,51],"damage_taken":[{"damage":0.0,"enemies":"Jaw Worm","floor":1.0,"turns":1.0},{"damage":0.0,"enemies":"Small Slimes","floor":5.0,"turns":1.0},{"damage":0.0,"enemies":"Gremlin Nob","floor":6.0,"turns":1.0},{"damage":2.0,"enemies":"2 Louse","floor":7.0,"turns":2.0},{"damage":16.0,"enemies":"Exordium Thugs","floor":8.0,"turns":5.0},{"damage":5.0,"enemies":"Red Slaver","floor":11.0,"turns":3.0},{"damage":5.0,"enemies":"Blue Slaver","floor":12.0,"turns":4.0},{"damage":26.0,"enemies":"Lagavulin","floor":14.0,"turns":7.0},{"damage":13,"enemies":"The Guardian","floor":16,"turns":16},{"damage":8,"enemies":"Shell Parasite","floor":18,"turns":5},{"damage":13,"enemies":"Spheric Guardian","floor":19,"turns":6},{"damage":6,"enemies":"Centurion and Healer","floor":21,"turns":5},{"damage":0,"enemies":"3 Cultists","floor":22,"turns":4},{"damage":21,"enemies":"Book of Stabbing","floor":24,"turns":5},{"damage":0,"enemies":"Snake Plant","floor":28,"turns":6},{"damage":14,"enemies":"Centurion and Healer","floor":29,"turns":6},{"damage":0,"enemies":"3 Cultists","floor":30,"turns":5},{"damage":5,"enemies":"Snecko","floor":31,"turns":7},{"damage":2,"enemies":"Collector","floor":33,"turns":6},{"damage":5,"enemies":"3 Shapes","floor":35,"turns":3},{"damage":0,"enemies":"3 Darklings","floor":38,"turns":2},{"damage":0,"enemies":"Jaw Worm Horde","floor":39,"turns":8},{"damage":0,"enemies":"Giant Head","floor":41,"turns":7},{"damage":0,"enemies":"Sphere and 2 Shapes","floor":42,"turns":1},{"damage":29,"enemies":"Transient","floor":44,"turns":6},{"damage":72,"enemies":"Reptomancer","floor":45,"turns":6},{"damage":5,"enemies":"Writhing Mass","floor":48,"turns":7},{"damage":58,"enemies":"Awakened One","floor":50,"turns":12},{"damage":82,"enemies":"Time Eater","floor":51,"turns":12},{"damage":76,"enemies":"Shield and Spear","floor":55,"turns":3}],"seed_played":"-3820275502275213982","potions_obtained":[{"floor":8.0,"key":"SpeedPotion"},{"floor":11.0,"key":"GamblersBrew"},{"floor":14.0,"key":"Block Potion"},{"floor":24,"key":"EssenceOfSteel"},{"floor":31,"key":"Swift Potion"}],"is_trial":false,"path_per_floor":["M","?","?","?","M","E","M","M","T","R","M","M","?","E","R","B",null,"M","M","$","M","M","R","E","$","T","R","M","M","M","M","R","B",null,"M","?","$","M","M","R","E","M","T","M","E","?","R","M","R","B","B",null,"R","$","E"],"character_chosen":"IRONCLAD","items_purchased":["Membership Card","Reaper","Sling","Akabeko","Burning Pact","Panacea"],"campfire_rested":1,"item_purchase_floors":[25,25,37,37,37,54],"current_hp_per_floor":[74,79,51,51,57,63,67,57,57,57,58,59,59,39,39,32,68,66,59,59,59,65,65,50,50,50,50,56,58,80,80,80,80,80,83,79,79,79,83,83,87,87,87,64,39,39,66,86,86,53,11,73,73,73,0,0],"gold":58,"neow_bonus":"THREE_ENEMY_KILL","is_daily":false,"chose_seed":false,"campfire_upgraded":7,"win_rate":0.0,"timestamp":1613782875,"path_taken":["M","?","?","?","M","E","M","M","T","R","M","M","?","E","R","BOSS","M","M","$","M","M","R","E","$","T","R","M","M","M","M","R","BOSS","M","?","$","M","M","R","E","M","T","M","E","?","R","M","R","BOSS","BOSS","R","$","E"],"items_purchased_type":["Relic","Card","Relic","Relic","Card","Card"],"build_version":"2020-12-22","purchased_purges":4,"victory":false,"max_hp_per_floor":[75,80,80,80,80,80,80,80,80,80,80,80,80,80,80,80,80,80,80,80,80,80,80,80,80,80,80,80,80,80,80,80,80,80,83,79,79,79,83,83,87,87,87,87,90,90,90,90,90,90,93,93,93,93,93,93],"card_choices":[{"not_picked":["Clash","Heavy Blade"],"picked":"Anger","floor":1.0},{"not_picked":["Intimidate","Twin Strike"],"picked":"Wild Strike","floor":5.0},{"not_picked":["Wild Strike","Heavy Blade"],"picked":"Shockwave","floor":6.0},{"not_picked":["Thunderclap","Sever Soul","Pommel Strike"],"picked":"SKIP","floor":7.0},{"not_picked":["Pommel Strike","Sever Soul"],"picked":"Disarm","floor":8.0},{"not_picked":["Berserk","Second Wind"],"picked":"Armaments","floor":11.0},{"not_picked":["Body Slam","Thunderclap"],"picked":"Twin Strike","floor":12.0},{"not_picked":["Entrench","Spot Weakness"],"picked":"Metallicize","floor":14.0},{"not_picked":["Exhume","Berserk"],"picked":"Demon Form","floor":16},{"not_picked":["Thunderclap","Headbutt"],"picked":"Shrug It Off","floor":18},{"not_picked":["Perfected Strike","Combust","Thunderclap"],"picked":"SKIP","floor":19},{"not_picked":["Dual Wield","Metallicize","Anger"],"picked":"SKIP","floor":21},{"not_picked":["Cleave+1","Perfected Strike","Entrench"],"picked":"SKIP","floor":22},{"not_picked":["Cleave+1","Perfected Strike","Entrench"],"picked":"SKIP","floor":22},{"not_picked":["Iron Wave+1","Inflame"],"picked":"Warcry","floor":24},{"not_picked":["Iron Wave+1","Twin Strike","Clothesline"],"picked":"SKIP","floor":28},{"not_picked":["Armaments","Heavy Blade"],"picked":"Warcry+1","floor":29},{"not_picked":["Cleave","Headbutt"],"picked":"Feed","floor":30},{"not_picked":["Intimidate","Twin Strike","Pommel Strike+1"],"picked":"SKIP","floor":31},{"not_picked":["Bludgeon","Exhume"],"picked":"Impervious","floor":33},{"not_picked":["Heavy Blade","Rampage+1","Warcry"],"picked":"SKIP","floor":35},{"not_picked":["Iron Wave","Heavy Blade","Fire Breathing"],"picked":"SKIP","floor":38},{"not_picked":["Warcry","Infernal Blade+1","Searing Blow"],"picked":"SKIP","floor":39},{"not_picked":["Hemokinesis","Reckless Charge","Cleave"],"picked":"SKIP","floor":41},{"not_picked":["Metallicize","Heavy Blade"],"picked":"Entrench+1","floor":42},{"not_picked":["Perfected Strike+1","Headbutt","Cleave+1"],"picked":"SKIP","floor":44},{"not_picked":["Anger","Carnage+1","Flex"],"picked":"SKIP","floor":45},{"not_picked":["Shrug It Off","Headbutt","Carnage"],"picked":"SKIP","floor":48}],"player_experience":1127669,"relics_obtained":[{"floor":6.0,"key":"Vajra"},{"floor":9.0,"key":"HornCleat"},{"floor":14.0,"key":"CaptainsWheel"},{"floor":24,"key":"Oddly Smooth Stone"},{"floor":26,"key":"Omamori"},{"floor":41,"key":"Du-Vu Doll"},{"floor":45,"key":"Centennial Puzzle"}],"event_choices":[{"damage_healed":0.0,"max_hp_gain":5.0,"max_hp_loss":0.0,"gold_gain":0.0,"event_name":"Big Fish","player_choice":"Donut","floor":2.0,"gold_loss":0.0,"damage_taken":0.0},{"damage_healed":0.0,"max_hp_gain":0.0,"max_hp_loss":0.0,"gold_gain":0.0,"event_name":"Golden Idol","player_choice":"Take Damage","floor":3.0,"gold_loss":0.0,"damage_taken":28.0,"relics_obtained":["Golden Idol"]},{"cards_removed":["Strike_R"],"damage_healed":0.0,"max_hp_gain":0.0,"max_hp_loss":0.0,"gold_gain":0.0,"event_name":"The Cleric","player_choice":"Card Removal","floor":4.0,"gold_loss":75.0,"damage_taken":0.0},{"damage_healed":0.0,"max_hp_gain":0.0,"max_hp_loss":0.0,"gold_gain":0.0,"cards_transformed":["Strike_R"],"event_name":"Living Wall","player_choice":"Change","floor":13.0,"gold_loss":0.0,"damage_taken":0.0,"cards_obtained":["Whirlwind"]},{"damage_healed":0,"gold_gain":0,"player_choice":"Max HP","damage_taken":0,"max_hp_gain":0,"max_hp_loss":4,"event_name":"Winding Halls","floor":36,"gold_loss":0},{"cards_removed":["Defend_R"],"damage_healed":0,"gold_gain":0,"player_choice":"Removed Skill","damage_taken":0,"max_hp_gain":0,"max_hp_loss":0,"event_name":"Falling","floor":46,"gold_loss":0}],"is_beta":false,"boss_relics":[{"not_picked":["Calling Bell","Black Blood"],"picked":"Velvet Choker"},{"not_picked":["Runic Dome","Snecko Eye"],"picked":"Sozu"}],"items_purged_floors":[20,25,37,54],"is_endless":false,"potions_floor_spawned":[8,11,14,16,18,19,24,30,31,33,38,39,41,44,48],"killed_by":"Shield and Spear","ascension_level":20}}