{"host":"o3b7ow6d1xe49css","time":1613797534,"event":{"mods":["Aspiration","BaseMod","Better Altar","Better Match","Better Note","Better Sensory Stone","Better Skull","Better Third Choice","Colored Powertips","Conspire","Energized Spire","Force Act Four","GifTheSpireLib","Halation","Hubris","Lobotomy","Minty Spire (QoL Compilation)","Relic Filter Mod","Reliquary","Replay The Spire","Spicy Shops","Spikes Relics","StSLib","Stuff the Spire","The Blue Laboratory","Together in Spire"],"gold_per_floor":[117,130,143,163,238,238,254,286,312,312,345,345,345,370,370,471,471,486,486,503,266,285,310,310,310,333,358,377,377,388,427,427,528,528,538,144,162,162,172,172,197,46,46,81,97,123,137,137,137,137,58,83,83,83],"floor_reached":53,"language":"ENG","playtime":2443,"items_purged":["Strike_G","Strike_G","Strike_G"],"score":830,"play_id":"a2daa35c-78af-4fcb-9ead-d182104dafc5","local_time":"20210219200534","is_ascension_mode":false,"campfire_choices":[{"data":"Cloak And Dagger","floor":6,"key":"SMITH"},{"data":"Bullet Time","floor":10,"key":"SMITH"},{"floor":13,"key":"REST"},{"data":"Well Laid Plans","floor":15,"key":"SMITH"},{"data":"Acrobatics","floor":29,"key":"SMITH"},{"data":"Acrobatics","floor":32,"key":"SMITH"},{"data":"Acrobatics","floor":40,"key":"SMITH"},{"data":"Backflip","floor":49,"key":"SMITH"},{"data":"Defend_G","floor":50,"key":"SMITH"}],"circlet_count":0,"master_deck":["Defend_G+1","Defend_G","Defend_G+2","Defend_G","Defend_G+2","Survivor","Cloak And Dagger+1","Masterful Stab","Acrobatics+1","Bullet Time+1","Backflip+1","Well Laid Plans+1","Die Die Die+1","Blade Dance+1","Dagger Spray+1","Accuracy+1","PiercingWail+1","Acrobatics+1","ReplayTheSpireMod:Scrap Shanks+1","Acrobatics+1","After Image+1","Tools of the Trade+1","Prepared+1","Dagger Spray","Infinite Blades+1"],"relics":["Ring of the Snake","aspiration:Nostalgia","Iron Core","Golden Egg","reliquary:RoseTintedGlasses","Simple Rune","hubris:EvacipatedBox","Ornamental Fan","hubris:Backtick","StuffTheSpire:CocoNut","Replay:WaspNest","hubris:Towel","Anchor","aspiration:Lifesprig","MiniBlackHole","Busted Crown","reliquary:Bookmark","halation:PrussianBluePaint","hubris:Icosahedron","hubris:SphereOfDissonance","Bottled Tornado","halation:Toothbrush","Empty Cage","War Paint"],"acts_visited":["Exordium","TheCity","TheBeyond","TheEnding"],"potions_floor_usage":[8,11,46,53,53,53],"damage_taken":[{"damage":0,"enemies":"Cultist","floor":1,"turns":2},{"damage":0,"enemies":"conspire:RoseBush","floor":2,"turns":2},{"damage":0,"enemies":"Jaw Worm","floor":3,"turns":2},{"damage":0,"enemies":"Gremlin Gang","floor":4,"turns":2},{"damage":0,"enemies":"Exordium Wildlife","floor":7,"turns":1},{"damage":0,"enemies":"Replay:BlueRogue","floor":8,"turns":3},{"damage":7,"enemies":"Lagavulin","floor":11,"turns":3},{"damage":0,"enemies":"Replay:BlueRogue","floor":14,"turns":3},{"damage":48,"enemies":"The Guardian","floor":16,"turns":7},{"damage":4,"enemies":"conspire:FuzzyDice","floor":18,"turns":3},{"damage":0,"enemies":"Chosen","floor":20,"turns":2},{"damage":0,"enemies":"Sentry and Sphere","floor":22,"turns":3},{"damage":1,"enemies":"Replay:Snechameleon","floor":23,"turns":4},{"damage":0,"enemies":"conspire:Head Lice","floor":27,"turns":1},{"damage":0,"enemies":"Centurion and Healer","floor":28,"turns":2},{"damage":0,"enemies":"Chosen and Byrds","floor":30,"turns":2},{"damage":3,"enemies":"conspire:MimicChest","floor":31,"turns":6},{"damage":7,"enemies":"Pondfish","floor":33,"turns":4},{"damage":0,"enemies":"3 Shapes","floor":35,"turns":2},{"damage":0,"enemies":"Orb Walker","floor":37,"turns":2},{"damage":0,"enemies":"Jaw Worm Horde","floor":39,"turns":2},{"damage":0,"enemies":"Nemesis","floor":41,"turns":4},{"damage":0,"enemies":"Reptomancer","floor":44,"turns":2},{"damage":23,"enemies":"Transient","floor":45,"turns":2},{"damage":0,"enemies":"Nemesis","floor":46,"turns":1},{"damage":0,"enemies":"Maw","floor":47,"turns":1},{"damage":0,"enemies":"Shield and Spear","floor":52,"turns":3},{"damage":92,"enemies":"The Heart","floor":53,"turns":4}],"seed_played":"-9029839205979896267","potions_obtained":[{"floor":1,"key":"blueLaboratory:EnvenomedCoating"},{"floor":2,"key":"Ancient Potion"},{"floor":3,"key":"Poison Potion"},{"floor":14,"key":"FearPotion"},{"floor":22,"key":"blueLaboratory:Virophage"},{"floor":33,"key":"blueLaboratory:ArtistsPotion"},{"floor":37,"key":"CunningPotion"},{"floor":46,"key":"blueLaboratory:HummingbirdPotion"},{"floor":47,"key":"Swift Potion"}],"is_trial":false,"path_per_floor":["M","M","M","M","?","R","M","E","T","R","E","$","R","E","R","B",null,"M","?","M","$","M","E","?","?","T","E","M","R","M","?","R","B",null,"M","$","M","?","M","R","E","$","T","E","M","E","M","?","R","R","$","E","B"],"character_chosen":"THE_SILENT","items_purchased":["hubris:EvacipatedBox","Accuracy","PiercingWail","reliquary:Bookmark","halation:PrussianBluePaint","Tools of the Trade","Infinite Blades+1"],"campfire_rested":1,"item_purchase_floors":[12,21,21,36,36,42,51],"current_hp_per_floor":[70,70,70,70,63,63,63,63,63,63,56,32,53,53,53,34,77,73,73,73,73,73,72,72,72,72,72,72,72,72,69,69,62,77,77,77,77,77,77,77,77,77,77,77,77,77,77,80,86,86,86,86,0,0],"gold":83,"neow_bonus":"NOSTALGIA","is_daily":false,"chose_seed":false,"campfire_upgraded":8,"win_rate":0.0,"timestamp":1613797534,"path_taken":["M","M","?","M","?","R","M","E","T","R","E","?","R","E","R","BOSS","M","?","M","$","M","E","?","?","T","E","M","R","M","?","R","BOSS","M","$","M","?","M","R","E","$","T","E","M","E","M","?","R","R","$","E","BOSS"],"items_purchased_type":["Relic","Card","Card","Relic","Relic","Card","Card"],"build_version":"2020-12-22","purchased_purges":3,"victory":false,"max_hp_per_floor":[70,70,70,70,70,70,70,70,70,70,70,70,70,70,70,70,77,77,77,77,77,77,77,77,77,77,77,77,77,77,77,77,77,77,77,77,77,77,77,77,77,77,77,77,77,77,77,80,86,86,86,86,86,86],"card_choices":[{"not_picked":["Infinite Blades","StuffTheSpire:ClusterCrunch"],"picked":"Cloak And Dagger","floor":1},{"not_picked":["Dodge and Roll","Anger"],"picked":"Masterful Stab","floor":2},{"not_picked":["Capacitor","Slice","Dagger Throw"],"picked":"SKIP","floor":3},{"not_picked":["Rebound","StuffTheSpire:ClusterCrunch"],"picked":"Acrobatics","floor":4},{"not_picked":["ShadowRift","hubris:TrickCloak"],"picked":"Bullet Time","floor":7},{"not_picked":["Dodge and Roll","Warcry","Beam Cell"],"picked":"SKIP","floor":8},{"not_picked":["hubris:TrickCloak","StuffTheSpire:Incantation"],"picked":"Backflip","floor":11},{"not_picked":["Poison Darts","Warcry"],"picked":"Well Laid Plans","floor":14},{"not_picked":["Barricade","Grand Finale"],"picked":"Die Die Die","floor":16},{"not_picked":["Leg Sweep","Catalyst"],"picked":"Blade Dance+1","floor":18},{"not_picked":["Bane","StuffTheSpire:MirrorStance"],"picked":"Dagger Spray+1","floor":20},{"not_picked":["StuffTheSpire:ClusterCrunch","StuffTheSpire:MirrorStance"],"picked":"Acrobatics","floor":22},{"not_picked":["StuffTheSpire:Repulse","Backflip"],"picked":"ReplayTheSpireMod:Scrap Shanks+1","floor":23},{"not_picked":["Crippling Poison+1","Expertise+1","Dodge and Roll"],"picked":"SKIP","floor":27},{"not_picked":["StuffTheSpire:Repulse","StuffTheSpire:BumpUp+1","Deflect"],"picked":"SKIP","floor":28},{"not_picked":["StuffTheSpire:Python","Poisoned Stab"],"picked":"Acrobatics","floor":30},{"not_picked":["StuffTheSpire:FinalStruggle","Atom Bomb"],"picked":"After Image","floor":33},{"not_picked":["Quick Slash+1"],"picked":"SKIP","floor":35},{"not_picked":["Sucker Punch"],"picked":"SKIP","floor":37},{"not_picked":["Masterful Stab+1"],"picked":"SKIP","floor":39},{"not_picked":["aspiration:Lunge"],"picked":"SKIP","floor":41},{"not_picked":["StuffTheSpire:ClusterCrunch"],"picked":"SKIP","floor":44},{"not_picked":[],"picked":"Prepared+1","floor":45},{"not_picked":["Outmaneuver"],"picked":"SKIP","floor":46},{"not_picked":["Tools of the Trade"],"picked":"SKIP","floor":47},{"not_picked":["Poisoned Stab+1"],"picked":"SKIP","floor":52}],"player_experience":1363212,"relics_obtained":[{"floor":8,"key":"Golden Egg"},{"floor":9,"key":"reliquary:RoseTintedGlasses"},{"floor":11,"key":"Simple Rune"},{"floor":14,"key":"Ornamental Fan"},{"floor":23,"key":"Replay:WaspNest"},{"floor":26,"key":"Anchor"},{"floor":27,"key":"aspiration:Lifesprig"},{"floor":31,"key":"MiniBlackHole"},{"floor":41,"key":"hubris:SphereOfDissonance"},{"floor":43,"key":"Bottled Tornado"},{"floor":46,"key":"halation:Toothbrush"},{"floor":52,"key":"War Paint"}],"event_choices":[{"damage_healed":0,"gold_gain":75,"player_choice":"Touch","damage_taken":7,"max_hp_gain":0,"max_hp_loss":0,"event_name":"FaceTrader","floor":5,"gold_loss":0},{"damage_healed":0,"gold_gain":0,"player_choice":"Ignored","damage_taken":0,"max_hp_gain":0,"max_hp_loss":0,"event_name":"betterNote:BetterNote","floor":19,"gold_loss":0,"cards_obtained":["Strike_R"]},{"damage_healed":0,"gold_gain":0,"cards_transformed":["Strike_G"],"player_choice":"Transformed","damage_taken":0,"max_hp_gain":0,"max_hp_loss":0,"event_name":"Transmorgrifier","floor":48,"gold_loss":0,"cards_obtained":["Dagger Spray"]}],"is_beta":false,"boss_relics":[{"not_picked":["StuffTheSpire:RunicConfusion","aspiration:RunicSpoon","Honey Jar"],"picked":"hubris:Backtick"},{"not_picked":["halation:PinkAlligatorPlush","Replay:Wanted Poster","hubris:RunicObelisk"],"picked":"Busted Crown"}],"items_purged_floors":[12,21,36],"is_endless":false,"potions_floor_spawned":[1,2,3,14,22,28,33,37,39,46,47],"killed_by":"The Heart","ascension_level":0}}