{"host":"s41rn2jhghpwfrvz","time":1613780842,"event":{"mods":["BaseMod","Minty Spire (QoL Compilation)","Quick Restart","Relic Stats","SuperFastMode"],"gold_per_floor":[114,114,126,141,160,160,193,193,193,118,137,172,172,200,200,279,279,298,312,227,67,87,87,120,120,120,153,172,172,84,100,100,177,177,195,195,70,84,98,128,37,71,71,96,96,122,147,147,147,147,147,147,147,62,91,91],"floor_reached":57,"language":"ENG","playtime":2043,"items_purged":["Tantrum","FollowUp","Flying Knee"],"score":3312,"play_id":"2d838c94-8632-43c0-96f0-a3fe78e2ca6c","local_time":"20210220022722","daily_mods":["SealedDeck","Diverse","DeadlyEvents"],"is_ascension_mode":true,"campfire_choices":[{"data":"Body Slam","floor":6,"key":"SMITH"},{"data":"Worship","floor":8,"key":"SMITH"},{"data":"Prepared","floor":13,"key":"SMITH"},{"data":"Grand Finale","floor":15,"key":"SMITH"},{"data":"Sanctity","floor":23,"key":"SMITH"},{"data":"Prostrate","floor":25,"key":"SMITH"},{"data":"Shrug It Off","floor":32,"key":"SMITH"},{"floor":45,"key":"RECALL"},{"data":"Conserve Battery","floor":49,"key":"SMITH"},{"data":"EmptyFist","floor":53,"key":"SMITH"}],"circlet_count":0,"master_deck":["AscendersBane","EmptyFist+1","Prepared+1","Conserve Battery+1","Worship+1","Shrug It Off+1","Prostrate+1","Self Repair","Body Slam+1","Grand Finale+1","Sanctity+1","Purity+1","Dark Embrace"],"relics":["Burning Blood","Meat on the Bone","InkBottle","Toxic Egg 2","Bronze Scales","Busted Crown","Nunchaku","Medical Kit","Kunai","Unceasing Top","MawBank","SacredBark","Pear","CaptainsWheel","Bag of Marbles","Strawberry","Molten Egg 2","Bottled Lightning","Blue Candle"],"acts_visited":["Exordium","TheCity","TheBeyond","TheEnding"],"potions_floor_usage":[7,16,56,56],"damage_taken":[{"damage":0,"enemies":"Cultist","floor":1,"turns":4},{"damage":0,"enemies":"Jaw Worm","floor":3,"turns":3},{"damage":13,"enemies":"2 Louse","floor":4,"turns":3},{"damage":16,"enemies":"2 Fungi Beasts","floor":5,"turns":4},{"damage":19,"enemies":"Lagavulin","floor":7,"turns":8},{"damage":1,"enemies":"Blue Slaver","floor":11,"turns":3},{"damage":0,"enemies":"3 Sentries","floor":12,"turns":2},{"damage":10,"enemies":"Gremlin Nob","floor":14,"turns":3},{"damage":32,"enemies":"Hexaghost","floor":16,"turns":8},{"damage":18,"enemies":"Chosen","floor":18,"turns":4},{"damage":9,"enemies":"Shell Parasite","floor":19,"turns":3},{"damage":2,"enemies":"Centurion and Healer","floor":22,"turns":3},{"damage":7,"enemies":"Gremlin Leader","floor":24,"turns":4},{"damage":23,"enemies":"Slavers","floor":27,"turns":3},{"damage":12,"enemies":"Cultist and Chosen","floor":28,"turns":4},{"damage":0,"enemies":"Snake Plant","floor":31,"turns":2},{"damage":13,"enemies":"Collector","floor":33,"turns":3},{"damage":0,"enemies":"3 Darklings","floor":35,"turns":2},{"damage":5,"enemies":"3 Shapes","floor":38,"turns":5},{"damage":36,"enemies":"Sphere and 2 Shapes","floor":39,"turns":4},{"damage":18,"enemies":"Reptomancer","floor":40,"turns":4},{"damage":0,"enemies":"Nemesis","floor":42,"turns":3},{"damage":0,"enemies":"Giant Head","floor":44,"turns":3},{"damage":0,"enemies":"Reptomancer","floor":46,"turns":2},{"damage":0,"enemies":"Giant Head","floor":47,"turns":3},{"damage":13,"enemies":"Time Eater","floor":50,"turns":4},{"damage":3,"enemies":"Donu and Deca","floor":51,"turns":4},{"damage":54,"enemies":"Shield and Spear","floor":55,"turns":5},{"damage":6,"enemies":"The Heart","floor":56,"turns":5}],"seed_played":"-298767624884854315","potions_obtained":[{"floor":3,"key":"Swift Potion"},{"floor":11,"key":"ElixirPotion"},{"floor":12,"key":"Ancient Potion"},{"floor":22,"key":"SneckoOil"},{"floor":24,"key":"ElixirPotion"},{"floor":46,"key":"DuplicationPotion"}],"is_trial":true,"path_per_floor":["M","?","M","M","M","R","E","R","T","$","M","E","R","E","R","B",null,"M","M","?","$","M","R","E","R","T","E","M","T","$","M","R","B",null,"M","?","$","M","M","E","$","E","T","E","R","E","E","T","R","B","B",null,"R","$","E","B",null],"character_chosen":"IRONCLAD","items_purchased":["Medical Kit","Purity+1","Dark Embrace"],"campfire_rested":0,"item_purchase_floors":[21,41,54],"current_hp_per_floor":[75,75,75,75,72,72,66,66,66,66,75,75,75,75,75,56,70,65,69,69,69,75,75,75,75,75,65,66,66,66,75,75,75,75,75,75,75,75,52,69,69,82,82,85,85,92,92,92,92,92,92,92,92,92,63,70],"gold":91,"neow_bonus":"","is_daily":false,"chose_seed":false,"campfire_upgraded":9,"win_rate":0.0,"timestamp":1613780842,"path_taken":["M","?","M","M","M","R","E","R","T","$","M","E","R","E","R","BOSS","M","M","?","$","M","R","E","R","T","E","?","?","$","M","R","BOSS","M","?","?","M","M","?","?","E","T","E","R","?","E","?","R","BOSS","BOSS","R","$","E","BOSS"],"items_purchased_type":["Relic","Card","Card"],"build_version":"2020-12-22","purchased_purges":3,"victory":true,"max_hp_per_floor":[75,75,75,75,75,75,75,75,75,75,75,75,75,75,75,75,75,75,75,75,75,75,75,75,75,75,75,75,75,75,75,75,75,75,75,75,75,75,75,85,85,85,85,85,85,92,92,92,92,92,92,92,92,92,92,92],"relic_stats":{"counters":[29,108],"Blue Candle":[0],"Medical Kit":[25],"MawBank":12,"Burning Blood":137,"Nunchaku":[11],"Busted Crown":36,"Bronze Scales":[268],"Kunai":[13],"obtain_stats":[{"Pear":40,"SacredBark":34,"Blue Candle":55,"Medical Kit":21,"MawBank":29,"Burning Blood":0,"Nunchaku":20,"CaptainsWheel":42,"Busted Crown":17,"Bronze Scales":14,"Strawberry":46,"Molten Egg 2":47,"Bag of Marbles":44,"Kunai":24,"Bottled Lightning":48,"Toxic Egg 2":12,"InkBottle":9,"Unceasing Top":27,"Meat on the Bone":7},{"Pear":21,"SacredBark":17,"Blue Candle":28,"Medical Kit":11,"MawBank":15,"Burning Blood":0,"Nunchaku":11,"CaptainsWheel":22,"Busted Crown":9,"Bronze Scales":8,"Strawberry":24,"Molten Egg 2":25,"Bag of Marbles":23,"Kunai":13,"Bottled Lightning":25,"Toxic Egg 2":7,"InkBottle":5,"Unceasing Top":14,"Meat on the Bone":5},{"Pear":79,"SacredBark":64,"Blue Candle":103,"Medical Kit":45,"MawBank":59,"Burning Blood":0,"Nunchaku":45,"CaptainsWheel":82,"Busted Crown":38,"Bronze Scales":30,"Strawberry":87,"Molten Egg 2":90,"Bag of Marbles":85,"Kunai":52,"Bottled Lightning":90,"Toxic Egg 2":27,"InkBottle":22,"Unceasing Top":55,"Meat on the Bone":22}],"InkBottle":[60],"Unceasing Top":[70],"Meat on the Bone":24},"card_choices":[{"not_picked":["Scrape","Ghostly Armor","Defragment"],"picked":"SKIP","floor":1},{"not_picked":["Halt","Deadly Poison"],"picked":"Body Slam","floor":3},{"not_picked":["Cold Snap","Crescendo"],"picked":"Grand Finale","floor":4},{"not_picked":["PathToVictory","Footwork","Backstab"],"picked":"SKIP","floor":5},{"not_picked":["Perfected Strike","Carnage"],"picked":"Sanctity","floor":7},{"not_picked":["PathToVictory","Rupture","Intimidate"],"picked":"SKIP","floor":11},{"not_picked":["Halt+1","Twin Strike","Finisher"],"picked":"SKIP","floor":12},{"not_picked":["Leg Sweep+1","Riddle With Holes","Searing Blow"],"picked":"SKIP","floor":14},{"not_picked":["PathToVictory+1"],"picked":"SKIP","floor":18},{"not_picked":["ThirdEye+1"],"picked":"SKIP","floor":19},{"not_picked":["Sucker Punch"],"picked":"SKIP","floor":22},{"not_picked":["Second Wind+1"],"picked":"SKIP","floor":24},{"not_picked":["Underhanded Strike"],"picked":"SKIP","floor":27},{"not_picked":["Weave"],"picked":"SKIP","floor":28},{"not_picked":["Metallicize"],"picked":"SKIP","floor":31},{"not_picked":["PathToVictory+1"],"picked":"SKIP","floor":35},{"not_picked":["Sentinel+1"],"picked":"SKIP","floor":38},{"not_picked":["Genetic Algorithm+1"],"picked":"SKIP","floor":39},{"not_picked":["ReachHeaven"],"picked":"SKIP","floor":40},{"not_picked":["ReachHeaven"],"picked":"SKIP","floor":42},{"not_picked":["Ghostly Armor+1"],"picked":"SKIP","floor":44},{"not_picked":["Cold Snap+1"],"picked":"SKIP","floor":46},{"not_picked":["Cold Snap+1"],"picked":"SKIP","floor":46},{"not_picked":["Doom and Gloom+1"],"picked":"SKIP","floor":47},{"not_picked":["Cleave+1"],"picked":"SKIP","floor":55}],"player_experience":1942809,"relics_obtained":[{"floor":7,"key":"Meat on the Bone"},{"floor":9,"key":"InkBottle"},{"floor":12,"key":"Toxic Egg 2"},{"floor":14,"key":"Bronze Scales"},{"floor":24,"key":"Kunai"},{"floor":27,"key":"Unceasing Top"},{"floor":29,"key":"MawBank"},{"floor":40,"key":"Pear"},{"floor":42,"key":"CaptainsWheel"},{"floor":44,"key":"Bag of Marbles"},{"floor":46,"key":"Strawberry"},{"floor":47,"key":"Molten Egg 2"},{"floor":48,"key":"Bottled Lightning"},{"floor":55,"key":"Blue Candle"}],"event_choices":[{"damage_healed":0,"gold_gain":0,"player_choice":"Ignored","damage_taken":0,"max_hp_gain":0,"max_hp_loss":0,"event_name":"Liars Game","floor":2,"gold_loss":0},{"damage_healed":0,"gold_gain":0,"player_choice":"Obtained Relic","damage_taken":0,"relics_obtained":["Nunchaku"],"max_hp_gain":0,"max_hp_loss":0,"event_name":"Addict","floor":20,"gold_loss":85},{"damage_healed":0,"gold_gain":0,"player_choice":"Memory 1","damage_taken":0,"max_hp_gain":0,"max_hp_loss":0,"event_name":"SensoryStone","floor":36,"gold_loss":0}],"is_beta":false,"boss_relics":[{"not_picked":["SlaversCollar","Sozu"],"picked":"Busted Crown"},{"not_picked":["Runic Cube","Mark of Pain"],"picked":"SacredBark"}],"items_purged_floors":[10,30,37],"is_endless":false,"potions_floor_spawned":[3,11,12,22,24,33,39,44,46,47],"ascension_level":20}}