{"host":"1ftto2vaskemldx8","time":1613854781,"event":{"mods":["BaseMod","Downfall","Minty Spire (QoL Compilation)","Replay The Spire","StSLib","Together in Spire","[功能]功能增强和修复MOD"],"gold_per_floor":[99,114,125,144,3,3,3,3,37,54,54,4,28,253,266,366,366,366,376,376,376,184,201,279,294,294,294,294,294,294,309,320,425,425,425,453,473,473,384,415,439,439,449,449,327,327,327,327,341,341],"floor_reached":51,"language":"ZHS","playtime":3735,"items_purged":["Overencumbered","hexamod:Strike","hexamod:Defend","hexamod:Strike","hexamod:Defend","hexamod:Strike","hexamod:Defend","Bite","Bite","Ghostly","hexamod:CouncilsJustice","hexamod:Firestarter","ReplayTheSpireMod:Brewmster+1"],"score":848,"play_id":"791d8888-3454-448d-9ad5-a6c575d96b28","local_time":"20210221045941","is_ascension_mode":false,"campfire_choices":[{"data":"hexamod:Sear","floor":1,"key":"SMITH"},{"data":"ReplayTheSpireMod:Brewmster","floor":6,"key":"SMITH"},{"data":"hexamod:UnlimitedPower","floor":18,"key":"SMITH"},{"data":"hexamod:ParanormalForm","floor":26,"key":"SMITH"},{"floor":30,"key":"REST"},{"data":"hexamod:RetreatToShadows","floor":35,"key":"SMITH"},{"data":"expansioncontent:HyperBeam","floor":42,"key":"SMITH"},{"data":"hexamod:RainOfEmbers","floor":44,"key":"SMITH"},{"data":"hexamod:Rewind","floor":47,"key":"SMITH"}],"circlet_count":0,"master_deck":["hexamod:Sear+1","hexamod:Float","hexamod:SwordOfDarkness","hexamod:InspiringFlames","hexamod:DynamicBlow","hexamod:CatchUp","expansioncontent:AwakenDeath+1","hexamod:ParanormalForm+1","hexamod:NightmareGuise","hexamod:ThirdSeal","hexamod:StepThrough","hexamod:SecondSeal","hexamod:EmpoweredFlame","hexamod:EtherealExpedition","hexamod:AdvancingGuard","hexamod:BacktrackSmack","hexamod:FastForward","hexamod:EtherealExpedition","hexamod:GhostShield","hexamod:ThermalTransfer","hexamod:RadiantFlame+1","hexamod:SpectralAdrenaline","hexamod:RainOfEmbers+1","hexamod:Rewind+1","hexamod:GhostLash","hexamod:RetreatToShadows+1","hexamod:PhantomCloak+1","hexamod:ExtraCrispy+1","hexamod:HauntingEcho","hexamod:UnlimitedPower+1","hexamod:FourthSeal","Ghostly","Ghostly","hexamod:CouncilsJustice","hexamod:CouncilsJustice","Bite","Bite","Bite","hexamod:SpectersWail","hexamod:SpectersWail","Master of Strategy","hexamod:RecurringNightmare+1","hexamod:ShieldOfDarkness+1","hexamod:HexaLevel+1","hexamod:BurningTouch+1","expansioncontent:PrepareCrush+1","expansioncontent:LastStand+1","expansioncontent:HyperBeam+1","ReplayTheSpireMod:Brewmster+1","ReplayTheSpireMod:Brewmster+1","Languid","hexamod:UnleashSpirits"],"relics":["Busted Crown","Orichalcum","ReplayTheSpireMod:CursedCoin","BargainBundle","Boot","Pondfish Scales","Toy Ornithopter","Frozen Egg 2","Bag of Marbles","Bronze Scales","Strange Spoon","Runic Pyramid","Vajra","Replay:WaspNest","TheAbacus","Toxic Egg 2","Enchiridion","Blue Doll","Philosopher\u0027s Stone","PreservedInsect","Gremlin Food","HandDrill","Pen Nib","Centennial Puzzle","Juzu Bracelet","Oddly Smooth Stone","OrangePellets","Ring of Panic"],"acts_visited":["Exordium","TheCity","TheBeyond"],"potions_floor_usage":[8,8,8,9,10,12,12,13,14,15,16,16,19,23,25,25,25,31,32,32,33,33,36,40,40,43,43,49,50,50,50,50,50],"damage_taken":[{"damage":0,"enemies":"Cultist","floor":2,"turns":3},{"damage":5,"enemies":"downfall:FleeingMerchant","floor":3,"turns":4},{"damage":1,"enemies":"Small Slimes","floor":4,"turns":4},{"damage":5,"enemies":"downfall:FleeingMerchant","floor":5,"turns":4},{"damage":10,"enemies":"downfall:FleeingMerchant","floor":8,"turns":4},{"damage":22,"enemies":"3 Sentries","floor":9,"turns":5},{"damage":0,"enemies":"2 Louse","floor":10,"turns":2},{"damage":2,"enemies":"downfall:FleeingMerchant","floor":12,"turns":4},{"damage":10,"enemies":"Large Slime","floor":13,"turns":5},{"damage":6,"enemies":"downfall:FleeingMerchant","floor":14,"turns":3},{"damage":19,"enemies":"Gremlin Gang","floor":15,"turns":3},{"damage":6,"enemies":"SI_SHIV_ARCHETYPE","floor":16,"turns":3},{"damage":8,"enemies":"3 Byrds","floor":19,"turns":2},{"damage":14,"enemies":"downfall:LooterAlt2","floor":23,"turns":3},{"damage":7,"enemies":"Snecko","floor":25,"turns":4},{"damage":11,"enemies":"Chosen and Byrds","floor":31,"turns":3},{"damage":1,"enemies":"Snake Plant","floor":32,"turns":2},{"damage":48,"enemies":"DF_ARCHETYPE_CLAW","floor":33,"turns":8},{"damage":4,"enemies":"3 Darklings","floor":36,"turns":4},{"damage":8,"enemies":"3 Shapes","floor":37,"turns":3},{"damage":15,"enemies":"Reptomancer","floor":40,"turns":4},{"damage":20,"enemies":"Spire Growth","floor":43,"turns":3},{"damage":0,"enemies":"Sphere and 2 Shapes","floor":49,"turns":1},{"damage":1,"enemies":"IC_BLOCK_ARCHETYPE","floor":50,"turns":7}],"seed_played":"-5961005270001616266","potions_obtained":[{"floor":4,"key":"Fire Potion"},{"floor":9,"key":"ColorlessPotion"},{"floor":9,"key":"champ:CounterPotion"},{"floor":10,"key":"Toxic Potion"},{"floor":10,"key":"ColorlessPotion"},{"floor":13,"key":"Energy Potion"},{"floor":13,"key":"FearPotion"},{"floor":16,"key":"PowerPotion"},{"floor":16,"key":"LiquidMemories"},{"floor":19,"key":"ColorlessPotion"},{"floor":23,"key":"BlessingOfTheForge"},{"floor":25,"key":"Dexterity Potion"},{"floor":31,"key":"SteroidPotion"},{"floor":32,"key":"Fruit Juice"},{"floor":32,"key":"Fire Potion"},{"floor":33,"key":"Fire Potion"},{"floor":33,"key":"Weak Potion"},{"floor":37,"key":"Ancient Potion"},{"floor":37,"key":"SkillPotion"},{"floor":40,"key":"Weak Potion"},{"floor":40,"key":"Toxic Potion"},{"floor":43,"key":"SneckoOil"},{"floor":43,"key":"Swift Potion"},{"floor":49,"key":"SteroidPotion"}],"is_trial":false,"path_per_floor":["R","M","$","M","$","R","T","$","E","M","?","$","M","$","M","B",null,"R","M","?","?","$","M","T","M","R","?","?","T","R","M","M","B",null,"R","M","M","?","$","E","T","R","M","R","$","?","R","?","M","B",null],"character_chosen":"THE_SPIRIT","items_purchased":["Orichalcum","hexamod:DynamicBlow","hexamod:CatchUp","ReplayTheSpireMod:CursedCoin","expansioncontent:AwakenDeath+1","hexamod:ParanormalForm","hexamod:NightmareGuise","BargainBundle","ReplayTheSpireMod:Brewmster","hexamod:EmpoweredFlame","hexamod:EtherealExpedition","hexamod:AdvancingGuard","hexamod:BacktrackSmack","hexamod:Firestarter","Boot","Pondfish Scales","hexamod:RadiantFlame+1","hexamod:SpectralAdrenaline","Bag of Marbles","Bronze Scales","Strange Spoon","hexamod:GhostLash","hexamod:RetreatToShadows","hexamod:PhantomCloak+1","Vajra","Replay:WaspNest","TheAbacus","hexamod:SpectersWail","Master of Strategy","hexamod:EctoCoolerPotion","PreservedInsect","Gremlin Food","HandDrill","Juzu Bracelet","Oddly Smooth Stone","OrangePellets","ReplayTheSpireMod:Brewmster+1"],"campfire_rested":1,"item_purchase_floors":[3,3,3,3,3,3,3,5,5,5,5,5,5,5,5,5,12,12,14,14,14,14,14,14,22,22,22,22,22,22,39,39,39,45,45,45,45],"current_hp_per_floor":[70,70,65,64,59,59,59,64,47,52,52,60,55,54,40,44,70,70,67,35,24,24,17,17,17,17,1,1,1,8,4,20,2,29,29,29,21,11,11,6,6,6,8,8,8,8,8,8,13,29],"gold":341,"neow_bonus":"BOSS_RELIC","is_daily":false,"chose_seed":false,"campfire_upgraded":8,"win_rate":0.0,"timestamp":1613854781,"path_taken":["R","M","$","M","$","R","T","$","E","M","?","$","M","?","M","BOSS","R","M","?","?","$","M","T","M","R","?","?","?","R","M","M","BOSS","R","M","?","?","$","E","T","R","M","R","$","?","R","?","M","BOSS"],"items_purchased_type":["Relic","Card","Card","Relic","Card","Card","Card","Relic","Card","Card","Card","Card","Card","Card","Relic","Relic","Card","Card","Relic","Relic","Relic","Card","Card","Card","Relic","Relic","Relic","Card","Card","Potion","Relic","Relic","Relic","Relic","Relic","Relic","Card"],"build_version":"2020-12-22","purchased_purges":13,"victory":true,"max_hp_per_floor":[70,70,70,70,70,70,70,70,70,70,70,70,70,70,70,70,70,70,70,35,24,24,24,24,24,24,24,24,24,24,24,29,29,29,29,29,29,29,29,29,29,29,29,29,29,29,29,29,29,29],"card_choices":[{"not_picked":[],"picked":"hexamod:SwordOfDarkness","floor":2},{"not_picked":[],"picked":"hexamod:InspiringFlames","floor":3},{"not_picked":[],"picked":"hexamod:ThirdSeal","floor":4},{"not_picked":[],"picked":"hexamod:StepThrough","floor":5},{"not_picked":[],"picked":"hexamod:SecondSeal","floor":5},{"not_picked":["hexamod:InspiringFlames"],"picked":"SKIP","floor":8},{"not_picked":["hexamod:AdvancingGuard"],"picked":"SKIP","floor":8},{"not_picked":["hexamod:BacktrackSmack"],"picked":"SKIP","floor":9},{"not_picked":[],"picked":"hexamod:FastForward","floor":10},{"not_picked":[],"picked":"hexamod:GhostShield","floor":12},{"not_picked":[],"picked":"hexamod:ThermalTransfer","floor":12},{"not_picked":[],"picked":"hexamod:RainOfEmbers","floor":13},{"not_picked":["hexamod:GhostShield"],"picked":"SKIP","floor":13},{"not_picked":[],"picked":"hexamod:Rewind","floor":14},{"not_picked":[],"picked":"hexamod:ExtraCrispy+1","floor":15},{"not_picked":[],"picked":"hexamod:HauntingEcho","floor":15},{"not_picked":[],"picked":"hexamod:UnlimitedPower","floor":16},{"not_picked":[],"picked":"hexamod:FourthSeal","floor":19},{"not_picked":["hexamod:NightmareGuise"],"picked":"SKIP","floor":23},{"not_picked":["hexamod:Firestarter+1"],"picked":"SKIP","floor":25},{"not_picked":["hexamod:BacktrackSmack"],"picked":"SKIP","floor":31},{"not_picked":[],"picked":"hexamod:ShieldOfDarkness+1","floor":32},{"not_picked":[],"picked":"hexamod:HexaLevel+1","floor":33},{"not_picked":["hexamod:PhantomCloak+1"],"picked":"SKIP","floor":36},{"not_picked":[],"picked":"hexamod:BurningTouch+1","floor":37},{"not_picked":["expansioncontent:InvincibleStrength","expansioncontent:HyperBeam"],"picked":"expansioncontent:PrepareCrush","floor":38},{"not_picked":["Replay:SS_hec_1","expansioncontent:AwakenDeath"],"picked":"expansioncontent:LastStand","floor":38},{"not_picked":["Replay:SS_fish_1","expansioncontent:YouAreMine"],"picked":"expansioncontent:HyperBeam","floor":38},{"not_picked":["hexamod:SpectersWail"],"picked":"SKIP","floor":40},{"not_picked":["hexamod:Firestarter"],"picked":"SKIP","floor":43},{"not_picked":[],"picked":"hexamod:UnleashSpirits","floor":49}],"player_experience":190547,"relics_obtained":[{"floor":7,"key":"Toy Ornithopter"},{"floor":9,"key":"Frozen Egg 2"},{"floor":24,"key":"Toxic Egg 2"},{"floor":27,"key":"Enchiridion"},{"floor":29,"key":"Blue Doll"},{"floor":40,"key":"Pen Nib"},{"floor":41,"key":"Centennial Puzzle"},{"floor":48,"key":"Ring of Panic"}],"event_choices":[{"damage_healed":0,"gold_gain":0,"player_choice":"Became a vampire","damage_taken":0,"max_hp_gain":0,"max_hp_loss":11,"event_name":"Vampires","floor":21,"gold_loss":0,"cards_obtained":["Bite","Bite","Bite","Bite","Bite"]},{"damage_healed":0,"gold_gain":0,"player_choice":"Read","damage_taken":0,"max_hp_gain":0,"max_hp_loss":0,"event_name":"The Library","floor":28,"gold_loss":0,"cards_obtained":["hexamod:RecurringNightmare"]}],"is_beta":false,"boss_relics":[{"not_picked":["Astrolabe","Replay:Drink Me"],"picked":"Runic Pyramid"},{"not_picked":["Velvet Choker","SlaversCollar"],"picked":"Philosopher\u0027s Stone"}],"items_purged_floors":[3,5,8,12,12,12,12,22,22,22,22,22,45],"is_endless":false,"potions_floor_spawned":[4,9,9,10,10,13,13,13,15,16,16,16,19,23,23,31,32,32,33,33,37,40,40,43,43,49],"ascension_level":0}}