{"host":"oeeu8njhzvf3llor","time":1613851748,"event":{"mods":["BaseMod","Better Match","Better Note","Better Skull","Better Third Choice","Hubris","Minty Spire (QoL Compilation)","Rare Cards Sparkle","Replay The Spire","Shop Mod","Spicy Shops","StSLib","Swap Starting Deck Mod"],"gold_per_floor":[114,129,129,54,69,69,69,99,99,99,99],"floor_reached":10,"language":"ENG","playtime":272,"items_purged":["Meteor Strike"],"score":91,"play_id":"494574a4-21c2-4636-88e0-4b27bad53d28","local_time":"20210220150908","daily_mods":["Shiny","Red Cards","DeadlyEvents"],"is_ascension_mode":false,"campfire_choices":[{"data":"ReplayTheSpireMod:Fabricate Wheel","floor":6,"key":"SMITH"}],"circlet_count":0,"master_deck":["Double Tap","Demon Form","Fiend Fire","Eclipse","Berserk","Impervious","Juggernaut","Brutality","Demonic Infusion","Exhume","Offering","Bludgeon","Feed","Replay:Many Hands","Limit Break","Corruption","Barricade","Hemogenesis","hubris:StunningStrike","Reaper","Immolate","Hyperbeam","Machine Learning","Buffer","Mirror Shield","Seek","Echo Form","All For One","Reboot","Fission","Core Surge","Multi-Cast","Thunder Strike","hubris:DoWhile","Biased Cognition","Electrodynamics","ReplayRNGCard","ReplayTheSpireMod:Omega Cannon","Rainbow","ReplayTheSpireMod:Fabricate Wheel+1","Amplify","hubris:Prefetch","hubris:SpecializedCircuitry","Creative AI","hubris:PowerSurge","Feel No Pain"],"relics":["Cracked Core","Regal Pillow","Toy Ornithopter","Gremlin Food","Blue Candle"],"acts_visited":["Exordium"],"potions_floor_usage":[],"damage_taken":[{"damage":0,"enemies":"Cultist","floor":1,"turns":2},{"damage":11,"enemies":"Jaw Worm","floor":2,"turns":2},{"damage":0,"enemies":"Small Slimes","floor":5,"turns":1},{"damage":48,"enemies":"3 Sentries","floor":8,"turns":4},{"damage":23,"enemies":"Replay:BlueRogue","floor":10,"turns":4}],"seed_played":"3618718455484561711","potions_obtained":[{"floor":8,"key":"Death Potion"}],"is_trial":false,"path_per_floor":["M","M","?","$","M","R","T","E","T","E"],"character_chosen":"DEFECT","items_purchased":[],"campfire_rested":0,"item_purchase_floors":[],"current_hp_per_floor":[75,64,57,57,57,57,57,21,21,0,0],"gold":99,"neow_bonus":"","is_daily":true,"chose_seed":false,"campfire_upgraded":1,"win_rate":0.0,"timestamp":1613851748,"path_taken":["M","M","?","$","M","R","?","?","T","?"],"items_purchased_type":[],"build_version":"2020-12-22","purchased_purges":1,"victory":false,"max_hp_per_floor":[75,75,75,75,75,75,75,75,75,75,75],"card_choices":[{"not_picked":["Turbo","Rebound","Darkness"],"picked":"SKIP","floor":1},{"not_picked":["Heavy Blade","Blizzard","Infernal Blade"],"picked":"SKIP","floor":2},{"not_picked":["Cleave","Clash"],"picked":"hubris:PowerSurge","floor":5},{"not_picked":["Ball Lightning","Beam Cell"],"picked":"Feel No Pain","floor":8}],"player_experience":521563,"relics_obtained":[{"floor":7,"key":"Toy Ornithopter"},{"floor":8,"key":"Gremlin Food"},{"floor":9,"key":"Blue Candle"}],"event_choices":[{"damage_healed":0,"gold_gain":1,"player_choice":"Relic ","damage_taken":7,"max_hp_gain":0,"max_hp_loss":0,"event_name":"betterThird:BetterScrap","floor":3,"gold_loss":0,"cards_obtained":["Storm of Steel"]}],"is_beta":false,"boss_relics":[],"items_purged_floors":[4],"is_endless":false,"potions_floor_spawned":[8],"killed_by":"Replay:BlueRogue","ascension_level":0}}