{"host":"ppiucu9uavkq1hgp","time":1613816277,"event":{"mods":["100% Spire Juice","Act Like it!","BaseMod","CapriCore","Challenge The Spire","Colored Powertips","Gensokyo","Highlight Path","Minty Spire (QoL Compilation)","MostiFishMod","Prisma Mod","Quick Restart","Reimu£¨²©ÀöÁéÃÎ£©","Relic Stats","Replay The Spire","RumiaBox-Â¶Ã×æ«µÄÉñÃØºÐ×Ó","Shop Mod","StSLib","SuperFastMode","TestMod","The Alterego","The Animator","The Immortal","Waifu the Spire","Yakumo Yukari mod","noobMod","¡¾¹¦ÄÜMod¡¿»ìãçÖ®»·ÐÞ¸´²¹¶¡","¡¾ÒÅÎï¿¨ÅÆ¡¿REMEMod"],"gold_per_floor":[110,120,520,550,562,592,634,634,634,122,154,154,186,216,216,333,333,333],"floor_reached":16,"language":"ZHS","playtime":819,"items_purged":["MokouMod:Strike"],"score":214,"play_id":"d561eead-f794-45c6-8367-efb8ae47c78a","local_time":"20210220181757","is_ascension_mode":false,"campfire_choices":[{"data":"MokouMod:Wildfire","floor":8.0,"key":"SMITH"},{"data":"MokouMod:GuidingSmoke","floor":15,"key":"SMITH"}],"circlet_count":1,"master_deck":["MokouMod:Strike","MokouMod:Strike","MokouMod:Strike","MokouMod:Strike","MokouMod:Defend","MokouMod:Defend","MokouMod:Defend","MokouMod:Defend","MokouMod:HeatSpark","MokouMod:GuidingSmoke+1","MokouMod:Combust","MokouMod:ResoluteFlare","MokouMod:Wildfire+1","MokouMod:AdaptivePyromancy","MokouMod:RoaringFlare","MokouMod:ScorchingColumn","MokouMod:SearingBlow","MokouMod:Refresh","Injury","MokouMod:DanceofFlames"],"relics":["MokouMod:PhoenixFeather","DaveBox","testmod-TestBox","ice","Circlet","NeowsBlessing","OriginationStaff","testmod-FatalChain","SynthV:TestCard","Nunchaku","REME_ArchaeologicalTools","FossilizedHelix","CrazyTorch:ReiMu","Replay:Kaleidoscope"],"acts_visited":["Gensokyo:Gensokyo"],"potions_floor_usage":[],"damage_taken":[{"damage":0.0,"enemies":"Gensokyo:2_Kodama","floor":1.0,"turns":1.0},{"damage":0.0,"enemies":"Gensokyo:3_Fairies","floor":2.0,"turns":1.0},{"damage":0.0,"enemies":"Gensokyo:Cirno","floor":4.0,"turns":2.0},{"damage":2.0,"enemies":"Gensokyo:Gryphon","floor":5.0,"turns":3.0},{"damage":0.0,"enemies":"Gensokyo:Cirno","floor":6.0,"turns":4.0},{"damage":0.0,"enemies":"Gensokyo:LivingMonolith","floor":7.0,"turns":2.0},{"damage":0.0,"enemies":"Gensokyo:3_Kodama","floor":11.0,"turns":2.0},{"damage":0,"enemies":"Gensokyo:2_Rabbits","floor":13,"turns":2},{"damage":0,"enemies":"Gensokyo:Kitsune","floor":14,"turns":3},{"damage":28,"enemies":"Gensokyo:Yukari","floor":16,"turns":7}],"seed_played":"7521675758980912046","potions_obtained":[{"floor":1.0,"key":"ExcitationPotion"},{"floor":7.0,"key":"CalmPotion"},{"floor":11.0,"key":"ColorlessPotion"},{"floor":16,"key":"GamblersBrew"}],"is_trial":false,"path_per_floor":["M","M","?","?","M","E","M","R","T","$","M","?","M","M","R","B"],"character_chosen":"MKU","items_purchased":["MokouMod:ScorchingColumn","MokouMod:SearingBlow","CrazyTorch:ReiMu"],"campfire_rested":0,"item_purchase_floors":[10,10,10],"current_hp_per_floor":[75,75,75,75,73,73,73,73,73,73,73,73,73,73,73,45,45,45],"gold":333,"neow_bonus":"THREE_ENEMY_KILL","is_daily":false,"chose_seed":false,"campfire_upgraded":2,"win_rate":0.0,"timestamp":1613816277,"path_taken":["M","M","?","?","M","E","M","R","T","$","M","?","M","M","R","BOSS"],"items_purchased_type":["Card","Card","Relic"],"build_version":"2020-12-22","purchased_purges":1,"victory":false,"max_hp_per_floor":[75,75,75,75,75,75,75,75,75,75,75,75,75,75,75,75,75,75],"relic_stats":{"Nunchaku":[5],"counters":[10,27],"obtain_stats":[{"testmod-TestBox":0,"DaveBox":0,"LagranYue:RandomDrawCardRelic":0,"NeowsBlessing":0,"testmod-FatalChain":0,"Circlet":0,"ice":0,"Replay:Kaleidoscope":12,"Nunchaku":4,"SynthV:TestCard":1,"MokouMod:PhoenixFeather":0,"CrazyTorch:ReiMu":10,"OriginationStaff":0,"REME_ArchaeologicalTools":6,"FossilizedHelix":9,"REME_ComplimentaryCards":0},{"testmod-TestBox":0,"DaveBox":0,"LagranYue:RandomDrawCardRelic":0,"NeowsBlessing":0,"testmod-FatalChain":0,"Circlet":0,"ice":0,"Replay:Kaleidoscope":7,"Nunchaku":3,"SynthV:TestCard":1,"MokouMod:PhoenixFeather":0,"CrazyTorch:ReiMu":6,"OriginationStaff":0,"REME_ArchaeologicalTools":5,"FossilizedHelix":6,"REME_ComplimentaryCards":0},{"testmod-TestBox":0,"DaveBox":0,"LagranYue:RandomDrawCardRelic":0,"NeowsBlessing":0,"testmod-FatalChain":0,"Circlet":0,"ice":0,"Replay:Kaleidoscope":15,"Nunchaku":4,"SynthV:TestCard":1,"MokouMod:PhoenixFeather":0,"CrazyTorch:ReiMu":13,"OriginationStaff":0,"REME_ArchaeologicalTools":11,"FossilizedHelix":13,"REME_ComplimentaryCards":0}]},"card_choices":[{"not_picked":["MokouMod:ImperishableFlame","MokouMod:Firecracker"],"picked":"MokouMod:GuidingSmoke","floor":1.0},{"not_picked":["MokouMod:HeatFactory","MokouMod:Cataclysm","MokouMod:UncontrollableSolarReaction","MokouMod:Overheat"],"picked":"MokouMod:Combust","floor":2.0},{"not_picked":["MokouMod:RoaringFlare","MokouMod:Trailblazer","MokouMod:HeatCyclone","MokouMod:RisingSunBarrier"],"picked":"MokouMod:ResoluteFlare","floor":4.0},{"not_picked":["MokouMod:FlickeringFlame","MokouMod:WarmUp","MokouMod:Combust","MokouMod:ExplosiveFlame"],"picked":"MokouMod:Wildfire","floor":5.0},{"not_picked":["MokouMod:Ventilation","MokouMod:PhoenixFeathers","MokouMod:Rekindle","MokouMod:BurningDraft"],"picked":"MokouMod:AdaptivePyromancy","floor":6.0},{"not_picked":["MokouMod:CrimsonFlare","MokouMod:Sear","MokouMod:IgnitionBlast","MokouMod:TemporalFireSeal"],"picked":"MokouMod:RoaringFlare","floor":7.0},{"not_picked":["MokouMod:BurningDraft","MokouMod:IndiscriminateIgnition","MokouMod:FujiyamaVolcano","MokouMod:IcarusDive"],"picked":"MokouMod:Refresh","floor":11.0},{"not_picked":["MokouMod:HeatFactory","MokouMod:BurningDraft","MokouMod:Overheat","MokouMod:Cataclysm"],"picked":"MokouMod:DanceofFlames","floor":13},{"not_picked":["MokouMod:ExplosiveFlame","MokouMod:Cataclysm","MokouMod:DanceofFlames","MokouMod:TemporalFireSeal","MokouMod:FlareStarter"],"picked":"SKIP","floor":14}],"player_experience":44783,"relics_obtained":[{"floor":1.0,"key":"SynthV:TestCard"},{"floor":4.0,"key":"Nunchaku"},{"floor":6.0,"key":"REME_ArchaeologicalTools"},{"floor":9.0,"key":"FossilizedHelix"}],"event_choices":[{"damage_healed":0.0,"max_hp_gain":0.0,"max_hp_loss":0.0,"gold_gain":400.0,"event_name":"¶÷ÂåË¹µÄÅÌ×Ó","player_choice":"Sell","floor":3.0,"relics_lost":["REME_ComplimentaryCards"],"gold_loss":0.0,"damage_taken":0.0}],"is_beta":false,"boss_relics":[],"items_purged_floors":[10],"is_endless":false,"potions_floor_spawned":[1,7,11,16],"killed_by":"Gensokyo:Yukari","ascension_level":0}}