{"host":"cc6r8m2qe4jvlwua","time":1613863336,"event":{"mods":["BaseMod","Hubris","Marisa????????","Minty Spire (QoL Compilation)","Morshu Shopkeeper","Replay The Spire","Spicy Shops","StSLib","The Cursed","The Marked","The Necromancer"],"gold_per_floor":[113,113,113,113,113,156,156,177,177,31,51,51,82,7,7,7,7],"floor_reached":16,"language":"ENG","playtime":450,"items_purged":["Strike_B"],"score":151,"play_id":"230efca5-9f39-4dda-a899-5c5a43b0def4","local_time":"20210220172216","is_ascension_mode":true,"campfire_choices":[{"data":"Dualcast","floor":7,"key":"SMITH"}],"circlet_count":0,"master_deck":["Strike_B","Strike_B","Defend_B","Defend_B","Defend_B","Zap","Dualcast+1","Coolheaded+1","Self Repair","Panic Button"],"relics":["Cracked Core","NeowsBlessing","Golden Idol","Solar Panel","Centennial Puzzle","Replay:Frozen Program","Potion Belt","Prayer Wheel"],"acts_visited":["Exordium"],"potions_floor_usage":[16,16,16],"damage_taken":[{"damage":0,"enemies":"Jaw Worm","floor":1,"turns":1},{"damage":0,"enemies":"Gremlin Nob","floor":6,"turns":1},{"damage":0,"enemies":"2 Louse","floor":8,"turns":1},{"damage":2,"enemies":"Small Slimes","floor":11,"turns":4},{"damage":47,"enemies":"3 Sentries","floor":13,"turns":11},{"damage":63,"enemies":"Hexaghost","floor":16,"turns":11}],"seed_played":"-8243200835366067890","potions_obtained":[{"floor":6,"key":"Milkshake"},{"floor":11,"key":"Dexterity Potion"},{"floor":13,"key":"Toxic Potion"}],"is_trial":false,"path_per_floor":["M","?","?","?","?","E","R","M","T","$","M","?","E","$","R","B"],"character_chosen":"DEFECT","items_purchased":["Replay:Frozen Program"],"campfire_rested":0,"item_purchase_floors":[10],"current_hp_per_floor":[75,75,68,73,73,73,73,74,74,74,74,74,38,38,60,0,0],"gold":7,"neow_bonus":"THREE_ENEMY_KILL","is_daily":false,"chose_seed":false,"campfire_upgraded":1,"win_rate":0.0,"timestamp":1613863336,"path_taken":["M","?","?","?","?","E","R","M","T","?","?","?","E","$","R","BOSS"],"items_purchased_type":["Relic"],"build_version":"2020-12-22","purchased_purges":1,"victory":false,"max_hp_per_floor":[75,75,75,80,74,74,74,74,74,74,74,74,74,74,74,74,74],"card_choices":[{"not_picked":["Turbo","BasicCrystalCard"],"picked":"Coolheaded","floor":1},{"not_picked":["Conserve Battery","Beam Cell","BasicCrystalCard"],"picked":"SKIP","floor":6},{"not_picked":["Sweeping Beam","ReplaySort"],"picked":"Self Repair","floor":8},{"not_picked":["Sunder","Beam Cell"],"picked":"Panic Button","floor":11},{"not_picked":["Compile Driver","Streamline"],"picked":"ReplayTheSpireMod:Fabricate Wheel","floor":13}],"player_experience":273220,"relics_obtained":[{"floor":6,"key":"Solar Panel"},{"floor":9,"key":"Centennial Puzzle"},{"floor":13,"key":"Potion Belt"}],"event_choices":[{"cards_removed":["Strike_B"],"damage_healed":0,"gold_gain":0,"player_choice":"Forget","damage_taken":0,"max_hp_gain":0,"max_hp_loss":0,"event_name":"Living Wall","floor":2,"gold_loss":0},{"cards_removed":["Defend_B"],"damage_healed":0,"gold_gain":0,"player_choice":"Card Removal","damage_taken":7,"max_hp_gain":0,"max_hp_loss":0,"event_name":"Golden Wing","floor":3,"gold_loss":0},{"damage_healed":0,"gold_gain":0,"player_choice":"Donut","damage_taken":0,"max_hp_gain":5,"max_hp_loss":0,"event_name":"Big Fish","floor":4,"gold_loss":0},{"damage_healed":0,"gold_gain":0,"player_choice":"Lose Max HP","damage_taken":0,"relics_obtained":["Golden Idol"],"max_hp_gain":0,"max_hp_loss":6,"event_name":"Golden Idol","floor":5,"gold_loss":0},{"damage_healed":0,"gold_gain":0,"player_choice":"Ignored","damage_taken":0,"max_hp_gain":0,"max_hp_loss":0,"event_name":"Liars Game","floor":12,"gold_loss":0}],"is_beta":false,"boss_relics":[],"items_purged_floors":[14],"is_endless":false,"potions_floor_spawned":[6,11,13],"killed_by":"Hexaghost","ascension_level":3}}