{"host":"nv1rw0372aj1kj6e","time":1613818433,"event":{"mods":["AchievementEnabler","BaseMod","Minty Spire (QoL Compilation)","Rare Cards Sparkle","Replay The Spire","StSLib","everything is the same but u backflip on backflip"],"gold_per_floor":[111,111,121,136,136,136,146,146,172,43,60,87,103,114,114,210,210,227,227,227,227,125,125,156,167,167,82,82,82,82],"floor_reached":29,"language":"ENG","playtime":1593,"items_purged":["Pain","Defend_G"],"score":375,"play_id":"46782ea8-ad8d-4d54-a013-00f7ad75ff67","local_time":"20210220115353","is_ascension_mode":true,"campfire_choices":[{"data":"Neutralize","floor":6,"key":"SMITH"},{"data":"Infinite Blades","floor":8,"key":"SMITH"},{"data":"Blade Dance","floor":15,"key":"SMITH"},{"floor":23,"key":"REST"}],"circlet_count":0,"master_deck":["Strike_G","Strike_G+1","Strike_G","Strike_G","Defend_G","Defend_G","Defend_G","Defend_G","Survivor","Neutralize+1","Blade Dance+1","Grand Finale+1","Dagger Spray+1","Infinite Blades+1","PiercingWail","Finisher+1","Backflip","ReplayTheSpireMod:Speed Training","Tools of the Trade","ReplayTheSpireMod:Speed Training","Necronomicurse","Quick Slash","Writhe"],"relics":["Philosopher\u0027s Stone","WarpedTongs","Whetstone","Smiling Mask","Ring of Chaos","Necronomicon","Eternal Feather","FossilizedHelix","Meat on the Bone","Frozen Egg 2","Replay:Bottled Snecko"],"acts_visited":["Exordium","TheCity"],"potions_floor_usage":[11,12,18,24,25,29],"damage_taken":[{"damage":0,"enemies":"Jaw Worm","floor":1,"turns":4},{"damage":0,"enemies":"Cultist","floor":3,"turns":4},{"damage":0,"enemies":"Small Slimes","floor":4,"turns":3},{"damage":5,"enemies":"Exordium Wildlife","floor":7,"turns":2},{"damage":0,"enemies":"Blue Slaver","floor":11,"turns":2},{"damage":0,"enemies":"3 Sentries","floor":12,"turns":6},{"damage":6,"enemies":"Large Slime","floor":13,"turns":3},{"damage":0,"enemies":"2 Fungi Beasts","floor":14,"turns":3},{"damage":25,"enemies":"Hexaghost","floor":16,"turns":8},{"damage":16,"enemies":"2 Thieves","floor":18,"turns":4},{"damage":33,"enemies":"Book of Stabbing","floor":24,"turns":7},{"damage":17,"enemies":"Chosen","floor":25,"turns":6},{"damage":25,"enemies":"Snake Plant","floor":29,"turns":4}],"seed_played":"-7631212233992709334","potions_obtained":[{"floor":1,"key":"Block Potion"},{"floor":3,"key":"Block Potion"},{"floor":12,"key":"Swift Potion"},{"floor":14,"key":"Regen Potion"},{"floor":18,"key":"Strength Potion"},{"floor":25,"key":"Swift Potion"}],"is_trial":false,"path_per_floor":["M","?","M","M","?","R","M","R","T","$","M","E","M","M","R","B",null,"M","?","?","T","$","R","E","M","T","?","?","M"],"character_chosen":"THE_SILENT","items_purchased":["Finisher+1","Block Potion"],"campfire_rested":1,"item_purchase_floors":[10,22],"current_hp_per_floor":[63,63,63,63,63,63,58,58,58,58,58,58,52,52,52,27,59,43,27,27,27,27,60,27,25,25,25,25,0,0],"gold":82,"neow_bonus":"BOSS_RELIC","is_daily":false,"chose_seed":false,"campfire_upgraded":3,"win_rate":0.0,"timestamp":1613818433,"path_taken":["M","?","M","M","?","R","M","R","T","$","?","E","M","M","R","BOSS","M","?","?","?","$","R","E","M","T","?","?","M"],"items_purchased_type":["Card","Potion"],"build_version":"2020-12-22","purchased_purges":2,"victory":false,"max_hp_per_floor":[70,70,70,70,70,70,70,70,70,70,70,70,70,70,70,70,70,70,70,70,70,70,70,70,70,70,70,70,70,70],"card_choices":[{"not_picked":["Tactician","ReplayTheSpireMod:Shiv Toss"],"picked":"Blade Dance","floor":1},{"not_picked":["Fluid Movement","Deflect"],"picked":"Dagger Spray","floor":3},{"not_picked":["Blade Dance","PiercingWail"],"picked":"Infinite Blades","floor":4},{"not_picked":["Backflip","Dash"],"picked":"PiercingWail","floor":7},{"not_picked":["Catalyst","Wraith Form v2"],"picked":"Backflip","floor":11},{"not_picked":["Quick Slash","Catalyst","ReplayTheSpireMod:Tripwire"],"picked":"SKIP","floor":12},{"not_picked":["Dagger Spray","Eviscerate"],"picked":"ReplayTheSpireMod:Speed Training","floor":13},{"not_picked":["Flying Knee","Noxious Fumes","Reflex"],"picked":"SKIP","floor":14},{"not_picked":["Atom Bomb","Doppelganger"],"picked":"Tools of the Trade","floor":16},{"not_picked":["Acrobatics","Crippling Poison"],"picked":"ReplayTheSpireMod:Speed Training","floor":18},{"not_picked":["Slice","Acrobatics+1","Poisoned Stab"],"picked":"SKIP","floor":24},{"not_picked":["Concentrate","Bane"],"picked":"Quick Slash","floor":25}],"player_experience":215062,"relics_obtained":[{"floor":9,"key":"Whetstone"},{"floor":12,"key":"Smiling Mask"},{"floor":19,"key":"Necronomicon"},{"floor":21,"key":"Eternal Feather"},{"floor":24,"key":"FossilizedHelix"},{"floor":26,"key":"Meat on the Bone"}],"event_choices":[{"damage_healed":0,"gold_gain":0,"player_choice":"Rummage","damage_taken":0,"relics_obtained":["WarpedTongs"],"max_hp_gain":0,"max_hp_loss":0,"event_name":"Accursed Blacksmith","floor":5,"gold_loss":0,"cards_obtained":["Pain"]},{"damage_healed":0,"gold_gain":0,"player_choice":"Obtained Book","damage_taken":16,"max_hp_gain":0,"max_hp_loss":0,"event_name":"Cursed Tome","floor":19,"gold_loss":0},{"damage_healed":0,"gold_gain":0,"player_choice":"Obtained Relic","damage_taken":0,"relics_obtained":["Frozen Egg 2"],"max_hp_gain":0,"max_hp_loss":0,"event_name":"Addict","floor":27,"gold_loss":85},{"damage_healed":0,"gold_gain":0,"player_choice":"Opened","damage_taken":0,"relics_obtained":["Replay:Bottled Snecko"],"max_hp_gain":0,"max_hp_loss":0,"event_name":"The Mausoleum","floor":28,"gold_loss":0,"cards_obtained":["Writhe"]}],"is_beta":false,"boss_relics":[{"not_picked":["SacredBark","Honey Jar"],"picked":"Ring of Chaos"}],"items_purged_floors":[10,22],"is_endless":false,"potions_floor_spawned":[1,3,12,14,18,25],"killed_by":"Snake Plant","ascension_level":8}}