{"host":"p5axfb00mxhraew6","time":1613829813,"event":{"mods":["100% Spire Juice","Abigail Mod","Act Like it!","BaseMod","CapriCore","Friendly Minions","GifTheSpireLib","Jedi Mod","KomeijiMod","MarisaÅiñ∂âJÅ@ñÇóùçπÅj","Minty Spire (QoL Compilation)","Prisma Mod","ReimuÅiîé??öÎÅj","RemiliaÅiÂQïƒ‰ª?Åj","SOSÅiézîb?îVéqÅj","StSLib","Td1madao Mod","The Alterego","The Immortal","The Problem Sleuth","Yakumo Yukari mod"],"gold_per_floor":[141,216,115,215,232,303,303,379,379,379,147,227,273,304,304,391,391,436,436,499,31,56,68,68],"floor_reached":23,"language":"ENG","playtime":1102,"items_purged":["Shoot","Shoot","Defend_Dante"],"score":514,"play_id":"49f9de2d-f375-4cde-a2e8-c48496eb6559","local_time":"20210220230333","is_ascension_mode":true,"campfire_choices":[{"data":"Rebellion","floor":7.0,"key":"SMITH"},{"floor":10.0,"key":"REST"},{"data":"Swordcombo","floor":15,"key":"SMITH"}],"circlet_count":0,"master_deck":["AscendersBane","Attack_a","Attack_a","Attack_b","Provocation","Defend_Dante","Defend_Dante","Defend_Dante","Redorb","LucifercomboA","Rebellion+1","Dash1","Hightime","Swordcombo+1","Dash2","Hightime","Demonreform","Ghostly","Ghostly","Ghostly"],"relics":["SSS","Combocheck","NeowsBlessing","jedi:angrymask","Bird Faced Urn","Pen Nib","Matryoshka","Odd Mushroom","Black Star","Omamori","Strawberry"],"acts_visited":["Exordium","TheCity"],"potions_floor_usage":[12,14,16,23],"damage_taken":[{"damage":0.0,"enemies":"Jaw Worm","floor":1.0,"turns":2.0},{"damage":0.0,"enemies":"2 Louse","floor":5.0,"turns":1.0},{"damage":0.0,"enemies":"3 Sentries","floor":6.0,"turns":3.0},{"damage":30.0,"enemies":"Gremlin Nob","floor":8.0,"turns":4.0},{"damage":0,"enemies":"3 Sentries","floor":12,"turns":4},{"damage":2,"enemies":"Cultist","floor":13,"turns":2},{"damage":0,"enemies":"The Mushroom Lair","floor":14,"turns":2},{"damage":21,"enemies":"The Guardian","floor":16,"turns":7},{"damage":16,"enemies":"3 Byrds","floor":18,"turns":5},{"damage":7,"enemies":"Chosen","floor":20,"turns":6},{"damage":0,"enemies":"Centurion and Healer","floor":22,"turns":4},{"damage":47,"enemies":"Slavers","floor":23,"turns":7}],"seed_played":"-6250595882445035728","potions_obtained":[{"floor":1.0,"key":"jedi:tentaclejuice"},{"floor":8.0,"key":"SkillPotion"},{"floor":12,"key":"Swift Potion"},{"floor":13,"key":"BlessingOfTheForge"},{"floor":16,"key":"jedi:wingpotion"},{"floor":20,"key":"jedi:holywater"}],"is_trial":false,"path_per_floor":["M","?","$","?","M","E","R","E","T","R","$","E","M","?","R","B",null,"M","?","M","$","M","E"],"character_chosen":"DANTE","items_purchased":["Rebellion","Swordcombo","Dash2","Omamori","Strawberry"],"campfire_rested":1,"item_purchase_floors":[3,11,11,21,21],"current_hp_per_floor":[68,57,57,57,57,57,57,27,27,49,49,51,51,53,53,34,65,51,37,30,37,44,0,0],"gold":68,"neow_bonus":"THREE_ENEMY_KILL","is_daily":false,"chose_seed":false,"campfire_upgraded":2,"win_rate":0.0,"timestamp":1613829813,"path_taken":["M","?","$","?","M","E","R","E","T","R","$","E","?","?","R","BOSS","M","?","M","$","M","E"],"items_purchased_type":["Card","Card","Card","Relic","Relic"],"build_version":"2020-12-22","purchased_purges":3,"victory":false,"max_hp_per_floor":[75,75,75,75,75,75,75,75,75,75,75,75,75,75,75,75,75,75,37,37,44,44,44,44],"card_choices":[{"not_picked":["VitalstarM","Shock"],"picked":"LucifercomboA","floor":1.0},{"not_picked":["DT","Whiteorb","Honeycombofire"],"picked":"SKIP","floor":5.0},{"not_picked":["VitalstarM","VitalstarS"],"picked":"Dash1","floor":6.0},{"not_picked":["Darkslayer","Splesh"],"picked":"Hightime","floor":8.0},{"not_picked":["Unrisingdragon","LucifercomboC","Weaponupgrade"],"picked":"SKIP","floor":12},{"not_picked":["Doubleshoot","Lucifer","CoyoteA"],"picked":"SKIP","floor":13},{"not_picked":["Holywater","LucifercomboD"],"picked":"Hightime","floor":14},{"not_picked":["Blueorb","VitalstarL"],"picked":"Demonreform","floor":16},{"not_picked":["Doubleshoot","Straight","Fullhouse"],"picked":"SKIP","floor":18},{"not_picked":["DT+1","LucifercomboC","LucifercomboA"],"picked":"SKIP","floor":20},{"not_picked":["Weaponupgrade","LucifercomboC","Doubleshoot"],"picked":"SKIP","floor":22}],"player_experience":1237899,"relics_obtained":[{"floor":6.0,"key":"jedi:angrymask"},{"floor":8.0,"key":"Bird Faced Urn"},{"floor":9.0,"key":"Pen Nib"},{"floor":12,"key":"Matryoshka"},{"floor":14,"key":"Odd Mushroom"}],"event_choices":[{"damage_healed":0.0,"max_hp_gain":0.0,"max_hp_loss":0.0,"gold_gain":75.0,"event_name":"World of Goop","player_choice":"Gather Gold","floor":2.0,"gold_loss":0.0,"damage_taken":11.0},{"damage_healed":0.0,"max_hp_gain":0.0,"max_hp_loss":0.0,"gold_gain":100.0,"event_name":"Wheel of Change","player_choice":"Gold","floor":4.0,"gold_loss":0.0,"damage_taken":0.0},{"damage_healed":0,"gold_gain":0,"player_choice":"Fought Mushrooms","damage_taken":0,"max_hp_gain":0,"max_hp_loss":0,"event_name":"Mushrooms","floor":14,"gold_loss":0},{"damage_healed":0,"gold_gain":0,"player_choice":"Became a Ghost","damage_taken":0,"max_hp_gain":0,"max_hp_loss":38,"event_name":"Ghosts","floor":19,"gold_loss":0,"cards_obtained":["Ghostly","Ghostly","Ghostly"]}],"is_beta":false,"boss_relics":[{"not_picked":["Fusion Hammer","Cursed Key"],"picked":"Black Star"}],"items_purged_floors":[3,11,21],"is_endless":false,"potions_floor_spawned":[1,8,12,13,16,20],"killed_by":"Slavers","ascension_level":20}}