{"host":"or8fr2mp0k3eluj8","time":1613826455,"event":{"mods":["AchievementEnabler","BaseMod","Colored Map","DeckTracker","Keyboard Shortcuts","Minty Spire (QoL Compilation)","StSLib","SuperFastMode","everything is the same but u backflip on backflip"],"gold_per_floor":[116,291,291,306,306,331,331,348,348,363,363,376,376,405,405,507,507,519,519,222,233,251,251,268,268,268,294,306,306,306],"floor_reached":29,"language":"KOR","playtime":1687,"items_purged":["Strike_B"],"score":308,"play_id":"aefed66a-6337-44a4-8c17-48d01a927783","local_time":"20210220220735","is_ascension_mode":true,"campfire_choices":[{"data":"Zap","floor":7,"key":"SMITH"},{"data":"Consume","floor":11,"key":"SMITH"},{"data":"Dualcast","floor":13,"key":"SMITH"},{"data":"Undo","floor":15,"key":"SMITH"},{"floor":23,"key":"REST"},{"data":"Redo","floor":25,"key":"SMITH"}],"circlet_count":0,"master_deck":["Strike_B","Strike_B","Strike_B","Defend_B","Defend_B","Defend_B","Defend_B","Zap+1","Dualcast+1","Beam Cell","Leap","Scrape+1","Sweeping Beam+1","Consume+1","Undo+1","Redo+1"],"relics":["Cracked Core","NeowsBlessing","The Courier","Molten Egg 2","Symbiotic Virus","Mercury Hourglass","Sozu","Oddly Smooth Stone","Happy Flower","Question Card","Tiny Chest"],"acts_visited":["Exordium","TheCity"],"potions_floor_usage":[29],"damage_taken":[{"damage":0,"enemies":"Cultist","floor":1,"turns":1},{"damage":0,"enemies":"2 Louse","floor":4,"turns":1},{"damage":0,"enemies":"3 Sentries","floor":6,"turns":1},{"damage":3,"enemies":"Jaw Worm","floor":8,"turns":2},{"damage":0,"enemies":"Lots of Slimes","floor":10,"turns":1},{"damage":8,"enemies":"Blue Slaver","floor":12,"turns":3},{"damage":14,"enemies":"Gremlin Nob","floor":14,"turns":3},{"damage":11,"enemies":"Hexaghost","floor":16,"turns":9},{"damage":34,"enemies":"3 Byrds","floor":18,"turns":4},{"damage":8,"enemies":"Spheric Guardian","floor":21,"turns":4},{"damage":17,"enemies":"Centurion and Healer","floor":22,"turns":3},{"damage":4,"enemies":"Snake Plant","floor":24,"turns":4},{"damage":14,"enemies":"Book of Stabbing","floor":27,"turns":4},{"damage":0,"enemies":"Cultist and Chosen","floor":28,"turns":5},{"damage":25,"enemies":"Slavers","floor":29,"turns":2}],"seed_played":"3048798629989314813","potions_obtained":[{"floor":1,"key":"FearPotion"},{"floor":4,"key":"EssenceOfSteel"},{"floor":10,"key":"BlessingOfTheForge"}],"is_trial":false,"path_per_floor":["M","?","?","M","?","E","R","M","T","M","R","M","R","E","R","B",null,"M","?","$","M","M","R","M","R","T","E","M","E"],"character_chosen":"DEFECT","items_purchased":["Oddly Smooth Stone","Happy Flower"],"campfire_rested":1,"item_purchase_floors":[20,20],"current_hp_per_floor":[75,75,72,72,72,72,72,69,69,69,69,61,61,47,47,36,75,41,41,41,33,16,38,34,34,34,20,20,0,0],"gold":306,"neow_bonus":"THREE_ENEMY_KILL","is_daily":false,"chose_seed":false,"campfire_upgraded":5,"win_rate":0.0,"timestamp":1613826455,"path_taken":["M","?","?","M","?","E","R","M","T","M","R","M","R","E","R","BOSS","M","?","$","M","M","R","M","R","T","E","?","E"],"items_purchased_type":["Relic","Relic"],"build_version":"2020-12-22","purchased_purges":1,"victory":false,"max_hp_per_floor":[75,75,75,75,75,75,75,75,75,75,75,75,75,75,75,75,75,75,75,75,75,75,75,75,75,75,75,75,75,75],"card_choices":[{"not_picked":["Force Field","Conserve Battery"],"picked":"Beam Cell","floor":1},{"not_picked":["Tempest","Stack"],"picked":"Leap","floor":4},{"not_picked":["Consume","Skim"],"picked":"Scrape+1","floor":6},{"not_picked":["Scrape+1","BootSequence"],"picked":"Sweeping Beam+1","floor":8},{"not_picked":["Go for the Eyes+1","Redo"],"picked":"Consume","floor":10},{"not_picked":["Sunder+1","Electrodynamics"],"picked":"Undo","floor":12},{"not_picked":["Beam Cell+1","Steam Power","Undo"],"picked":"SKIP","floor":14},{"not_picked":["Steam Power","Undo","Cold Snap+1"],"picked":"SKIP","floor":18},{"not_picked":["Self Repair","Stack"],"picked":"Redo","floor":21},{"not_picked":["Leap","Streamline+1","Conserve Battery"],"picked":"SKIP","floor":22},{"not_picked":["Leap","Double Energy","Streamline+1"],"picked":"SKIP","floor":24},{"not_picked":["Go for the Eyes+1","Hello World","Ball Lightning+1","Turbo"],"picked":"SKIP","floor":27},{"not_picked":["FTL+1","Turbo","Steam+1","Streamline+1"],"picked":"SKIP","floor":28}],"player_experience":401058,"relics_obtained":[{"floor":6,"key":"Molten Egg 2"},{"floor":9,"key":"Symbiotic Virus"},{"floor":14,"key":"Mercury Hourglass"},{"floor":26,"key":"Question Card"},{"floor":27,"key":"Tiny Chest"}],"event_choices":[{"damage_healed":0,"gold_gain":175,"player_choice":"AGREE","damage_taken":0,"max_hp_gain":0,"max_hp_loss":0,"event_name":"Liars Game","floor":2,"gold_loss":0,"cards_obtained":["Doubt"]},{"damage_healed":0,"gold_gain":0,"player_choice":"Success","damage_taken":3,"relics_obtained":["The Courier"],"max_hp_gain":0,"max_hp_loss":0,"event_name":"Scrap Ooze","floor":3,"gold_loss":0},{"cards_removed":["Doubt"],"damage_healed":0,"gold_gain":0,"player_choice":"Forget","damage_taken":0,"max_hp_gain":0,"max_hp_loss":0,"event_name":"Living Wall","floor":5,"gold_loss":0},{"damage_healed":0,"gold_gain":0,"player_choice":"Ignored","damage_taken":0,"max_hp_gain":0,"max_hp_loss":0,"event_name":"NoteForYourself","floor":19,"gold_loss":0}],"is_beta":false,"boss_relics":[{"not_picked":["Inserter","Cursed Key"],"picked":"Sozu"}],"items_purged_floors":[20],"is_endless":false,"potions_floor_spawned":[1,4,10,22,24,28],"killed_by":"Slavers","ascension_level":2}}