{"host":"py7qdianp3jrm8dm","time":1613858775,"event":{"mods":["AchievementEnabler","BaseMod","Bestiary","Downfall","Highlight Path","Minty Spire (QoL Compilation)","StSLib"],"gold_per_floor":[13,26,76,94,15,45,65,75,99,99,116,116,150,170,170,247,247,267,285,285,33,52,52,52,52],"floor_reached":24,"language":"ENG","playtime":1102,"items_purged":[],"score":378,"play_id":"17f7b5cc-1cc0-4453-9254-4d94ebc759a5","local_time":"20210220220615","is_ascension_mode":true,"campfire_choices":[{"floor":10,"key":"REST"},{"floor":12,"key":"REST"},{"floor":15,"key":"REST"},{"floor":23,"key":"REST"}],"circlet_count":0,"master_deck":["AscendersBane","Strike_R","Strike_R","Strike_R","Strike_R","Defend_R","Defend_R","Defend_R","Defend_R","Bash","Sadistic Nature","Headbutt","Seeing Red","Flex","Shockwave","Exhume","Clash","Sever Soul","Dropkick","Double Tap","Twin Strike","Exhume","Inflame","Shockwave","Uppercut","Headbutt"],"relics":["Burning Blood","Toy Ornithopter","Bronze Scales","Ancient Tea Set","Cursed Key","PreservedInsect"],"acts_visited":["Exordium","TheCity"],"potions_floor_usage":[7,13,13,22,24,24],"damage_taken":[{"damage":13,"enemies":"Jaw Worm","floor":1,"turns":4},{"damage":6,"enemies":"Cultist","floor":2,"turns":3},{"damage":12,"enemies":"Small Slimes","floor":4,"turns":3},{"damage":40,"enemies":"Lagavulin","floor":6,"turns":6},{"damage":10,"enemies":"Red Slaver","floor":7,"turns":4},{"damage":14,"enemies":"Blue Slaver","floor":8,"turns":4},{"damage":14,"enemies":"Large Slime","floor":11,"turns":4},{"damage":15,"enemies":"3 Sentries","floor":13,"turns":3},{"damage":15,"enemies":"Gremlin Gang","floor":14,"turns":3},{"damage":25,"enemies":"Slime Boss","floor":16,"turns":7},{"damage":16,"enemies":"2 Thieves","floor":18,"turns":4},{"damage":28,"enemies":"Spheric Guardian","floor":19,"turns":4},{"damage":26,"enemies":"Snake Plant","floor":22,"turns":3},{"damage":70,"enemies":"Book of Stabbing","floor":24,"turns":4}],"seed_played":"-4355947065742389809","potions_obtained":[{"floor":6,"key":"Weak Potion"},{"floor":8,"key":"PowerPotion"},{"floor":11,"key":"AttackPotion"},{"floor":13,"key":"SmokeBomb"},{"floor":18,"key":"Weak Potion"},{"floor":19,"key":"BloodPotion"},{"floor":22,"key":"SteroidPotion"}],"is_trial":false,"path_per_floor":["M","M","?","M","$","E","M","M","T","R","M","R","E","M","R","B",null,"M","M","?","$","M","R","E"],"character_chosen":"IRONCLAD","items_purchased":["Shockwave","Uppercut","PreservedInsect"],"campfire_rested":4,"item_purchase_floors":[5,21,21],"current_hp_per_floor":[61,61,54,48,48,14,15,7,7,29,21,43,44,35,57,38,66,56,34,34,34,19,41,0,0],"gold":52,"neow_bonus":"RANDOM_COLORLESS_2","is_daily":false,"chose_seed":false,"campfire_upgraded":0,"win_rate":0.0,"timestamp":1613858775,"path_taken":["M","M","?","M","$","E","M","?","T","R","M","R","E","M","R","BOSS","M","M","?","$","M","R","E"],"items_purchased_type":["Card","Card","Relic"],"build_version":"2020-12-22","purchased_purges":0,"victory":false,"max_hp_per_floor":[75,75,75,75,75,75,75,75,75,75,75,75,75,75,75,75,75,75,75,75,75,75,75,75,75],"card_choices":[{"not_picked":["Violence","Chrysalis"],"picked":"Sadistic Nature","floor":0},{"not_picked":["Inflame","Pummel"],"picked":"Headbutt","floor":1},{"not_picked":["Wild Strike","Anger"],"picked":"Seeing Red","floor":2},{"not_picked":["Pummel","Perfected Strike"],"picked":"Flex","floor":4},{"not_picked":["Anger","Cleave"],"picked":"Exhume","floor":6},{"not_picked":["Metallicize","Shrug It Off"],"picked":"Clash","floor":7},{"not_picked":["Sword Boomerang","Metallicize"],"picked":"Sever Soul","floor":8},{"not_picked":["Havoc","True Grit"],"picked":"Dropkick","floor":11},{"not_picked":["Heavy Blade","Warcry"],"picked":"Double Tap","floor":13},{"not_picked":["Sentinel","Blood for Blood"],"picked":"Twin Strike","floor":14},{"not_picked":["Immolate","Berserk"],"picked":"Exhume","floor":16},{"not_picked":["Dark Embrace","Pummel"],"picked":"Inflame","floor":18},{"not_picked":["Sever Soul+1","Sentinel"],"picked":"Shockwave","floor":19},{"not_picked":["Sword Boomerang","Twin Strike"],"picked":"Headbutt","floor":22}],"player_experience":632186,"relics_obtained":[{"floor":6,"key":"Toy Ornithopter"},{"floor":9,"key":"Bronze Scales"},{"floor":13,"key":"Ancient Tea Set"}],"event_choices":[{"damage_healed":0,"gold_gain":50,"player_choice":"Touch","damage_taken":7,"max_hp_gain":0,"max_hp_loss":0,"event_name":"FaceTrader","floor":3,"gold_loss":0},{"cards_removed":["Strike_R"],"damage_healed":0,"gold_gain":0,"player_choice":"Offered Basic","damage_taken":0,"max_hp_gain":0,"max_hp_loss":0,"event_name":"Bonfire Elementals","floor":20,"gold_loss":0}],"is_beta":false,"boss_relics":[{"not_picked":["Pandora\u0027s Box","Runic Cube"],"picked":"Cursed Key"}],"items_purged_floors":[],"is_endless":false,"potions_floor_spawned":[6,8,11,13,18,19,22],"killed_by":"Book of Stabbing","ascension_level":16}}