{"host":"a5csdf9n4csbv6sp","time":1613847421,"event":{"mods":["BaseMod","Minty Spire (QoL Compilation)","Permanent Neow","Relic Stats"],"gold_per_floor":[110,110,122,122,172,172,207,207,207,235,247,265,265,281,281,353,353,367,37,37,56,56,83,102,102,102,102,122,138,167,179,179,251,251,261,279,35,49,100,134,134,168,168,198,210,210,210,241,241,241,241,241,241,1,34,34],"floor_reached":57,"language":"ENG","playtime":3498,"items_purged":["Defend_B"],"score":3015,"play_id":"eaa31436-aaa3-4789-b405-e89227370130","local_time":"20210221015701","is_ascension_mode":true,"campfire_choices":[{"data":"Undo","floor":6,"key":"SMITH"},{"floor":8,"key":"REST"},{"data":"Streamline","floor":13,"key":"SMITH"},{"data":"Darkness","floor":15,"key":"SMITH"},{"floor":25,"key":"REST"},{"data":"Electrodynamics","floor":27,"key":"SMITH"},{"data":"Hologram","floor":32,"key":"SMITH"},{"floor":41,"key":"RECALL"},{"data":"Biased Cognition","floor":46,"key":"SMITH"},{"data":"Hologram","floor":49,"key":"SMITH"},{"data":"Glacier","floor":53,"key":"SMITH"}],"circlet_count":0,"master_deck":["AscendersBane","Defend_B","Defend_B","Defend_B","Zap","Dualcast","Undo+1","Hologram+1","Streamline","Cold Snap","Streamline+1","Darkness+1","Meteor Strike","Doom and Gloom","Self Repair","Capacitor+1","Electrodynamics+1","Doom and Gloom","Core Surge","Double Energy+1","Multi-Cast","All For One","Glacier+1","Coolheaded+1","Sunder+1","Hologram+1","Biased Cognition+1","Coolheaded+1"],"relics":["Snecko Eye","Singing Bowl","Meat on the Bone","Mummified Hand","Black Star","Bag of Preparation","Orrery","Ice Cream","Cables","Letter Opener","Pear","Eternal Feather","Bag of Marbles","Empty Cage","Potion Belt","Ginger","Sundial","CaptainsWheel","Shuriken","The Courier","Question Card","Bottled Tornado","Ornamental Fan","Blood Vial","Chemical X","HornCleat","Gremlin Horn"],"acts_visited":["Exordium","TheCity","TheBeyond","TheEnding"],"potions_floor_usage":[3,7,30,31,40,51,56,56,56,56],"damage_taken":[{"damage":13,"enemies":"Small Slimes","floor":1,"turns":5},{"damage":0,"enemies":"Cultist","floor":3,"turns":4},{"damage":38,"enemies":"3 Sentries","floor":7,"turns":12},{"damage":4,"enemies":"Lagavulin","floor":10,"turns":6},{"damage":11,"enemies":"Jaw Worm","floor":11,"turns":6},{"damage":17,"enemies":"Exordium Wildlife","floor":12,"turns":6},{"damage":17,"enemies":"Red Slaver","floor":14,"turns":4},{"damage":33,"enemies":"Hexaghost","floor":16,"turns":9},{"damage":16,"enemies":"Shell Parasite","floor":18,"turns":4},{"damage":0,"enemies":"Chosen","floor":21,"turns":3},{"damage":77,"enemies":"Book of Stabbing","floor":23,"turns":6},{"damage":18,"enemies":"Snecko","floor":24,"turns":4},{"damage":0,"enemies":"Cultist and Chosen","floor":28,"turns":4},{"damage":18,"enemies":"Centurion and Healer","floor":29,"turns":4},{"damage":28,"enemies":"Gremlin Leader","floor":30,"turns":5},{"damage":23,"enemies":"Shelled Parasite and Fungi","floor":31,"turns":4},{"damage":33,"enemies":"Champ","floor":33,"turns":8},{"damage":3,"enemies":"3 Shapes","floor":35,"turns":2},{"damage":0,"enemies":"3 Darklings","floor":36,"turns":1},{"damage":0,"enemies":"4 Shapes","floor":38,"turns":1},{"damage":21,"enemies":"2 Orb Walkers","floor":39,"turns":3},{"damage":16,"enemies":"Nemesis","floor":40,"turns":3},{"damage":0,"enemies":"Reptomancer","floor":42,"turns":3},{"damage":6,"enemies":"Nemesis","floor":44,"turns":3},{"damage":0,"enemies":"Maw","floor":45,"turns":4},{"damage":0,"enemies":"Giant Head","floor":48,"turns":5},{"damage":4,"enemies":"Awakened One","floor":50,"turns":5},{"damage":91,"enemies":"Donu and Deca","floor":51,"turns":10},{"damage":26,"enemies":"Shield and Spear","floor":55,"turns":5},{"damage":58,"enemies":"The Heart","floor":56,"turns":7}],"seed_played":"1780152223629546627","potions_obtained":[{"floor":1,"key":"LiquidMemories"},{"floor":3,"key":"Block Potion"},{"floor":11,"key":"FairyPotion"},{"floor":24,"key":"SpeedPotion"},{"floor":29,"key":"Fruit Juice"},{"floor":30,"key":"Weak Potion"},{"floor":33,"key":"FocusPotion"},{"floor":39,"key":"Weak Potion"},{"floor":42,"key":"FearPotion"},{"floor":48,"key":"PowerPotion"}],"is_trial":false,"path_per_floor":["M","?","M","$","?","R","E","R","T","E","M","M","R","M","R","B",null,"M","$","?","M","T","E","M","R","T","R","M","M","E","M","R","B",null,"M","M","$","M","?","E","R","E","T","E","M","R","?","E","R","B","B",null,"R","$","E","B",null],"character_chosen":"DEFECT","items_purchased":["Bag of Preparation","Orrery","Glacier","Potion Belt","Chemical X","PowerPotion"],"campfire_rested":2,"item_purchase_floors":[19,19,37,37,54,54],"current_hp_per_floor":[51,51,51,51,51,51,13,34,34,44,45,40,40,35,35,14,58,44,48,48,57,57,26,29,53,63,63,70,61,57,55,67,53,90,89,91,91,91,77,70,85,87,87,88,95,110,110,112,112,112,40,94,109,109,92,55],"gold":34,"neow_bonus":"BOSS_RELIC","is_daily":false,"chose_seed":false,"campfire_upgraded":8,"win_rate":0.0,"timestamp":1613847421,"path_taken":["M","?","M","$","?","R","E","R","T","E","M","?","R","M","R","BOSS","M","$","?","M","?","E","M","R","T","R","M","M","E","M","R","BOSS","M","M","$","M","?","E","R","E","T","E","M","R","?","E","R","BOSS","BOSS","R","$","E","BOSS"],"items_purchased_type":["Relic","Relic","Card","Relic","Relic","Potion"],"build_version":"2020-12-22","purchased_purges":1,"victory":true,"max_hp_per_floor":[71,71,71,71,71,71,71,71,71,73,73,73,73,73,73,73,73,75,79,79,81,81,81,83,83,93,93,93,95,100,102,102,102,102,104,106,106,106,106,108,108,110,110,110,110,110,110,112,112,112,112,112,112,112,112,112],"relic_stats":{"Singing Bowl":26,"Gremlin Horn":[0,0],"counters":[30,146],"Eternal Feather":57,"Bag of Preparation":[42],"Letter Opener":[290],"Ginger":[9],"Question Card":3,"Cables":[68,9,14,25,20],"Blood Vial":4,"Mummified Hand":[139],"Sundial":[4],"Shuriken":[33],"Ornamental Fan":[96],"Snecko Eye":[199,244,236,263],"Black Star":7,"Chemical X":[3],"obtain_stats":[{"Ice Cream":22,"Singing Bowl":7,"Gremlin Horn":55,"Bag of Preparation":19,"Ginger":39,"Bottled Tornado":44,"Empty Cage":34,"Blood Vial":48,"HornCleat":55,"Mummified Hand":10,"Sundial":40,"Chemical X":54,"Cracked Core":0,"Potion Belt":37,"Pear":26,"Eternal Feather":30,"The Courier":42,"Letter Opener":23,"Question Card":44,"Cables":23,"CaptainsWheel":40,"Shuriken":42,"Ornamental Fan":48,"Snecko Eye":0,"Orrery":19,"Black Star":17,"Bag of Marbles":30,"Meat on the Bone":9},{"Ice Cream":10,"Singing Bowl":3,"Gremlin Horn":29,"Bag of Preparation":9,"Ginger":21,"Bottled Tornado":24,"Empty Cage":17,"Blood Vial":26,"HornCleat":29,"Mummified Hand":4,"Sundial":22,"Chemical X":28,"Cracked Core":0,"Potion Belt":19,"Pear":12,"Eternal Feather":15,"The Courier":23,"Letter Opener":11,"Question Card":24,"Cables":11,"CaptainsWheel":22,"Shuriken":23,"Ornamental Fan":26,"Snecko Eye":0,"Orrery":9,"Black Star":8,"Bag of Marbles":15,"Meat on the Bone":3},{"Ice Cream":59,"Singing Bowl":21,"Gremlin Horn":139,"Bag of Preparation":56,"Ginger":101,"Bottled Tornado":110,"Empty Cage":94,"Blood Vial":119,"HornCleat":139,"Mummified Hand":27,"Sundial":104,"Chemical X":134,"Cracked Core":0,"Potion Belt":97,"Pear":69,"Eternal Feather":82,"The Courier":107,"Letter Opener":65,"Question Card":110,"Cables":65,"CaptainsWheel":104,"Shuriken":107,"Ornamental Fan":119,"Snecko Eye":0,"Orrery":56,"Black Star":52,"Bag of Marbles":82,"Meat on the Bone":21}],"Meat on the Bone":144},"card_choices":[{"not_picked":["Reinforced Body","Gash"],"picked":"Undo","floor":1},{"not_picked":["Redo","Coolheaded"],"picked":"Hologram","floor":3},{"not_picked":["Leap","Conserve Battery"],"picked":"Streamline","floor":7},{"not_picked":["Steam","Conserve Battery","Scrape"],"picked":"Singing Bowl","floor":10},{"not_picked":["Coolheaded","Compile Driver"],"picked":"Cold Snap","floor":11},{"not_picked":["Steam Power","Beam Cell"],"picked":"Streamline","floor":12},{"not_picked":["Go for the Eyes","Tempest"],"picked":"Darkness","floor":14},{"not_picked":["Hyperbeam","Core Surge"],"picked":"Meteor Strike","floor":16},{"not_picked":["Stack","Conserve Battery","Undo"],"picked":"Singing Bowl","floor":18},{"not_picked":["Storm+1","Coolheaded"],"picked":"Doom and Gloom","floor":19},{"not_picked":["Conserve Battery+1","Sweeping Beam"],"picked":"Self Repair","floor":19},{"not_picked":["Cold Snap","Leap+1"],"picked":"Capacitor+1","floor":19},{"not_picked":["Steam Power","Go for the Eyes+1","FTL"],"picked":"Singing Bowl","floor":19},{"not_picked":["Rebound","Stack","White Noise"],"picked":"Singing Bowl","floor":19},{"not_picked":["Blizzard+1","Double Energy","Cold Snap"],"picked":"Singing Bowl","floor":21},{"not_picked":["Fusion+1","Streamline"],"picked":"Core Surge","floor":23},{"not_picked":["Gash","Heatsinks","Leap"],"picked":"Singing Bowl","floor":24},{"not_picked":["Beam Cell","Rip and Tear"],"picked":"Double Energy+1","floor":28},{"not_picked":["Steam","Electrodynamics","Turbo"],"picked":"Singing Bowl","floor":29},{"not_picked":["Recycle","Doom and Gloom"],"picked":"Multi-Cast","floor":30},{"not_picked":["Steam","Compile Driver","Auto Shields"],"picked":"Singing Bowl","floor":31},{"not_picked":["Machine Learning","Fission"],"picked":"All For One","floor":33},{"not_picked":["Redo","Cold Snap","Beam Cell"],"picked":"Singing Bowl","floor":35},{"not_picked":["Self Repair+1","Capacitor+1","Chaos"],"picked":"Singing Bowl","floor":36},{"not_picked":["Beam Cell","Turbo"],"picked":"Coolheaded+1","floor":38},{"not_picked":["Tempest","Reinforced Body"],"picked":"Sunder+1","floor":39},{"not_picked":["Turbo","Rip and Tear","Ball Lightning+1"],"picked":"Singing Bowl","floor":40},{"not_picked":["Rebound","Compile Driver","Streamline+1"],"picked":"Singing Bowl","floor":42},{"not_picked":["Rebound+1","Hello World"],"picked":"Hologram","floor":44},{"not_picked":["Beam Cell","FTL","Turbo"],"picked":"Biased Cognition","floor":45},{"not_picked":["Barrage","Storm+1","White Noise+1","Lockon"],"picked":"Singing Bowl","floor":48},{"not_picked":["Auto Shields","Buffer","BootSequence"],"picked":"Coolheaded+1","floor":55}],"player_experience":1897515,"relics_obtained":[{"floor":7,"key":"Singing Bowl"},{"floor":9,"key":"Meat on the Bone"},{"floor":10,"key":"Mummified Hand"},{"floor":22,"key":"Ice Cream"},{"floor":23,"key":"Cables"},{"floor":23,"key":"Letter Opener"},{"floor":26,"key":"Pear"},{"floor":30,"key":"Eternal Feather"},{"floor":30,"key":"Bag of Marbles"},{"floor":39,"key":"Ginger"},{"floor":40,"key":"Sundial"},{"floor":40,"key":"CaptainsWheel"},{"floor":42,"key":"Shuriken"},{"floor":42,"key":"The Courier"},{"floor":44,"key":"Question Card"},{"floor":44,"key":"Bottled Tornado"},{"floor":48,"key":"Ornamental Fan"},{"floor":48,"key":"Blood Vial"},{"floor":55,"key":"HornCleat"},{"floor":55,"key":"Gremlin Horn"}],"event_choices":[{"damage_healed":0,"gold_gain":0,"player_choice":"Leave","damage_taken":0,"max_hp_gain":0,"max_hp_loss":0,"event_name":"The Cleric","floor":2,"gold_loss":0},{"damage_healed":0,"gold_gain":50,"player_choice":"Pray","damage_taken":0,"max_hp_gain":0,"max_hp_loss":0,"event_name":"Golden Shrine","floor":5,"gold_loss":0},{"damage_healed":0,"gold_gain":0,"cards_transformed":["Strike_B","Strike_B"],"player_choice":"Became Test Subject","damage_taken":0,"max_hp_gain":0,"max_hp_loss":0,"event_name":"Drug Dealer","floor":20,"gold_loss":0,"cards_obtained":["Electrodynamics","Doom and Gloom"]},{"damage_healed":0,"gold_gain":0,"player_choice":"Fight","damage_taken":0,"max_hp_gain":0,"max_hp_loss":0,"event_name":"Mysterious Sphere","floor":39,"gold_loss":0},{"damage_healed":0,"gold_gain":0,"player_choice":"Ignored","damage_taken":0,"max_hp_gain":0,"max_hp_loss":0,"event_name":"Tomb of Lord Red Mask","floor":47,"gold_loss":0}],"is_beta":false,"boss_relics":[{"not_picked":["Velvet Choker","Busted Crown"],"picked":"Black Star"},{"not_picked":["Inserter","SlaversCollar"],"picked":"Empty Cage"}],"items_purged_floors":[54],"is_endless":false,"potions_floor_spawned":[1,3,11,24,29,30,33,39,42,48,55],"ascension_level":20}}