{"host":"kewnzcvkjkc63ziu","time":1613849351,"event":{"mods":["AchievementEnabler","BaseMod","Bestiary","Minty Spire (QoL Compilation)","Permanent Neow","Relic Filter","StSLib","The Hierophant"],"gold_per_floor":[210,226,244,259,113,113,144,162,216,233,233,255,282,299,299,400,400,410,210,212,412,427,427,427],"floor_reached":23,"language":"ENG","playtime":2040,"items_purged":["hierophant:Defend_Hierophant","hierophant:Strike_Hierophant"],"score":205,"play_id":"10c96570-8a69-4395-b6fe-3b7f6d44302b","local_time":"20210220202911","is_ascension_mode":false,"campfire_choices":[{"data":"hierophant:ChurchCoffers","floor":6,"key":"SMITH"},{"data":"hierophant:Repentance","floor":11,"key":"SMITH"},{"data":"hierophant:PassingBell","floor":15,"key":"SMITH"}],"circlet_count":0,"master_deck":["hierophant:Strike_Hierophant","hierophant:Strike_Hierophant","hierophant:Strike_Hierophant","hierophant:Punish","hierophant:Defend_Hierophant","hierophant:Defend_Hierophant","hierophant:Defend_Hierophant","hierophant:ChurchCoffers+1","hierophant:HolyVerse+1","hierophant:FaithHealing+1","hierophant:Smite","hierophant:PassingBell+1","hierophant:HolyVerse","hierophant:Repentance+1","hierophant:AuricForm","hierophant:PristineSoul"],"relics":["hierophant:PropheticMaskRelic","Prayer Wheel","War Paint","Odd Mushroom","The Courier","Runic Pyramid","Membership Card","Ice Cream"],"acts_visited":["Exordium","TheCity"],"potions_floor_usage":[12,13,16,16,16],"damage_taken":[{"damage":0,"enemies":"2 Louse","floor":1,"turns":1},{"damage":5,"enemies":"Small Slimes","floor":2,"turns":3},{"damage":1,"enemies":"Cultist","floor":3,"turns":3},{"damage":0,"enemies":"3 Louse","floor":4,"turns":1},{"damage":26,"enemies":"Lagavulin","floor":7,"turns":6},{"damage":2,"enemies":"Exordium Thugs","floor":8,"turns":3},{"damage":0,"enemies":"Lots of Slimes","floor":10,"turns":1},{"damage":0,"enemies":"The Mushroom Lair","floor":12,"turns":1},{"damage":13,"enemies":"Gremlin Nob","floor":13,"turns":3},{"damage":14,"enemies":"Blue Slaver","floor":14,"turns":3},{"damage":9,"enemies":"Hexaghost","floor":16,"turns":6},{"damage":0,"enemies":"Spheric Guardian","floor":18,"turns":2},{"damage":23,"enemies":"3 Byrds","floor":20,"turns":3},{"damage":0,"enemies":"Shelled Parasite and Fungi","floor":22,"turns":3},{"damage":54,"enemies":"Slavers","floor":23,"turns":2}],"seed_played":"4001061795370606674","potions_obtained":[{"floor":1,"key":"FearPotion"},{"floor":8,"key":"Weak Potion"},{"floor":10,"key":"AttackPotion"},{"floor":12,"key":"Energy Potion"},{"floor":13,"key":"Strength Potion"},{"floor":14,"key":"DuplicationPotion"},{"floor":22,"key":"Dexterity Potion"}],"is_trial":false,"path_per_floor":["M","M","M","M","$","R","E","M","T","M","R","?","E","M","R","B",null,"M","$","M","?","M","E"],"character_chosen":"HIEROPHANT","items_purchased":["hierophant:Community","hierophant:AuricForm"],"campfire_rested":0,"item_purchase_floors":[5,19],"current_hp_per_floor":[75,70,69,69,69,69,43,41,41,41,41,41,28,14,14,5,75,75,75,52,52,52,0,0],"gold":427,"neow_bonus":"HUNDRED_GOLD","is_daily":false,"chose_seed":false,"campfire_upgraded":3,"win_rate":0.0,"timestamp":1613849351,"path_taken":["M","M","M","M","$","R","E","M","T","M","R","?","E","M","R","BOSS","M","$","M","?","M","E"],"items_purchased_type":["Card","Card"],"build_version":"2020-12-22","purchased_purges":2,"victory":false,"max_hp_per_floor":[75,75,75,75,75,75,75,75,75,75,75,75,75,75,75,75,75,75,75,75,75,75,75,75],"card_choices":[{"not_picked":["hierophant:Racketeering","hierophant:Sermon"],"picked":"hierophant:HolyVerse","floor":1},{"not_picked":["hierophant:CoinFling","hierophant:SealAway","hierophant:Purify"],"picked":"SKIP","floor":2},{"not_picked":["hierophant:Endure","hierophant:Refuge"],"picked":"hierophant:FaithHealing","floor":3},{"not_picked":["hierophant:AuricShield","hierophant:Kindle"],"picked":"hierophant:Smite","floor":4},{"not_picked":["hierophant:Zeal","hierophant:RecallFunds","hierophant:HammerAndAnvil"],"picked":"SKIP","floor":7},{"not_picked":["hierophant:Charity","hierophant:ThreeLashes"],"picked":"hierophant:PassingBell","floor":8},{"not_picked":["hierophant:RustyCrate","hierophant:Purify"],"picked":"hierophant:HolyVerse","floor":8},{"not_picked":["hierophant:RepressedViolence","hierophant:Bribe"],"picked":"hierophant:Repentance","floor":10},{"not_picked":["hierophant:Embezzle","hierophant:SolarFlare","hierophant:Empathy"],"picked":"SKIP","floor":10},{"not_picked":["hierophant:Empathy","hierophant:RepressedViolence","hierophant:PristineSoul"],"picked":"SKIP","floor":13},{"not_picked":["hierophant:HammerAndAnvil","hierophant:RepressedViolence","hierophant:Encroach"],"picked":"SKIP","floor":14},{"not_picked":["hierophant:SealAway","hierophant:RustyCrate","hierophant:Purify"],"picked":"SKIP","floor":14},{"not_picked":["hierophant:Empathy","hierophant:Remorse","hierophant:Purify"],"picked":"SKIP","floor":18},{"not_picked":["hierophant:Zeal","hierophant:Shelter","hierophant:Doomsaying"],"picked":"SKIP","floor":18},{"not_picked":["hierophant:Shelter","hierophant:SolarFlare"],"picked":"hierophant:PristineSoul","floor":20},{"not_picked":["hierophant:MirrorShield","hierophant:RepressedViolence+1","hierophant:SolarFlare"],"picked":"SKIP","floor":20},{"not_picked":["hierophant:Chorus","hierophant:AuricShield","hierophant:Encroach"],"picked":"SKIP","floor":22},{"not_picked":["hierophant:Remorse","hierophant:Smite+1","hierophant:Endure"],"picked":"SKIP","floor":22}],"player_experience":134312,"relics_obtained":[{"floor":7,"key":"Prayer Wheel"},{"floor":9,"key":"War Paint"},{"floor":12,"key":"Odd Mushroom"},{"floor":13,"key":"The Courier"}],"event_choices":[{"damage_healed":0,"gold_gain":0,"player_choice":"Fought Mushrooms","damage_taken":0,"max_hp_gain":0,"max_hp_loss":0,"event_name":"Mushrooms","floor":12,"gold_loss":0},{"damage_healed":0,"gold_gain":200,"player_choice":"Gold","damage_taken":0,"max_hp_gain":0,"max_hp_loss":0,"event_name":"Wheel of Change","floor":21,"gold_loss":0}],"is_beta":false,"boss_relics":[{"not_picked":["Pandora\u0027s Box","Sozu"],"picked":"Runic Pyramid"}],"items_purged_floors":[5,19],"is_endless":false,"potions_floor_spawned":[1,8,10,12,13,14,22],"killed_by":"Slavers","ascension_level":0}}