{"host":"r0ye8pdzuq6zwfvs","time":1613782302,"event":{"mods":["AchievementEnabler","Act Like it!","Arknights","BaseMod","BetterRewards","CapriCore","Card Forge","Colored Map","Colored Powertips","Custom Start","DeckTracker","Luminous","Minty Spire (QoL Compilation)","Permanent Neow","Prisma Mod","Quick Restart","Relic Stats","Shop Mod","StSLib","SuperFastMode","Swap Starting Deck Mod","The Alterego","The Immortal","Uncapped","Weighted Paths"],"gold_per_floor":[113,132,150,170,182,216,226,252,252,280,280,313,159,172,172,272,272,292,312,331,347,358,387,149,174,174,205,205,238,251,270,270,365,365,382,397,411,429,448,477,477,494,520,520,554,567,577,217,217,217,217,217,97,125,125],"floor_reached":56,"language":"ENG","playtime":909,"items_purged":[],"score":2155,"play_id":"7fd46995-7923-4ccb-bb2a-ce7f9f4ec0aa","local_time":"20210219175142","is_ascension_mode":true,"campfire_choices":[{"floor":15,"key":"RECALL"},{"floor":32,"key":"REST"},{"floor":41,"key":"REST"},{"floor":44,"key":"REST"},{"floor":49,"key":"REST"},{"floor":52,"key":"REST"}],"circlet_count":0,"master_deck":["Capacitor+1","PrismaMod:IllyaInstallForeigner","PrismaMod:IllyaUberDefendChannel+1","PrismaMod:IllyaUberAttackChannel+1","PrismaMod:IllyaTestament+1","PrismaMod:IllyaGrail+1","PrismaMod:MiyuEvokeAll+1","PrismaMod:MiyuEvokeAll+1","Capacitor+1"],"relics":["PrismaMod:PrismaRuby","Hammer of Thor","Seething Fire","Anvil of the Gods","ClockworkSouvenir","StoneCalendar","Molten Egg 2","Mercury Hourglass","Potion Belt","Anchor","Cauldron","Runic Pyramid","HornCleat","Omamori","The Courier","Boot","Eternal Feather","Fusion Hammer","Centennial Puzzle","Vajra","Juzu Bracelet","Regal Pillow","FossilizedHelix","Orichalcum","Bag of Marbles"],"acts_visited":["Exordium","TheCity","TheBeyond","TheEnding"],"potions_floor_usage":[27],"damage_taken":[{"damage":0,"enemies":"Jaw Worm","floor":1,"turns":1},{"damage":0,"enemies":"Small Slimes","floor":2,"turns":1},{"damage":0,"enemies":"Cultist","floor":3,"turns":1},{"damage":0,"enemies":"Exordium Wildlife","floor":4,"turns":1},{"damage":0,"enemies":"Red Slaver","floor":5,"turns":1},{"damage":0,"enemies":"Gremlin Nob","floor":6,"turns":1},{"damage":0,"enemies":"3 Louse","floor":7,"turns":1},{"damage":0,"enemies":"Lagavulin","floor":8,"turns":1},{"damage":0,"enemies":"Gremlin Nob","floor":10,"turns":1},{"damage":0,"enemies":"Lagavulin","floor":12,"turns":1},{"damage":0,"enemies":"2 Fungi Beasts","floor":14,"turns":1},{"damage":0,"enemies":"The Guardian","floor":16,"turns":1},{"damage":0,"enemies":"2 Thieves","floor":18,"turns":1},{"damage":0,"enemies":"3 Byrds","floor":19,"turns":1},{"damage":0,"enemies":"Centurion and Healer","floor":20,"turns":1},{"damage":0,"enemies":"Snake Plant","floor":21,"turns":1},{"damage":0,"enemies":"Shelled Parasite and Fungi","floor":22,"turns":1},{"damage":0,"enemies":"Book of Stabbing","floor":23,"turns":1},{"damage":0,"enemies":"Slavers","floor":25,"turns":1},{"damage":0,"enemies":"Book of Stabbing","floor":27,"turns":1},{"damage":0,"enemies":"Gremlin Leader","floor":29,"turns":1},{"damage":0,"enemies":"3 Cultists","floor":30,"turns":1},{"damage":0,"enemies":"Chosen and Byrds","floor":31,"turns":1},{"damage":0,"enemies":"Automaton","floor":33,"turns":1},{"damage":0,"enemies":"3 Darklings","floor":35,"turns":1},{"damage":0,"enemies":"3 Shapes","floor":36,"turns":2},{"damage":0,"enemies":"Writhing Mass","floor":37,"turns":1},{"damage":0,"enemies":"Spire Growth","floor":38,"turns":1},{"damage":0,"enemies":"Sphere and 2 Shapes","floor":39,"turns":1},{"damage":0,"enemies":"Nemesis","floor":40,"turns":1},{"damage":0,"enemies":"Transient","floor":42,"turns":1},{"damage":0,"enemies":"Reptomancer","floor":45,"turns":1},{"damage":0,"enemies":"Maw","floor":46,"turns":1},{"damage":0,"enemies":"Jaw Worm Horde","floor":47,"turns":1},{"damage":0,"enemies":"Donu and Deca","floor":50,"turns":1},{"damage":0,"enemies":"Shield and Spear","floor":54,"turns":1},{"damage":0,"enemies":"The Heart","floor":55,"turns":2}],"seed_played":"-6289446111854598424","potions_obtained":[{"floor":2,"key":"Strength Potion"},{"floor":3,"key":"DuplicationPotion"},{"floor":6,"key":"Block Potion"},{"floor":10,"key":"SteroidPotion"},{"floor":13,"key":"Block Potion"},{"floor":13,"key":"Regen Potion"},{"floor":13,"key":"FairyPotion"},{"floor":13,"key":"Strength Potion"},{"floor":13,"key":"SpeedPotion"},{"floor":27,"key":"Fruit Juice"},{"floor":29,"key":"Swift Potion"}],"is_trial":false,"path_per_floor":["M","M","M","M","M","E","M","E","T","E","?","E","$","M","R","B",null,"M","M","M","M","M","E","$","E","T","E","?","E","M","M","R","B",null,"M","M","M","M","M","E","R","M","T","R","E","M","M","$","R","B",null,"R","$","E","B",null],"character_chosen":"ILLYA","items_purchased":["ClockworkSouvenir","Cauldron","HornCleat","Regal Pillow","FossilizedHelix","Orichalcum"],"campfire_rested":5,"item_purchase_floors":[0,13,24,48,48,53],"current_hp_per_floor":[75,75,75,75,75,75,75,75,75,75,75,75,75,75,75,75,75,75,75,75,75,75,75,75,75,75,80,80,80,80,80,80,80,80,80,80,80,80,80,80,80,80,80,80,80,80,80,80,80,80,80,80,80,80,80],"gold":125,"neow_bonus":"","is_daily":false,"chose_seed":false,"campfire_upgraded":0,"win_rate":0.0,"timestamp":1613782302,"path_taken":["M","M","M","M","M","E","M","E","T","E","?","E","$","M","R","BOSS","M","M","M","M","M","E","$","E","T","E","?","E","?","M","R","BOSS","M","M","M","M","M","E","R","M","T","R","E","M","M","$","R","BOSS","R","$","E","BOSS"],"items_purchased_type":["Relic","Relic","Relic","Relic","Relic","Relic"],"build_version":"2020-12-22","purchased_purges":0,"victory":true,"max_hp_per_floor":[75,75,75,75,75,75,75,75,75,75,75,75,75,75,75,75,75,75,75,75,75,75,75,75,75,75,80,80,80,80,80,80,80,80,80,80,80,80,80,80,80,80,80,80,80,80,80,80,80,80,80,80,80,80,80],"relic_stats":{"Centennial Puzzle":[15],"Regal Pillow":0,"counters":[37,39],"StoneCalendar":[0],"Eternal Feather":0,"Juzu Bracelet":0,"Orichalcum":[78],"Boot":[0],"obtain_stats":[{"Regal Pillow":48,"Vajra":43,"StoneCalendar":0,"Hammer of Thor":0,"Juzu Bracelet":45,"Boot":27,"ClockworkSouvenir":0,"PrismaMod:PrismaRuby":0,"Centennial Puzzle":40,"HornCleat":24,"Fusion Hammer":34,"Runic Pyramid":17,"Potion Belt":10,"Eternal Feather":29,"The Courier":26,"Omamori":25,"Seething Fire":0,"Orichalcum":53,"Mercury Hourglass":8,"Cauldron":13,"Anchor":12,"Anvil of the Gods":0,"Molten Egg 2":6,"Bag of Marbles":54,"FossilizedHelix":48},{"Regal Pillow":34,"Vajra":31,"StoneCalendar":0,"Hammer of Thor":0,"Juzu Bracelet":32,"Boot":20,"ClockworkSouvenir":0,"PrismaMod:PrismaRuby":0,"Centennial Puzzle":30,"HornCleat":18,"Fusion Hammer":24,"Runic Pyramid":12,"Potion Belt":9,"Eternal Feather":21,"The Courier":19,"Omamori":19,"Seething Fire":0,"Orichalcum":35,"Mercury Hourglass":8,"Cauldron":10,"Anchor":10,"Anvil of the Gods":0,"Molten Egg 2":6,"Bag of Marbles":36,"FossilizedHelix":34},{"Regal Pillow":35,"Vajra":32,"StoneCalendar":0,"Hammer of Thor":0,"Juzu Bracelet":33,"Boot":20,"ClockworkSouvenir":0,"PrismaMod:PrismaRuby":0,"Centennial Puzzle":31,"HornCleat":18,"Fusion Hammer":24,"Runic Pyramid":12,"Potion Belt":9,"Eternal Feather":21,"The Courier":19,"Omamori":19,"Seething Fire":0,"Orichalcum":36,"Mercury Hourglass":8,"Cauldron":10,"Anchor":10,"Anvil of the Gods":0,"Molten Egg 2":6,"Bag of Marbles":37,"FossilizedHelix":35}],"Mercury Hourglass":[153]},"card_choices":[{"not_picked":["PrismaMod:IllyaSaphire","PrismaMod:IllyaCheapChannelAttack","PrismaMod:IllyaHassanGift"],"picked":"SKIP","floor":1},{"not_picked":["PrismaMod:IllyaMaid","PrismaMod:IllyaPoisonBlock","PrismaMod:IllyaPoisonTippedWeapons"],"picked":"SKIP","floor":2},{"not_picked":["PrismaMod:IllyaMinorZwei","PrismaMod:IllyaMinorRapidFire","PrismaMod:IllyaGun"],"picked":"SKIP","floor":3},{"not_picked":["PrismaMod:IllyaGrail","PrismaMod:IllyaCheapChannelAttack","PrismaMod:IllyaCheapChannelPoison"],"picked":"SKIP","floor":4},{"not_picked":["PrismaMod:IllyaBride","PrismaMod:IllyaCheapChannelAttack","PrismaMod:IllyaGun"],"picked":"SKIP","floor":5},{"not_picked":["PrismaMod:IllyaCheapChannelAttack","PrismaMod:IllyaUpgradeOrbs","PrismaMod:IllyaInstallLancer"],"picked":"SKIP","floor":6},{"not_picked":["PrismaMod:IllyaBoysLove","PrismaMod:IllyaCommonEvoke+1","PrismaMod:IllyaBlindPoisonToss"],"picked":"SKIP","floor":7},{"not_picked":["PrismaMod:IllyaMinorRapidFire+1","PrismaMod:IllyaEvokeAll+1","PrismaMod:IllyaAOECommonAttack+1"],"picked":"SKIP","floor":8},{"not_picked":["PrismaMod:IllyaPoisonTippedWeapons","PrismaMod:IllyaDetonatingBlow+1","PrismaMod:IllyaCheapChannelPoison"],"picked":"SKIP","floor":10},{"not_picked":["PrismaMod:IllyaBerserCAR+1","PrismaMod:IllyaMaid","PrismaMod:IllyaMinorRapidFire+1"],"picked":"SKIP","floor":12},{"not_picked":["PrismaMod:IllyaDualEvoke+1","PrismaMod:IllyaRapidFire+1","PrismaMod:IllyaCheapChannelAttack"],"picked":"SKIP","floor":14},{"not_picked":["PrismaMod:IllyaPartialInstallAssassin","PrismaMod:IllyaUncommonAOEAttack+1","PrismaMod:IllyaBlindPoisonToss+1"],"picked":"SKIP","floor":18},{"not_picked":["PrismaMod:IllyaBride","PrismaMod:IllyaFriendMaker+1","PrismaMod:IllyaAlice"],"picked":"SKIP","floor":19},{"not_picked":["PrismaMod:IllyaStunPoison+1","PrismaMod:IllyaPoisonTippedWeapons","PrismaMod:IllyaGrailKun"],"picked":"SKIP","floor":20},{"not_picked":["PrismaMod:IllyaMaid","PrismaMod:IllyaUncommonEvoke+1","PrismaMod:IllyaSaphire"],"picked":"SKIP","floor":21},{"not_picked":["PrismaMod:IllyaInstallRuler","PrismaMod:IllyaCommandSeal","PrismaMod:IllyaHassanGift+1"],"picked":"SKIP","floor":22},{"not_picked":["PrismaMod:IllyaCommonEvoke+1","PrismaMod:IllyaMinorZwei+1","PrismaMod:IllyaBoysLove"],"picked":"SKIP","floor":23},{"not_picked":["PrismaMod:IllyaInstallAssassin","PrismaMod:IllyaAOECommonAttack+1","PrismaMod:IllyaMaid"],"picked":"SKIP","floor":25},{"not_picked":["PrismaMod:IllyaSaphire","PrismaMod:IllyaCommonEvoke+1","PrismaMod:IllyaRussianRoulette"],"picked":"SKIP","floor":27},{"not_picked":["PrismaMod:IllyaUpgradeOrbs","PrismaMod:IllyaBlindPoisonToss","PrismaMod:IllyaInstallSaber"],"picked":"SKIP","floor":29},{"not_picked":["PrismaMod:IllyaFriendMaker+1","PrismaMod:IllyaCheapChannelPoison+1","PrismaMod:IllyaFeed+1"],"picked":"SKIP","floor":30},{"not_picked":["PrismaMod:IllyaMaid","PrismaMod:IllyaGrail","PrismaMod:IllyaDevil+1"],"picked":"SKIP","floor":31},{"not_picked":["PrismaMod:IllyaCheapChannelAttack+1","PrismaMod:IllyaGrailKun","PrismaMod:IllyaMinorReinForce+1"],"picked":"SKIP","floor":35},{"not_picked":["PrismaMod:IllyaStunPoison+1","PrismaMod:IllyaGun+1","PrismaMod:IllyaDevil+1"],"picked":"SKIP","floor":36},{"not_picked":["PrismaMod:IllyaDetonatingBlow+1","PrismaMod:IllyaPoisonTippedWeapons+1","PrismaMod:IllyaBride"],"picked":"SKIP","floor":37},{"not_picked":["PrismaMod:IllyaBerserCAR+1","PrismaMod:IllyaMinorRapidFire+1","PrismaMod:IllyaUpgradeOrbs+1"],"picked":"SKIP","floor":38},{"not_picked":["PrismaMod:IllyaBerserCAR+1","PrismaMod:IllyaUncommonEvoke+1","PrismaMod:IllyaMinorZwei+1"],"picked":"SKIP","floor":39},{"not_picked":["PrismaMod:IllyaMinorReinForce","PrismaMod:IllyaDualEvoke+1","PrismaMod:IllyaUpgradeOrbs+1"],"picked":"SKIP","floor":40},{"not_picked":["PrismaMod:IllyaUberAttackChannel","PrismaMod:IllyaCheapChannelAttack","PrismaMod:IllyaAlice+1"],"picked":"SKIP","floor":42},{"not_picked":["PrismaMod:IllyaBride","PrismaMod:IllyaReinForce","PrismaMod:IllyaBerserCAR+1"],"picked":"SKIP","floor":45},{"not_picked":["PrismaMod:IllyaCheapChannelDefend","PrismaMod:IllyaUberAttackChannel","PrismaMod:IllyaRubysPotion+1"],"picked":"SKIP","floor":46},{"not_picked":["PrismaMod:IllyaHassanGift+1","PrismaMod:IllyaUncommonDefend","PrismaMod:IllyaAssassinRevenge+1"],"picked":"SKIP","floor":47},{"not_picked":["PrismaMod:IllyaEvokeAll+1","PrismaMod:IllyaStunPoison+1","PrismaMod:IllyaUberPoisonBlock"],"picked":"SKIP","floor":54}],"player_experience":248357,"relics_obtained":[{"floor":6,"key":"Molten Egg 2"},{"floor":8,"key":"Mercury Hourglass"},{"floor":10,"key":"Potion Belt"},{"floor":12,"key":"Anchor"},{"floor":25,"key":"Omamori"},{"floor":26,"key":"The Courier"},{"floor":27,"key":"Boot"},{"floor":29,"key":"Eternal Feather"},{"floor":40,"key":"Centennial Puzzle"},{"floor":43,"key":"Vajra"},{"floor":45,"key":"Juzu Bracelet"},{"floor":54,"key":"Bag of Marbles"}],"event_choices":[{"damage_healed":0,"gold_gain":0,"player_choice":"Ignored","damage_taken":0,"max_hp_gain":0,"max_hp_loss":0,"event_name":"Liars Game","floor":11,"gold_loss":0},{"damage_healed":0,"gold_gain":0,"player_choice":"Ignored","damage_taken":0,"max_hp_gain":0,"max_hp_loss":0,"event_name":"Transmorgrifier","floor":28,"gold_loss":0}],"is_beta":false,"boss_relics":[{"not_picked":["Cursed Key","Empty Cage"],"picked":"Runic Pyramid"},{"not_picked":["Busted Crown","Runic Dome"],"picked":"Fusion Hammer"}],"items_purged_floors":[],"is_endless":false,"potions_floor_spawned":[2,3,6,8,10,16,20,22,23,27,29,31,35,39,45,54],"ascension_level":4}}