{"host":"tuvyjqp461ike1dm","time":1613863245,"event":{"mods":["BaseMod","Downfall","Duelist Mod","Minty Spire (QoL Compilation)","Replay The Spire","StSLib","Wandering Minibosses"],"gold_per_floor":[144,69,86,105,121,121,156,183,206,206,245,245,266,266,266,372,372,403,423,444,471,298,298,341,363,440,465,465,500,500,535,535,637,637,669,698,698,573,573,612,612,522,574,917,252,284,284,303,303,321,321,321,11,63,75],"floor_reached":56,"language":"ENG","playtime":5623,"items_purged":["theDuelist:Sparks","theDuelist:MysticalElf","theDuelist:Sparks","theDuelist:Sparks+2","theDuelist:NeoMagic"],"score":1377,"play_id":"597b5c9e-7101-42fe-97f7-7df1d4293cc0","local_time":"20210220182045","is_ascension_mode":true,"campfire_choices":[{"data":"theDuelist:Illusionist","floor":6,"key":"SMITH"},{"data":"theDuelist:FutureFusion","floor":10,"key":"SMITH"},{"data":"theDuelist:Raigeki","floor":15,"key":"SMITH"},{"data":"theDuelist:Illusionist","floor":23,"key":"SMITH"},{"data":"theDuelist:MagiciansRod","floor":28,"key":"SMITH"},{"floor":30,"key":"RECALL"},{"data":"theDuelist:IcyCrevasse","floor":32,"key":"SMITH"},{"floor":49,"key":"REST"},{"data":"theDuelist:FluteKuriboh","floor":52,"key":"SMITH"}],"circlet_count":0,"master_deck":["theDuelist:DarkMagician","theDuelist:NeoMagic","theDuelist:Illusionist+1","theDuelist:BlueDragonSummoner","theDuelist:LegendaryFlameLord","theDuelist:InjectionFairy","theDuelist:FrontierWiseman","theDuelist:FutureFusion+1","theDuelist:IceQueen+1","theDuelist:Raigeki+1","theDuelist:IrisEarthMother","theDuelist:GeminiElf","theDuelist:Illusionist+1","theDuelist:GeminiElf+1","theDuelist:MagiciansRod+1","theDuelist:CircleFireKings+1","theDuelist:FrontierWiseman+1","theDuelist:DarkMagician","theDuelist:IcyCrevasse+1","theDuelist:RainbowMagician","theDuelist:Raigeki+1","theDuelist:LegendaryExodia+1","theDuelist:FluteKuriboh+1","theDuelist:SkilledDarkMagician+1","theDuelist:BigFire","theDuelist:Yami+1","theDuelist:SilentDoom+4"],"relics":["theDuelist:MillenniumPuzzle","theDuelist:CardPoolRelic","theDuelist:CardPoolBasicRelic","theDuelist:BoosterPackPoolRelic","theDuelist:CardPoolAddRelic","theDuelist:CardPoolMinusRelic","theDuelist:CardPoolSaveRelic","theDuelist:CardPoolOptionsRelic","Replay:Bandana","Centennial Puzzle","theDuelist:StoneExxod","theDuelist:InversionRelic","Empty Cage","PreservedInsect","Gremlin Horn","Simple Rune","theDuelist:YugiMirror","theDuelist:HauntedRelic","Calipers","theDuelist:ZoneToken","Potion Belt","Old Coin","BargainBundle","theDuelist:ResummonBranch","Self Forming Clay"],"acts_visited":["Exordium","TheCity","TheBeyond","TheEnding"],"potions_floor_usage":[20,48,48,50,54,54,55],"damage_taken":[{"damage":0,"enemies":"Cultist","floor":1,"turns":4},{"damage":0,"enemies":"2 Louse","floor":3,"turns":3},{"damage":7,"enemies":"Jaw Worm","floor":4,"turns":4},{"damage":0,"enemies":"3 Louse","floor":5,"turns":5},{"damage":7,"enemies":"Replay:BlueRogue","floor":7,"turns":10},{"damage":0,"enemies":"Exordium Thugs","floor":8,"turns":5},{"damage":1,"enemies":"Lagavulin","floor":11,"turns":4},{"damage":5,"enemies":"Blue Slaver","floor":13,"turns":4},{"damage":21,"enemies":"Hexaghost","floor":16,"turns":7},{"damage":5,"enemies":"2 Thieves","floor":18,"turns":3},{"damage":7,"enemies":"Chosen","floor":19,"turns":5},{"damage":3,"enemies":"Snake Plant","floor":20,"turns":3},{"damage":6,"enemies":"Shelled Parasite and Fungi","floor":21,"turns":7},{"damage":0,"enemies":"theDuelist:KaibaA2","floor":24,"turns":3},{"damage":9,"enemies":"Cultist and Chosen","floor":25,"turns":6},{"damage":1,"enemies":"Sentry and Sphere","floor":27,"turns":4},{"damage":5,"enemies":"Book of Stabbing","floor":29,"turns":6},{"damage":1,"enemies":"theDuelist:KaibaA2","floor":31,"turns":3},{"damage":6,"enemies":"Pondfish","floor":33,"turns":9},{"damage":8,"enemies":"Orb Walker","floor":35,"turns":3},{"damage":6,"enemies":"3 Shapes","floor":36,"turns":4},{"damage":15,"enemies":"Reptomancer","floor":40,"turns":3},{"damage":34,"enemies":"Nemesis","floor":44,"turns":6},{"damage":4,"enemies":"Sphere and 2 Shapes","floor":46,"turns":6},{"damage":0,"enemies":"Transient","floor":48,"turns":5},{"damage":20,"enemies":"Donu and Deca","floor":50,"turns":6},{"damage":0,"enemies":"Shield and Spear","floor":54,"turns":4},{"damage":36,"enemies":"The Heart","floor":55,"turns":11}],"seed_played":"-3597257066854998045","potions_obtained":[{"floor":7,"key":"sneckomod:MuddlingPotion"},{"floor":8,"key":"theDuelist:ElectricBrew"},{"floor":13,"key":"LifebloodPotion"},{"floor":18,"key":"PowerPotion"},{"floor":20,"key":"theDuelist:StunPotion"},{"floor":24,"key":"Swift Potion"},{"floor":27,"key":"Reflective Coating"}],"is_trial":false,"path_per_floor":["M","$","M","M","M","R","E","M","T","R","E","?","M","T","R","B",null,"M","M","M","M","$","R","E","M","T","M","R","E","R","E","R","B",null,"M","M","?","$","T","E","?","?","T","E","$","M","?","M","R","B",null,"R","$","E","B",null],"character_chosen":"THE_DUELIST","items_purchased":["theDuelist:Illusionist","theDuelist:GeminiElf","BargainBundle","theDuelist:ResummonBranch","theDuelist:SkilledDarkMagician+1","theDuelist:SummonerBottle","Fire Potion","Weak Potion","Fire Potion","Elixir"],"campfire_rested":1,"item_purchase_floors":[22,22,45,45,45,45,45,53,53,53],"current_hp_per_floor":[88,88,88,81,81,81,88,88,88,88,85,85,82,82,82,66,79,74,72,71,75,75,75,75,66,66,73,73,72,72,74,74,73,75,67,65,65,65,65,50,44,44,44,14,14,18,18,26,48,36,75,75,75,75,39],"gold":75,"neow_bonus":"TEN_PERCENT_HP_BONUS","is_daily":false,"chose_seed":false,"campfire_upgraded":7,"win_rate":0.0,"timestamp":1613863245,"path_taken":["M","$","?","?","M","R","E","M","T","R","E","?","M","?","R","BOSS","M","M","M","M","$","R","E","M","T","M","R","E","R","E","R","BOSS","M","M","?","$","?","E","?","?","T","E","$","?","?","M","R","BOSS","R","$","E","BOSS"],"items_purchased_type":["Card","Card","Relic","Relic","Card","Potion","Potion","Potion","Potion","Potion"],"build_version":"2020-12-22","purchased_purges":5,"victory":true,"max_hp_per_floor":[88,88,88,88,88,88,88,88,88,88,85,85,82,82,82,79,79,76,73,75,75,75,75,75,75,75,75,75,75,75,75,75,75,75,75,75,75,75,75,75,75,75,75,75,75,75,75,75,75,75,75,75,75,75,75],"card_choices":[{"not_picked":["theDuelist:BlizzardWarrior","theDuelist:Mudballman","theDuelist:ExodiaRL","theDuelist:LegendaryFlameLord"],"picked":"theDuelist:Illusionist","floor":1},{"not_picked":["theDuelist:DarkMagician","theDuelist:LordD","theDuelist:OnslaughtFireKings","theDuelist:BlizzardWarrior"],"picked":"theDuelist:BlueDragonSummoner","floor":3},{"not_picked":["theDuelist:SangaThunder","theDuelist:DarkMagicianGirl","theDuelist:BlueDragonSummoner","theDuelist:SpellShatteringArrow"],"picked":"theDuelist:LegendaryFlameLord","floor":4},{"not_picked":["theDuelist:DarkMagician","theDuelist:NeoMagic","theDuelist:BlizzardWarrior","theDuelist:SilentDoom"],"picked":"theDuelist:InjectionFairy","floor":5},{"not_picked":["theDuelist:InjectionFairy","theDuelist:Relinquished","theDuelist:LegendaryExodia","theDuelist:AlienTelepath"],"picked":"theDuelist:FrontierWiseman","floor":7},{"not_picked":["theDuelist:DestroyerGolem","theDuelist:Hinotama","theDuelist:StrayLambs","theDuelist:WingedKuribohLv9"],"picked":"theDuelist:FutureFusion","floor":8},{"not_picked":["theDuelist:SangaWater","theDuelist:SwordsBurning","theDuelist:QueenDragunDjinn","theDuelist:RainbowDarkDragon"],"picked":"theDuelist:IceQueen","floor":11},{"not_picked":["theDuelist:EarthquakeGiant","theDuelist:GauntletWarrior","theDuelist:GilfordLegend","theDuelist:GraniteLoyalist"],"picked":"theDuelist:Raigeki","floor":13},{"not_picked":["theDuelist:RainbowMagician","theDuelist:RainbowDarkDragon","theDuelist:RainbowKuriboh","theDuelist:RainbowOverdragon"],"picked":"theDuelist:IrisEarthMother","floor":16},{"not_picked":["theDuelist:DarkMagician","theDuelist:NeoMagic","theDuelist:BlizzardWarrior","theDuelist:SpellShatteringArrow","theDuelist:MythicalBeast+1"],"picked":"SKIP","floor":18},{"not_picked":["theDuelist:DarkMagician+1","theDuelist:NeoMagic","theDuelist:DarkMagicianGirl","theDuelist:WhiteMagicalHat","theDuelist:GoblinSecret"],"picked":"SKIP","floor":19},{"not_picked":["theDuelist:DarkMagician","theDuelist:SangaThunder","theDuelist:ExodiaRL","theDuelist:GuardianAngel+1"],"picked":"theDuelist:GeminiElf","floor":20},{"not_picked":["theDuelist:SpellShatteringArrow","theDuelist:LordD+1","theDuelist:BlueDragonSummoner","theDuelist:AltarTribute+1","theDuelist:GoblinSecret"],"picked":"SKIP","floor":21},{"not_picked":["theDuelist:TimeWizard","theDuelist:MindAir+1","theDuelist:GoblinSecret+1","theDuelist:BadReaction"],"picked":"theDuelist:MagiciansRod","floor":24},{"not_picked":["theDuelist:FogKing+1","theDuelist:DiffusionWaveMotion","theDuelist:MysticalElf+1","theDuelist:FrontierWiseman"],"picked":"theDuelist:CircleFireKings+1","floor":25},{"not_picked":["theDuelist:BattleOx","theDuelist:GilfordLegend","theDuelist:PreventRat","theDuelist:PotDichotomy"],"picked":"theDuelist:FrontierWiseman+1","floor":27},{"not_picked":["theDuelist:BattleguardKing","theDuelist:GolemSentry","theDuelist:Mathematician","theDuelist:Solidarity","theDuelist:YamiForm"],"picked":"SKIP","floor":29},{"not_picked":["theDuelist:Graverobber","theDuelist:WhiteHowling","theDuelist:BadReaction+1","theDuelist:DarkHorizon+1"],"picked":"theDuelist:IcyCrevasse","floor":31},{"not_picked":["theDuelist:DarkPaladin","theDuelist:SwordsRevealing","theDuelist:GrandSpellbookTower+1","theDuelist:RainbowDarkDragon"],"picked":"theDuelist:RainbowMagician","floor":33},{"not_picked":["theDuelist:GraniteLoyalist","theDuelist:MudGolem","theDuelist:PowerGiant","theDuelist:WormKing+1"],"picked":"theDuelist:Raigeki+1","floor":35},{"not_picked":["theDuelist:DarklordSuperbia+1","theDuelist:GaiaMidNightSun+1","theDuelist:Sangan+1","theDuelist:ForbiddenLance","theDuelist:WormKing"],"picked":"SKIP","floor":36},{"not_picked":["theDuelist:ExodiaHead","theDuelist:ExodiaLA","theDuelist:ExodiaRL","theDuelist:ContractExodia+1"],"picked":"theDuelist:LegendaryExodia+1","floor":40},{"not_picked":["theDuelist:PowerGiant+1","theDuelist:GreyGreedOni+1","theDuelist:GemArmadillo","theDuelist:WormWarlord+1"],"picked":"theDuelist:FluteKuriboh","floor":44},{"not_picked":["theDuelist:Hinotama","theDuelist:LightningRodLord+1","theDuelist:LightningVortex","theDuelist:GilfordLegend"],"picked":"theDuelist:BigFire","floor":46},{"not_picked":["theDuelist:InfernoFireBlast+1","theDuelist:ContractExodia+1","theDuelist:MagiciansRod+1","theDuelist:MagiciansRobe+1"],"picked":"theDuelist:Yami+1","floor":48},{"not_picked":["theDuelist:DarkPaladin+1","theDuelist:CosmicHorrorGangiel+1"],"picked":"theDuelist:SilentDoom+4","floor":54}],"player_experience":43060,"relics_obtained":[{"floor":7,"key":"Replay:Bandana"},{"floor":9,"key":"Centennial Puzzle"},{"floor":11,"key":"theDuelist:StoneExxod"},{"floor":14,"key":"theDuelist:InversionRelic"},{"floor":24,"key":"PreservedInsect"},{"floor":26,"key":"Gremlin Horn"},{"floor":29,"key":"Simple Rune"},{"floor":31,"key":"theDuelist:YugiMirror"},{"floor":40,"key":"Calipers"},{"floor":43,"key":"Potion Belt"},{"floor":44,"key":"Old Coin"},{"floor":54,"key":"Self Forming Clay"}],"event_choices":[{"damage_healed":0,"gold_gain":0,"player_choice":"Grow","damage_taken":0,"max_hp_gain":0,"max_hp_loss":0,"event_name":"Living Wall","floor":12,"gold_loss":0,"cards_upgraded":["theDuelist:IceQueen"]},{"damage_healed":0,"gold_gain":0,"player_choice":"Upgraded","damage_taken":0,"max_hp_gain":0,"max_hp_loss":0,"event_name":"Upgrade Shrine","floor":37,"gold_loss":0,"cards_upgraded":["theDuelist:GeminiElf"]},{"damage_healed":0,"gold_gain":0,"player_choice":"Dig - random Duelist relic","duelist":true,"damage_taken":0,"max_hp_gain":0,"max_hp_loss":0,"event_name":"Aknamkanon\u0027s Tomb","floor":41,"gold_loss":0},{"cards_removed":["theDuelist:MysticalElf"],"damage_healed":0,"gold_gain":0,"player_choice":"Upgrade and Remove","damage_taken":0,"max_hp_gain":0,"max_hp_loss":0,"event_name":"Designer","floor":42,"gold_loss":90,"cards_upgraded":["theDuelist:Sparks"]},{"damage_healed":0,"gold_gain":0,"player_choice":"Leave","duelist":true,"damage_taken":0,"max_hp_gain":0,"max_hp_loss":0,"event_name":"Relic Duplicator","floor":47,"gold_loss":0}],"is_beta":false,"boss_relics":[{"not_picked":["Kintsugi","Astrolabe"],"picked":"Empty Cage"},{"not_picked":["Ring of Chaos","theDuelist:GamblerChip"],"picked":"theDuelist:HauntedRelic"}],"items_purged_floors":[2,22,38,45,53],"is_endless":false,"potions_floor_spawned":[1,7,8,13,18,20,24,27,29,35],"ascension_level":1}}