{"host":"sim2kxx81cjsn49b","time":1613801439,"event":{"mods":["BaseMod","Energized Spire","Minty Spire (QoL Compilation)","Spicy Shops","StSLib","TestMod"],"gold_per_floor":[113,263,263,276,4,34,0,26,49,49,49,84,0,30,30,30,30],"floor_reached":16,"language":"ZHS","playtime":290,"items_purged":["Defend_P","Defend_P"],"score":348,"play_id":"9f6c57d7-199d-4438-a356-c12b715eb6b9","local_time":"20210220141039","is_ascension_mode":true,"campfire_choices":[{"floor":11,"key":"REST"},{"data":"Scrawl","floor":15,"key":"SMITH"}],"circlet_count":0,"master_deck":["AscendersBane","Strike_P","Strike_P","Strike_P","Strike_P","Defend_P","Eruption","Vigilance","Tantrum+1","Crescendo","Scrawl+1"],"relics":["PureWater","testmod-TestBox","NeowsBlessing","testmod-Temperance","testmod-Faith","Regal Pillow","Akabeko","Tiny Chest","testmod-AssaultLearning","Boot","ClockworkSouvenir","testmod-Antiphasic"],"acts_visited":["Exordium"],"potions_floor_usage":[],"damage_taken":[{"damage":0.0,"enemies":"Jaw Worm","floor":1.0,"turns":1.0},{"damage":0.0,"enemies":"2 Louse","floor":4.0,"turns":1.0},{"damage":0.0,"enemies":"Lagavulin","floor":6.0,"turns":1.0},{"damage":12,"enemies":"3 Sentries","floor":8,"turns":4},{"damage":0,"enemies":"Lagavulin","floor":12,"turns":2},{"damage":20,"enemies":"3 Sentries","floor":14,"turns":4},{"damage":36,"enemies":"The Guardian","floor":16,"turns":4}],"seed_played":"5874290418537577086","potions_obtained":[{"floor":4.0,"key":"Ancient Potion"},{"floor":8,"key":"LiquidBronze"}],"is_trial":false,"path_per_floor":["M","?","?","M","$","E","$","E","T","?","R","E","$","E","R","B"],"character_chosen":"WATCHER","items_purchased":["testmod-Faith","Akabeko","ClockworkSouvenir"],"campfire_rested":1,"item_purchase_floors":[5,7,13],"current_hp_per_floor":[61,61,61,61,61,61,46,34,34,34,68,68,51,31,31,0,0],"gold":30,"neow_bonus":"THREE_ENEMY_KILL","is_daily":false,"chose_seed":false,"campfire_upgraded":1,"win_rate":0.0,"timestamp":1613801439,"path_taken":["M","?","?","M","$","E","?","E","T","?","R","E","$","E","R","BOSS"],"items_purchased_type":["Relic","Relic","Relic"],"build_version":"2020-12-22","purchased_purges":2,"victory":false,"max_hp_per_floor":[68,68,68,68,68,68,68,68,68,68,68,68,68,68,68,68,68],"card_choices":[{"not_picked":["ClearTheMind","PathToVictory","Prostrate"],"picked":"SKIP","floor":1.0},{"not_picked":["PathToVictory","ClearTheMind"],"picked":"Crescendo","floor":4.0},{"not_picked":["WaveOfTheHand","Fasting2","ReachHeaven"],"picked":"SKIP","floor":6.0},{"not_picked":["EmptyMind","Worship"],"picked":"Scrawl","floor":8},{"not_picked":["Evaluate","EmptyBody","WheelKick"],"picked":"SKIP","floor":12},{"not_picked":["CrushJoints","Evaluate","Prostrate"],"picked":"SKIP","floor":14}],"player_experience":613511,"relics_obtained":[{"floor":6.0,"key":"Regal Pillow"},{"floor":8,"key":"Tiny Chest"},{"floor":9,"key":"testmod-AssaultLearning"},{"floor":12,"key":"Boot"},{"floor":14,"key":"testmod-Antiphasic"}],"event_choices":[{"damage_healed":0.0,"max_hp_gain":0.0,"max_hp_loss":0.0,"gold_gain":150.0,"event_name":"Liars Game","player_choice":"AGREE","floor":2.0,"gold_loss":0.0,"damage_taken":0.0,"cards_obtained":["Doubt"]},{"damage_healed":0.0,"max_hp_gain":0.0,"max_hp_loss":0.0,"gold_gain":0.0,"cards_transformed":["Defend_P"],"event_name":"Living Wall","player_choice":"Change","floor":3.0,"gold_loss":0.0,"damage_taken":0.0,"cards_obtained":["Tantrum"]},{"damage_healed":0,"gold_gain":0,"player_choice":"Upgraded","damage_taken":0,"max_hp_gain":0,"max_hp_loss":0,"event_name":"Upgrade Shrine","floor":10,"gold_loss":0,"cards_upgraded":["Tantrum"]}],"is_beta":false,"boss_relics":[],"items_purged_floors":[5,5],"is_endless":false,"potions_floor_spawned":[4,8,12],"killed_by":"The Guardian","ascension_level":20}}