{"host":"rjx4accq0ysw8w2o","time":1613822894,"event":{"mods":["AchievementEnabler","BaseMod","Block Reminder","Colored Map","Colored Powertips","DeckTracker","Highlight Path","Minty Spire (QoL Compilation)","Quick Restart","Rare Cards Sparkle"],"gold_per_floor":[110,192,192,203,203,203,128,128,128,28,41,61,61,93,93,198,198,216,131,147,159,159,159,159,159,209,236,111,126,126,139,139,239,239,256,269,119,119,119,119,135,155,234,251,251,267,267,284,284,284],"floor_reached":51,"language":"ENG","playtime":4691,"items_purged":["Strike_P","Defend_P","Strike_P","Defend_P"],"score":642,"play_id":"f55ee391-afbb-471b-9266-6f8dcd9620ed","local_time":"20210220130814","is_ascension_mode":false,"campfire_choices":[{"data":"Vigilance","floor":6.0,"key":"SMITH"},{"data":"Eruption","floor":8.0,"key":"SMITH"},{"data":"Judgement","floor":15.0,"key":"SMITH"},{"data":"Vault","floor":23.0,"key":"SMITH"},{"data":"Protect","floor":25.0,"key":"SMITH"},{"floor":30.0,"key":"DIG"},{"data":"Protect","floor":32.0,"key":"SMITH"},{"floor":40.0,"key":"DIG"},{"floor":45.0,"key":"RECALL"},{"data":"Prostrate","floor":47,"key":"SMITH"},{"data":"Establishment","floor":49,"key":"SMITH"}],"circlet_count":0,"master_deck":["Strike_P","Defend_P","Eruption+1","Vigilance+1","EmptyFist+1","Protect+1","CutThroughFate+1","Judgement+1","Vault+1","Prostrate+1","CrushJoints+1","Tantrum+1","Protect+1","WheelKick+1","Establishment+1","EmptyBody+1"],"relics":["HolyWater","Molten Egg 2","Matryoshka","Bag of Marbles","Shovel","MutagenicStrength","Juzu Bracelet","Tiny Chest","InkBottle","Orichalcum","SlaversCollar","Ginger","Nunchaku"],"acts_visited":["Exordium","TheCity","TheBeyond"],"potions_floor_usage":[46,50,50],"damage_taken":[{"damage":3.0,"enemies":"Cultist","floor":1.0,"turns":4.0},{"damage":3.0,"enemies":"Small Slimes","floor":4.0,"turns":4.0},{"damage":0.0,"enemies":"2 Louse","floor":11.0,"turns":3.0},{"damage":0.0,"enemies":"Exordium Wildlife","floor":12.0,"turns":5.0},{"damage":6.0,"enemies":"Gremlin Nob","floor":14.0,"turns":3.0},{"damage":55.0,"enemies":"The Guardian","floor":16.0,"turns":13.0},{"damage":0.0,"enemies":"Spheric Guardian","floor":18.0,"turns":1.0},{"damage":2.0,"enemies":"Shell Parasite","floor":20.0,"turns":4.0},{"damage":0.0,"enemies":"Centurion and Healer","floor":21.0,"turns":2.0},{"damage":0.0,"enemies":"Book of Stabbing","floor":27.0,"turns":4.0},{"damage":0.0,"enemies":"Shelled Parasite and Fungi","floor":29.0,"turns":4.0},{"damage":0.0,"enemies":"Sentry and Sphere","floor":31.0,"turns":2.0},{"damage":9.0,"enemies":"Collector","floor":33.0,"turns":5.0},{"damage":0.0,"enemies":"3 Shapes","floor":35.0,"turns":1.0},{"damage":5.0,"enemies":"3 Darklings","floor":36.0,"turns":6.0},{"damage":0.0,"enemies":"Sphere and 2 Shapes","floor":41.0,"turns":2.0},{"damage":0.0,"enemies":"Maw","floor":42.0,"turns":5.0},{"damage":1.0,"enemies":"Jaw Worm Horde","floor":44.0,"turns":3.0},{"damage":10,"enemies":"Spire Growth","floor":46,"turns":5},{"damage":10,"enemies":"4 Shapes","floor":48,"turns":4},{"damage":28,"enemies":"Awakened One","floor":50,"turns":16}],"seed_played":"-3637791037476363653","potions_obtained":[{"floor":14.0,"key":"BottledMiracle"},{"floor":16.0,"key":"DuplicationPotion"},{"floor":20.0,"key":"Fire Potion"},{"floor":41.0,"key":"Energy Potion"},{"floor":46,"key":"Ancient Potion"}],"is_trial":false,"path_per_floor":["M","T","?","M","?","R","$","R","T","$","M","M","?","E","R","B",null,"M","?","M","M","?","R","?","R","T","E","$","M","R","M","R","B",null,"M","M","$","?","?","R","M","M","T","M","R","M","R","M","R","B",null],"character_chosen":"WATCHER","items_purchased":[],"campfire_rested":0,"item_purchase_floors":[],"current_hp_per_floor":[76,76,76,73,78,78,78,78,78,78,78,78,71,65,65,10,84,84,84,82,82,82,82,82,82,82,82,82,82,82,82,82,73,84,84,79,79,79,79,79,79,79,79,78,78,68,68,58,58,30],"gold":284,"neow_bonus":"TEN_PERCENT_HP_BONUS","is_daily":false,"chose_seed":false,"campfire_upgraded":8,"win_rate":0.0,"timestamp":1613822894,"path_taken":["M","?","?","M","?","R","$","R","T","$","M","M","?","E","R","BOSS","M","?","M","M","?","R","?","R","T","E","$","M","R","M","R","BOSS","M","M","$","?","?","R","M","M","T","M","R","M","R","M","R","BOSS"],"items_purchased_type":[],"build_version":"2020-12-22","purchased_purges":4,"victory":true,"max_hp_per_floor":[79,79,79,79,84,84,84,84,84,84,84,84,84,84,84,84,84,84,84,84,84,84,84,84,84,84,84,84,84,84,84,84,84,84,84,84,84,84,80,80,80,80,80,80,80,80,80,80,80,80],"card_choices":[{"not_picked":["Halt","Worship","Adaptation"],"picked":"SKIP","floor":1.0},{"not_picked":["Adaptation","Consecrate+1"],"picked":"EmptyFist+1","floor":4.0},{"not_picked":["EmptyMind","BowlingBash+1"],"picked":"Protect","floor":11.0},{"not_picked":["Evaluate","Protect"],"picked":"CutThroughFate+1","floor":12.0},{"not_picked":["Omniscience","Evaluate"],"picked":"Judgement","floor":14.0},{"not_picked":["Establishment","DeusExMachina"],"picked":"Vault","floor":16.0},{"not_picked":["CrushJoints+1","Crescendo+1"],"picked":"Prostrate","floor":18.0},{"not_picked":["EmptyFist+1","Protect"],"picked":"CrushJoints+1","floor":20.0},{"not_picked":["Halt","ThirdEye","JustLucky+1"],"picked":"SKIP","floor":21.0},{"not_picked":["CrushJoints+1","EmptyFist+1"],"picked":"Tantrum+1","floor":27.0},{"not_picked":["Sanctity","Study+1"],"picked":"Protect","floor":29.0},{"not_picked":["CrushJoints+1","Devotion"],"picked":"WheelKick+1","floor":31.0},{"not_picked":["MasterReality","Judgement"],"picked":"Establishment","floor":33.0},{"not_picked":["JustLucky+1","Indignation+1","ClearTheMind"],"picked":"SKIP","floor":35.0},{"not_picked":["EmptyBody","JustLucky+1","Crescendo"],"picked":"SKIP","floor":36.0},{"not_picked":["Collect","Adaptation","JustLucky+1"],"picked":"SKIP","floor":41.0},{"not_picked":["Sanctity+1","Collect","EmptyBody"],"picked":"SKIP","floor":42.0},{"not_picked":["WreathOfFlame","ClearTheMind","CarveReality+1"],"picked":"SKIP","floor":44.0},{"not_picked":["LessonLearned+1","Crescendo+1"],"picked":"EmptyBody+1","floor":46},{"not_picked":["Study","Fasting2+1","BowlingBash+1"],"picked":"SKIP","floor":48}],"player_experience":134752,"relics_obtained":[{"floor":2.0,"key":"Molten Egg 2"},{"floor":9.0,"key":"Matryoshka"},{"floor":14.0,"key":"Bag of Marbles"},{"floor":26.0,"key":"Juzu Bracelet"},{"floor":26.0,"key":"Tiny Chest"},{"floor":27.0,"key":"InkBottle"},{"floor":30.0,"key":"Orichalcum"},{"floor":40.0,"key":"Ginger"},{"floor":43.0,"key":"Nunchaku"}],"event_choices":[{"damage_healed":0.0,"max_hp_gain":0.0,"max_hp_loss":0.0,"gold_gain":0.0,"event_name":"Liars Game","player_choice":"Ignored","floor":3.0,"gold_loss":0.0,"damage_taken":0.0},{"damage_healed":0.0,"max_hp_gain":5.0,"max_hp_loss":0.0,"gold_gain":0.0,"event_name":"Big Fish","player_choice":"Donut","floor":5.0,"gold_loss":0.0,"damage_taken":0.0},{"cards_removed":["Strike_P"],"damage_healed":0.0,"max_hp_gain":0.0,"max_hp_loss":0.0,"gold_gain":0.0,"event_name":"Golden Wing","player_choice":"Card Removal","floor":13.0,"gold_loss":0.0,"damage_taken":7.0},{"damage_healed":0.0,"max_hp_gain":0.0,"max_hp_loss":0.0,"gold_gain":0.0,"event_name":"Addict","player_choice":"Obtained Relic","floor":19.0,"gold_loss":85.0,"damage_taken":0.0,"relics_obtained":["Shovel"]},{"damage_healed":0.0,"max_hp_gain":0.0,"max_hp_loss":0.0,"gold_gain":0.0,"event_name":"Drug Dealer","player_choice":"Inject Mutagens","floor":22.0,"gold_loss":0.0,"damage_taken":0.0,"relics_obtained":["MutagenicStrength"]},{"cards_removed":["Defend_P"],"damage_healed":0.0,"max_hp_gain":0.0,"max_hp_loss":0.0,"gold_gain":0.0,"event_name":"Back to Basics","player_choice":"Elegance","floor":24.0,"gold_loss":0.0,"damage_taken":0.0},{"damage_healed":0.0,"max_hp_gain":0.0,"max_hp_loss":0.0,"gold_gain":0.0,"event_name":"Mysterious Sphere","player_choice":"Ignored","floor":38.0,"gold_loss":0.0,"damage_taken":0.0},{"damage_healed":0.0,"max_hp_gain":0.0,"max_hp_loss":4.0,"gold_gain":0.0,"event_name":"Winding Halls","player_choice":"Max HP","floor":39.0,"gold_loss":0.0,"damage_taken":0.0}],"is_beta":false,"boss_relics":[{"not_picked":["Astrolabe","Runic Pyramid"],"picked":"HolyWater"},{"not_picked":["Black Star","Coffee Dripper"],"picked":"SlaversCollar"}],"items_purged_floors":[7,10,28,37],"is_endless":false,"potions_floor_spawned":[14,16,20,31,36,41,46],"ascension_level":0}}