{"host":"8u9gkmadxi1im6dj","time":1613789403,"event":{"mods":["Act Like it!","Bard","BaseMod","Block Reminder","Colored Map","Colored Powertips","DeckTracker","Downfall","Infinite Spire","Jorbs\u0027s Wanderer Trilogy","Marisa????????","Minty Spire (QoL Compilation)","Pale of the Ancients","Permanent Neow","Quick Restart","Random Character Button","Relic Sorter","Relic Stats","Replay The Spire","Shade Mod","StSLib","The Bug Knight","The Cursed","The IronCluck","The Necromancer","The Servant 0.9.4"],"gold_per_floor":[209,220,27,44,44,44,70,84,133,162,173,198,198,214,214,310,310,328,203,216,216,232,244,257,257,257,284,284,314,331,366,378,492,504,532,544,568,114,164,164,193,193,193,213,242,242,254,295,295,409,409,437,489,553,211,211,236,236,317,317,333,333],"floor_reached":61,"language":"ENG","playtime":4453,"items_purged":["Strike_R","Strike_R","Strike_R","Strike_R"],"score":1212,"play_id":"07df5bca-6e8f-46b2-a610-265cbe84cfe8","local_time":"20210220035003","is_ascension_mode":true,"campfire_choices":[{"data":"Armaments","floor":6.0,"key":"SMITH"},{"floor":15.0,"key":"REST"},{"floor":32.0,"key":"RECALL"},{"data":"infinitespire:Collect","floor":40.0,"key":"SMITH"},{"data":"Juggernaut","floor":42.0,"key":"SMITH"},{"data":"ReplayTheSpireMod:Book of Names","floor":49.0,"key":"SMITH"},{"data":"infinitespire:Fortify","floor":56.0,"key":"SMITH"},{"data":"Body Slam","floor":58.0,"key":"SMITH"}],"circlet_count":0,"master_deck":["Strike_R","Defend_R","Defend_R","Defend_R","Defend_R","Ghostly Armor","Body Slam","Armaments+1","Pommel Strike","Body Slam","Flame Barrier","Immolate","Demonic Infusion","Shrug It Off","ReplayTheSpireMod:Book of Names+1","Iron Wave","Thunderclap","Shrug It Off","infinitespire:Fortify+1","Body Slam+1","Shrug It Off+1","Juggernaut+1","infinitespire:Collect+1","Battle Trance","Armaments+1","Ghostly Armor+1","Shrug It Off+1","Delirium"],"relics":["Black Blood","infinitespire:Joker Card","ReplayTheSpireMod:Ring of Challenge","Orichalcum","Divine Protection","infinitespire:Lucky Rock","ReplayFunnel","Thread and Needle","Philosopher\u0027s Stone","Red Skull","MutagenicStrength","Bottled Tornado","Quantum Egg","MawBank","CatCart","Replay:Bandana","infinitespire:WardingShard","ReplayTheSpireMod:Ring of Collecting","Smiling Mask","paleoftheancients:Timepiece","paleoftheancients:KeyRelic","CultistMask","paleoftheancients:SoulOfTheSilent","Bag of Marbles","Centennial Puzzle","infinitespire:Satchel","Frozen Egg 2"],"acts_visited":["Exordium","TheCity","TheBeyond","paleoftheancients:PaleOfTheAncients"],"potions_floor_usage":[61],"damage_taken":[{"damage":7.0,"enemies":"2 Louse","floor":1.0,"turns":4.0},{"damage":10.0,"enemies":"Small Slimes","floor":2.0,"turns":7.0},{"damage":10.0,"enemies":"Jaw Worm","floor":4.0,"turns":4.0},{"damage":23.0,"enemies":"Gremlin Nob","floor":7.0,"turns":5.0},{"damage":0.0,"enemies":"Blue Slaver","floor":8.0,"turns":4.0},{"damage":31.0,"enemies":"Lagavulin","floor":10.0,"turns":10.0},{"damage":0.0,"enemies":"2 Fungi Beasts","floor":11.0,"turns":3.0},{"damage":36.0,"enemies":"Gremlin Nob","floor":12.0,"turns":7.0},{"damage":0.0,"enemies":"Gremlin Gang","floor":14.0,"turns":2.0},{"damage":13.0,"enemies":"Fading Forest","floor":16.0,"turns":11.0},{"damage":9.0,"enemies":"Spheric Guardian","floor":18.0,"turns":4.0},{"damage":0.0,"enemies":"Shell Parasite","floor":20.0,"turns":7.0},{"damage":1.0,"enemies":"Shelled Parasite and Fungi","floor":22.0,"turns":5.0},{"damage":0.0,"enemies":"Centurion and Healer","floor":23.0,"turns":7.0},{"damage":0.0,"enemies":"Sentry and Sphere","floor":24.0,"turns":4.0},{"damage":8.0,"enemies":"Gremlin Leader","floor":27.0,"turns":7.0},{"damage":0.0,"enemies":"Slavers","floor":29.0,"turns":5.0},{"damage":0.0,"enemies":"Cultist and Chosen","floor":30.0,"turns":4.0},{"damage":12.0,"enemies":"Nightmare","floor":31.0,"turns":7.0},{"damage":10.0,"enemies":"Champ","floor":33.0,"turns":12.0},{"damage":0.0,"enemies":"3 Shapes","floor":35.0,"turns":3.0},{"damage":0.0,"enemies":"3 Darklings","floor":37.0,"turns":3.0},{"damage":0.0,"enemies":"Orin","floor":39.0,"turns":7.0},{"damage":0.0,"enemies":"Reptomancer","floor":41.0,"turns":5.0},{"damage":0.0,"enemies":"Sphere and 2 Shapes","floor":44.0,"turns":2.0},{"damage":0.0,"enemies":"Spire Growth","floor":45.0,"turns":4.0},{"damage":0.0,"enemies":"Maw","floor":47.0,"turns":6.0},{"damage":0.0,"enemies":"Nemesis","floor":48.0,"turns":3.0},{"damage":0.0,"enemies":"infinitespire:MassOfShapes","floor":50.0,"turns":7.0},{"damage":18.0,"enemies":"infinitespire:MassOfShapes","floor":52.0,"turns":9.0},{"damage":10.0,"enemies":"infinitespire:MassOfShapes","floor":53.0,"turns":5.0},{"damage":11.0,"enemies":"infinitespire:MassOfShapes","floor":57.0,"turns":10.0},{"damage":62,"enemies":"paleoftheancients:N","floor":61,"turns":8}],"seed_played":"1978253148911137922","potions_obtained":[{"floor":2.0,"key":"SteroidPotion"},{"floor":4.0,"key":"SpeedPotion"},{"floor":7.0,"key":"BloodPotion"},{"floor":10.0,"key":"Milkshake"},{"floor":16.0,"key":"infinitespire:BlackPotion"},{"floor":23.0,"key":"ColorlessPotion"},{"floor":27.0,"key":"DistilledChaos"},{"floor":29.0,"key":"Dexterity Potion"},{"floor":39.0,"key":"Elixir"},{"floor":41.0,"key":"PowerPotion"},{"floor":54.0,"key":"FearPotion"}],"is_trial":false,"path_per_floor":["M","M","$","M","?","R","E","M","T","E","M","E","?","M","R","B",null,"M","$","M","AVR","M","M","M","?","T","E","?","E","M","NM","R","B",null,"M","AVR","M","$","?","R","E","R","T","M","M","?","M","E","R","B",null,"M","M","?","$","R","M","R","T","?","B"],"character_chosen":"IRONCLAD","items_purchased":["Armaments","Orichalcum","Shrug It Off","Battle Trance","infinitespire:Joker Card","Centennial Puzzle","infinitespire:Satchel"],"campfire_rested":1,"item_purchase_floors":[3,3,19,38,38,55,55],"current_hp_per_floor":[79,75,75,71,71,71,54,60,60,35,57,27,27,33,57,50,80,77,77,80,80,80,80,80,80,80,78,58,64,70,64,64,60,80,80,80,80,80,80,80,80,80,80,80,80,80,80,80,80,80,80,77,80,60,60,60,72,72,72,72,12,12],"gold":333,"neow_bonus":"HUNDRED_GOLD","is_daily":false,"chose_seed":false,"campfire_upgraded":6,"win_rate":0.0,"timestamp":1613789403,"path_taken":["M","M","$","M","?","R","E","M","T","E","M","E","?","M","R","BOSS","M","$","M","AVR","M","M","M","?","T","E","?","E","M","NM","R","BOSS","M","AVR","M","$","?","R","E","R","T","M","M","?","M","E","R","BOSS","M","M","?","$","R","M","R","T","?","BOSS"],"items_purchased_type":["Card","Relic","Card","Card","Relic","Relic","Relic"],"build_version":"2020-12-22","purchased_purges":4,"victory":false,"max_hp_per_floor":[80,80,80,80,80,80,80,80,80,80,80,80,80,80,80,80,80,80,80,80,80,80,80,80,80,80,80,80,80,80,80,80,80,80,80,80,80,80,80,80,80,80,80,80,80,80,80,80,80,80,80,80,80,80,80,80,80,80,80,80,80,80],"relic_stats":{"Centennial Puzzle":[6],"counters":[33,191],"Black Blood":135,"Orichalcum":[36],"MawBank":84,"Smiling Mask":75,"obtain_stats":[{"ReplayFunnel":10,"Divine Protection":7,"Black Blood":34,"Bottled Tornado":27,"Smiling Mask":48,"Burning Blood":0,"Replay:Bandana":41,"Centennial Puzzle":55,"Philosopher\u0027s Stone":17,"Red Skull":21,"paleoftheancients:KeyRelic":51,"Quantum Egg":29,"Thread and Needle":12,"infinitespire:Joker Card":38,"infinitespire:Lucky Rock":9,"Orichalcum":3,"Frozen Egg 2":59,"MawBank":31,"paleoftheancients:Timepiece":51,"infinitespire:WardingShard":43,"MutagenicStrength":25,"ReplayTheSpireMod:Ring of Collecting":46,"infinitespire:Satchel":55,"CultistMask":51,"paleoftheancients:SoulOfTheSilent":52,"Bag of Marbles":54,"CatCart":39,"ReplayTheSpireMod:Ring of Challenge":59},{"ReplayFunnel":6,"Divine Protection":4,"Black Blood":20,"Bottled Tornado":16,"Smiling Mask":28,"Burning Blood":0,"Replay:Bandana":24,"Centennial Puzzle":31,"Philosopher\u0027s Stone":10,"Red Skull":12,"paleoftheancients:KeyRelic":29,"Quantum Egg":17,"Thread and Needle":8,"infinitespire:Joker Card":22,"infinitespire:Lucky Rock":5,"Orichalcum":2,"Frozen Egg 2":32,"MawBank":19,"paleoftheancients:Timepiece":29,"infinitespire:WardingShard":24,"MutagenicStrength":15,"ReplayTheSpireMod:Ring of Collecting":26,"infinitespire:Satchel":31,"CultistMask":29,"paleoftheancients:SoulOfTheSilent":30,"Bag of Marbles":31,"CatCart":23,"ReplayTheSpireMod:Ring of Challenge":32},{"ReplayFunnel":34,"Divine Protection":20,"Black Blood":119,"Bottled Tornado":91,"Smiling Mask":152,"Burning Blood":0,"Replay:Bandana":137,"Centennial Puzzle":173,"Philosopher\u0027s Stone":57,"Red Skull":68,"paleoftheancients:KeyRelic":159,"Quantum Egg":96,"Thread and Needle":44,"infinitespire:Joker Card":125,"infinitespire:Lucky Rock":24,"Orichalcum":11,"Frozen Egg 2":183,"MawBank":107,"paleoftheancients:Timepiece":159,"infinitespire:WardingShard":137,"MutagenicStrength":84,"ReplayTheSpireMod:Ring of Collecting":143,"infinitespire:Satchel":173,"CultistMask":159,"paleoftheancients:SoulOfTheSilent":168,"Bag of Marbles":173,"CatCart":132,"ReplayTheSpireMod:Ring of Challenge":183}]},"card_choices":[{"not_picked":["True Grit","Body Slam"],"picked":"Ghostly Armor","floor":1.0},{"not_picked":["Wild Strike","Headbutt"],"picked":"Body Slam","floor":2.0},{"not_picked":["Whirlwind","Perfected Strike"],"picked":"Pommel Strike","floor":4.0},{"not_picked":["Berserk","Infernal Blade"],"picked":"Body Slam","floor":7.0},{"not_picked":["Havoc","Run Through","Uppercut"],"picked":"SKIP","floor":8.0},{"not_picked":["ReplayReversal","Hemokinesis"],"picked":"Flame Barrier","floor":10.0},{"not_picked":["Dual Wield","Shockwave","Flex"],"picked":"SKIP","floor":11.0},{"not_picked":["Clash","Sword Boomerang"],"picked":"Immolate","floor":12.0},{"not_picked":["Inflame","Headbutt","Fire Breathing"],"picked":"SKIP","floor":14.0},{"not_picked":["Replay:Many Hands","Reaper"],"picked":"Demonic Infusion","floor":16.0},{"not_picked":["Run Through+1","Headbutt","Warcry"],"picked":"SKIP","floor":18.0},{"not_picked":["Clash+1","ReplayTheSpireMod:LeadingStrike","Cleave"],"picked":"SKIP","floor":20.0},{"not_picked":["Body Slam","Clothesline"],"picked":"Iron Wave","floor":22.0},{"not_picked":["Seeing Red","Whirlwind+1","Havoc+1"],"picked":"SKIP","floor":23.0},{"not_picked":["Cleave","Headbutt"],"picked":"Thunderclap","floor":24.0},{"not_picked":["Pommel Strike","Clash"],"picked":"Shrug It Off","floor":27.0},{"not_picked":["ReplayTheSpireMod:Chaos Vortex","infinitespire:DeathsTouch"],"picked":"infinitespire:Fortify","floor":28.0},{"not_picked":["Limit Break","Shrug It Off"],"picked":"Body Slam","floor":29.0},{"not_picked":["Evolve","Clothesline","Twin Strike"],"picked":"SKIP","floor":30.0},{"not_picked":["Eclipse","Flex+1"],"picked":"Shrug It Off+1","floor":31.0},{"not_picked":["Demonic Infusion","Exhume"],"picked":"Juggernaut","floor":33.0},{"not_picked":["Rupture","Run Through","True Grit+1"],"picked":"SKIP","floor":35.0},{"not_picked":["Cleave+1","Uppercut","Carnage+1"],"picked":"SKIP","floor":37.0},{"not_picked":["Cleave+1","Perfected Strike+1"],"picked":"Armaments+1","floor":39.0},{"not_picked":["Sentinel+1","Armaments"],"picked":"Ghostly Armor+1","floor":41.0},{"not_picked":["Bloodletting+1","Abandon+1","Thunderclap"],"picked":"SKIP","floor":44.0},{"not_picked":["Evolve","ReplayTheSpireMod:Strike From Hell"],"picked":"Shrug It Off+1","floor":45.0},{"not_picked":["Sentinel","Havoc","Bloodletting"],"picked":"SKIP","floor":47.0},{"not_picked":["Warcry+1","Hemogenesis","Flex"],"picked":"SKIP","floor":48.0},{"not_picked":["Intimidate+1","Wild Strike+1","Havoc+1"],"picked":"SKIP","floor":52.0},{"not_picked":["Armaments+1","ReplayReversal","Wild Strike+1"],"picked":"SKIP","floor":53.0},{"not_picked":["Rage","Power Through","Body Slam"],"picked":"SKIP","floor":57.0}],"player_experience":102349,"relics_obtained":[{"floor":7.0,"key":"Divine Protection"},{"floor":9.0,"key":"infinitespire:Lucky Rock"},{"floor":10.0,"key":"ReplayFunnel"},{"floor":12.0,"key":"Thread and Needle"},{"floor":27.0,"key":"Bottled Tornado"},{"floor":29.0,"key":"Quantum Egg"},{"floor":31.0,"key":"MawBank"},{"floor":39.0,"key":"CatCart"},{"floor":41.0,"key":"Replay:Bandana"},{"floor":43.0,"key":"infinitespire:WardingShard"},{"floor":46.0,"key":"ReplayTheSpireMod:Ring of Collecting"},{"floor":48.0,"key":"Smiling Mask"},{"floor":52.0,"key":"paleoftheancients:SoulOfTheSilent"},{"floor":53.0,"key":"paleoftheancients:SoulOfTheCollector"},{"floor":54.0,"key":"Bag of Marbles"},{"floor":57.0,"key":"paleoftheancients:SoulOfTheDefect"},{"floor":59.0,"key":"ReplayTheSpireMod:Ring of Challenge"},{"floor":59.0,"key":"Frozen Egg 2"}],"event_choices":[{"cards_removed":["Bash"],"damage_healed":0.0,"max_hp_gain":0.0,"max_hp_loss":0.0,"gold_gain":0.0,"event_name":"Living Wall","player_choice":"Forget","floor":5.0,"gold_loss":0.0,"damage_taken":0.0},{"damage_healed":0.0,"max_hp_gain":0.0,"max_hp_loss":0.0,"gold_gain":0.0,"event_name":"Liars Game","player_choice":"Ignored","floor":13.0,"gold_loss":0.0,"damage_taken":0.0},{"damage_healed":0.0,"max_hp_gain":0.0,"max_hp_loss":0.0,"gold_gain":0.0,"event_name":"Drug Dealer","player_choice":"Inject Mutagens","floor":25.0,"gold_loss":0.0,"damage_taken":0.0,"relics_obtained":["MutagenicStrength"]},{"damage_healed":0.0,"max_hp_gain":0.0,"max_hp_loss":0.0,"gold_gain":0.0,"event_name":"OrinTheCat","player_choice":"Fight","floor":39.0,"gold_loss":0.0,"damage_taken":0.0}],"is_beta":false,"boss_relics":[{"not_picked":["Replay:Grab Bag","Ectoplasm"],"picked":"Philosopher\u0027s Stone"},{"not_picked":["infinitespire:Cupcake","Pandora\u0027s Box"],"picked":"Black Blood"},{"not_picked":["Replay:Wanted Poster","Runic Pyramid","ChewingGum"]}],"items_purged_floors":[19,21,38,55],"is_endless":true,"potions_floor_spawned":[2,4,7,10,16,23,27,29,30,31,39,41,44,45,47,57],"killed_by":"paleoftheancients:N","ascension_level":1}}