{"host":"49pjgf1q9ev52n8z","time":1613810233,"event":{"mods":["BaseMod","Bestiary","Colored Map","Keyboard Shortcuts","Minty Spire (QoL Compilation)","Practice Mode","Relic Stats","StSLib"],"gold_per_floor":[364,374,374,374,384,384,18,18,44,44,44,63,99,120,120,251,251,267,267,267,33,57,57,96,109,162,162,11,34,65,65,65,186,186,210,210,231,247,268,307,307,340,364,364,399,56,56,72,72,72],"floor_reached":51,"language":"ENG","playtime":3879,"items_purged":["Injury"],"score":1030,"play_id":"5804f81d-f874-4af9-bcd7-01a21521eab3","local_time":"20210220003713","is_ascension_mode":true,"campfire_choices":[{"floor":6,"key":"REST"},{"floor":11,"key":"REST"},{"data":"Loop","floor":15,"key":"SMITH"},{"data":"Genetic Algorithm","floor":23,"key":"SMITH"},{"floor":27,"key":"REST"},{"floor":32,"key":"REST"},{"floor":41,"key":"REST"},{"floor":44,"key":"REST"},{"floor":47,"key":"REST"},{"floor":49,"key":"REST"}],"circlet_count":0,"master_deck":["Strike_B","Strike_B","Strike_B","Defend_B","Defend_B","Defend_B","Zap+1","Dualcast","Self Repair","Compile Driver","Turbo+1","Ball Lightning","Loop+1","BootSequence","Storm","Machine Learning","Genetic Algorithm+1","Necronomicurse","Defragment","Stack","White Noise","Darkness","White Noise","Compile Driver","Rainbow","Lockon+1","Hologram+1","Defragment","Capacitor","Rainbow","Force Field"],"relics":["Cracked Core","Lizard Tail","Ice Cream","Happy Flower","Golden Idol","Smiling Mask","Runic Pyramid","Necronomicon","Ancient Tea Set","Pen Nib","Centennial Puzzle","Oddly Smooth Stone","FossilizedHelix","Fusion Hammer","Vajra","Boot","Regal Pillow","Lantern","Bag of Preparation"],"acts_visited":["Exordium","TheCity","TheBeyond"],"potions_floor_usage":[24,30,33,45,45,50,50],"damage_taken":[{"damage":2,"enemies":"Jaw Worm","floor":1,"turns":3},{"damage":5,"enemies":"2 Louse","floor":2,"turns":2},{"damage":13,"enemies":"Small Slimes","floor":5,"turns":3},{"damage":3,"enemies":"3 Louse","floor":12,"turns":3},{"damage":20,"enemies":"Lagavulin","floor":13,"turns":5},{"damage":7,"enemies":"Large Slime","floor":14,"turns":4},{"damage":32,"enemies":"The Guardian","floor":16,"turns":10},{"damage":4,"enemies":"Chosen","floor":18,"turns":4},{"damage":0,"enemies":"Spheric Guardian","floor":22,"turns":3},{"damage":34,"enemies":"Gremlin Leader","floor":24,"turns":7},{"damage":7,"enemies":"Cultist and Chosen","floor":25,"turns":5},{"damage":1,"enemies":"Chosen and Byrds","floor":29,"turns":4},{"damage":54,"enemies":"Book of Stabbing","floor":30,"turns":6},{"damage":30,"enemies":"Collector","floor":33,"turns":9},{"damage":0,"enemies":"Orb Walker","floor":35,"turns":3},{"damage":0,"enemies":"3 Shapes","floor":37,"turns":2},{"damage":17,"enemies":"3 Darklings","floor":38,"turns":3},{"damage":0,"enemies":"Transient","floor":39,"turns":5},{"damage":25,"enemies":"Reptomancer","floor":40,"turns":5},{"damage":0,"enemies":"Giant Head","floor":42,"turns":7},{"damage":24,"enemies":"Reptomancer","floor":45,"turns":4},{"damage":11,"enemies":"Sphere and 2 Shapes","floor":48,"turns":4},{"damage":50,"enemies":"Time Eater","floor":50,"turns":10}],"seed_played":"-4556494084570131058","potions_obtained":[{"floor":1,"key":"Weak Potion"},{"floor":5,"key":"Fire Potion"},{"floor":13,"key":"BlessingOfTheForge"},{"floor":38,"key":"Energy Potion"},{"floor":39,"key":"GamblersBrew"},{"floor":40,"key":"Explosive Potion"},{"floor":45,"key":"Regen Potion"}],"is_trial":false,"path_per_floor":["M","M","?","?","M","R","$","?","T","?","R","M","E","M","R","B",null,"M","?","?","$","M","R","E","M","T","R","$","M","E","?","R","B",null,"M","?","M","M","M","E","R","E","T","R","E","$","R","M","R","B",null],"character_chosen":"DEFECT","items_purchased":["Ice Cream","Turbo","Ball Lightning","Defragment","Ancient Tea Set","Oddly Smooth Stone","CultistPotion","Bag of Preparation","FairyPotion"],"campfire_rested":8,"item_purchase_floors":[7,7,7,21,21,28,46,46,46],"current_hp_per_floor":[48,50,38,23,10,32,32,32,32,32,54,58,45,45,45,20,61,64,48,48,48,55,55,28,28,28,50,50,56,9,9,31,8,58,65,75,75,65,72,54,75,75,75,75,58,58,75,71,75,44],"gold":72,"neow_bonus":"TWO_FIFTY_GOLD","is_daily":false,"chose_seed":false,"campfire_upgraded":2,"win_rate":0.0,"timestamp":1613810233,"path_taken":["M","M","?","?","M","R","$","?","T","?","R","M","E","M","R","BOSS","M","?","?","$","M","R","E","?","T","R","$","M","E","?","R","BOSS","M","?","M","M","M","E","R","E","T","R","E","?","R","?","R","BOSS"],"items_purchased_type":["Relic","Card","Card","Card","Relic","Relic","Potion","Relic","Potion"],"build_version":"2020-12-22","purchased_purges":1,"victory":true,"max_hp_per_floor":[75,75,75,75,75,75,75,75,75,75,75,75,75,75,75,75,75,75,75,75,75,75,75,75,75,75,75,75,75,75,75,75,75,75,75,75,75,75,75,75,75,75,75,75,75,75,75,75,75,75],"relic_stats":{"Lizard Tail":0,"Centennial Puzzle":[24],"Regal Pillow":0,"Happy Flower":[34],"counters":[23,110],"Golden Idol":162,"Pen Nib":[8],"Necronomicon":[0],"Bag of Preparation":[4],"Smiling Mask":25,"Boot":[3],"obtain_stats":[{"Ice Cream":7,"Regal Pillow":43,"Lantern":45,"Happy Flower":9,"Golden Idol":10,"Oddly Smooth Stone":28,"Vajra":40,"Pen Nib":24,"Bag of Preparation":46,"Smiling Mask":13,"Ancient Tea Set":21,"Boot":42,"Lizard Tail":3,"Centennial Puzzle":26,"Fusion Hammer":34,"Necronomicon":19,"Cracked Core":0,"FossilizedHelix":30,"Runic Pyramid":17},{"Ice Cream":3,"Regal Pillow":20,"Lantern":21,"Happy Flower":3,"Golden Idol":3,"Oddly Smooth Stone":11,"Vajra":19,"Pen Nib":10,"Bag of Preparation":21,"Smiling Mask":5,"Ancient Tea Set":8,"Boot":20,"Lizard Tail":2,"Centennial Puzzle":11,"Fusion Hammer":14,"Necronomicon":8,"Cracked Core":0,"FossilizedHelix":13,"Runic Pyramid":7},{"Ice Cream":8,"Regal Pillow":92,"Lantern":96,"Happy Flower":8,"Golden Idol":8,"Oddly Smooth Stone":48,"Vajra":85,"Pen Nib":44,"Bag of Preparation":96,"Smiling Mask":16,"Ancient Tea Set":34,"Boot":92,"Lizard Tail":5,"Centennial Puzzle":48,"Fusion Hammer":67,"Necronomicon":34,"Cracked Core":0,"FossilizedHelix":58,"Runic Pyramid":30}]},"card_choices":[{"not_picked":["Undo","Coolheaded"],"picked":"Self Repair","floor":1},{"not_picked":["Coolheaded","Gash"],"picked":"Skim","floor":2},{"not_picked":["Steam","Double Energy"],"picked":"Compile Driver","floor":5},{"not_picked":["Barrage","Redo"],"picked":"Loop","floor":12},{"not_picked":["Rebound","Streamline"],"picked":"BootSequence","floor":13},{"not_picked":["Beam Cell","Self Repair"],"picked":"Storm","floor":14},{"not_picked":["Biased Cognition","Thunder Strike"],"picked":"Machine Learning","floor":16},{"not_picked":["Static Discharge","Beam Cell"],"picked":"Genetic Algorithm","floor":18},{"not_picked":["Rebound","Redo+1"],"picked":"Stack","floor":22},{"not_picked":["Darkness+1","Sunder"],"picked":"White Noise","floor":24},{"not_picked":["Streamline","BootSequence"],"picked":"Darkness","floor":25},{"not_picked":["Rip and Tear","Rebound+1","Leap+1"],"picked":"SKIP","floor":29},{"not_picked":["Sweeping Beam","Genetic Algorithm+1","Beam Cell+1"],"picked":"SKIP","floor":30},{"not_picked":["Machine Learning","Reboot"],"picked":"Rainbow","floor":33},{"not_picked":["Self Repair","Auto Shields+1"],"picked":"Lockon+1","floor":35},{"not_picked":["Steam","Redo"],"picked":"Hologram+1","floor":37},{"not_picked":["Sweeping Beam","Ball Lightning","Streamline+1"],"picked":"SKIP","floor":38},{"not_picked":["Rip and Tear","Coolheaded","Consume+1"],"picked":"SKIP","floor":39},{"not_picked":["Steam+1","Rip and Tear+1"],"picked":"Defragment","floor":40},{"not_picked":["Glacier","Steam"],"picked":"Capacitor","floor":42},{"not_picked":["Stack+1","Leap+1"],"picked":"Rainbow","floor":45},{"not_picked":["Streamline+1","Beam Cell"],"picked":"Force Field","floor":48}],"player_experience":876850,"relics_obtained":[{"floor":9,"key":"Happy Flower"},{"floor":13,"key":"Smiling Mask"},{"floor":19,"key":"Necronomicon"},{"floor":24,"key":"Pen Nib"},{"floor":26,"key":"Centennial Puzzle"},{"floor":30,"key":"FossilizedHelix"},{"floor":40,"key":"Vajra"},{"floor":42,"key":"Boot"},{"floor":43,"key":"Regal Pillow"},{"floor":45,"key":"Lantern"}],"event_choices":[{"damage_healed":0,"gold_gain":0,"player_choice":"Success","damage_taken":12,"relics_obtained":["Lizard Tail"],"max_hp_gain":0,"max_hp_loss":0,"event_name":"Scrap Ooze","floor":3,"gold_loss":0},{"damage_healed":0,"gold_gain":0,"player_choice":"Entered Light","damage_taken":15,"max_hp_gain":0,"max_hp_loss":0,"event_name":"Shining Light","floor":4,"gold_loss":0,"cards_upgraded":["Skim","Zap"]},{"damage_healed":0,"gold_gain":0,"player_choice":"Grow","damage_taken":0,"max_hp_gain":0,"max_hp_loss":0,"event_name":"Living Wall","floor":8,"gold_loss":0,"cards_upgraded":["Turbo"]},{"damage_healed":0,"gold_gain":0,"player_choice":"Take Wound","damage_taken":0,"relics_obtained":["Golden Idol"],"max_hp_gain":0,"max_hp_loss":0,"event_name":"Golden Idol","floor":10,"gold_loss":0,"cards_obtained":["Injury"]},{"damage_healed":0,"gold_gain":0,"player_choice":"Obtained Book","damage_taken":16,"max_hp_gain":0,"max_hp_loss":0,"event_name":"Cursed Tome","floor":19,"gold_loss":0},{"damage_healed":0,"gold_gain":0,"player_choice":"Got Potions","damage_taken":0,"max_hp_gain":0,"max_hp_loss":0,"event_name":"Lab","floor":20,"gold_loss":0},{"damage_healed":0,"gold_gain":0,"cards_transformed":["Strike_B","Defend_B"],"player_choice":"Became Test Subject","damage_taken":0,"max_hp_gain":0,"max_hp_loss":0,"event_name":"Drug Dealer","floor":31,"gold_loss":0,"cards_obtained":["White Noise","Compile Driver"]},{"cards_removed":["Skim"],"damage_healed":10,"gold_gain":0,"player_choice":"Offered Uncommon","damage_taken":0,"max_hp_gain":0,"max_hp_loss":0,"event_name":"Bonfire Elementals","floor":36,"gold_loss":0}],"is_beta":false,"boss_relics":[{"not_picked":["Astrolabe","Snecko Eye"],"picked":"Runic Pyramid"},{"not_picked":["Velvet Choker","Inserter"],"picked":"Fusion Hammer"}],"items_purged_floors":[21],"is_endless":false,"potions_floor_spawned":[1,5,13,18,22,38,39,40,45],"ascension_level":6}}