{"host":"d54lcqy5t45er8jx","time":1613841033,"event":{"mods":["2.2 Compatiblity","AchievementEnabler","BaseMod","CapriCore","Colored Powertips","DeckTracker","Defuse TimeMaze Blight","Hermit","Highlight Path","Hubris","Infinite Spire","Marisa£¨Ùöéë¡¡Øª×âÞÞ£©","Minty Spire (QoL Compilation)","Permanent Neow","Quick Restart","Rare Cards Sparkle","Relic Stats","Remilia£¨?Ú·×é?£©","StSLib","The Animator","The Cursed","The Immortal","The Servant 0.9.4","WarShipGirlsR/??á´Ò³R mod","Yakumo Yukari mod"],"gold_per_floor":[11,23,23,0,20,53,53,78,103,138,150,179,254,269,269,371,371,388,402,501,501,520,572,572,492,518,546,566,597,611,18,18,113,113,133,146,165,21,121,152,152,178,257,271,291,316,316,345,345,440,452,475,487,499,511,521,547,566,595,607,637,645,663,683,645,657,739,751,769,789,801,204,202,220,220,220,244,244,253,286,290,311,311,293,293],"floor_reached":84,"language":"ENG","playtime":3692,"items_purged":["Defend_RM","Strike_RM"],"score":2446,"play_id":"a224b56a-35cf-4413-b7ea-8b2ed33b3e87","local_time":"20210221021033","is_ascension_mode":true,"campfire_choices":[{"data":"EquivalentExchange","floor":7,"key":"SMITH"},{"data":"ForecastOfChange","floor":15,"key":"SMITH"},{"data":"KillingBlow","floor":24,"key":"SMITH"},{"data":"BatForm","floor":32,"key":"SMITH"},{"data":"MiserableFate","floor":47,"key":"SMITH"},{"data":"ScarletCoffin","floor":49,"key":"SMITH"},{"data":"CeilingFear","floor":66,"key":"SMITH"},{"data":"EternalNight","floor":75,"key":"SMITH"},{"data":"Secret Weapon","floor":78,"key":"SMITH"},{"data":"VampirishNight","floor":83,"key":"SMITH"}],"circlet_count":0,"master_deck":["Strike_RM","Strike_RM+1","Defend_RM+1","Defend_RM+1","RedMoon","ScarletShoot","StarOfDavid","ReincarnationDial+1","EternalNight+1","MillenniumVampire+1","EquivalentExchange+1","ReincarnationDial+1","ForecastOfChange+1","VampireClaw","MiserableFate+1","KillingBlow+1","Stigmanizer+1","VampirishNight+1","UnderTheZenith+1","VampireSweep","BatForm+1","EmergencyRegeneration+1","ScarletMeister","CeilingFear+1","MastersStateliness","ScarletCoffin+1","MastersStateliness+1","ScarletSymphony+1","MiserableFate+1","BloodyCatastrophe","hubris:InfiniteBlow+6","MastersStateliness+1","BlasphemousPunishment+1","BadLadyScramble+1","MiserableFate+1","BloodyTrap+1","TransientEternity","infinitespire:Collect","ScarletNetherworld","KillingBlow","ScarletSymphony","BatForm","Ultimatum","DiffusionOfMisfortune","BloodyMagicSquare","ScarletMeister","BloodyMagicSquare","VampirishNight+1","ScarletGensokyo","Secret Weapon+1","VampireKiss+1","NightDance","BloodyMagicSquare","Stigmanizer+1","EmergencyRegeneration","BlasphemousPunishment","BadLadyScramble","HeartBreak"],"relics":["ScarletHat","hubris:OldNail","infinitespire:PuzzleCube","Bronze Scales","PreservedInsect","infinitespire:Beetle Shell","SlaversCollar","Lantern","hubris:TenFootPole","Bag of Preparation","Happy Flower","hubris:BundleOfHerbs","Mummified Hand","War Paint","hubris:ScarierMask","Unceasing Top","StrikeDummy","Akabeko","infinitespire:ShieldingShard","hubris:SlimyHat","hubris:TinFlute","MawBank","Coffee Dripper","hubris:Icosahedron","Oddly Smooth Stone","Question Card","hubris:MysteriousPyramids","Omamori","infinitespire:Joker Card","CaptainsWheel","Black Star","Bottled Lightning","Prayer Wheel","CeramicFish","Potion Belt","Boot","Centennial Puzzle","Tiny Chest"],"acts_visited":["Exordium","TheCity","TheBeyond","Exordium","TheCity"],"potions_floor_usage":[6,6,10,12,23,23,48],"damage_taken":[{"damage":4,"enemies":"2 Louse","floor":1,"turns":2},{"damage":0,"enemies":"Small Slimes","floor":2,"turns":3},{"damage":0,"enemies":"Cultist","floor":5,"turns":4},{"damage":11,"enemies":"Gremlin Nob","floor":6,"turns":3},{"damage":18,"enemies":"Lagavulin","floor":8,"turns":7},{"damage":10,"enemies":"Gremlin Nob","floor":10,"turns":4},{"damage":8,"enemies":"Red Slaver","floor":11,"turns":4},{"damage":0,"enemies":"Lagavulin","floor":12,"turns":5},{"damage":5,"enemies":"Looter","floor":14,"turns":4},{"damage":16,"enemies":"Slime Boss","floor":16,"turns":8},{"damage":34,"enemies":"2 Thieves","floor":18,"turns":4},{"damage":17,"enemies":"3 Byrds","floor":19,"turns":3},{"damage":10,"enemies":"Snecko","floor":22,"turns":3},{"damage":16,"enemies":"Gremlin Leader","floor":23,"turns":3},{"damage":5,"enemies":"Slavers","floor":27,"turns":5},{"damage":0,"enemies":"Sentry and Sphere","floor":28,"turns":2},{"damage":0,"enemies":"Gremlin Leader","floor":29,"turns":2},{"damage":0,"enemies":"Shelled Parasite and Fungi","floor":30,"turns":2},{"damage":101,"enemies":"Champ","floor":33,"turns":5},{"damage":1,"enemies":"3 Shapes","floor":35,"turns":2},{"damage":0,"enemies":"Orb Walker","floor":36,"turns":3},{"damage":62,"enemies":"Maw","floor":37,"turns":4},{"damage":11,"enemies":"infinitespire:Three Voidlings","floor":39,"turns":2},{"damage":65,"enemies":"Nightmare_Alpha","floor":39,"turns":6},{"damage":99,"enemies":"Reptomancer","floor":40,"turns":3},{"damage":66,"enemies":"Nemesis","floor":42,"turns":1},{"damage":33,"enemies":"Transient","floor":44,"turns":5},{"damage":5,"enemies":"4 Shapes","floor":45,"turns":1},{"damage":44,"enemies":"Giant Head","floor":46,"turns":1},{"damage":6,"enemies":"Nemesis","floor":48,"turns":1},{"damage":121,"enemies":"hubris:GrandSnecko","floor":50,"turns":2},{"damage":0,"enemies":"2 Louse","floor":52,"turns":1},{"damage":0,"enemies":"Cultist","floor":56,"turns":3},{"damage":52,"enemies":"Nightmare","floor":57,"turns":1},{"damage":31,"enemies":"Jaw Worm","floor":58,"turns":1},{"damage":4,"enemies":"3 Sentries","floor":59,"turns":2},{"damage":0,"enemies":"Gremlin Nob","floor":61,"turns":1},{"damage":11,"enemies":"Looter","floor":62,"turns":1},{"damage":5,"enemies":"Blue Slaver","floor":63,"turns":1},{"damage":0,"enemies":"3 Sentries","floor":64,"turns":2},{"damage":110,"enemies":"Hexaghost","floor":67,"turns":2},{"damage":5,"enemies":"3 Byrds","floor":69,"turns":1},{"damage":62,"enemies":"Chosen","floor":70,"turns":1},{"damage":59,"enemies":"Snake Plant","floor":73,"turns":1},{"damage":87,"enemies":"Gremlin Leader","floor":74,"turns":2},{"damage":75,"enemies":"Snecko","floor":79,"turns":2},{"damage":15,"enemies":"Slavers","floor":80,"turns":1},{"damage":76,"enemies":"Chosen and Byrds","floor":81,"turns":2},{"damage":84,"enemies":"Book of Stabbing","floor":82,"turns":1}],"seed_played":"5789724897495556082","potions_obtained":[{"floor":2,"key":"LiquidMemories"},{"floor":5,"key":"Strength Potion"},{"floor":8,"key":"ColorlessPotion"},{"floor":10,"key":"EssenceOfSteel"},{"floor":12,"key":"Strength Potion"},{"floor":19,"key":"FairyPotion"},{"floor":22,"key":"SkillPotion"},{"floor":28,"key":"EssenceOfSteel"},{"floor":29,"key":"PowerPotion"},{"floor":46,"key":"Energy Potion"},{"floor":48,"key":"Block Potion"},{"floor":50,"key":"DuplicationPotion"},{"floor":50,"key":"Swift Potion"},{"floor":56,"key":"PowerPotion"},{"floor":80,"key":"DistilledChaos"},{"floor":82,"key":"AttackPotion"}],"is_trial":false,"path_per_floor":["M","M","?","?","M","E","R","E","T","E","M","E","?","M","R","B",null,"M","M","?","?","M","E","R","?","T","E","M","E","M","$","R","B",null,"M","M","M","$","?","E","?","E","T","M","M","E","R","E","R","B",null,"M","?","?","$","M","NM","M","E","T","E","M","M","E","?","R","B",null,"M","M","?","$","M","E","R","?","T","R","M","E","M","E","R","B"],"character_chosen":"REMILIA","items_purchased":["Mummified Hand","CeilingFear","MastersStateliness","War Paint","BloodyCatastrophe","ScarletGensokyo","Secret Weapon","Bottled Lightning"],"campfire_rested":0,"item_purchase_floors":[31,31,31,31,38,72,72,72],"current_hp_per_floor":[85,85,67,67,68,60,60,48,48,38,33,35,24,20,20,12,89,60,45,45,48,47,38,38,38,38,42,49,49,58,58,58,44,92,91,92,64,64,40,51,51,41,41,17,21,20,20,26,26,14,95,95,84,84,84,90,70,70,68,68,68,59,54,58,58,58,16,104,99,45,45,45,45,35,35,35,35,35,39,24,38,38,38,0,0],"gold":293,"neow_bonus":"TWENTY_PERCENT_HP_BONUS","is_daily":false,"chose_seed":false,"campfire_upgraded":10,"win_rate":0.0,"timestamp":1613841033,"path_taken":["M","M","?","?","M","E","R","E","T","E","M","E","?","M","R","BOSS","M","M","?","?","M","E","R","?","T","E","?","E","M","$","R","BOSS","M","M","M","$","?","E","?","E","T","M","?","E","R","E","R","BOSS","M","?","?","$","M","NM","M","E","T","E","M","M","E","?","R","BOSS","M","M","?","$","M","E","R","?","T","R","M","E","?","E","R","BOSS"],"items_purchased_type":["Relic","Card","Card","Relic","Card","Card","Card","Relic"],"build_version":"2020-12-22","purchased_purges":2,"victory":false,"max_hp_per_floor":[89,89,89,89,89,89,89,89,89,89,89,89,89,89,89,89,89,89,89,89,92,92,92,92,92,92,92,92,92,92,92,92,92,92,92,92,92,92,92,95,95,95,95,95,95,95,95,95,95,95,95,95,95,95,95,98,101,101,101,101,101,101,101,101,101,101,104,104,104,104,104,104,104,107,107,107,107,107,110,110,110,110,110,110,110],"relic_stats":{"Happy Flower":[23],"counters":[50,131],"CeramicFish":63,"PreservedInsect":982,"Bag of Preparation":[72],"War Paint":["Defend_RM","MillenniumVampire"],"MawBank":264,"Question Card":20,"Boot":[16],"Centennial Puzzle":[3],"Mummified Hand":[131],"Bronze Scales":[282],"Prayer Wheel":2,"Tiny Chest":0,"Black Star":3,"obtain_stats":[{"Lantern":23,"CeramicFish":74,"Bag of Preparation":26,"hubris:SlimyHat":46,"hubris:MysteriousPyramids":60,"Boot":80,"ScarletHat":0,"Centennial Puzzle":82,"infinitespire:ShieldingShard":43,"hubris:Icosahedron":54,"Mummified Hand":31,"hubris:ScarierMask":34,"Prayer Wheel":74,"Tiny Chest":82,"hubris:TinFlute":48,"Potion Belt":80,"Happy Flower":27,"Oddly Smooth Stone":57,"PreservedInsect":10,"infinitespire:Beetle Shell":12,"infinitespire:Joker Card":63,"Omamori":61,"War Paint":31,"MawBank":50,"Question Card":59,"Akabeko":42,"SlaversCollar":17,"CaptainsWheel":64,"Bronze Scales":9,"hubris:BundleOfHerbs":29,"hubris:TenFootPole":25,"Coffee Dripper":51,"Black Star":68,"Bottled Lightning":72,"StrikeDummy":40,"hubris:OldNail":6,"infinitespire:PuzzleCube":8,"Unceasing Top":39},{"Lantern":14,"CeramicFish":45,"Bag of Preparation":14,"hubris:SlimyHat":29,"hubris:MysteriousPyramids":36,"Boot":47,"ScarletHat":0,"Centennial Puzzle":49,"infinitespire:ShieldingShard":26,"hubris:Icosahedron":32,"Mummified Hand":18,"hubris:ScarierMask":19,"Prayer Wheel":45,"Tiny Chest":49,"hubris:TinFlute":30,"Potion Belt":47,"Happy Flower":15,"Oddly Smooth Stone":34,"PreservedInsect":6,"infinitespire:Beetle Shell":8,"infinitespire:Joker Card":39,"Omamori":37,"War Paint":18,"MawBank":31,"Question Card":36,"Akabeko":26,"SlaversCollar":10,"CaptainsWheel":40,"Bronze Scales":5,"hubris:BundleOfHerbs":17,"hubris:TenFootPole":14,"Coffee Dripper":31,"Black Star":41,"Bottled Lightning":43,"StrikeDummy":25,"hubris:OldNail":4,"infinitespire:PuzzleCube":5,"Unceasing Top":24},{"Lantern":57,"CeramicFish":124,"Bag of Preparation":57,"hubris:SlimyHat":101,"hubris:MysteriousPyramids":112,"Boot":127,"ScarletHat":0,"Centennial Puzzle":130,"infinitespire:ShieldingShard":94,"hubris:Icosahedron":105,"Mummified Hand":68,"hubris:ScarierMask":73,"Prayer Wheel":124,"Tiny Chest":130,"hubris:TinFlute":102,"Potion Belt":127,"Happy Flower":62,"Oddly Smooth Stone":109,"PreservedInsect":23,"infinitespire:Beetle Shell":32,"infinitespire:Joker Card":115,"Omamori":113,"War Paint":68,"MawBank":104,"Question Card":112,"Akabeko":94,"SlaversCollar":44,"CaptainsWheel":117,"Bronze Scales":19,"hubris:BundleOfHerbs":66,"hubris:TenFootPole":57,"Coffee Dripper":104,"Black Star":119,"Bottled Lightning":121,"StrikeDummy":93,"hubris:OldNail":12,"infinitespire:PuzzleCube":19,"Unceasing Top":90}],"Unceasing Top":[18]},"card_choices":[{"not_picked":["RedNightlessCastle","BloodHunter"],"picked":"StarOfDavid","floor":1},{"not_picked":["BlasphemousPunishment","FitfulNightmare"],"picked":"ReincarnationDial","floor":2},{"not_picked":[],"picked":"EternalNight","floor":4},{"not_picked":[],"picked":"MillenniumVampire","floor":4},{"not_picked":[],"picked":"EquivalentExchange","floor":4},{"not_picked":["BlasphemousPunishment","UnderTheZenith"],"picked":"ReincarnationDial","floor":5},{"not_picked":["CharismaGuard","FavorOfDestiny","StarOfDavid"],"picked":"SKIP","floor":6},{"not_picked":["ScarletImprint","ScarletDevilSign"],"picked":"ForecastOfChange","floor":8},{"not_picked":["UnderTheZenith","VampireFantasy"],"picked":"VampireClaw","floor":10},{"not_picked":["FavorOfDestiny","AfternoonTea","ScarletDevil"],"picked":"SKIP","floor":11},{"not_picked":["TwelveNightmare","StarOfDavid"],"picked":"MiserableFate","floor":12},{"not_picked":["Septette","BloodHunter","ScarletSymphony"],"picked":"SKIP","floor":14},{"not_picked":["ScarletMeister","EquivalentExchange"],"picked":"KillingBlow","floor":16},{"not_picked":["RedRainbow","MastersStateliness+1"],"picked":"Stigmanizer+1","floor":18},{"not_picked":["BombardNight+1","RedMagic"],"picked":"VampirishNight","floor":19},{"not_picked":["FavorOfDestiny+1","EndlessAdversity"],"picked":"UnderTheZenith+1","floor":22},{"not_picked":["NightLord","ReincarnationDial"],"picked":"VampireSweep","floor":23},{"not_picked":["SuperhumanBloodyKnife","BombardNight"],"picked":"BatForm","floor":27},{"not_picked":["BloodyTrap","ScarletDevil+1"],"picked":"EmergencyRegeneration+1","floor":28},{"not_picked":["LeisurelyOfLord+1","Maim"],"picked":"ScarletMeister","floor":29},{"not_picked":["ScarletDevil","UnderTheZenith+1","RedRainbow"],"picked":"SKIP","floor":30},{"not_picked":["EquivalentExchange","CeilingFear"],"picked":"ScarletCoffin","floor":33},{"not_picked":["RedRainbow","DevilSight+1"],"picked":"MastersStateliness+1","floor":35},{"not_picked":["UnderTheZenith","VampireKiss"],"picked":"ScarletSymphony+1","floor":36},{"not_picked":["ScarletDevil","FavorOfDestiny"],"picked":"MiserableFate+1","floor":37},{"not_picked":["infinitespire:Punishment","infinitespire:FutureSight"],"picked":"hubris:InfiniteBlow+6","floor":39},{"not_picked":["ScarletImprint+1","VampireKiss+1"],"picked":"MastersStateliness+1","floor":39},{"not_picked":["Stigmanizer","UnderTheZenith+1","Septette"],"picked":"SKIP","floor":40},{"not_picked":["BatForm","Stigmanizer"],"picked":"BlasphemousPunishment+1","floor":42},{"not_picked":["BombardNight+1","RedRainbow+1","CharismaGuard"],"picked":"SKIP","floor":44},{"not_picked":["ScarletImprint+1","VampireKiss"],"picked":"BadLadyScramble+1","floor":45},{"not_picked":["UnderTheZenith","KillingBlow"],"picked":"MiserableFate+1","floor":46},{"not_picked":["VampireKiss+1","TricksterDevil"],"picked":"BloodyTrap+1","floor":48},{"not_picked":["TricksterDevil","ScarletMeister"],"picked":"TransientEternity","floor":50},{"not_picked":["ScarletDream","CharismaGuard","UnderTheZenith"],"picked":"SKIP","floor":52},{"not_picked":["infinitespire:Oblivion","infinitespire:SevenWalls"],"picked":"infinitespire:Collect","floor":53},{"not_picked":["VampireKiss","ScarletDevil","BombardNight"],"picked":"SKIP","floor":56},{"not_picked":["Septette","MastersStateliness"],"picked":"ScarletNetherworld","floor":57},{"not_picked":["Stigmanizer","CharismaGuard"],"picked":"KillingBlow","floor":58},{"not_picked":["VampireKiss","NightDance"],"picked":"ScarletSymphony","floor":59},{"not_picked":["FavorOfDestiny","HunterOfTheNight","BombardNight"],"picked":"BatForm","floor":61},{"not_picked":["RedRainbow","EndlessAdversity","BloodyTrap"],"picked":"Ultimatum","floor":62},{"not_picked":["ScarletDevil","AfternoonTea","FavorOfDestiny"],"picked":"DiffusionOfMisfortune","floor":63},{"not_picked":["VampireKiss","RedRainbow","ScarletImprint"],"picked":"BloodyMagicSquare","floor":64},{"not_picked":["DevilSight","NightLord","MastersStateliness","RedMagic"],"picked":"SKIP","floor":64},{"not_picked":["BloodyCatastrophe","HellCatastrophe","HeartBreak"],"picked":"ScarletMeister","floor":67},{"not_picked":["UnstableMagic","MastersStateliness","NightDance+1"],"picked":"BloodyMagicSquare","floor":69},{"not_picked":["MiserableFate","ScarletImprint+1","ScarletDevil"],"picked":"VampirishNight+1","floor":70},{"not_picked":["Stigmanizer","Ultimatum","NightDance"],"picked":"VampireKiss+1","floor":73},{"not_picked":["Stigmanizer","StarOfDavid+1","FavorOfDestiny"],"picked":"NightDance","floor":74},{"not_picked":["MastersStateliness","UnderTheZenith","LeisurelyOfLord"],"picked":"BloodyMagicSquare","floor":79},{"not_picked":["StarOfDavid","ScarletSymphony","UnderTheZenith"],"picked":"Stigmanizer+1","floor":79},{"not_picked":["TricksterDevil","RedMagic+1","CharismaGuard"],"picked":"EmergencyRegeneration","floor":80},{"not_picked":["ReincarnationDial","FavorOfDestiny","ScarletSymphony"],"picked":"BlasphemousPunishment","floor":81},{"not_picked":["ScarletImprint","UnderTheZenith","FavorOfDestiny"],"picked":"BadLadyScramble","floor":81},{"not_picked":["Stigmanizer","HunterOfTheNight+1","RedRainbow+1"],"picked":"HeartBreak","floor":82}],"player_experience":1017999,"relics_obtained":[{"floor":6,"key":"hubris:OldNail"},{"floor":8,"key":"infinitespire:PuzzleCube"},{"floor":9,"key":"Bronze Scales"},{"floor":10,"key":"PreservedInsect"},{"floor":12,"key":"infinitespire:Beetle Shell"},{"floor":23,"key":"Lantern"},{"floor":26,"key":"Bag of Preparation"},{"floor":27,"key":"Happy Flower"},{"floor":29,"key":"hubris:BundleOfHerbs"},{"floor":39,"key":"Unceasing Top"},{"floor":40,"key":"StrikeDummy"},{"floor":42,"key":"Akabeko"},{"floor":43,"key":"infinitespire:ShieldingShard"},{"floor":46,"key":"hubris:SlimyHat"},{"floor":48,"key":"hubris:TinFlute"},{"floor":50,"key":"MawBank"},{"floor":57,"key":"Oddly Smooth Stone"},{"floor":59,"key":"Question Card"},{"floor":60,"key":"hubris:MysteriousPyramids"},{"floor":61,"key":"Omamori"},{"floor":63,"key":"infinitespire:Joker Card"},{"floor":64,"key":"CaptainsWheel"},{"floor":74,"key":"Prayer Wheel"},{"floor":74,"key":"CeramicFish"},{"floor":80,"key":"Potion Belt"},{"floor":80,"key":"Boot"},{"floor":82,"key":"Centennial Puzzle"},{"floor":82,"key":"Tiny Chest"}],"event_choices":[{"damage_healed":0,"gold_gain":0,"player_choice":"Entered Light","damage_taken":18,"max_hp_gain":0,"max_hp_loss":0,"event_name":"Shining Light","floor":3,"gold_loss":0,"cards_upgraded":["Strike_RM","ReincarnationDial"]},{"damage_healed":0,"gold_gain":75,"player_choice":"Gather Gold","damage_taken":11,"max_hp_gain":0,"max_hp_loss":0,"event_name":"World of Goop","floor":13,"gold_loss":0},{"damage_healed":0,"gold_gain":99,"player_choice":"Stole From Cult","damage_taken":0,"max_hp_gain":0,"max_hp_loss":0,"event_name":"Nest","floor":20,"gold_loss":0},{"damage_healed":0,"gold_gain":0,"player_choice":"Paid Gold","damage_taken":0,"relics_obtained":["hubris:TenFootPole"],"max_hp_gain":0,"max_hp_loss":0,"event_name":"WeMeetAgain","floor":25,"gold_loss":80},{"damage_healed":0,"gold_gain":0,"player_choice":"Ignored","damage_taken":0,"max_hp_gain":0,"max_hp_loss":0,"event_name":"SecretPortal","floor":41,"gold_loss":0},{"cards_removed":["Defend_RM"],"damage_healed":0,"gold_gain":0,"player_choice":"Card Removal","damage_taken":0,"max_hp_gain":0,"max_hp_loss":0,"event_name":"The Cleric","floor":65,"gold_loss":50},{"cards_removed":["Strike_RM"],"damage_healed":0,"gold_gain":0,"player_choice":"Elegance","damage_taken":0,"max_hp_gain":0,"max_hp_loss":0,"event_name":"Back to Basics","floor":71,"gold_loss":0}],"is_beta":false,"boss_relics":[{"not_picked":["hubris:Stopwatch","hubris:CrackedHourglass"],"picked":"SlaversCollar"},{"not_picked":["hubris:BlackHole","Snecko Eye"],"picked":"hubris:ScarierMask"},{"not_picked":["Velvet Choker","SacredBark"],"picked":"Coffee Dripper"},{"not_picked":["Runic Pyramid","Empty Cage"],"picked":"Black Star"}],"items_purged_floors":[31,72],"is_endless":true,"potions_floor_spawned":[2,5,8,10,12,19,22,28,29,33,35,39,42,45,46,48,50,56,59,61,62,70,74,80,82],"killed_by":"Collector","ascension_level":1}}