{"host":"ia6vzboaxs0e83w2","time":1613808970,"event":{"mods":["2.2 Compatiblity","BaseMod","Colored Map","DeckTracker","Downfall","Highlight Path","Minty Spire (QoL Compilation)","Random Character Button","StSLib"],"gold_per_floor":[99,116,132,132,143,143,166,166,199,209,209,209,209,228,247,247,247,247],"floor_reached":16,"language":"POL","playtime":913,"items_purged":[],"score":102,"play_id":"2e513ad2-c47d-4422-99e5-7bc332db5b06","local_time":"20210220091610","is_ascension_mode":false,"campfire_choices":[{"data":"champ:Execute","floor":1,"key":"SMITH"},{"data":"champ:DefensiveShout","floor":8,"key":"SMITH"},{"data":"champ:FanOfKnives","floor":11,"key":"SMITH"},{"data":"champ:Backstep","floor":13,"key":"SMITH"}],"circlet_count":0,"master_deck":["champ:Strike","champ:Strike","champ:Strike","champ:Strike","champ:Defend","champ:Defend","champ:Defend","champ:Defend","champ:Execute+1","champ:Taunt+1","champ:FanOfKnives+1","champ:DefensiveShout+1","champ:Backstep+1","champ:AdrenalArmor","champ:BerserkersShout","champ:FalseCounter"],"relics":["champ:ChampionCrown","Orichalcum","Toy Ornithopter"],"acts_visited":["Exordium"],"potions_floor_usage":[9,9],"damage_taken":[{"damage":12,"enemies":"2 Louse","floor":2,"turns":3},{"damage":20,"enemies":"Cultist","floor":3,"turns":3},{"damage":13,"enemies":"Small Slimes","floor":5,"turns":3},{"damage":32,"enemies":"Gremlin Nob","floor":9,"turns":6},{"damage":27,"enemies":"2 Fungi Beasts","floor":10,"turns":4},{"damage":16,"enemies":"Exordium Thugs","floor":14,"turns":5},{"damage":26,"enemies":"Red Slaver","floor":15,"turns":4},{"damage":104,"enemies":"IC_STATUS_ARCHETYPE","floor":16,"turns":10}],"seed_played":"1043510307944101148","potions_obtained":[{"floor":2,"key":"Energy Potion"},{"floor":5,"key":"BlessingOfTheForge"},{"floor":10,"key":"Fire Potion"}],"is_trial":false,"path_per_floor":["R","M","M","?","M","?","T","R","E","M","R","?","R","M","M","B"],"character_chosen":"THE_CHAMP","items_purchased":[],"campfire_rested":0,"item_purchase_floors":[],"current_hp_per_floor":[99,97,97,97,94,99,99,99,92,85,85,104,104,98,97,0,0,0],"gold":247,"neow_bonus":"TEN_PERCENT_HP_BONUS","is_daily":false,"chose_seed":false,"campfire_upgraded":4,"win_rate":0.0,"timestamp":1613808970,"path_taken":["R","M","M","?","?","?","T","R","E","M","R","?","R","?","M","BOSS"],"items_purchased_type":[],"build_version":"2020-12-22","purchased_purges":0,"victory":false,"max_hp_per_floor":[99,99,99,99,99,104,104,104,104,104,104,104,104,104,104,104,104,104],"card_choices":[{"not_picked":["champ:CalledShot","champ:FalseCounter"],"picked":"champ:FanOfKnives","floor":2},{"not_picked":["champ:FanOfKnives","champ:HeartStrike"],"picked":"champ:DefensiveShout","floor":3},{"not_picked":["champ:RisingSlash","champ:FanOfKnives"],"picked":"champ:Backstep","floor":5},{"not_picked":["champ:SetATrap","champ:PerfectedStrike"],"picked":"champ:ArenaPreparation","floor":9},{"not_picked":["champ:Haymaker","champ:PerfectedStrike"],"picked":"champ:AdrenalArmor","floor":10},{"not_picked":["champ:BladeFlurry","champ:Shatter"],"picked":"champ:BerserkersShout","floor":14},{"not_picked":["champ:CalledShot","champ:ArenaPreparation"],"picked":"champ:FalseCounter","floor":15}],"player_experience":446314,"relics_obtained":[{"floor":7,"key":"Orichalcum"},{"floor":9,"key":"Toy Ornithopter"}],"event_choices":[{"damage_healed":0,"gold_gain":0,"player_choice":"Forge","damage_taken":0,"max_hp_gain":0,"max_hp_loss":0,"event_name":"Accursed Blacksmith","floor":4,"gold_loss":0,"cards_upgraded":["champ:Taunt"]},{"damage_healed":0,"gold_gain":0,"player_choice":"Donut","damage_taken":0,"max_hp_gain":5,"max_hp_loss":0,"event_name":"Big Fish","floor":6,"gold_loss":0},{"cards_removed":["champ:ArenaPreparation"],"damage_healed":19,"gold_gain":0,"player_choice":"Offered Uncommon","damage_taken":0,"max_hp_gain":0,"max_hp_loss":0,"event_name":"Bonfire Elementals","floor":12,"gold_loss":0}],"is_beta":false,"boss_relics":[],"items_purged_floors":[],"is_endless":false,"potions_floor_spawned":[2,5,10],"killed_by":"IC_STATUS_ARCHETYPE","ascension_level":0}}