{"host":"ox77rn1xcurm2t5a","time":1613850287,"event":{"mods":["2.2 Compatiblity","AchievementEnabler","Act Like it!","Aspiration","BaseMod","Best Route Mod","Better Match","Better Note","Better Sensory Stone","Block Reminder","Colored Map","Colored Powertips","Conjunction","Conspire","Custom Start","Energized Spire","GifTheSpireLib","Gold Saver","Gremlin Skip","Halation","Highlight Path","Hubris","Infinite Spire","Minty Spire (QoL Compilation)","Pale of the Ancients","Quick Restart","Reliquary","Replay The Spire","Reworked Bosses","ShortenTheSpire","Spire Exporter","StSLib","Stuff the Spire","Wandering Minibosses"],"gold_per_floor":[114,130,130,130,150,150,178,198,223,250,250,250,32,49,49,146,146,157,157,157],"floor_reached":19,"language":"ENG","playtime":5589,"items_purged":["Defend_R"],"score":257,"play_id":"d97be7e8-08b5-40ee-967c-01e35753dbae","local_time":"20210220214447","is_ascension_mode":true,"campfire_choices":[{"floor":6,"key":"RECALL"},{"data":"Armaments","floor":11,"key":"SMITH"},{"data":"Bash","floor":15,"key":"SMITH"}],"circlet_count":0,"master_deck":["Strike_R","Strike_R","Strike_R","Strike_R","Strike_R","Defend_R","Defend_R","Defend_R","Bash+1","Perfected Strike","Cleave","conspire:Banana","Cleave","Pot Of Greed","Pot Of Greed","Armaments+1","Reaper"],"relics":["Burning Blood","NeowsBlessing","Grinning Jar","reliquary:Firecrackers","Lee\u0027s Waffle","conspire:SlowCooker"],"acts_visited":["Exordium","TheCity"],"potions_floor_usage":[7,10,10,18,19],"damage_taken":[{"damage":0,"enemies":"2 Louse","floor":1,"turns":1},{"damage":0,"enemies":"Small Slimes","floor":2,"turns":1},{"damage":0,"enemies":"Cultist","floor":5,"turns":1},{"damage":45,"enemies":"3 Sentries","floor":7,"turns":6},{"damage":7,"enemies":"Looter","floor":8,"turns":4},{"damage":55,"enemies":"Gremlin Nob","floor":10,"turns":5},{"damage":7,"enemies":"3 Louse","floor":14,"turns":2},{"damage":51,"enemies":"Slime Boss","floor":16,"turns":12},{"damage":33,"enemies":"Spheric Guardian","floor":18,"turns":6},{"damage":0,"enemies":"conspire:FuzzyDice","floor":19,"turns":3}],"seed_played":"-6505359117644958992","potions_obtained":[{"floor":2,"key":"GamblersBrew"},{"floor":7,"key":"BloodPotion"},{"floor":8,"key":"SkillPotion"},{"floor":16,"key":"ColorlessPotion"},{"floor":18,"key":"Dexterity Potion"}],"is_trial":false,"path_per_floor":["M","M","?","?","M","R","E","M","T","E","R","?","$","M","R","B",null,"M","M"],"character_chosen":"IRONCLAD","items_purchased":["Lee\u0027s Waffle"],"campfire_rested":0,"item_purchase_floors":[13],"current_hp_per_floor":[78,80,80,80,80,80,42,42,42,10,10,37,90,90,90,46,81,55,56,56],"gold":157,"neow_bonus":"THREE_ENEMY_KILL","is_daily":false,"chose_seed":false,"campfire_upgraded":2,"win_rate":0.0,"timestamp":1613850287,"path_taken":["M","M","?","?","?","R","E","M","T","E","R","?","$","M","R","BOSS","M","M"],"items_purchased_type":["Relic"],"build_version":"2020-12-22","purchased_purges":1,"victory":false,"max_hp_per_floor":[80,80,80,80,80,80,81,82,82,83,83,83,90,91,91,92,92,93,94,94],"card_choices":[{"not_picked":["StuffTheSpire:RockThrow","hubris:ReadiedAction"],"picked":"Perfected Strike","floor":1},{"not_picked":["Body Slam","Uppercut"],"picked":"Cleave","floor":2},{"not_picked":["StuffTheSpire:FreeRealEstate","hubris:Insight"],"picked":"conspire:Banana","floor":4},{"not_picked":["Pommel Strike","ReplayTheSpireMod:Strike From Hell"],"picked":"Cleave","floor":5},{"not_picked":["StuffTheSpire:BloodClot","Flame Barrier","ReplayTheSpireMod:Strike From Hell"],"picked":"SKIP","floor":7},{"not_picked":["Havoc","Sever Soul","Bloodletting"],"picked":"SKIP","floor":8},{"not_picked":["Rage","Bloodletting"],"picked":"Armaments","floor":10},{"not_picked":["Shrug It Off","Hemogenesis","StuffTheSpire:RockThrow"],"picked":"SKIP","floor":14},{"not_picked":["Brutality","conspire:Purge"],"picked":"Reaper","floor":16},{"not_picked":["Shockwave","Armaments","StuffTheSpire:RockThrow"],"picked":"SKIP","floor":18}],"player_experience":3209474,"relics_obtained":[{"floor":7,"key":"Grinning Jar"},{"floor":10,"key":"reliquary:Firecrackers"}],"event_choices":[{"damage_healed":0,"gold_gain":1,"player_choice":"1","damage_taken":0,"max_hp_gain":0,"max_hp_loss":0,"event_name":"betterStone:BetterStone","floor":4,"gold_loss":0},{"damage_healed":27,"gold_gain":0,"player_choice":"Banana","damage_taken":0,"max_hp_gain":0,"max_hp_loss":0,"event_name":"Big Fish","floor":12,"gold_loss":0}],"is_beta":false,"boss_relics":[{"not_picked":["Runic Cube","energizedSpire:TabascoSauce"],"picked":"conspire:SlowCooker"}],"items_purged_floors":[13],"is_endless":false,"potions_floor_spawned":[2,7,8,16,18],"killed_by":"conspire:FuzzyDice","ascension_level":9}}