{"host":"6r341r9cz00j2qc1","time":1613858509,"event":{"mods":["BaseMod","Better Third Choice","Downfall","Hermit","Lobotomy","LobotomyExtend","Minty Spire (QoL Compilation)","Replay The Spire","Shop Mod","StSLib"],"gold_per_floor":[114,126,141,63,63,63,63,63,92,112,112,112,124,124,139,157,157,261,261,261,261,261,206,219,219,251,251,276,276,276,276,90,104,104,205,305,317,317,317,367,367,367,381,381,381,381,399,414,428,438,438,438,438],"floor_reached":50,"language":"ENG","playtime":3736,"items_purged":[],"score":660,"play_id":"3ff18c80-e798-4dbb-b57c-7e899fb86a29","local_time":"20210220230149","is_ascension_mode":false,"campfire_choices":[{"data":"Infernal Blade","floor":6,"key":"SMITH"},{"floor":15,"key":"DIG"},{"floor":23,"key":"DIG"},{"floor":25,"key":"REST"},{"floor":27,"key":"REST"},{"floor":32,"key":"DIG"},{"floor":40,"key":"DIG"},{"floor":44,"key":"DIG"}],"circlet_count":0,"master_deck":["Strike_R+1","Strike_R+1","Strike_R+1","Strike_R+1","Defend_R+1","Defend_R+1","Defend_R+1","Defend_R+1","Bash","Fire Breathing","True Grit","Flex+1","Seeing Red","Infernal Blade+1","ReplayTheSpireMod:Private Reserves","Reaper","Burning Pact","Rampage+1","Pummel","Thunderclap","Exhume","Defy Death","Defy Death","Warcry","Wild Strike","downfall:Bewildered","Reckless Charge","Reckless Charge","Violence","Finesse","Swift Strike","Feed","Disarm","Writhe","Reckless Charge+1","Fire Breathing+1","True Grit+1","Twin Strike+1","Flex+1"],"relics":["Burning Blood","LetterFromLob","Shovel","Blood Vial","Pen Nib","Mark of Pain","Replay:Baseball","Bag of Marbles","Ancient Tea Set","sneckomod:BabySnecko","ReplayTheSpireMod:ShopPack","Replay:Bottled Eggs","Replay:Wanted Poster","Replay:Kaleidoscope","Frozen Egg 2","Another Sword","Gremlin Horn"],"acts_visited":["Exordium","TheCity","TheBeyond"],"potions_floor_usage":[7,16,16,31,33,45,46,50,50],"damage_taken":[{"damage":5,"enemies":"Jaw Worm","floor":1,"turns":4},{"damage":2,"enemies":"Small Slimes","floor":2,"turns":4},{"damage":5,"enemies":"2 Louse","floor":1,"turns":3},{"damage":17,"enemies":"Lagavulin","floor":7,"turns":5},{"damage":9,"enemies":"Cultist","floor":8,"turns":4},{"damage":14,"enemies":"Small Slimes","floor":11,"turns":4},{"damage":10,"enemies":"Looter","floor":13,"turns":4},{"damage":11,"enemies":"Lots of Slimes","floor":14,"turns":5},{"damage":26,"enemies":"Slime Boss","floor":16,"turns":8},{"damage":16,"enemies":"Chosen","floor":22,"turns":6},{"damage":56,"enemies":"Slavers","floor":24,"turns":7},{"damage":17,"enemies":"3 Byrds","floor":31,"turns":4},{"damage":67,"enemies":"Collector","floor":33,"turns":11},{"damage":14,"enemies":"3 Shapes","floor":35,"turns":4},{"damage":0,"enemies":"Mind Bloom Boss Battle","floor":38,"turns":5},{"damage":28,"enemies":"3 Darklings","floor":41,"turns":4},{"damage":65,"enemies":"Writhing Mass","floor":45,"turns":7},{"damage":3,"enemies":"Sphere and 2 Shapes","floor":46,"turns":3},{"damage":44,"enemies":"Maw","floor":47,"turns":8},{"damage":1,"enemies":"3 Darklings","floor":48,"turns":3},{"damage":58,"enemies":"Awakened One","floor":50,"turns":3}],"seed_played":"1105937614267189348","potions_obtained":[{"floor":2,"key":"Dexterity Potion"},{"floor":1,"key":"AttackPotion"},{"floor":13,"key":"Weak Potion"},{"floor":16,"key":"sneckomod:MuddlingPotion"},{"floor":24,"key":"CultistPotion"},{"floor":41,"key":"EssenceOfSteel"},{"floor":45,"key":"SteroidPotion"},{"floor":49,"key":"Weak Potion"},{"floor":49,"key":"Explosive Potion"}],"is_trial":false,"path_per_floor":["M","M","?","M","$","?","?","?","R","E","M","T","$","M","?","M","M","R","B",null,"M","?","?","$","M","R","E","R","T","R","?","?","$","M","R","B",null,"M","$","?","?","$","R","M","$","T","R","M","M","M","M","R","B"],"character_chosen":"IRONCLAD","items_purchased":["Seeing Red","Defy Death","Reckless Charge","ReplayTheSpireMod:ShopPack"],"campfire_rested":2,"item_purchase_floors":[2,21,30,30],"current_hp_per_floor":[80,80,80,80,80,80,80,80,69,75,75,75,74,74,72,69,69,59,80,80,80,80,80,70,70,22,46,46,70,70,70,70,67,67,27,80,75,75,83,83,83,83,61,61,61,61,11,69,45,52,52,0,0],"gold":438,"neow_bonus":"TRANSFORM_CARD","is_daily":false,"chose_seed":false,"campfire_upgraded":1,"win_rate":0.0,"timestamp":1613858509,"path_taken":["M","M","?","M","$","?","?","?","R","E","?","T","?","M","?","M","M","R","BOSS","M","?","?","?","?","R","E","R","T","R","?","?","$","M","R","BOSS","M","$","?","?","?","R","M","$","T","R","M","M","?","?","R","BOSS"],"items_purchased_type":["Card","Card","Card","Relic"],"build_version":"2020-12-22","purchased_purges":0,"victory":false,"max_hp_per_floor":[80,80,80,80,80,80,80,80,80,80,80,80,80,80,80,80,80,80,80,80,80,80,80,80,80,80,80,80,80,80,80,80,80,80,80,80,83,83,83,83,83,83,83,83,83,83,83,83,83,83,83,83,83],"card_choices":[{"not_picked":["Evolve","Inflame"],"picked":"True Grit","floor":1},{"not_picked":["Rampage","Heavy Blade"],"picked":"Flex","floor":2},{"not_picked":["Clash","Heavy Blade","Shrug It Off"],"picked":"SKIP","floor":1},{"not_picked":["ReplayTheSpireMod:Corrosion Curse","True Grit"],"picked":"Reaper","floor":7},{"not_picked":["Replay:Undeath\u0027s Touch","Flame Barrier"],"picked":"Burning Pact","floor":8},{"not_picked":["Shrug It Off","Pommel Strike"],"picked":"Rampage","floor":11},{"not_picked":["Sever Soul","Thunderclap"],"picked":"Pummel","floor":13},{"not_picked":["Clothesline","Armaments"],"picked":"Thunderclap","floor":14},{"not_picked":["Eclipse","Replay:Many Hands"],"picked":"Exhume","floor":16},{"not_picked":["Blood for Blood","Combust"],"picked":"Warcry","floor":22},{"not_picked":["Heavy Blade+1","Cleave"],"picked":"Wild Strike","floor":24},{"not_picked":["Metamorphosis","Chrysalis"],"picked":"Violence","floor":30},{"not_picked":["Sadistic Nature","Replay:Parry"],"picked":"Finesse","floor":30},{"not_picked":["Replay:Sssssssssshield","Survey Options"],"picked":"Swift Strike","floor":30},{"not_picked":["Abandon","Headbutt","Shrug It Off"],"picked":"SKIP","floor":31},{"not_picked":["Offering","Corruption"],"picked":"Feed","floor":33},{"not_picked":["Dark Embrace","Clothesline"],"picked":"Disarm","floor":35},{"not_picked":["Body Slam+1","Whirlwind+1"],"picked":"Reckless Charge+1","floor":38},{"not_picked":["Rage","Massacre"],"picked":"Fire Breathing+1","floor":41},{"not_picked":["Heavy Blade","Perfected Strike+1"],"picked":"True Grit+1","floor":45},{"not_picked":["Armaments","Anger"],"picked":"Twin Strike+1","floor":46},{"not_picked":["Blood for Blood","Evolve+1","ReplayTheSpireMod:Corrosion Curse+1"],"picked":"SKIP","floor":47},{"not_picked":["Run Through","Armaments"],"picked":"Flex","floor":48}],"player_experience":547343,"relics_obtained":[{"floor":1,"key":"LetterFromLob"},{"floor":1,"key":"LetterFromLob"},{"floor":7,"key":"Shovel"},{"floor":9,"key":"Blood Vial"},{"floor":15,"key":"Pen Nib"},{"floor":23,"key":"Replay:Baseball"},{"floor":24,"key":"Bag of Marbles"},{"floor":26,"key":"Ancient Tea Set"},{"floor":32,"key":"Replay:Bottled Eggs"},{"floor":38,"key":"Replay:Kaleidoscope"},{"floor":40,"key":"Frozen Egg 2"},{"floor":43,"key":"Another Sword"},{"floor":44,"key":"Gremlin Horn"}],"event_choices":[{"damage_healed":0,"gold_gain":0,"player_choice":"Leave","damage_taken":0,"max_hp_gain":0,"max_hp_loss":0,"event_name":"The Cleric","floor":3,"gold_loss":0},{"damage_healed":0,"gold_gain":0,"player_choice":"2 cards matched","damage_taken":0,"max_hp_gain":0,"max_hp_loss":0,"event_name":"Match and Keep!","floor":5,"gold_loss":0,"cards_obtained":["Infernal Blade","ReplayTheSpireMod:Private Reserves"]},{"damage_healed":0,"gold_gain":0,"player_choice":"Grow","damage_taken":0,"max_hp_gain":0,"max_hp_loss":0,"event_name":"Living Wall","floor":12,"gold_loss":0,"cards_upgraded":["Rampage"]},{"damage_healed":0,"gold_gain":0,"player_choice":"Simplicity","damage_taken":0,"max_hp_gain":0,"max_hp_loss":8,"event_name":"betterThird:BetterWriting","floor":20,"gold_loss":0},{"damage_healed":0,"gold_gain":0,"player_choice":"Ignored","damage_taken":0,"max_hp_gain":0,"max_hp_loss":0,"event_name":"Ghosts","floor":28,"gold_loss":0},{"damage_healed":21,"gold_gain":0,"player_choice":"Writhe","damage_taken":0,"max_hp_gain":0,"max_hp_loss":0,"event_name":"Winding Halls","floor":37,"gold_loss":0,"cards_obtained":["Writhe"]},{"damage_healed":0,"gold_gain":0,"player_choice":"Fight","damage_taken":0,"max_hp_gain":0,"max_hp_loss":0,"event_name":"MindBloom","floor":38,"gold_loss":0}],"is_beta":false,"boss_relics":[{"not_picked":["bronze:MakeshiftBattery","Coffee Dripper"],"picked":"Mark of Pain"},{"not_picked":["Busted Crown","Runic Dome"],"picked":"Replay:Wanted Poster"}],"items_purged_floors":[],"is_endless":false,"potions_floor_spawned":[2,1,13,16,24,41,45],"killed_by":"Awakened One","ascension_level":0}}