{"host":"wsjkkb37re1dhcjs","time":1613839999,"event":{"mods":["AchievementEnabler","BaseMod","Colored Map","Curses Come First","Googly Eyes","Minty Spire (QoL Compilation)","Permanent Neow","Relic Stats","StSLib"],"gold_per_floor":[112,287,287,301,315,340,340,12,12,45,120,176,176,192,192,291,291,301,301,319,319,15,15,35,35,35],"floor_reached":25,"language":"ENG","playtime":1609,"items_purged":["Doubt"],"score":255,"play_id":"246f2b5b-aad2-459f-8296-a5e67197cfb3","local_time":"20210220115319","is_ascension_mode":true,"campfire_choices":[{"floor":7,"key":"REST"},{"floor":15,"key":"REST"},{"data":"Adrenaline","floor":23,"key":"SMITH"}],"circlet_count":0,"master_deck":["Strike_G","Strike_G","Strike_G","Strike_G","Strike_G","Defend_G","Defend_G","Defend_G","Defend_G","Defend_G","Survivor","Neutralize","Malaise+1","Crippling Poison","Underhanded Strike","Prepared","All Out Attack","Prepared","Dagger Spray","Adrenaline+1","Dagger Spray","Ghostly","Ghostly","Ghostly","Ghostly","Ghostly","Caltrops","Dagger Throw+1"],"relics":["Ring of the Snake","GremlinMask","MealTicket","Pantograph","Meat on the Bone","Shuriken","Question Card","HoveringKite","TwistedFunnel","Ancient Tea Set"],"acts_visited":["Exordium","TheCity"],"potions_floor_usage":[6,10,16],"damage_taken":[{"damage":1,"enemies":"2 Louse","floor":1,"turns":3},{"damage":7,"enemies":"Jaw Worm","floor":4,"turns":6},{"damage":9,"enemies":"Cultist","floor":5,"turns":5},{"damage":33,"enemies":"Lagavulin","floor":6,"turns":9},{"damage":28,"enemies":"3 Sentries","floor":10,"turns":12},{"damage":22,"enemies":"Gremlin Nob","floor":12,"turns":6},{"damage":4,"enemies":"Blue Slaver","floor":14,"turns":4},{"damage":44,"enemies":"The Guardian","floor":16,"turns":14},{"damage":17,"enemies":"Spheric Guardian","floor":18,"turns":6},{"damage":6,"enemies":"Chosen","floor":20,"turns":8},{"damage":6,"enemies":"Snake Plant","floor":24,"turns":6},{"damage":29,"enemies":"Gremlin Leader","floor":25,"turns":7}],"seed_played":"-4631163897482644940","potions_obtained":[{"floor":4,"key":"Poison Potion"},{"floor":6,"key":"LiquidBronze"},{"floor":14,"key":"DistilledChaos"}],"is_trial":false,"path_per_floor":["M","?","?","M","M","E","R","$","T","E","?","?","?","M","R","B",null,"M","?","M","?","$","R","M","E"],"character_chosen":"THE_SILENT","items_purchased":["Pantograph","TwistedFunnel","Ancient Tea Set"],"campfire_rested":2,"item_purchase_floors":[8,22,22],"current_hp_per_floor":[69,69,69,62,53,20,41,56,56,40,29,19,19,27,48,38,70,53,35,29,29,35,35,29,0,0],"gold":35,"neow_bonus":"ONE_RANDOM_RARE_CARD","is_daily":false,"chose_seed":false,"campfire_upgraded":1,"win_rate":0.0,"timestamp":1613839999,"path_taken":["M","?","?","?","M","E","R","$","T","E","?","?","?","?","R","BOSS","M","?","M","?","$","R","M","E"],"items_purchased_type":["Relic","Relic","Relic"],"build_version":"2020-12-22","purchased_purges":1,"victory":false,"max_hp_per_floor":[70,70,70,70,70,70,70,70,70,70,70,70,70,70,70,70,70,70,35,35,35,35,35,35,35,35],"relic_stats":{"counters":[12,86],"Shuriken":[19],"Pantograph":22,"HoveringKite":[17],"MealTicket":21,"Question Card":5,"obtain_stats":[{"TwistedFunnel":22,"Shuriken":10,"Pantograph":8,"HoveringKite":17,"GremlinMask":3,"MealTicket":6,"Question Card":12,"Ancient Tea Set":22,"Ring of the Snake":0,"Meat on the Bone":9},{"TwistedFunnel":10,"Shuriken":5,"Pantograph":4,"HoveringKite":8,"GremlinMask":1,"MealTicket":4,"Question Card":6,"Ancient Tea Set":10,"Ring of the Snake":0,"Meat on the Bone":4},{"TwistedFunnel":73,"Shuriken":35,"Pantograph":23,"HoveringKite":59,"GremlinMask":3,"MealTicket":23,"Question Card":41,"Ancient Tea Set":73,"Ring of the Snake":0,"Meat on the Bone":23}],"Ring of the Snake":[24],"Meat on the Bone":48},"card_choices":[{"not_picked":["Bane","Sucker Punch"],"picked":"Crippling Poison","floor":1},{"not_picked":["Quick Slash","Slice"],"picked":"Underhanded Strike","floor":4},{"not_picked":["Expertise","Poisoned Stab"],"picked":"Prepared","floor":5},{"not_picked":["Masterful Stab","Cloak And Dagger","Flying Knee"],"picked":"SKIP","floor":6},{"not_picked":["Dash","Backstab"],"picked":"All Out Attack","floor":10},{"not_picked":["Sucker Punch","Poisoned Stab"],"picked":"Prepared","floor":12},{"not_picked":["Flying Knee","Crippling Poison","Poisoned Stab"],"picked":"Dagger Spray","floor":14},{"not_picked":["Envenom","A Thousand Cuts","Venomology"],"picked":"Adrenaline","floor":16},{"not_picked":["Dodge and Roll","Outmaneuver","Backflip"],"picked":"Dagger Spray","floor":18},{"not_picked":["Endless Agony","Flechettes","Sucker Punch"],"picked":"Caltrops","floor":20},{"not_picked":["Accuracy","Calculated Gamble","Phantasmal Killer"],"picked":"Dagger Throw+1","floor":24}],"player_experience":849264,"relics_obtained":[{"floor":6,"key":"MealTicket"},{"floor":9,"key":"Meat on the Bone"},{"floor":10,"key":"Shuriken"},{"floor":12,"key":"Question Card"}],"event_choices":[{"damage_healed":0,"gold_gain":175,"player_choice":"AGREE","damage_taken":0,"max_hp_gain":0,"max_hp_loss":0,"event_name":"Liars Game","floor":2,"gold_loss":0,"cards_obtained":["Doubt"]},{"damage_healed":0,"gold_gain":0,"player_choice":"Trade","damage_taken":0,"relics_obtained":["GremlinMask"],"max_hp_gain":0,"max_hp_loss":0,"event_name":"FaceTrader","floor":3,"gold_loss":0},{"damage_healed":0,"gold_gain":75,"player_choice":"Gather Gold","damage_taken":11,"max_hp_gain":0,"max_hp_loss":0,"event_name":"World of Goop","floor":11,"gold_loss":0},{"damage_healed":0,"gold_gain":30,"player_choice":"Searched \u00272\u0027 times","damage_taken":0,"max_hp_gain":0,"max_hp_loss":0,"event_name":"Dead Adventurer","floor":12,"gold_loss":0},{"damage_healed":0,"gold_gain":0,"player_choice":"Forge","damage_taken":0,"max_hp_gain":0,"max_hp_loss":0,"event_name":"Accursed Blacksmith","floor":13,"gold_loss":0,"cards_upgraded":["Malaise"]},{"damage_healed":0,"gold_gain":0,"player_choice":"Became a Ghost","damage_taken":0,"max_hp_gain":0,"max_hp_loss":35,"event_name":"Ghosts","floor":19,"gold_loss":0,"cards_obtained":["Ghostly","Ghostly","Ghostly","Ghostly","Ghostly"]},{"damage_healed":0,"gold_gain":0,"player_choice":"Ignored","damage_taken":0,"max_hp_gain":0,"max_hp_loss":0,"event_name":"Vampires","floor":21,"gold_loss":0}],"is_beta":false,"boss_relics":[{"not_picked":["Astrolabe","Velvet Choker"],"picked":"HoveringKite"}],"items_purged_floors":[8],"is_endless":false,"potions_floor_spawned":[4,6,14],"killed_by":"Gremlin Leader","ascension_level":2}}