{"host":"egwexuw5uvnxf11j","time":1613787270,"event":{"mods":["2.2 Compatiblity","Aspiration","BaseMod","Better Note","Better Sensory Stone","Better Third Choice","Displayed Cursed Tome","Downfall","Hermit","Key Reminder","Koishi","Marisa????????","Minty Spire (QoL Compilation)","Quick Restart","Shade Mod","Spicy Shops","StSLib","The Construct","The Cursed","The Runesmith","The Senshi","The Servant 0.9.4","Transform Curses"],"gold_per_floor":[211,227,227,227,62,87,107,121,174,174,190,200,200,234,234,334,334,351,371,70,86,1,1,13,42,124,124,89,107,107,107,107,204,204,215,234,62,116,116,116,116,135,135,135,135],"floor_reached":44,"language":"ENG","playtime":3218,"items_purged":["Regret"],"score":581,"play_id":"3feb406f-4ca7-4184-8838-4a33c12bf1af","local_time":"20210219211430","is_ascension_mode":true,"campfire_choices":[{"floor":10,"key":"REST"},{"floor":13,"key":"REST"},{"data":"Devotion","floor":15,"key":"SMITH"},{"floor":23,"key":"REST"},{"floor":27,"key":"REST"},{"floor":30,"key":"REST"},{"data":"MasterReality","floor":32,"key":"SMITH"},{"floor":40,"key":"REST"}],"circlet_count":0,"master_deck":["Strike_P","Strike_P","Defend_P","Defend_P","Defend_P+1","Eruption","Vigilance","EmptyFist","EmptyBody+1","Consecrate","Study","Tantrum","TalkToTheHand+1","WindmillStrike","Devotion+1","Adaptation","FlyingSleeves","MasterReality+1","EmptyBody+1","ConjureBlade+1","FollowUp+1","Tantrum","CrushJoints+1","FlyingSleeves","Adaptation","Vengeance","Evaluate","FearNoEvil","MentalFortress+1","Alpha","FlurryOfBlows+1","DeceiveReality","FlurryOfBlows","Pray","Wraith","Worship+1"],"relics":["PureWater","TeardropLocket","Blue Candle","aspiration:FrozenJewel","keyreminder:keyreminder","War Paint","aspiration:DSix","Astrolabe","PreservedInsect","MealTicket","aspiration:AnachronicSnailShell","Slimebound:PreparedRelic","Bottled Tornado","construct:WeddingRing","Anchor","StoneCalendar","CaptainsWheel"],"acts_visited":["Exordium","TheCity","TheBeyond"],"potions_floor_usage":[8,14,21,33,33,36,38],"damage_taken":[{"damage":0,"enemies":"Small Slimes","floor":1,"turns":3},{"damage":0,"enemies":"2 Louse","floor":2,"turns":3},{"damage":26,"enemies":"3 Sentries","floor":6,"turns":8},{"damage":5,"enemies":"Jaw Worm","floor":7,"turns":3},{"damage":4,"enemies":"Blue Slaver","floor":8,"turns":4},{"damage":0,"enemies":"2 Fungi Beasts","floor":11,"turns":2},{"damage":2,"enemies":"Exordium Wildlife","floor":12,"turns":4},{"damage":8,"enemies":"Lagavulin","floor":14,"turns":5},{"damage":8,"enemies":"Slime Boss","floor":16,"turns":7},{"damage":12,"enemies":"3 Byrds","floor":18,"turns":6},{"damage":8,"enemies":"Chosen","floor":19,"turns":3},{"damage":21,"enemies":"Snake Plant","floor":21,"turns":4},{"damage":9,"enemies":"3 Cultists","floor":24,"turns":5},{"damage":32,"enemies":"Book of Stabbing","floor":25,"turns":5},{"damage":15,"enemies":"Snecko","floor":29,"turns":5},{"damage":20,"enemies":"Champ","floor":33,"turns":7},{"damage":14,"enemies":"Orb Walker","floor":35,"turns":5},{"damage":19,"enemies":"3 Darklings","floor":36,"turns":3},{"damage":42,"enemies":"2 Orb Walkers","floor":38,"turns":6},{"damage":28,"enemies":"Maw","floor":42,"turns":6},{"damage":13,"enemies":"Spire Growth","floor":44,"turns":4}],"seed_played":"-5861445466904580320","potions_obtained":[{"floor":1,"key":"BottledMiracle"},{"floor":11,"key":"bronze:BurnAndBuffPotion"},{"floor":12,"key":"BottledMiracle"},{"floor":18,"key":"LiquidBronze"},{"floor":19,"key":"bronze:BurnAndBuffPotion"},{"floor":33,"key":"champ:CounterPotion"},{"floor":36,"key":"champ:CounterPotion"}],"is_trial":false,"path_per_floor":["M","M","?","?","$","E","M","M","T","R","M","M","R","E","R","B",null,"M","M","$","M","?","R","M","E","T","R","$","M","R","?","R","B",null,"M","M","$","?","?","R","?","M","T","M"],"character_chosen":"WATCHER","items_purchased":["Consecrate","Study","FlyingSleeves","PreservedInsect","MealTicket","FearNoEvil","Anchor","FlurryOfBlows"],"campfire_rested":6,"item_purchase_floors":[5,5,20,20,20,28,37,37],"current_hp_per_floor":[72,72,72,67,67,41,36,32,32,53,53,51,72,64,64,56,72,60,52,52,31,31,52,43,11,11,32,47,32,53,72,72,52,72,58,39,54,12,12,33,33,5,5,0,0],"gold":135,"neow_bonus":"HUNDRED_GOLD","is_daily":false,"chose_seed":false,"campfire_upgraded":2,"win_rate":0.0,"timestamp":1613787270,"path_taken":["M","M","?","?","$","E","?","M","T","R","M","M","R","E","R","BOSS","M","M","$","M","?","R","M","E","T","R","$","M","R","?","R","BOSS","M","M","$","?","?","R","?","M","T","M"],"items_purchased_type":["Card","Card","Card","Relic","Relic","Card","Relic","Card"],"build_version":"2020-12-22","purchased_purges":1,"victory":false,"max_hp_per_floor":[72,72,72,72,72,72,72,72,72,72,72,72,72,72,72,72,72,72,72,72,72,72,72,72,72,72,72,72,72,72,72,72,72,72,72,72,72,72,72,72,72,72,72,72,72],"card_choices":[{"not_picked":["Crescendo","CutThroughFate"],"picked":"EmptyFist","floor":1},{"not_picked":["Prostrate","Worship"],"picked":"EmptyBody","floor":2},{"not_picked":["EmptyMind","ClearTheMind"],"picked":"Tantrum","floor":6},{"not_picked":["FollowUp","Weave"],"picked":"TalkToTheHand","floor":7},{"not_picked":["WaveOfTheHand","Nirvana"],"picked":"WindmillStrike","floor":8},{"not_picked":["EmptyBody","CrushJoints"],"picked":"Devotion","floor":11},{"not_picked":["JustLucky","Meditate"],"picked":"Adaptation","floor":12},{"not_picked":["Tantrum","Protect"],"picked":"FlyingSleeves","floor":14},{"not_picked":["Omniscience","DevaForm"],"picked":"MasterReality","floor":16},{"not_picked":["Wireheading+1","Crescendo+1"],"picked":"Tantrum","floor":18},{"not_picked":["Sanctity+1","Consecrate"],"picked":"CrushJoints+1","floor":19},{"not_picked":["Wireheading","CrushJoints"],"picked":"Adaptation","floor":21},{"not_picked":["WaveOfTheHand+1","Evaluate"],"picked":"Vengeance","floor":24},{"not_picked":["Indignation","Crescendo"],"picked":"Evaluate","floor":25},{"not_picked":["WreathOfFlame","BowlingBash"],"picked":"MentalFortress+1","floor":29},{"not_picked":["MasterReality","Wish"],"picked":"Alpha","floor":33},{"not_picked":["Consecrate+1","JustLucky"],"picked":"FlurryOfBlows+1","floor":35},{"not_picked":["Crescendo+1","Wireheading+1"],"picked":"DeceiveReality","floor":36},{"not_picked":["Vengeance","FlyingSleeves"],"picked":"Pray","floor":38},{"not_picked":["Perseverance","SashWhip"],"picked":"Worship+1","floor":42}],"player_experience":2105260,"relics_obtained":[{"floor":6,"key":"aspiration:FrozenJewel"},{"floor":9,"key":"War Paint"},{"floor":14,"key":"aspiration:DSix"},{"floor":25,"key":"Slimebound:PreparedRelic"},{"floor":26,"key":"Bottled Tornado"},{"floor":38,"key":"StoneCalendar"},{"floor":43,"key":"CaptainsWheel"}],"event_choices":[{"damage_healed":0,"gold_gain":0,"player_choice":"Box","damage_taken":0,"relics_obtained":["TeardropLocket"],"max_hp_gain":0,"max_hp_loss":0,"event_name":"Big Fish","floor":3,"gold_loss":0,"cards_obtained":["Regret"]},{"damage_healed":0,"gold_gain":0,"player_choice":"Obtained Relic","damage_taken":0,"relics_obtained":["aspiration:AnachronicSnailShell"],"max_hp_gain":0,"max_hp_loss":0,"event_name":"Addict","floor":22,"gold_loss":85},{"damage_healed":24,"gold_gain":0,"player_choice":"Heal","damage_taken":0,"max_hp_gain":0,"max_hp_loss":0,"event_name":"The Library","floor":31,"gold_loss":0},{"damage_healed":0,"gold_gain":0,"player_choice":"Fight","damage_taken":0,"max_hp_gain":0,"max_hp_loss":0,"event_name":"Mysterious Sphere","floor":38,"gold_loss":0},{"damage_healed":0,"gold_gain":0,"player_choice":"Ignored","damage_taken":0,"max_hp_gain":0,"max_hp_loss":0,"event_name":"OrinTheCat","floor":39,"gold_loss":0},{"damage_healed":0,"gold_gain":0,"player_choice":"Forge","damage_taken":0,"max_hp_gain":0,"max_hp_loss":0,"event_name":"Accursed Blacksmith","floor":41,"gold_loss":0,"cards_upgraded":["TalkToTheHand"]}],"is_beta":false,"boss_relics":[{"not_picked":["aspiration:PoetsPen_weak","Sozu"],"picked":"Astrolabe"},{"not_picked":["Pandora\u0027s Box","Runesmith:UraniumAnvil"],"picked":"construct:WeddingRing"}],"items_purged_floors":[5],"is_endless":false,"potions_floor_spawned":[1,11,12,18,19,33,36],"killed_by":"Spire Growth","ascension_level":4}}