{"host":"ovivighfa421z0zp","time":1613832477,"event":{"mods":["BaseMod","Colored Map","DeckTracker","Keyboard Shortcuts","Minty Spire (QoL Compilation)","Permanent Neow","Quick Restart","Replay The Spire","StSLib","SuperFastMode","The Cursed"],"gold_per_floor":[110,123,198,49,69,69,89,39,109,109,120,120,120,135,135,238,238,252,252,268,278,6,6,39,55,55,66,66,66,42,77,77,175,175,186,199,49,49,69,69,93,93,93,106,106,118,135,33,33,33],"floor_reached":51,"language":"KOR","playtime":2571,"items_purged":["TheCursedMod:Strike_TheCursed","TheCursedMod:VoidForm"],"score":1058,"play_id":"9578eb3e-2696-44c4-bae6-ef8cf5a39b22","local_time":"20210220234757","is_ascension_mode":true,"campfire_choices":[{"data":"TheCursedMod:CleanUpWorkshop","floor":6,"key":"SMITH"},{"data":"TheCursedMod:TacticalStrike","floor":12,"key":"SMITH"},{"data":"TheCursedMod:Strike_TheCursed","floor":15,"key":"PURGE"},{"floor":23,"key":"REST"},{"floor":28,"key":"REST"},{"floor":32,"key":"REST"},{"floor":40,"key":"REST"},{"data":"TheCursedMod:ManaCirculation+1","floor":42,"key":"PURGE"},{"floor":45,"key":"REST"},{"data":"TheCursedMod:Evocation","floor":49,"key":"SMITH"}],"circlet_count":0,"master_deck":["TheCursedMod:CleanUpWorkshop+1","TheCursedMod:Dregs","TheCursedMod:CursedStaff+1","TheCursedMod:CursedBlade+1","TheCursedMod:SpitefulPlan","TheCursedMod:AshesToAshes","TheCursedMod:TacticalStrike+1","TheCursedMod:WearCloak","TheCursedMod:HellsGateOpen","TheCursedMod:CircleOfBlood","TheCursedMod:RapidMovement","Hallucinations","ReplayTheSpireMod:Doomed","CurseOfTheBell","Necronomicurse","TheCursedMod:CursedSpellbook","TheCursedMod:FleshFromBone","TheCursedMod:SpitefulStrike+1","TheCursedMod:CursedAmulet+1","TheCursedMod:Grudge","TheCursedMod:Wield+1","TheCursedMod:ManaBullet+1","TheCursedMod:CursedRelics+1","TheCursedMod:DemonSword+1","TheCursedMod:CursedBoomerang+1","TheCursedMod:SpitefulStrike+1","TheCursedMod:DoubleShield","TheCursedMod:VoidForm","TheCursedMod:Grudge","TheCursedMod:HellsGateOpen+1","TheCursedMod:CursedRelics+1","TheCursedMod:Obscuration","TheCursedMod:ShockAndAwe+1","TheCursedMod:Evocation+1","ReplayTheSpireMod:Private Reserves","TheCursedMod:SpitefulPlan","TheCursedMod:ForbiddenAlchemy","TheCursedMod:RavingStaff+1","TheCursedMod:SpitefulStrike+1"],"relics":["TheCursedMod:BlackMagic101","Incense Burner","Quantum Egg","Replay:Ancient Bell","Art of War","Molten Egg 2","Replay:PocketPolymizer","Necronomicon","Regal Pillow","Gremlin Food","Peace Pipe","Singing Bowl","Akabeko","Honey Jar","Membership Card","Boot","Shuriken","BargainBundle"],"acts_visited":["Exordium","TheCity","TheBeyond"],"potions_floor_usage":[16,18,24,31,33,50,50,50,50,50,50,50,50,50,50,50,50],"damage_taken":[{"damage":7,"enemies":"Small Slimes","floor":1,"turns":4},{"damage":0,"enemies":"2 Louse","floor":2,"turns":3},{"damage":6,"enemies":"Cultist","floor":5,"turns":4},{"damage":6,"enemies":"Exordium Thugs","floor":7,"turns":4},{"damage":6,"enemies":"Red Slaver","floor":11,"turns":4},{"damage":1,"enemies":"Gremlin Gang","floor":14,"turns":4},{"damage":12,"enemies":"Slime Boss","floor":16,"turns":5},{"damage":8,"enemies":"Chosen","floor":18,"turns":5},{"damage":6,"enemies":"Spheric Guardian","floor":20,"turns":3},{"damage":3,"enemies":"Centurion and Healer","floor":21,"turns":7},{"damage":14,"enemies":"Replay:Snechameleon","floor":24,"turns":9},{"damage":25,"enemies":"Cultist and Chosen","floor":25,"turns":5},{"damage":2,"enemies":"Chosen and Byrds","floor":27,"turns":4},{"damage":29,"enemies":"Slavers","floor":31,"turns":4},{"damage":61,"enemies":"Collector","floor":33,"turns":7},{"damage":17,"enemies":"3 Darklings","floor":35,"turns":6},{"damage":22,"enemies":"3 Shapes","floor":36,"turns":3},{"damage":13,"enemies":"Maw","floor":39,"turns":5},{"damage":11,"enemies":"3 Darklings","floor":44,"turns":3},{"damage":0,"enemies":"Spire Growth","floor":46,"turns":2},{"damage":3,"enemies":"Sphere and 2 Shapes","floor":47,"turns":4},{"damage":59,"enemies":"Time Eater","floor":50,"turns":7}],"seed_played":"-8475223425251347561","potions_obtained":[{"floor":7,"key":"CultistPotion"},{"floor":11,"key":"SpeedPotion"},{"floor":13,"key":"Death Potion"},{"floor":13,"key":"SkillPotion"},{"floor":14,"key":"Energy Potion"},{"floor":18,"key":"Block Potion"},{"floor":20,"key":"SpeedPotion"},{"floor":31,"key":"Fire Potion"},{"floor":36,"key":"SpeedPotion"},{"floor":39,"key":"Venom Potion"}],"is_trial":false,"path_per_floor":["M","M","?","$","M","R","M","?","T","?","M","R","?","M","R_BF","B",null,"M","?","M","M","$","R","E","M","T","M","R","T","$","E","R_BF","B",null,"M","M","$","?","M","R","T","R","T","M","R","M","M","$","R","B",null],"character_chosen":"THE_CURSED","items_purchased":["TheCursedMod:SpitefulPlan","TheCursedMod:AshesToAshes","TheCursedMod:SpitefulStrike+1","Regal Pillow","TheCursedMod:Wield+1","Membership Card","BargainBundle","TheCursedMod:Evocation","ReplayTheSpireMod:Private Reserves","TheCursedMod:SpitefulPlan","TheCursedMod:ForbiddenAlchemy","Dexterity Potion","FearPotion","SpeedPotion","TheCursedMod:RavingStaff+1"],"campfire_rested":5,"item_purchase_floors":[4,4,22,22,30,37,48,48,48,48,48,48,48,48,48],"current_hp_per_floor":[61,61,50,50,44,44,38,38,38,38,32,32,32,35,35,25,63,57,41,39,38,38,75,61,40,40,40,75,75,75,50,75,18,61,44,22,22,22,17,55,55,55,55,46,79,81,78,78,78,22],"gold":33,"neow_bonus":"ONE_RARE_RELIC","is_daily":false,"chose_seed":false,"campfire_upgraded":3,"win_rate":0.0,"timestamp":1613832477,"path_taken":["M","M","?","$","M","R","M","?","T","?","M","R","?","M","R_BF","BOSS","M","?","M","M","$","R","E","M","T","M","R","?","$","E","R_BF","BOSS","M","M","$","?","?","R","?","R","T","M","R","M","M","$","R","BOSS"],"items_purchased_type":["Card","Card","Card","Relic","Card","Relic","Relic","Card","Card","Card","Card","Potion","Potion","Potion","Card"],"build_version":"2020-12-22","purchased_purges":2,"victory":true,"max_hp_per_floor":[75,75,75,75,75,75,75,75,75,75,75,75,75,75,75,75,75,75,75,75,75,75,75,75,75,75,75,75,75,75,75,75,75,75,75,75,75,75,77,77,77,77,77,79,79,81,81,81,81,81],"card_choices":[{"not_picked":["TheCursedMod:SmokeScreen","TheCursedMod:Wield"],"picked":"TheCursedMod:CursedStaff","floor":1},{"not_picked":["TheCursedMod:ReleasedKnowledge","TheCursedMod:CursedStaff"],"picked":"TheCursedMod:CursedBlade","floor":2},{"not_picked":["TheCursedMod:Obscuration","TheCursedMod:VitalStrike"],"picked":"TheCursedMod:TacticalStrike","floor":5},{"not_picked":["TheCursedMod:TacticalStrike","TheCursedMod:CursedShiv"],"picked":"TheCursedMod:WearCloak","floor":7},{"not_picked":["TheCursedMod:SurpriseAttack","TheCursedMod:Stigma"],"picked":"TheCursedMod:CircleOfBlood","floor":11},{"not_picked":["TheCursedMod:BloodBarrier","TheCursedMod:EmpowerCircles"],"picked":"TheCursedMod:RapidMovement","floor":14},{"not_picked":["AbeCurse","ReplayTheSpireMod:Faulty Equipment"],"picked":"Hallucinations","floor":17},{"not_picked":["Voices","ReplayTheSpireMod:Faulty Equipment"],"picked":"ReplayTheSpireMod:Doomed","floor":17},{"not_picked":["Pain","Normality"],"picked":"CurseOfTheBell","floor":17},{"not_picked":["TheCursedMod:SurpriseAttack+1","TheCursedMod:CircleOfFocus","TheCursedMod:OutForBlood"],"picked":"SKIP","floor":18},{"not_picked":["TheCursedMod:CircleOfCorruption+1","TheCursedMod:CursedMace+1"],"picked":"TheCursedMod:CursedSpellbook","floor":20},{"not_picked":["TheCursedMod:SmokeScreen","TheCursedMod:BloodBarrier"],"picked":"TheCursedMod:FleshFromBone","floor":21},{"not_picked":["TheCursedMod:SmokeScreen","TheCursedMod:Stretching","TheCursedMod:CursedArmor"],"picked":"SKIP","floor":24},{"not_picked":["TheCursedMod:Stretching","TheCursedMod:CircleOfFlame+1"],"picked":"TheCursedMod:CursedAmulet+1","floor":25},{"not_picked":["TheCursedMod:SaltUponWound","TheCursedMod:ManaCirculation"],"picked":"TheCursedMod:Grudge","floor":27},{"not_picked":["TheCursedMod:Wield+1","TheCursedMod:FleshFromBone"],"picked":"TheCursedMod:ManaBullet+1","floor":31},{"not_picked":["TheCursedMod:ManaCirculation","TheCursedMod:VoidForm"],"picked":"TheCursedMod:DemonSword+1","floor":33},{"not_picked":["TheCursedMod:WearCloak","TheCursedMod:SurpriseAttack+1","TheCursedMod:ManaBullet+1"],"picked":"TheCursedMod:CursedBoomerang+1","floor":35},{"not_picked":["TheCursedMod:PrepareRite","TheCursedMod:CursedShiv+1","TheCursedMod:CircleOfCorruption"],"picked":"TheCursedMod:SpitefulStrike+1","floor":36},{"not_picked":["TheCursedMod:SmokeScreen","TheCursedMod:BloodBarrier+1","TheCursedMod:DoubleShield","TheCursedMod:SpitefulStrike+1"],"picked":"Singing Bowl","floor":39},{"not_picked":["TheCursedMod:HellsGateOpen+1","TheCursedMod:Mangle+1","TheCursedMod:FleshFromBone+1","TheCursedMod:VitalStrike+1"],"picked":"Singing Bowl","floor":44},{"not_picked":["TheCursedMod:TacticalStrike+1","TheCursedMod:Obscuration","TheCursedMod:CursedBlade+1","TheCursedMod:DoubleShield"],"picked":"Singing Bowl","floor":46},{"not_picked":["TheCursedMod:SurpriseAttack+1","TheCursedMod:CursedBoomerang+1","TheCursedMod:HellfireBreathing+1"],"picked":"TheCursedMod:ShockAndAwe+1","floor":47}],"player_experience":760854,"relics_obtained":[{"floor":9,"key":"Quantum Egg"},{"floor":19,"key":"Necronomicon"},{"floor":24,"key":"Gremlin Food"},{"floor":26,"key":"Peace Pipe"},{"floor":29,"key":"Singing Bowl"},{"floor":31,"key":"Akabeko"},{"floor":41,"key":"Boot"},{"floor":43,"key":"Shuriken"}],"event_choices":[{"damage_healed":0,"gold_gain":75,"player_choice":"Gather Gold","damage_taken":11,"max_hp_gain":0,"max_hp_loss":0,"event_name":"World of Goop","floor":3,"gold_loss":0},{"cards_removed":["Strike_R"],"damage_healed":0,"gold_gain":0,"player_choice":"Card Removal","damage_taken":0,"max_hp_gain":0,"max_hp_loss":0,"event_name":"The Cleric","floor":8,"gold_loss":50},{"damage_healed":0,"gold_gain":0,"cards_transformed":["TheCursedMod:Defend_TheCursed"],"player_choice":"Change","damage_taken":0,"max_hp_gain":0,"max_hp_loss":0,"event_name":"Living Wall","floor":10,"gold_loss":0,"cards_obtained":["TheCursedMod:HellsGateOpen"]},{"damage_healed":0,"gold_gain":0,"player_choice":"Got Potions","damage_taken":0,"max_hp_gain":0,"max_hp_loss":0,"event_name":"Lab","floor":13,"gold_loss":0},{"damage_healed":0,"gold_gain":0,"player_choice":"Obtained Book","damage_taken":16,"max_hp_gain":0,"max_hp_loss":0,"event_name":"Cursed Tome","floor":19,"gold_loss":0},{"damage_healed":0,"gold_gain":0,"player_choice":"Ignored","damage_taken":0,"max_hp_gain":0,"max_hp_loss":0,"event_name":"SecretPortal","floor":38,"gold_loss":0}],"is_beta":false,"boss_relics":[{"not_picked":["Runic Pyramid","Tiny House"],"picked":"Replay:Ancient Bell"},{"not_picked":["Pen Nib","Nunchaku"],"picked":"Art of War"},{"not_picked":["Replay:Accelerometer","Ornamental Fan"],"picked":"Molten Egg 2"},{"not_picked":["Lizard Tail","Replay:Towering Pillar of Hats"],"picked":"Replay:PocketPolymizer"},{"not_picked":["Snecko Eye","TheCursedMod:BlackMagicAdvanced"],"picked":"Honey Jar"}],"items_purged_floors":[22,48],"is_endless":false,"potions_floor_spawned":[7,11,14,18,20,31,36,39],"ascension_level":6}}