{"host":"a9gsz7kv8aebwp1f","time":1613808347,"event":{"mods":["AchievementEnabler","BaseMod","Minty Spire (QoL Compilation)"],"gold_per_floor":[112,112,131,142,142,142,157,167,192,172,184,196,39,57,57,160,160,173,173,189,203,68,68,85,97,97,109,109,109],"floor_reached":28,"language":"KOR","playtime":1599,"items_purged":[],"score":349,"play_id":"7c0dc3fc-5596-4099-b0b9-b0f868c23926","local_time":"20210220170547","is_ascension_mode":true,"campfire_choices":[{"data":"Dualcast","floor":6,"key":"SMITH"},{"floor":15,"key":"REST"},{"floor":23,"key":"REST"}],"circlet_count":0,"master_deck":["AscendersBane","Strike_B","Strike_B","Strike_B","Strike_B","Defend_B","Defend_B","Defend_B","Defend_B","Zap","Dualcast+1","Forethought+1","Coolheaded","Gash","Skim","Turbo","Stack","Electrodynamics","Blizzard","Scrape","Echo Form","Gash","Coolheaded","Compile Driver","Sunder","Hologram","Reinforced Body","Gash","Auto Shields"],"relics":["Cracked Core","Potion Belt","Oddly Smooth Stone","ClockworkSouvenir","SacredBark","Eternal Feather"],"acts_visited":["Exordium","TheCity"],"potions_floor_usage":[16,16,20,21,24,24,24,24,24,24,25,25,25,27,27,27],"damage_taken":[{"damage":0,"enemies":"Small Slimes","floor":1,"turns":2},{"damage":0,"enemies":"Cultist","floor":3,"turns":4},{"damage":0,"enemies":"2 Louse","floor":4,"turns":2},{"damage":14,"enemies":"Blue Slaver","floor":7,"turns":4},{"damage":7,"enemies":"2 Fungi Beasts","floor":8,"turns":3},{"damage":22,"enemies":"Lots of Slimes","floor":11,"turns":7},{"damage":16,"enemies":"Exordium Wildlife","floor":12,"turns":2},{"damage":0,"enemies":"Large Slime","floor":14,"turns":5},{"damage":13,"enemies":"Hexaghost","floor":16,"turns":14},{"damage":37,"enemies":"3 Byrds","floor":18,"turns":5},{"damage":0,"enemies":"2 Thieves","floor":20,"turns":4},{"damage":12,"enemies":"Snake Plant","floor":21,"turns":5},{"damage":21,"enemies":"Centurion and Healer","floor":24,"turns":8},{"damage":0,"enemies":"Chosen and Byrds","floor":25,"turns":6},{"damage":6,"enemies":"3 Cultists","floor":27,"turns":5},{"damage":12,"enemies":"Sentry and Sphere","floor":28,"turns":9}],"seed_played":"-3809637019525368530","potions_obtained":[{"floor":4,"key":"FocusPotion"},{"floor":7,"key":"SpeedPotion"},{"floor":10,"key":"SneckoOil"},{"floor":11,"key":"DuplicationPotion"},{"floor":12,"key":"Regen Potion"},{"floor":16,"key":"PotionOfCapacity"},{"floor":18,"key":"BlessingOfTheForge"},{"floor":19,"key":"EntropicBrew"},{"floor":20,"key":"Dexterity Potion"}],"is_trial":false,"path_per_floor":["M","?","M","M","?","R","M","M","T","?","M","M","$","M","R","B",null,"M","?","M","M","$","R","M","M","T","M","M"],"character_chosen":"DEFECT","items_purchased":["ClockworkSouvenir","Sunder","Fire Potion","Hologram"],"campfire_rested":2,"item_purchase_floors":[13,22,22,22],"current_hp_per_floor":[68,68,68,68,68,68,54,47,47,47,25,9,9,9,31,33,65,28,28,28,16,16,38,17,17,17,11,0,0],"gold":109,"neow_bonus":"RANDOM_COLORLESS","is_daily":false,"chose_seed":false,"campfire_upgraded":1,"win_rate":0.0,"timestamp":1613808347,"path_taken":["M","?","M","M","?","R","M","?","T","?","M","M","$","M","R","BOSS","M","?","M","?","$","R","M","M","T","M","?"],"items_purchased_type":["Relic","Card","Potion","Card"],"build_version":"2020-12-22","purchased_purges":0,"victory":false,"max_hp_per_floor":[75,75,75,75,75,75,75,75,75,75,75,75,75,75,75,75,75,75,75,75,75,75,75,75,75,75,75,75,75],"card_choices":[{"not_picked":["Jack Of All Trades","Madness"],"picked":"Forethought","floor":0},{"not_picked":["Go for the Eyes","Barrage"],"picked":"Coolheaded","floor":1},{"not_picked":["Tempest","Cold Snap"],"picked":"Gash","floor":3},{"not_picked":["Beam Cell","Ball Lightning"],"picked":"Skim","floor":4},{"not_picked":["Skim","Aggregate"],"picked":"Turbo","floor":7},{"not_picked":["Reinforced Body","Steam"],"picked":"Stack","floor":8},{"not_picked":["Go for the Eyes","Compile Driver"],"picked":"Electrodynamics","floor":11},{"not_picked":["Ball Lightning","Hologram"],"picked":"Blizzard","floor":12},{"not_picked":["Skim","Compile Driver"],"picked":"Scrape","floor":14},{"not_picked":["Fission","Reboot"],"picked":"Echo Form","floor":16},{"not_picked":["Sunder","Reinforced Body+1"],"picked":"Gash","floor":18},{"not_picked":["Sweeping Beam","Barrage+1"],"picked":"Coolheaded","floor":20},{"not_picked":["Turbo","Ball Lightning"],"picked":"Compile Driver","floor":21},{"not_picked":["Static Discharge","Sweeping Beam"],"picked":"Reinforced Body","floor":24},{"not_picked":["Capacitor","Seek"],"picked":"Gash","floor":25},{"not_picked":["Skim","Stack"],"picked":"Auto Shields","floor":27}],"player_experience":469238,"relics_obtained":[{"floor":9,"key":"Oddly Smooth Stone"},{"floor":26,"key":"Eternal Feather"}],"event_choices":[{"damage_healed":0,"gold_gain":0,"player_choice":"Grow","damage_taken":0,"max_hp_gain":0,"max_hp_loss":0,"event_name":"Living Wall","floor":2,"gold_loss":0,"cards_upgraded":["Forethought"]},{"damage_healed":0,"gold_gain":0,"player_choice":"Gave Potion","damage_taken":0,"relics_obtained":["Potion Belt"],"max_hp_gain":0,"max_hp_loss":0,"event_name":"WeMeetAgain","floor":5,"gold_loss":0},{"damage_healed":0,"gold_gain":0,"player_choice":"Bought 1 Potion","damage_taken":0,"max_hp_gain":0,"max_hp_loss":0,"event_name":"The Woman in Blue","floor":10,"gold_loss":0},{"damage_healed":0,"gold_gain":0,"player_choice":"Got Potions","damage_taken":0,"max_hp_gain":0,"max_hp_loss":0,"event_name":"Lab","floor":19,"gold_loss":0}],"is_beta":false,"boss_relics":[{"not_picked":["Empty Cage","Sozu"],"picked":"SacredBark"}],"items_purged_floors":[],"is_endless":false,"potions_floor_spawned":[4,7,11,12,16,18,20],"killed_by":"Sentry and Sphere","ascension_level":12}}