{"host":"z37g2hkgkh2zjyzk","time":1613789648,"event":{"mods":["2.2 Compatiblity","AchievementEnabler","BaseMod","Bestiary","Colored Map","Colored Powertips","Curses Come First","Keyboard Shortcuts","Minty Spire (QoL Compilation)","Relic Stats","StSLib","SuperFastMode"],"gold_per_floor":[212,230,19,19,38,38,53,66,66,81,81,101,101,127,127,230,230,249,261,14,28,28,28,28,28],"floor_reached":24,"language":"ENG","playtime":1871,"items_purged":["Strike_B"],"score":230,"play_id":"a5d26db2-0f8a-4875-8810-a9d08c2b9bce","local_time":"20210220035408","is_ascension_mode":true,"campfire_choices":[{"data":"Dualcast","floor":6,"key":"SMITH"},{"data":"Fusion","floor":11,"key":"SMITH"},{"data":"Reprogram","floor":13,"key":"SMITH"},{"data":"Go for the Eyes","floor":15,"key":"SMITH"},{"floor":23,"key":"REST"}],"circlet_count":0,"master_deck":["Strike_B","Strike_B","Strike_B","Defend_B","Defend_B","Defend_B","Defend_B","Zap","Dualcast+1","Go for the Eyes+1","Fusion+1","Scrape","Reprogram+1","Beam Cell","Redo","Loop","All For One","FTL"],"relics":["Cracked Core","Bottled Lightning","Nuclear Battery","Kunai"],"acts_visited":["Exordium","TheCity"],"potions_floor_usage":[12,12,14,16,16],"damage_taken":[{"damage":3,"enemies":"2 Louse","floor":1,"turns":4},{"damage":0,"enemies":"Cultist","floor":2,"turns":3},{"damage":7,"enemies":"Small Slimes","floor":5,"turns":2},{"damage":8,"enemies":"Blue Slaver","floor":7,"turns":3},{"damage":2,"enemies":"Exordium Thugs","floor":8,"turns":3},{"damage":2,"enemies":"Large Slime","floor":10,"turns":5},{"damage":1,"enemies":"2 Fungi Beasts","floor":12,"turns":3},{"damage":36,"enemies":"Gremlin Nob","floor":14,"turns":5},{"damage":16,"enemies":"The Guardian","floor":16,"turns":10},{"damage":12,"enemies":"Chosen","floor":18,"turns":5},{"damage":23,"enemies":"3 Byrds","floor":19,"turns":7},{"damage":30,"enemies":"Shelled Parasite and Fungi","floor":21,"turns":8},{"damage":42,"enemies":"Slavers","floor":24,"turns":3}],"seed_played":"-1704533292526830198","potions_obtained":[{"floor":2,"key":"LiquidBronze"},{"floor":4,"key":"DuplicationPotion"},{"floor":4,"key":"Regen Potion"},{"floor":4,"key":"GamblersBrew"},{"floor":5,"key":"FocusPotion"},{"floor":12,"key":"Fruit Juice"},{"floor":14,"key":"Dexterity Potion"}],"is_trial":false,"path_per_floor":["M","M","$","?","M","R","M","M","T","M","R","M","R","E","R","B",null,"M","M","$","M","$","R","E"],"character_chosen":"DEFECT","items_purchased":["Scrape","Reprogram","Kunai"],"campfire_rested":1,"item_purchase_floors":[3,3,20],"current_hp_per_floor":[72,72,72,72,65,65,57,55,55,53,53,57,57,33,33,17,80,68,45,45,15,15,39,0,0],"gold":28,"neow_bonus":"HUNDRED_GOLD","is_daily":false,"chose_seed":false,"campfire_upgraded":4,"win_rate":0.0,"timestamp":1613789648,"path_taken":["M","M","$","?","?","R","M","?","T","M","R","M","R","E","R","BOSS","M","M","$","M","$","R","E"],"items_purchased_type":["Card","Card","Relic"],"build_version":"2020-12-22","purchased_purges":1,"victory":false,"max_hp_per_floor":[75,75,75,75,75,75,75,75,75,75,75,80,80,80,80,80,80,80,80,80,80,80,80,80,80],"relic_stats":{"counters":[13,61],"Kunai":[4],"obtain_stats":[{"Bottled Lightning":14,"Kunai":20,"Cracked Core":0,"Nuclear Battery":17},{"Bottled Lightning":8,"Kunai":11,"Cracked Core":0,"Nuclear Battery":9},{"Bottled Lightning":28,"Kunai":50,"Cracked Core":0,"Nuclear Battery":38}]},"card_choices":[{"not_picked":["Barrage","Stack"],"picked":"Go for the Eyes","floor":1},{"not_picked":["Hologram","Go for the Eyes"],"picked":"Fusion","floor":2},{"not_picked":["Rebound","Steam"],"picked":"Beam Cell","floor":5},{"not_picked":["BootSequence","Hologram","Glacier"],"picked":"SKIP","floor":7},{"not_picked":["Force Field","Sunder"],"picked":"Redo","floor":8},{"not_picked":["Sweeping Beam","Genetic Algorithm"],"picked":"Loop","floor":10},{"not_picked":["Hologram","Loop","Beam Cell"],"picked":"SKIP","floor":12},{"not_picked":["Stack","Recycle","Rebound"],"picked":"SKIP","floor":14},{"not_picked":["Seek","Buffer"],"picked":"All For One","floor":16},{"not_picked":["Coolheaded","Hologram","Go for the Eyes"],"picked":"SKIP","floor":18},{"not_picked":["Darkness","Sweeping Beam"],"picked":"FTL","floor":19},{"not_picked":["Leap","BootSequence","Rebound"],"picked":"SKIP","floor":21}],"player_experience":140142,"relics_obtained":[{"floor":14,"key":"Bottled Lightning"}],"event_choices":[{"damage_healed":0,"gold_gain":0,"player_choice":"Got Potions","damage_taken":0,"max_hp_gain":0,"max_hp_loss":0,"event_name":"Lab","floor":4,"gold_loss":0}],"is_beta":false,"boss_relics":[{"not_picked":["Runic Dome","Ectoplasm"],"picked":"Nuclear Battery"}],"items_purged_floors":[3],"is_endless":false,"potions_floor_spawned":[2,5,12,14],"killed_by":"Slavers","ascension_level":3}}