{"host":"a3wpq7kyokchzawk","time":1613851397,"event":{"mods":["BaseMod","Colored Map","Highlight Path","Minty Spire (QoL Compilation)","Permanent Neow","Potion Indicator Mod","Relic Stats","Weighted Paths"],"gold_per_floor":[110,110,110,130,146,146,173,189,236,236,236,275,294,333,333,333,333],"floor_reached":16,"language":"ENG","playtime":2999,"items_purged":[],"score":240,"play_id":"078bcdaf-f561-4115-8b75-295c41799091","local_time":"20210220180317","is_ascension_mode":true,"campfire_choices":[{"data":"Bash","floor":6,"key":"SMITH"},{"data":"Battle Trance","floor":15,"key":"SMITH"}],"circlet_count":0,"master_deck":["AscendersBane","Strike_R","Strike_R","Strike_R","Strike_R","Defend_R","Defend_R","Defend_R","Defend_R","Bash+1","Dark Shackles","Armaments+1","Shrug It Off","Headbutt","Shockwave","Battle Trance+1","Dark Embrace","Offering","Metallicize"],"relics":["Burning Blood","Sundial","Tiny Chest","Golden Idol","Strawberry","Question Card"],"acts_visited":["Exordium"],"potions_floor_usage":[7,14],"damage_taken":[{"damage":8,"enemies":"Cultist","floor":1,"turns":5},{"damage":1,"enemies":"2 Louse","floor":4,"turns":4},{"damage":3,"enemies":"Small Slimes","floor":5,"turns":5},{"damage":37,"enemies":"3 Sentries","floor":7,"turns":13},{"damage":7,"enemies":"3 Louse","floor":8,"turns":5},{"damage":29,"enemies":"Gremlin Nob","floor":12,"turns":4},{"damage":2,"enemies":"Blue Slaver","floor":13,"turns":5},{"damage":31,"enemies":"3 Sentries","floor":14,"turns":10},{"damage":65,"enemies":"Hexaghost","floor":16,"turns":11}],"seed_played":"-5079743191728737708","potions_obtained":[{"floor":4,"key":"Explosive Potion"},{"floor":7,"key":"SpeedPotion"},{"floor":8,"key":"FairyPotion"},{"floor":14,"key":"BloodPotion"}],"is_trial":false,"path_per_floor":["M","?","?","M","M","R","E","M","T","?","?","E","M","E","R","B"],"character_chosen":"IRONCLAD","items_purchased":[],"campfire_rested":0,"item_purchase_floors":[],"current_hp_per_floor":[66,59,59,64,67,67,36,35,35,60,60,44,48,38,38,0,0],"gold":333,"neow_bonus":"RANDOM_COLORLESS","is_daily":false,"chose_seed":false,"campfire_upgraded":2,"win_rate":0.0,"timestamp":1613851397,"path_taken":["M","?","?","M","M","R","E","M","T","?","?","E","M","E","R","BOSS"],"items_purchased_type":[],"build_version":"2020-12-22","purchased_purges":0,"victory":false,"max_hp_per_floor":[75,75,75,75,75,75,75,75,75,75,68,75,75,75,75,75,75],"relic_stats":{"counters":[9,62],"Sundial":[8],"Golden Idol":20,"Tiny Chest":0,"Question Card":0,"obtain_stats":[{"Sundial":7,"Golden Idol":11,"Strawberry":12,"Tiny Chest":9,"Question Card":14,"Burning Blood":0},{"Sundial":4,"Golden Idol":5,"Strawberry":6,"Tiny Chest":5,"Question Card":8,"Burning Blood":0},{"Sundial":27,"Golden Idol":32,"Strawberry":36,"Tiny Chest":32,"Question Card":51,"Burning Blood":0}],"Burning Blood":48},"card_choices":[{"not_picked":["Panacea","Discovery"],"picked":"Dark Shackles","floor":0.0},{"not_picked":["Second Wind","Thunderclap"],"picked":"Armaments","floor":1},{"not_picked":["Reckless Charge","Clash"],"picked":"Shrug It Off","floor":4},{"not_picked":["Iron Wave","Rupture"],"picked":"Headbutt","floor":5},{"not_picked":["Evolve","Ghostly Armor"],"picked":"Shockwave","floor":7},{"not_picked":["Sword Boomerang","True Grit"],"picked":"Battle Trance","floor":8},{"not_picked":["Clothesline","Seeing Red"],"picked":"Dark Embrace","floor":12},{"not_picked":["Anger","Twin Strike"],"picked":"Offering","floor":13},{"not_picked":["Headbutt","Shockwave"],"picked":"Metallicize","floor":14}],"player_experience":2825216,"relics_obtained":[{"floor":7,"key":"Sundial"},{"floor":9,"key":"Tiny Chest"},{"floor":12,"key":"Strawberry"},{"floor":14,"key":"Question Card"}],"event_choices":[{"cards_removed":["Strike_R"],"damage_healed":0,"gold_gain":0,"player_choice":"Card Removal","damage_taken":7,"max_hp_gain":0,"max_hp_loss":0,"event_name":"Golden Wing","floor":2,"gold_loss":0},{"damage_healed":0,"gold_gain":0,"player_choice":"Grow","damage_taken":0,"max_hp_gain":0,"max_hp_loss":0,"event_name":"Living Wall","floor":3,"gold_loss":0,"cards_upgraded":["Armaments"]},{"damage_healed":25,"gold_gain":0,"player_choice":"Banana","damage_taken":0,"max_hp_gain":0,"max_hp_loss":0,"event_name":"Big Fish","floor":10,"gold_loss":0},{"damage_healed":0,"gold_gain":0,"player_choice":"Lose Max HP","damage_taken":0,"relics_obtained":["Golden Idol"],"max_hp_gain":0,"max_hp_loss":7,"event_name":"Golden Idol","floor":11,"gold_loss":0}],"is_beta":false,"boss_relics":[],"items_purged_floors":[],"is_endless":false,"potions_floor_spawned":[4,7,8,12,14],"killed_by":"Hexaghost","ascension_level":20}}