{"host":"ydh61a5ftgdajrbo","time":1613834357,"event":{"mods":["BaseMod","Colored Map","Colored Powertips","DeckTracker","Downfall","Hermit","Koishi","Minty Spire (QoL Compilation)","Prisma Mod","Relic Stats","Spire Arcade","StSLib","SuperFastMode","The Cursed","The Jungle","The Mystic","The Runesmith","The Senshi","The Servant 0.9.4"],"gold_per_floor":[116,266,284,308,323,357,357,385,385,139,139,149,149,166,166,240,240,254,267,267,278,428,428,453,453,453,453,469,281,306,324,324,401,401,419,419,433,433,433,466,481,481,481],"floor_reached":42,"language":"ZHS","playtime":1826,"items_purged":["Doubt","Defend_G"],"score":1027,"play_id":"f125b128-9dd5-42db-85ab-8d54b1cf9b13","local_time":"20210220231917","is_ascension_mode":true,"campfire_choices":[{"data":"Dagger Spray","floor":7.0,"key":"SMITH"},{"data":"Escape Plan","floor":11.0,"key":"SMITH"},{"data":"Terror","floor":13.0,"key":"SMITH"},{"data":"Deflect","floor":15.0,"key":"SMITH"},{"floor":23.0,"key":"REST"},{"floor":25.0,"key":"REST"},{"floor":27.0,"key":"REST"},{"floor":32.0,"key":"REST"}],"circlet_count":0,"master_deck":["AscendersBane","Strike_G","Strike_G","Strike_G","Strike_G","Defend_G","Defend_G","Defend_G","Defend_G","Survivor+1","Neutralize","Escape Plan+1","Dagger Spray+1","Crippling Poison","Blade Dance+1","Terror+1","Deflect+1","After Image","Blade Dance","PiercingWail","Quick Slash","Flying Knee","Bullet Time","Cloak And Dagger","Finisher","Blade Dance","Adrenaline","Backflip","Terror","Good Instincts","Deflect"],"relics":["expansioncontent:StudyCardRelic","bronze:BronzeIdol","Gremlin Horn","MealTicket","War Paint","Oddly Smooth Stone","Black Star","Peace Pipe","Omamori","hexamod:CandleOfCauterizing","theSenshi:SuperSailorFukuRelic","StrikeDummy","bronze:MakeshiftBattery","Happy Flower","Sundial"],"acts_visited":["Exordium","TheCity","TheBeyond"],"potions_floor_usage":[],"damage_taken":[{"damage":0.0,"enemies":"Cultist","floor":1.0,"turns":3.0},{"damage":9.0,"enemies":"Jaw Worm","floor":3.0,"turns":3.0},{"damage":0.0,"enemies":"2 Louse","floor":5.0,"turns":3.0},{"damage":0.0,"enemies":"3 Sentries","floor":6.0,"turns":3.0},{"damage":32.0,"enemies":"Lagavulin","floor":8.0,"turns":6.0},{"damage":0.0,"enemies":"Lots of Slimes","floor":12.0,"turns":3.0},{"damage":4.0,"enemies":"Exordium Thugs","floor":14.0,"turns":2.0},{"damage":30.0,"enemies":"Hexaghost","floor":16.0,"turns":10.0},{"damage":6.0,"enemies":"2 Thieves","floor":18.0,"turns":4.0},{"damage":15.0,"enemies":"Shell Parasite","floor":19.0,"turns":5.0},{"damage":11.0,"enemies":"Centurion and Healer","floor":21.0,"turns":6.0},{"damage":24.0,"enemies":"Slavers","floor":24.0,"turns":7.0},{"damage":10.0,"enemies":"Sentry and Sphere","floor":28.0,"turns":4.0},{"damage":27.0,"enemies":"Book of Stabbing","floor":30.0,"turns":5.0},{"damage":0.0,"enemies":"Cultist and Chosen","floor":31.0,"turns":4.0},{"damage":61.0,"enemies":"Collector","floor":33.0,"turns":8.0},{"damage":3.0,"enemies":"Orb Walker","floor":35.0,"turns":3.0},{"damage":0,"enemies":"3 Darklings","floor":37,"turns":6},{"damage":33,"enemies":"Nemesis","floor":40,"turns":9},{"damage":0,"enemies":"Spire Growth","floor":41,"turns":4},{"damage":10,"enemies":"Giant Head","floor":42,"turns":5}],"seed_played":"5000086480022791059","potions_obtained":[{"floor":1.0,"key":"Regen Potion"},{"floor":6.0,"key":"FairyPotion"},{"floor":8.0,"key":"Block Potion"},{"floor":24.0,"key":"ColorlessPotion"},{"floor":33.0,"key":"Poison Potion"},{"floor":40,"key":"Fire Potion"}],"is_trial":false,"path_per_floor":["M","?","M","T","M","E","R","E","T","$","R","M","R","M","R","B",null,"M","M","?","M","?","R","E","R","T","R","M","$","E","M","R","B",null,"M","?","M","?","?","E","M","E"],"character_chosen":"THE_SILENT","items_purchased":["Oddly Smooth Stone","Finisher"],"campfire_rested":4,"item_purchase_floors":[10,29],"current_hp_per_floor":[59,59,50,50,50,50,50,33,33,48,48,48,48,44,44,14,53,47,32,32,21,21,40,16,35,35,54,44,59,32,32,51,19,54,51,51,51,51,51,18,18,8,8],"gold":481,"neow_bonus":"BOSS_RELIC","is_daily":false,"chose_seed":false,"campfire_upgraded":4,"win_rate":0.0,"timestamp":1613834357,"path_taken":["M","?","M","?","M","E","R","E","T","$","R","M","R","M","R","BOSS","M","M","?","?","?","R","E","R","T","R","M","$","E","M","R","BOSS","M","?","M","?","?","E","M","E"],"items_purchased_type":["Relic","Card"],"build_version":"2020-12-22","purchased_purges":2,"victory":false,"max_hp_per_floor":[66,66,66,66,66,66,66,66,66,66,66,66,66,66,66,66,66,66,66,66,66,66,66,66,66,66,66,66,66,66,66,66,66,66,66,66,66,66,66,66,66,66,66],"relic_stats":{"Peace Pipe":0,"Gremlin Horn":[19,20],"Happy Flower":[3],"counters":[21,103],"Sundial":[0],"MealTicket":30,"Black Star":3,"War Paint":["Blade Dance","Survivor"],"obtain_stats":[{"hexamod:CandleOfCauterizing":26,"theSenshi:SuperSailorFukuRelic":30,"Gremlin Horn":6,"Happy Flower":40,"Oddly Smooth Stone":10,"expansioncontent:StudyCardRelic":0,"Omamori":24,"War Paint":9,"bronze:BronzeIdol":4,"Peace Pipe":24,"Sundial":40,"MealTicket":8,"Black Star":17,"StrikeDummy":30,"bronze:MakeshiftBattery":34,"Ring of the Snake":0},{"hexamod:CandleOfCauterizing":12,"theSenshi:SuperSailorFukuRelic":14,"Gremlin Horn":4,"Happy Flower":19,"Oddly Smooth Stone":5,"expansioncontent:StudyCardRelic":0,"Omamori":12,"War Paint":5,"bronze:BronzeIdol":2,"Peace Pipe":12,"Sundial":19,"MealTicket":5,"Black Star":8,"StrikeDummy":14,"bronze:MakeshiftBattery":16,"Ring of the Snake":0},{"hexamod:CandleOfCauterizing":55,"theSenshi:SuperSailorFukuRelic":64,"Gremlin Horn":12,"Happy Flower":94,"Oddly Smooth Stone":18,"expansioncontent:StudyCardRelic":0,"Omamori":55,"War Paint":18,"bronze:BronzeIdol":6,"Peace Pipe":55,"Sundial":94,"MealTicket":18,"Black Star":33,"StrikeDummy":64,"bronze:MakeshiftBattery":76,"Ring of the Snake":0}]},"card_choices":[{"not_picked":["Heel Hook","Dagger Throw"],"picked":"Backstab","floor":1.0},{"not_picked":["Flying Knee","PiercingWail"],"picked":"Escape Plan","floor":3.0},{"not_picked":["Crippling Poison","Deflect"],"picked":"Dagger Spray","floor":5.0},{"not_picked":["Cloak And Dagger","Heel Hook"],"picked":"Crippling Poison","floor":6.0},{"not_picked":["Doppelganger","Cloak And Dagger"],"picked":"Blade Dance","floor":8.0},{"not_picked":["Deadly Poison","Deflect"],"picked":"Terror","floor":12.0},{"not_picked":["Poisoned Stab","Slice"],"picked":"Deflect","floor":14.0},{"not_picked":["Grand Finale","Envenom"],"picked":"After Image","floor":16.0},{"not_picked":["Outmaneuver","Setup"],"picked":"Blade Dance","floor":18.0},{"not_picked":["Riddle With Holes","Deadly Poison+1"],"picked":"PiercingWail","floor":19.0},{"not_picked":["Dagger Spray","PiercingWail"],"picked":"Flying Knee","floor":21.0},{"not_picked":["Bane","Tactician"],"picked":"Bullet Time","floor":24.0},{"not_picked":["Slice","Dodge and Roll"],"picked":"Cloak And Dagger","floor":28.0},{"not_picked":["Masterful Stab","Expertise+1","Acrobatics"],"picked":"SKIP","floor":30.0},{"not_picked":["Flying Knee","Dagger Spray"],"picked":"Blade Dance","floor":31.0},{"not_picked":["Glass Knife","Envenom"],"picked":"Adrenaline","floor":33.0},{"not_picked":["Deflect","Sucker Punch+1"],"picked":"Backflip","floor":35.0},{"not_picked":["Finisher","Outmaneuver"],"picked":"Terror","floor":37},{"not_picked":["Mind Blast","Jack Of All Trades"],"picked":"Good Instincts","floor":38},{"not_picked":["Expertise+1","Outmaneuver","Deadly Poison"],"picked":"SKIP","floor":40},{"not_picked":["Calculated Gamble","Outmaneuver"],"picked":"Deflect","floor":41}],"player_experience":414973,"relics_obtained":[{"floor":4.0,"key":"bronze:BronzeIdol"},{"floor":6.0,"key":"Gremlin Horn"},{"floor":8.0,"key":"MealTicket"},{"floor":9.0,"key":"War Paint"},{"floor":24.0,"key":"Peace Pipe"},{"floor":24.0,"key":"Omamori"},{"floor":26.0,"key":"hexamod:CandleOfCauterizing"},{"floor":30.0,"key":"theSenshi:SuperSailorFukuRelic"},{"floor":30.0,"key":"StrikeDummy"},{"floor":40,"key":"Happy Flower"},{"floor":40,"key":"Sundial"}],"event_choices":[{"damage_healed":0.0,"max_hp_gain":0.0,"max_hp_loss":0.0,"gold_gain":150.0,"event_name":"Liars Game","player_choice":"AGREE","floor":2.0,"gold_loss":0.0,"damage_taken":0.0,"cards_obtained":["Doubt"]},{"damage_healed":0.0,"max_hp_gain":0.0,"max_hp_loss":0.0,"gold_gain":0.0,"cards_transformed":["Strike_G"],"event_name":"Transmorgrifier","player_choice":"Transformed","floor":20.0,"gold_loss":0.0,"damage_taken":0.0,"cards_obtained":["Quick Slash"]},{"damage_healed":0.0,"max_hp_gain":0.0,"max_hp_loss":0.0,"gold_gain":0.0,"event_name":"Tomb of Lord Red Mask","player_choice":"Ignored","floor":36.0,"gold_loss":0.0,"damage_taken":0.0},{"damage_healed":0,"gold_gain":0,"player_choice":"Memory 1","damage_taken":0,"max_hp_gain":0,"max_hp_loss":0,"event_name":"SensoryStone","floor":38,"gold_loss":0},{"cards_removed":["Backstab"],"damage_healed":0,"gold_gain":0,"player_choice":"Removed Attack","damage_taken":0,"max_hp_gain":0,"max_hp_loss":0,"event_name":"Falling","floor":39,"gold_loss":0}],"is_beta":false,"boss_relics":[{"not_picked":["Runic Pyramid","Velvet Choker"],"picked":"Black Star"},{"not_picked":["Runic Dome","Snecko Eye"],"picked":"bronze:MakeshiftBattery"}],"items_purged_floors":[10,29],"is_endless":false,"potions_floor_spawned":[1,6,8,14,18,19,24,33,40,41],"killed_by":"Giant Head","ascension_level":20}}