{"host":"smn2tb46ysgs1sad","time":1613803621,"event":{"mods":["AchievementEnabler","Aspiration","BaseMod","Colored Powertips","Downfall","Hermit","Minty Spire (QoL Compilation)","Reliquary","Replay The Spire","StSLib","The Cursed","The Disciple","The Hierophant"],"gold_per_floor":[110,110,110,127,127,154,167,196,196,211,225,239,239,250,250,345,345,365,290,230,230],"floor_reached":20,"language":"ENG","playtime":522,"items_purged":[],"score":313,"play_id":"0f0e90db-7230-4253-a7b2-3d758e33345a","local_time":"20210219224701","is_ascension_mode":true,"campfire_choices":[{"floor":13,"key":"REST"},{"floor":15,"key":"REST"}],"circlet_count":0,"master_deck":["Bash+1","Thunderclap","Whirlwind","Injury","Clothesline+1","Armaments","Wild Strike+1","Headbutt+1","Iron Wave+1","Demonic Infusion","Hemokinesis+1","Corruption","Double Tap","Headbutt+1","True Grit","Dark Embrace","Heavy Blade+1","Immolate+1","Body Slam+1","ReplayTheSpireMod:Corrosion Curse","Intimidate"],"relics":["Burning Blood","NeowsBlessing","Molten Egg 2","reliquary:SharkskinSheath","ReplayFunnel","Pandora\u0027s Box"],"acts_visited":["Exordium","TheCity"],"potions_floor_usage":[8,16,16],"damage_taken":[{"damage":0,"enemies":"Jaw Worm","floor":1,"turns":1},{"damage":0,"enemies":"Small Slimes","floor":4,"turns":1},{"damage":0,"enemies":"Lagavulin","floor":6,"turns":1},{"damage":0,"enemies":"Cultist","floor":7,"turns":3},{"damage":32,"enemies":"3 Sentries","floor":8,"turns":5},{"damage":22,"enemies":"Large Slime","floor":10,"turns":5},{"damage":9,"enemies":"Looter","floor":11,"turns":3},{"damage":7,"enemies":"Exordium Thugs","floor":12,"turns":4},{"damage":32,"enemies":"Large Slime","floor":14,"turns":5},{"damage":2,"enemies":"Slime Boss","floor":16,"turns":5},{"damage":5,"enemies":"Chosen","floor":18,"turns":3},{"damage":40,"enemies":"2 Thieves","floor":20,"turns":4}],"seed_played":"4601788739511553506","potions_obtained":[{"floor":6,"key":"Explosive Potion"},{"floor":10,"key":"Fire Potion"},{"floor":11,"key":"AttackPotion"},{"floor":12,"key":"FearPotion"},{"floor":16,"key":"SmokeBomb"}],"is_trial":false,"path_per_floor":["M","?","?","M","?","E","M","E","T","M","M","M","R","M","R","B",null,"M","?","M"],"character_chosen":"IRONCLAD","items_purchased":[],"campfire_rested":2,"item_purchase_floors":[],"current_hp_per_floor":[80,80,80,80,80,80,80,54,54,38,35,34,58,32,56,60,80,80,80,40,40],"gold":230,"neow_bonus":"THREE_ENEMY_KILL","is_daily":false,"chose_seed":false,"campfire_upgraded":0,"win_rate":0.0,"timestamp":1613803621,"path_taken":["M","?","?","?","?","E","M","E","T","M","M","M","R","M","R","BOSS","M","?","M"],"items_purchased_type":[],"build_version":"2020-12-22","purchased_purges":0,"victory":false,"max_hp_per_floor":[80,80,80,80,80,80,80,80,80,80,80,80,80,80,80,80,80,80,80,80,80],"card_choices":[{"not_picked":["ReplayTheSpireMod:Strike From Hell","Shrug It Off"],"picked":"Thunderclap","floor":1},{"not_picked":["Evolve","Spot Weakness"],"picked":"Whirlwind","floor":4},{"not_picked":["Body Slam+1","ReplayTheSpireMod:LeadingStrike+1"],"picked":"Clothesline+1","floor":6},{"not_picked":["Anger+1","Rage"],"picked":"Armaments","floor":7},{"not_picked":["ReplayTheSpireMod:Strike From Hell+1","Body Slam+1"],"picked":"Wild Strike+1","floor":8},{"not_picked":["Run Through+1","Sword Boomerang+1"],"picked":"Headbutt+1","floor":10},{"not_picked":["Shrug It Off","Headbutt+1"],"picked":"Iron Wave+1","floor":11},{"not_picked":["Armaments","Heavy Blade+1"],"picked":"Demonic Infusion","floor":12},{"not_picked":["Iron Wave+1","Evolve"],"picked":"Hemokinesis+1","floor":14},{"not_picked":["Brutality","Replay:Many Hands"],"picked":"Corruption","floor":16},{"not_picked":["Anger+1","Massacre+1"],"picked":"Intimidate","floor":18}],"player_experience":207124,"relics_obtained":[{"floor":6,"key":"reliquary:SharkskinSheath"},{"floor":8,"key":"ReplayFunnel"}],"event_choices":[{"damage_healed":0,"gold_gain":0,"player_choice":"Leave","damage_taken":0,"max_hp_gain":0,"max_hp_loss":0,"event_name":"The Cleric","floor":2,"gold_loss":0},{"damage_healed":0,"gold_gain":0,"player_choice":"Upgraded","damage_taken":0,"max_hp_gain":0,"max_hp_loss":0,"event_name":"Upgrade Shrine","floor":3,"gold_loss":0,"cards_upgraded":["Bash"]},{"cards_removed":["ReplayTheSpireMod:Corrosion Curse"],"damage_healed":0,"gold_gain":0,"player_choice":"Gave Gold","damage_taken":0,"max_hp_gain":0,"max_hp_loss":0,"event_name":"Beggar","floor":19,"gold_loss":75}],"is_beta":false,"boss_relics":[{"not_picked":["Replay:Bronze Core","SacredBark"],"picked":"Pandora\u0027s Box"}],"items_purged_floors":[],"is_endless":false,"potions_floor_spawned":[6,10,11,12,16],"killed_by":"2 Thieves","ascension_level":4}}