{"host":"4gkev1dtxxhiue3x","time":1613833208,"event":{"mods":["AchievementEnabler","BaseMod","Better Altar","Better Match","Better Note","Better Sensory Stone","Better Skull","Better Third Choice","Colored Powertips","Friendly Minions","Hermit","Minty Spire (QoL Compilation)","Relic Stats","Robot Space Explorer","Shop Mod","StSLib","The Disciple","The Hierophant"],"gold_per_floor":[118,134,84,84,84,110,110,138,207,8,21,54,72,84,84,179,179,189,219,144,13,30,59,334,347,374,374,389,418,418,438,438,536,536,549,549,599,94,140,140,171,171,171,191,191,203,203,220,220,220],"floor_reached":51,"language":"ENG","playtime":4932,"items_purged":["Strike_B","Defend_B","Defend_B"],"score":969,"play_id":"2f90db1a-a061-4e83-bd99-ec58c69db157","local_time":"20210220160008","is_ascension_mode":true,"campfire_choices":[{"data":"Buffer","floor":7,"key":"SMITH"},{"data":"Consume","floor":15,"key":"SMITH"},{"floor":27,"key":"REST"},{"floor":32,"key":"REST"},{"floor":40,"key":"REST"},{"data":"Rainbow","floor":42,"key":"SMITH"},{"data":"Aggregate","floor":45,"key":"SMITH"},{"floor":49,"key":"REST"}],"circlet_count":0,"master_deck":["Defend_B","Zap+1","Dualcast","Gash","Skim","Biased Cognition","Buffer+1","Aggregate+1","Consume+1","Capacitor+1","Conserve Battery","Chill+1","Hologram","Gash","Rainbow+1","Coolheaded","Compile Driver","Defragment+1","Compile Driver","Barrage","Multi-Cast","Compile Driver","Echo Form+1","Blizzard+1","Redo+1","Chill"],"relics":["Cracked Core","NeowsBlessing","Art of War","Smiling Mask","Frozen Egg 2","Nunchaku","Inserter","Red Mask","Sundial","Oddly Smooth Stone","War Paint","Sozu","Torii","Emotion Chip","Bronze Scales","StoneCalendar","Dream Catcher","Blood Vial"],"acts_visited":["Exordium","TheCity","TheBeyond"],"potions_floor_usage":[8,12,19,19,28,29,39],"damage_taken":[{"damage":0,"enemies":"Jaw Worm","floor":1,"turns":1},{"damage":0,"enemies":"2 Louse","floor":2,"turns":1},{"damage":0,"enemies":"3 Sentries","floor":6,"turns":1},{"damage":0,"enemies":"Lagavulin","floor":8,"turns":3},{"damage":0,"enemies":"Cultist","floor":11,"turns":3},{"damage":18,"enemies":"Gremlin Nob","floor":12,"turns":5},{"damage":7,"enemies":"Looter","floor":13,"turns":3},{"damage":6,"enemies":"Lots of Slimes","floor":14,"turns":5},{"damage":0,"enemies":"Slime Boss","floor":16,"turns":8},{"damage":7,"enemies":"Spheric Guardian","floor":18,"turns":6},{"damage":27,"enemies":"Masked Bandits","floor":19,"turns":5},{"damage":3,"enemies":"Shell Parasite","floor":22,"turns":5},{"damage":0,"enemies":"Slavers","floor":23,"turns":7},{"damage":20,"enemies":"Centurion and Healer","floor":25,"turns":9},{"damage":0,"enemies":"Snecko","floor":28,"turns":5},{"damage":12,"enemies":"Gremlin Leader","floor":29,"turns":8},{"damage":0,"enemies":"Shelled Parasite and Fungi","floor":31,"turns":5},{"damage":14,"enemies":"Champ","floor":33,"turns":9},{"damage":4,"enemies":"Orb Walker","floor":35,"turns":3},{"damage":10,"enemies":"Mind Bloom Boss Battle","floor":37,"turns":4},{"damage":9,"enemies":"2 Orb Walkers","floor":39,"turns":5},{"damage":0,"enemies":"Reptomancer","floor":41,"turns":6},{"damage":0,"enemies":"3 Darklings","floor":44,"turns":4},{"damage":16,"enemies":"4 Shapes","floor":46,"turns":7},{"damage":6,"enemies":"Transient","floor":48,"turns":5},{"damage":10,"enemies":"Awakened One","floor":50,"turns":8}],"seed_played":"2430769272224934579","potions_obtained":[{"floor":1,"key":"EssenceOfDarkness"},{"floor":6,"key":"SpeedPotion"},{"floor":8,"key":"Energy Potion"},{"floor":16,"key":"FearPotion"},{"floor":18,"key":"DistilledChaos"},{"floor":19,"key":"LiquidMemories"},{"floor":23,"key":"DistilledChaos"},{"floor":29,"key":"FearPotion"}],"is_trial":false,"path_per_floor":["M","M","?","?","?","E","R","E","T","$","M","E","M","M","R","B",null,"M","?","?","$","M","E","?","M","T","R","M","E","?","M","R","B",null,"M","?","?","$","?","R","E","R","T","M","R","M","?","M","R","B",null],"character_chosen":"DEFECT","items_purchased":["Consume","Capacitor+1","Defragment+1","Emotion Chip","Bronze Scales"],"campfire_rested":4,"item_purchase_floors":[10,10,21,38,38],"current_hp_per_floor":[75,75,75,68,68,68,68,68,68,68,68,50,43,37,37,37,75,68,41,41,41,38,38,38,18,18,40,40,28,28,28,50,36,75,71,56,46,46,37,59,59,59,59,61,61,47,47,43,65,57],"gold":220,"neow_bonus":"THREE_ENEMY_KILL","is_daily":false,"chose_seed":false,"campfire_upgraded":4,"win_rate":0.0,"timestamp":1613833208,"path_taken":["M","M","?","?","?","E","R","E","T","$","M","E","M","M","R","BOSS","M","?","?","$","M","E","?","?","T","R","M","E","?","?","R","BOSS","M","?","?","$","?","R","E","R","T","M","R","M","?","M","R","BOSS"],"items_purchased_type":["Card","Card","Card","Relic","Relic"],"build_version":"2020-12-22","purchased_purges":3,"victory":true,"max_hp_per_floor":[75,75,75,75,75,75,75,75,75,75,75,75,75,75,75,75,75,75,75,75,75,75,75,75,75,75,75,75,75,75,75,75,75,75,75,75,75,75,75,75,75,75,75,75,75,75,75,75,75,75],"relic_stats":{"Inserter":[50],"Torii":4,"counters":[26,131],"StoneCalendar":[22],"War Paint":["Chill","Zap"],"Smiling Mask":150,"Sozu":8,"Blood Vial":8,"Nunchaku":[17],"Emotion Chip":[23,2,20,1,0],"Dream Catcher":1,"Sundial":[16],"Bronze Scales":[135],"Art of War":[35],"obtain_stats":[{"Inserter":17,"NeowsBlessing":0,"Torii":37,"Oddly Smooth Stone":26,"StoneCalendar":39,"Frozen Egg 2":9,"War Paint":29,"Smiling Mask":8,"Sozu":34,"Blood Vial":43,"Nunchaku":12,"Emotion Chip":38,"Dream Catcher":41,"Sundial":23,"Bronze Scales":38,"Art of War":6,"Red Mask":19,"Cracked Core":0},{"Inserter":9,"NeowsBlessing":0,"Torii":20,"Oddly Smooth Stone":14,"StoneCalendar":21,"Frozen Egg 2":4,"War Paint":16,"Smiling Mask":4,"Sozu":18,"Blood Vial":22,"Nunchaku":6,"Emotion Chip":20,"Dream Catcher":22,"Sundial":13,"Bronze Scales":20,"Art of War":3,"Red Mask":11,"Cracked Core":0},{"Inserter":30,"NeowsBlessing":0,"Torii":96,"Oddly Smooth Stone":62,"StoneCalendar":101,"Frozen Egg 2":6,"War Paint":75,"Smiling Mask":6,"Sozu":89,"Blood Vial":107,"Nunchaku":14,"Emotion Chip":96,"Dream Catcher":107,"Sundial":53,"Bronze Scales":96,"Art of War":3,"Red Mask":41,"Cracked Core":0}]},"card_choices":[{"not_picked":["Glacier","Beam Cell"],"picked":"Gash","floor":1},{"not_picked":["Doom and Gloom","Compile Driver"],"picked":"Skim","floor":2},{"not_picked":["Hello World","Streamline"],"picked":"Buffer","floor":6},{"not_picked":["White Noise","Lockon"],"picked":"Aggregate","floor":8},{"not_picked":["Rebound","Reinforced Body"],"picked":"Conserve Battery","floor":11},{"not_picked":["Barrage","Leap"],"picked":"Chill","floor":12},{"not_picked":["Go for the Eyes","Barrage"],"picked":"Hologram","floor":13},{"not_picked":["Compile Driver","Glacier"],"picked":"Gash","floor":14},{"not_picked":["Biased Cognition+1","All For One"],"picked":"Rainbow","floor":16},{"not_picked":["Conserve Battery","Auto Shields"],"picked":"Coolheaded","floor":18},{"not_picked":["Sweeping Beam","Hello World+1"],"picked":"Compile Driver","floor":19},{"not_picked":["Beam Cell","Gash+1","Turbo"],"picked":"SKIP","floor":22},{"not_picked":["Streamline","Stack"],"picked":"Compile Driver","floor":23},{"not_picked":["Ball Lightning","Auto Shields+1","Go for the Eyes"],"picked":"SKIP","floor":25},{"not_picked":["Ball Lightning","Steam"],"picked":"Barrage","floor":28},{"not_picked":["Streamline","Leap","Conserve Battery"],"picked":"SKIP","floor":29},{"not_picked":["Chaos","Go for the Eyes","Skim+1"],"picked":"SKIP","floor":31},{"not_picked":["Creative AI+1","Reboot"],"picked":"Multi-Cast","floor":33},{"not_picked":["Hologram+1","Beam Cell+1"],"picked":"Compile Driver","floor":35},{"not_picked":["Sweeping Beam+1","FTL"],"picked":"Blizzard+1","floor":37},{"not_picked":["Auto Shields","Coolheaded","Self Repair+1"],"picked":"SKIP","floor":41},{"not_picked":["Go for the Eyes+1","Compile Driver+1","Blizzard"],"picked":"SKIP","floor":44},{"not_picked":["Conserve Battery","Rebound","Coolheaded"],"picked":"SKIP","floor":46},{"not_picked":["Scrape+1","Sweeping Beam"],"picked":"Redo+1","floor":48},{"not_picked":["Rebound","Coolheaded+1"],"picked":"Chill","floor":49}],"player_experience":209027,"relics_obtained":[{"floor":6,"key":"Art of War"},{"floor":8,"key":"Smiling Mask"},{"floor":9,"key":"Frozen Egg 2"},{"floor":12,"key":"Nunchaku"},{"floor":19,"key":"Red Mask"},{"floor":23,"key":"Sundial"},{"floor":26,"key":"Oddly Smooth Stone"},{"floor":29,"key":"War Paint"},{"floor":37,"key":"Torii"},{"floor":39,"key":"StoneCalendar"},{"floor":41,"key":"Dream Catcher"},{"floor":43,"key":"Blood Vial"}],"event_choices":[{"cards_removed":["Strike_B"],"damage_healed":0,"gold_gain":0,"player_choice":"Card Removal","damage_taken":0,"max_hp_gain":0,"max_hp_loss":0,"event_name":"The Cleric","floor":3,"gold_loss":50},{"cards_removed":["Strike_B"],"damage_healed":0,"gold_gain":0,"player_choice":"Card Removal","damage_taken":7,"max_hp_gain":0,"max_hp_loss":0,"event_name":"Golden Wing","floor":4,"gold_loss":0},{"damage_healed":0,"gold_gain":0,"cards_transformed":["Defend_B"],"player_choice":"Change","damage_taken":0,"max_hp_gain":0,"max_hp_loss":0,"event_name":"Living Wall","floor":5,"gold_loss":0,"cards_obtained":["Biased Cognition"]},{"damage_healed":0,"gold_gain":0,"player_choice":"Fought Bandits","damage_taken":0,"max_hp_gain":0,"max_hp_loss":0,"event_name":"Masked Bandits","floor":19,"gold_loss":0},{"cards_removed":["Strike_B"],"damage_healed":0,"gold_gain":0,"player_choice":"Gave Gold","damage_taken":0,"max_hp_gain":0,"max_hp_loss":0,"event_name":"Beggar","floor":20,"gold_loss":75},{"damage_healed":0,"gold_gain":275,"player_choice":"Desecrate","damage_taken":0,"max_hp_gain":0,"max_hp_loss":0,"event_name":"Golden Shrine","floor":24,"gold_loss":0,"cards_obtained":["Regret"]},{"cards_removed":["Regret"],"damage_healed":0,"gold_gain":0,"player_choice":"Removed Curses","damage_taken":0,"max_hp_gain":0,"max_hp_loss":0,"event_name":"Fountain of Cleansing","floor":30,"gold_loss":0},{"damage_healed":0,"gold_gain":3,"player_choice":"2","damage_taken":0,"max_hp_gain":0,"max_hp_loss":15,"event_name":"betterStone:BetterStone","floor":36,"gold_loss":0},{"damage_healed":0,"gold_gain":0,"player_choice":"Fight","damage_taken":0,"max_hp_gain":0,"max_hp_loss":0,"event_name":"MindBloom","floor":37,"gold_loss":0},{"damage_healed":0,"gold_gain":0,"player_choice":"Fight","damage_taken":0,"max_hp_gain":0,"max_hp_loss":0,"event_name":"Mysterious Sphere","floor":39,"gold_loss":0},{"damage_healed":0,"gold_gain":0,"player_choice":"Got Potions","damage_taken":0,"max_hp_gain":0,"max_hp_loss":0,"event_name":"Lab","floor":47,"gold_loss":0}],"is_beta":false,"boss_relics":[{"not_picked":["Busted Crown","Coffee Dripper"],"picked":"Inserter"},{"not_picked":["Runic Dome","SacredBark"],"picked":"Sozu"}],"items_purged_floors":[10,21,38],"is_endless":false,"potions_floor_spawned":[1,6,8,16,18,19,23,29,35,39,41,44,48],"ascension_level":2}}