{"host":"mxzdufzqk8sjj15q","time":1613856693,"event":{"mods":["2.2 Compatiblity","BaseMod","Better Note","Downfall","Googly Eyes","Minty Spire (QoL Compilation)","Random Character Button","Rare Cards Sparkle","StSLib","The Cursed","The Disciple","The Hierophant"],"gold_per_floor":[99,110,110,122,134,134,134,134,149,149,174,2,15,31,43,144,144,144,159,179,199,199,199,223,223,223,223,223,238,238,258,277,373,373,373,393,405,55,71,5,29,29,29,43,43,59,59,59,59],"floor_reached":47,"language":"ENG","playtime":2635,"items_purged":["Doubt","downfall:Malfunctioning"],"score":503,"play_id":"39ed97d2-166a-486b-83f3-7413d011c174","local_time":"20210220193133","is_ascension_mode":true,"campfire_choices":[{"data":"Apotheosis","floor":1.0,"key":"SMITH"},{"data":"bronze:Mutator","floor":10.0,"key":"SMITH"},{"data":"bronze:HardenedForm","floor":18.0,"key":"SMITH"},{"floor":23.0,"key":"REST"},{"data":"bronze:HardenedForm","floor":25.0,"key":"SMITH"},{"data":"bronze:Iterate","floor":27.0,"key":"SMITH"},{"floor":30.0,"key":"REST"},{"data":"bronze:Verify","floor":35.0,"key":"SMITH"}],"circlet_count":0,"master_deck":["bronze:Replicate+1","bronze:Goto","Apotheosis+1","bronze:Iterate+1","bronze:Iterate","bronze:OilSpill","bronze:GetLatest","bronze:Mutator+1","Flash of Steel","bronze:Iterate+1","bronze:Format+1","bronze:BuggyMess+1","bronze:GetLatest+1","bronze:BuggyMess+1","bronze:HardenedForm+1","bronze:BuggyMess+1","bronze:HardenedForm+1","bronze:BuggyMess+1","bronze:Shield+1","bronze:DelayedSlice","bronze:Return+1","bronze:FineTuning+1","bronze:RecursiveStrike","bronze:Return+1","bronze:ItsAFeature","bronze:Verify+1","bronze:AlphaBuild+1","bronze:WildBeam","bronze:Separator","bronze:Repair+1","bronze:DelayedGuard+1","bronze:BitShift+1","bronze:FineTuning+1","bronze:Assembly+1","bronze:Fortify","bronze:Shield+1","bronze:ChildClass+1","bronze:Turbo+1","bronze:ThunderWave","bronze:MaxOutput+1"],"relics":["bronze:BronzeCore","Toxic Egg 2","Ice Cream","Sozu","Omamori","Pandora\u0027s Box","Nunchaku"],"acts_visited":["Exordium","TheCity","TheBeyond"],"potions_floor_usage":[46],"damage_taken":[{"damage":0.0,"enemies":"Small Slimes","floor":2.0,"turns":4.0},{"damage":0.0,"enemies":"Cultist","floor":4.0,"turns":3.0},{"damage":0.0,"enemies":"2 Louse","floor":5.0,"turns":2.0},{"damage":18.0,"enemies":"2 Fungi Beasts","floor":9.0,"turns":3.0},{"damage":13.0,"enemies":"Lagavulin","floor":11.0,"turns":7.0},{"damage":5.0,"enemies":"downfall:FleeingMerchant","floor":12.0,"turns":4.0},{"damage":11.0,"enemies":"Gremlin Gang","floor":13.0,"turns":4.0},{"damage":10.0,"enemies":"Lots of Slimes","floor":14.0,"turns":4.0},{"damage":0.0,"enemies":"downfall:LooterAlt","floor":15.0,"turns":2.0},{"damage":16.0,"enemies":"IC_STATUS_ARCHETYPE","floor":16.0,"turns":6.0},{"damage":8.0,"enemies":"3 Byrds","floor":19.0,"turns":4.0},{"damage":7.0,"enemies":"Shell Parasite","floor":20.0,"turns":3.0},{"damage":24.0,"enemies":"Shelled Parasite and Fungi","floor":21.0,"turns":5.0},{"damage":20.0,"enemies":"Sentry and Sphere","floor":29.0,"turns":4.0},{"damage":26.0,"enemies":"Snake Plant","floor":31.0,"turns":4.0},{"damage":3.0,"enemies":"Centurion and Healer","floor":32.0,"turns":4.0},{"damage":19.0,"enemies":"SI_MIRROR_ARCHETYPE","floor":33.0,"turns":8.0},{"damage":0.0,"enemies":"3 Shapes","floor":36.0,"turns":2.0},{"damage":10.0,"enemies":"3 Darklings","floor":37.0,"turns":4.0},{"damage":0.0,"enemies":"downfall:FleeingMerchant","floor":38.0,"turns":4.0},{"damage":11.0,"enemies":"Jaw Worm Horde","floor":39.0,"turns":4.0},{"damage":20.0,"enemies":"downfall:FleeingMerchant","floor":40.0,"turns":4.0},{"damage":39.0,"enemies":"Writhing Mass","floor":44.0,"turns":6.0},{"damage":20,"enemies":"Spire Growth","floor":46,"turns":4},{"damage":12,"enemies":"Jaw Worm Horde","floor":47,"turns":1}],"seed_played":"3511348659790593857","potions_obtained":[{"floor":4.0,"key":"Regen Potion"},{"floor":5.0,"key":"champ:CounterPotion"},{"floor":9.0,"key":"SkillPotion"},{"floor":15.0,"key":"DistilledChaos"}],"is_trial":false,"path_per_floor":["R","M","?","M","M","?","T","?","M","R","E","$","M","M","M","B",null,"R","M","M","M","?","R","T","R","?","R","?","M","R","M","M","B",null,"R","M","M","$","M","$","T","?","?","M","?","M","M"],"character_chosen":"THE_AUTOMATON","items_purchased":["bronze:BuggyMess+1","bronze:GetLatest+1","bronze:Assembly+1","bronze:Fortify","bronze:Shield+1","bronze:Turbo+1"],"campfire_rested":2,"item_purchase_floors":[12,12,38,38,38,40],"current_hp_per_floor":[70,70,70,70,70,70,70,70,52,52,39,34,23,13,13,12,70,70,62,55,31,31,52,52,52,52,52,52,32,53,27,24,5,70,70,70,70,70,69,59,59,59,59,20,20,10,0,0,0],"gold":59,"neow_bonus":"RANDOM_COLORLESS_2","is_daily":false,"chose_seed":false,"campfire_upgraded":6,"win_rate":0.0,"timestamp":1613856693,"path_taken":["R","M","?","M","?","?","T","?","?","R","E","$","M","M","M","BOSS","R","M","M","?","?","R","T","R","?","R","?","M","R","?","M","BOSS","R","M","M","$","?","$","T","?","?","M","?","M","M"],"items_purchased_type":["Card","Card","Card","Card","Card","Card"],"build_version":"2020-12-22","purchased_purges":2,"victory":false,"max_hp_per_floor":[70,70,70,70,70,70,70,70,70,70,70,70,70,70,70,70,70,70,70,70,70,70,70,70,70,70,70,70,70,70,70,70,70,70,70,70,70,70,70,70,70,70,70,70,70,70,70,70,70],"card_choices":[{"not_picked":["Chrysalis","Metamorphosis"],"picked":"Apotheosis","floor":0.0},{"not_picked":["bronze:CutThrough","bronze:Shield"],"picked":"bronze:Iterate","floor":2.0},{"not_picked":["bronze:BuggyMess","bronze:BugBarrage"],"picked":"bronze:OilSpill","floor":4.0},{"not_picked":["bronze:Backtrace","bronze:WhirlingStrike"],"picked":"bronze:GetLatest","floor":5.0},{"not_picked":["bronze:Optimize","bronze:Turbo+1"],"picked":"bronze:Iterate","floor":9.0},{"not_picked":["bronze:ForceShield+1","bronze:Overload+1"],"picked":"bronze:Format+1","floor":11.0},{"not_picked":["bronze:NullPointer","bronze:FollowUp","bronze:Optimize"],"picked":"SKIP","floor":12.0},{"not_picked":["bronze:Return+1","bronze:BitShift+1"],"picked":"bronze:BuggyMess+1","floor":13.0},{"not_picked":["bronze:Separator","bronze:Iterate"],"picked":"bronze:HardenedForm","floor":14.0},{"not_picked":["bronze:Fortify","bronze:Boost+1"],"picked":"bronze:BuggyMess+1","floor":15.0},{"not_picked":["bronze:AlphaBuild","bronze:HyperBeam"],"picked":"bronze:HardenedForm","floor":16.0},{"not_picked":["bronze:Constructor+1","bronze:MaxOutput"],"picked":"bronze:BuggyMess+1","floor":19.0},{"not_picked":["bronze:DigitalCarnage","bronze:Repulsor"],"picked":"bronze:DelayedSlice","floor":20.0},{"not_picked":["bronze:Boost+1","bronze:BitShift+1"],"picked":"bronze:Shield+1","floor":21.0},{"not_picked":["bronze:Turbo+1","bronze:WildBeam"],"picked":"bronze:DelayedSlice","floor":29.0},{"not_picked":["bronze:DelayedSlice","bronze:Backtrace+1"],"picked":"bronze:Return+1","floor":31.0},{"not_picked":["bronze:Invalidate+1","bronze:Backtrace"],"picked":"bronze:FineTuning+1","floor":32.0},{"not_picked":["bronze:CleanCode","bronze:Virus"],"picked":"bronze:RecursiveStrike","floor":33.0},{"not_picked":["bronze:DelayedSlice+1","bronze:WildBeam+1"],"picked":"bronze:DelayedGuard+1","floor":36.0},{"not_picked":["bronze:WhirlingStrike","bronze:Repulsor"],"picked":"bronze:BitShift+1","floor":37.0},{"not_picked":["bronze:Iterate+1","bronze:Terminator+1"],"picked":"bronze:FineTuning+1","floor":38.0},{"not_picked":["bronze:Deprecate+1","bronze:WildBeam","bronze:Repulsor+1"],"picked":"SKIP","floor":39.0},{"not_picked":["bronze:CutThrough","bronze:Deprecate+1"],"picked":"bronze:ChildClass+1","floor":40.0},{"not_picked":["bronze:Invalidate+1","bronze:OilSpill"],"picked":"bronze:ThunderWave","floor":44.0},{"not_picked":["bronze:Invalidate+1","bronze:NullPointer+1"],"picked":"bronze:MaxOutput+1","floor":46}],"player_experience":562862,"relics_obtained":[{"floor":7.0,"key":"Toxic Egg 2"},{"floor":11.0,"key":"Ice Cream"},{"floor":24.0,"key":"Omamori"},{"floor":41.0,"key":"Nunchaku"}],"event_choices":[{"damage_healed":0.0,"max_hp_gain":0.0,"max_hp_loss":0.0,"gold_gain":0.0,"event_name":"betterNote:BetterNote","player_choice":"Ignored","floor":22.0,"gold_loss":0.0,"damage_taken":0.0,"cards_obtained":["bronze:Repulsor"]},{"cards_removed":["bronze:DelayedSlice"],"damage_healed":0.0,"max_hp_gain":0.0,"max_hp_loss":0.0,"gold_gain":0.0,"event_name":"Falling","player_choice":"Removed Attack","floor":42.0,"gold_loss":0.0,"damage_taken":0.0}],"is_beta":false,"boss_relics":[{"not_picked":["Coffee Dripper","SacredBark"],"picked":"Sozu"},{"not_picked":["Cursed Key","SlaversCollar"],"picked":"Pandora\u0027s Box"}],"items_purged_floors":[12,38],"is_endless":false,"potions_floor_spawned":[4,5,9,11,15,20,21,31,37,39,44],"killed_by":"Jaw Worm Horde","ascension_level":1}}