{"host":"3uh6d38h6u62bhfi","time":1613808974,"event":{"mods":["AchievementEnabler","BaseMod","DeckTracker","Minty Spire (QoL Compilation)","Permanent Neow","SuperFastMode","everything is the same but u backflip on backflip"],"gold_per_floor":[109,128,138,157,8,8,33,47,47,4,38,38,38,68,68,166,166,180,180,200,215,14,43,43,76,76,109,119,119,119,46,46,147,147,158,174,174,46,64,90,90,33,33,33,60,78,78,90,90,90],"floor_reached":51,"language":"KOR","playtime":2564,"items_purged":["Defend_G","Strike_G"],"score":1247,"play_id":"7a1cf5e0-0929-44d5-9f05-993249d0503f","local_time":"20210220171614","is_ascension_mode":true,"campfire_choices":[{"data":"Apotheosis","floor":6.0,"key":"SMITH"},{"floor":12.0,"key":"REST"},{"floor":15.0,"key":"REST"},{"data":"Strike_G","floor":24,"key":"PURGE"},{"data":"Defend_G","floor":29,"key":"PURGE"},{"floor":32,"key":"DIG"},{"data":"Strike_G","floor":41,"key":"PURGE"},{"data":"Defend_G","floor":44,"key":"PURGE"},{"data":"Writhe","floor":49,"key":"PURGE"}],"circlet_count":0,"master_deck":["Strike_G+1","Defend_G","Defend_G","Survivor","Neutralize","Apotheosis+1","Dash+1","Backstab","Dodge and Roll","Accuracy","Dagger Spray","Finesse","Crippling Poison","Masterful Stab","Adrenaline","Prepared","Caltrops","Panacea","Prepared","Noxious Fumes+1","Reflex","PiercingWail+1","Cloak And Dagger","Envenom","Acrobatics"],"relics":["Ring of the Serpent","Membership Card","Strawberry","FossilizedHelix","Peace Pipe","Paper Crane","Empty Cage","Pear","Orichalcum","Bottled Lightning","Gremlin Horn","Bottled Tornado","Shovel","Snake Skull","Whetstone","Blood Vial","Mercury Hourglass","InkBottle","Lantern","Meat on the Bone"],"acts_visited":["Exordium","TheCity","TheBeyond"],"potions_floor_usage":[25,33,45,48],"damage_taken":[{"damage":7.0,"enemies":"Small Slimes","floor":1.0,"turns":4.0},{"damage":1.0,"enemies":"Cultist","floor":2.0,"turns":5.0},{"damage":0.0,"enemies":"2 Louse","floor":3.0,"turns":3.0},{"damage":0.0,"enemies":"2 Fungi Beasts","floor":4.0,"turns":3.0},{"damage":6.0,"enemies":"Gremlin Nob","floor":7.0,"turns":5.0},{"damage":9.0,"enemies":"Lots of Slimes","floor":8.0,"turns":4.0},{"damage":4.0,"enemies":"3 Sentries","floor":11.0,"turns":7.0},{"damage":11.0,"enemies":"Gremlin Nob","floor":14.0,"turns":5.0},{"damage":39.0,"enemies":"Slime Boss","floor":16.0,"turns":13.0},{"damage":11.0,"enemies":"2 Thieves","floor":18.0,"turns":4.0},{"damage":0,"enemies":"3 Byrds","floor":20,"turns":5},{"damage":0,"enemies":"Shelled Parasite and Fungi","floor":21,"turns":6},{"damage":0,"enemies":"Gremlin Leader","floor":23,"turns":8},{"damage":0,"enemies":"Book of Stabbing","floor":25,"turns":7},{"damage":0,"enemies":"Slavers","floor":27,"turns":4},{"damage":0,"enemies":"3 Cultists","floor":28,"turns":5},{"damage":13,"enemies":"Champ","floor":33,"turns":11},{"damage":8,"enemies":"3 Darklings","floor":35,"turns":5},{"damage":0,"enemies":"3 Shapes","floor":36,"turns":5},{"damage":12,"enemies":"Transient","floor":39,"turns":5},{"damage":7,"enemies":"Giant Head","floor":40,"turns":8},{"damage":1,"enemies":"Reptomancer","floor":45,"turns":4},{"damage":4,"enemies":"4 Shapes","floor":46,"turns":3},{"damage":11,"enemies":"Sphere and 2 Shapes","floor":48,"turns":4},{"damage":38,"enemies":"Awakened One","floor":50,"turns":13}],"seed_played":"4050050885610976279","potions_obtained":[{"floor":4.0,"key":"LiquidMemories"},{"floor":14.0,"key":"SteroidPotion"},{"floor":20,"key":"Dexterity Potion"},{"floor":23,"key":"LiquidMemories"},{"floor":27,"key":"Explosive Potion"},{"floor":28,"key":"Strength Potion"},{"floor":35,"key":"FairyPotion"},{"floor":48,"key":"Energy Potion"}],"is_trial":false,"path_per_floor":["M","M","M","M","$","R","E","M","T","$","E","R","?","E","R","B",null,"M","?","M","M","$","E","R","E","T","E","M","R","?","$","R","B",null,"M","M","?","$","M","E","R","?","T","R","E","M","?","M","R","B",null],"character_chosen":"THE_SILENT","items_purchased":["Membership Card","Finesse","Reflex","Pear","Snake Skull","Blood Vial"],"campfire_rested":2,"item_purchase_floors":[5,10,22,22,31,38],"current_hp_per_floor":[38,37,37,37,37,37,38,29,29,29,25,48,53,42,66,27,68,57,57,57,57,67,67,67,67,67,67,67,67,67,67,67,54,83,75,75,75,75,65,60,60,60,60,60,61,59,82,73,73,49],"gold":90,"neow_bonus":"RANDOM_COLORLESS_2","is_daily":false,"chose_seed":false,"campfire_upgraded":1,"win_rate":0.0,"timestamp":1613808974,"path_taken":["M","M","M","M","$","R","E","M","T","$","E","R","?","E","R","BOSS","M","?","M","M","$","E","R","E","T","E","?","R","?","$","R","BOSS","M","M","?","$","M","E","R","?","T","R","E","?","?","M","R","BOSS"],"items_purchased_type":["Relic","Card","Card","Relic","Relic","Relic"],"build_version":"2020-12-22","purchased_purges":2,"victory":true,"max_hp_per_floor":[70,70,70,70,70,70,77,77,77,77,77,77,82,82,82,82,82,82,82,82,82,92,92,92,92,92,92,92,92,92,92,92,92,92,92,92,92,92,92,92,92,92,92,92,92,92,92,92,92,92],"card_choices":[{"not_picked":["The Bomb","Panache"],"picked":"Apotheosis","floor":0.0},{"not_picked":["Calculated Gamble","Slice"],"picked":"Dash","floor":1.0},{"not_picked":["Dagger Throw","Outmaneuver"],"picked":"Expertise","floor":2.0},{"not_picked":["Cloak And Dagger","Infinite Blades"],"picked":"Backstab","floor":3.0},{"not_picked":["Heel Hook","Bane"],"picked":"Dodge and Roll","floor":4.0},{"not_picked":["Reflex","Bullet Time"],"picked":"Accuracy","floor":7.0},{"not_picked":["Predator","Deflect"],"picked":"Dagger Spray","floor":8.0},{"not_picked":["Bane","Sucker Punch"],"picked":"Crippling Poison","floor":11.0},{"not_picked":["Deflect","Riddle With Holes"],"picked":"Masterful Stab","floor":14.0},{"not_picked":["After Image","Night Terror"],"picked":"Adrenaline","floor":16.0},{"not_picked":["Deadly Poison","Choke+1"],"picked":"Prepared","floor":18.0},{"not_picked":["Backflip","Caltrops"],"picked":"Prepared","floor":20},{"not_picked":["Dodge and Roll+1","Blur+1"],"picked":"Noxious Fumes+1","floor":21},{"not_picked":["Dash","Bouncing Flask"],"picked":"PiercingWail+1","floor":23},{"not_picked":["Expertise","Leg Sweep"],"picked":"Cloak And Dagger","floor":25},{"not_picked":["Flying Knee+1","Finisher+1","Deflect"],"picked":"SKIP","floor":27},{"not_picked":["Eviscerate+1","All Out Attack+1","Dodge and Roll"],"picked":"SKIP","floor":28},{"not_picked":["Doppelganger","Phantasmal Killer"],"picked":"Envenom","floor":33},{"not_picked":["Setup","Outmaneuver","Expertise"],"picked":"SKIP","floor":35},{"not_picked":["Choke+1","Dagger Throw+1","Endless Agony"],"picked":"SKIP","floor":36},{"not_picked":["Quick Slash","Concentrate+1","Deflect+1"],"picked":"SKIP","floor":39},{"not_picked":["Flechettes","Outmaneuver","Slice"],"picked":"SKIP","floor":40},{"not_picked":["Crippling Poison+1","Flechettes","Deadly Poison"],"picked":"SKIP","floor":45},{"not_picked":["Quick Slash+1","Poisoned Stab+1"],"picked":"Acrobatics","floor":46},{"not_picked":["PiercingWail","Dagger Throw","Slice"],"picked":"SKIP","floor":48}],"player_experience":166921,"relics_obtained":[{"floor":7.0,"key":"Strawberry"},{"floor":9.0,"key":"FossilizedHelix"},{"floor":11.0,"key":"Peace Pipe"},{"floor":14.0,"key":"Paper Crane"},{"floor":23,"key":"Orichalcum"},{"floor":25,"key":"Bottled Lightning"},{"floor":26,"key":"Gremlin Horn"},{"floor":27,"key":"Bottled Tornado"},{"floor":32,"key":"Whetstone"},{"floor":40,"key":"Mercury Hourglass"},{"floor":43,"key":"Lantern"},{"floor":45,"key":"Meat on the Bone"}],"event_choices":[{"damage_healed":0.0,"max_hp_gain":5.0,"max_hp_loss":0.0,"gold_gain":0.0,"event_name":"Big Fish","player_choice":"Donut","floor":13.0,"gold_loss":0.0,"damage_taken":0.0},{"damage_healed":0,"gold_gain":0,"player_choice":"2 cards matched","damage_taken":0,"max_hp_gain":0,"max_hp_loss":0,"event_name":"Match and Keep!","floor":19,"gold_loss":0,"cards_obtained":["Caltrops","Panacea"]},{"damage_healed":0,"gold_gain":0,"player_choice":"Opened","damage_taken":0,"relics_obtained":["Shovel"],"max_hp_gain":0,"max_hp_loss":0,"event_name":"The Mausoleum","floor":30,"gold_loss":0},{"damage_healed":0,"gold_gain":0,"player_choice":"Memory 1","damage_taken":0,"max_hp_gain":0,"max_hp_loss":0,"event_name":"SensoryStone","floor":37,"gold_loss":0},{"damage_healed":0,"gold_gain":0,"player_choice":"Paid Gold","damage_taken":0,"relics_obtained":["InkBottle"],"max_hp_gain":0,"max_hp_loss":0,"event_name":"WeMeetAgain","floor":42,"gold_loss":57},{"damage_healed":23,"gold_gain":0,"player_choice":"Writhe","damage_taken":0,"max_hp_gain":0,"max_hp_loss":0,"event_name":"Winding Halls","floor":47,"gold_loss":0,"cards_obtained":["Writhe"]}],"is_beta":false,"boss_relics":[{"not_picked":["Tiny House","Sozu"],"picked":"Empty Cage"},{"not_picked":["Runic Pyramid","Runic Dome"],"picked":"Ring of the Serpent"}],"items_purged_floors":[22,38],"is_endless":false,"potions_floor_spawned":[4,14,20,23,27,28,35,39,48],"ascension_level":9}}