{"host":"u2qrfxkm3wve0vp3","time":1613839822,"event":{"mods":["AchievementEnabler","BaseMod","Downfall","Minty Spire (QoL Compilation)","Quick Restart","Shop Mod","StSLib","The Cursed","The Marked"],"gold_per_floor":[112,112,37,37,50,50,83,98,98,108,123,123,154,171,171,271,271],"floor_reached":16,"language":"ZHS","playtime":371,"items_purged":["theMarked:Strike"],"score":196,"play_id":"29c41a89-034e-4719-8e79-480fd04446e5","local_time":"20210221005022","is_ascension_mode":true,"campfire_choices":[{"data":"theMarked:SoldierOfQuellstein","floor":6,"key":"SMITH"},{"data":"theMarked:StartUp","floor":12,"key":"SMITH"},{"data":"theMarked:RogueSparks","floor":15,"key":"SMITH"}],"circlet_count":0,"master_deck":["theMarked:Strike","theMarked:Strike","theMarked:Strike","theMarked:Strike","theMarked:Defend","theMarked:Defend","theMarked:Defend","theMarked:SoldierOfQuellstein+1","theMarked:StartUp+1","theMarked:FavorableWinds","theMarked:RogueSparks+1"],"relics":["theMarked:ArtifactOfAir","NeowsBlessing","Blue Candle","Bottled Flame","Smiling Mask"],"acts_visited":["Exordium"],"potions_floor_usage":[],"damage_taken":[{"damage":0,"enemies":"2 Louse","floor":1,"turns":1},{"damage":0,"enemies":"Cultist","floor":5,"turns":1},{"damage":0,"enemies":"Lagavulin","floor":7,"turns":1},{"damage":2,"enemies":"Small Slimes","floor":8,"turns":3},{"damage":3,"enemies":"2 Fungi Beasts","floor":10,"turns":3},{"damage":3,"enemies":"Red Slaver","floor":11,"turns":3},{"damage":8,"enemies":"3 Sentries","floor":13,"turns":9},{"damage":3,"enemies":"Looter","floor":14,"turns":3},{"damage":34,"enemies":"Slime Boss","floor":16,"turns":8}],"seed_played":"8783527181218226894","potions_obtained":[{"floor":1,"key":"theMarked:SummonPotion"},{"floor":10,"key":"FearPotion"},{"floor":11,"key":"PowerPotion"},{"floor":13,"key":"PowerPotion"}],"is_trial":false,"path_per_floor":["M","?","$","?","M","R","E","M","T","M","M","R","E","M","R","B"],"character_chosen":"THE_DEFAULT","items_purchased":[],"campfire_rested":0,"item_purchase_floors":[],"current_hp_per_floor":[72,65,65,72,72,72,72,70,70,67,64,64,56,53,53,19,19],"gold":271,"neow_bonus":"THREE_ENEMY_KILL","is_daily":false,"chose_seed":false,"campfire_upgraded":3,"win_rate":0.0,"timestamp":1613839822,"path_taken":["M","?","$","?","M","R","E","M","T","M","?","R","E","M","R","BOSS"],"items_purchased_type":[],"build_version":"2020-12-22","purchased_purges":1,"victory":false,"max_hp_per_floor":[72,72,72,72,72,72,72,72,72,72,72,72,72,72,72,72,72],"card_choices":[{"not_picked":["theMarked:Pokerface","theMarked:EnhanceMovement","theMarked:KeepCalmAndFight"],"picked":"SKIP","floor":1},{"not_picked":["theMarked:SwordAndMagic","theMarked:Maelstrom","theMarked:HeightenedSenses"],"picked":"SKIP","floor":5},{"not_picked":["theMarked:Improvise","theMarked:RepellingDischarge"],"picked":"theMarked:StartUp","floor":7},{"not_picked":["theMarked:EmpowerWeapon","theMarked:ComboAttacks","theMarked:UnarmedFury"],"picked":"SKIP","floor":8},{"not_picked":["theMarked:MysticalArsenal","theMarked:EmpowerWeapon","theMarked:CreepingChasm"],"picked":"SKIP","floor":10},{"not_picked":["theMarked:Improvise","theMarked:Parkour"],"picked":"theMarked:FavorableWinds","floor":11},{"not_picked":["theMarked:WastefulAttack","theMarked:RepellingDischarge","theMarked:ChannelForce"],"picked":"SKIP","floor":13},{"not_picked":["theMarked:WastefulAttack","theMarked:BanishingStrike"],"picked":"theMarked:RogueSparks","floor":14}],"player_experience":335158,"relics_obtained":[{"floor":7,"key":"Blue Candle"},{"floor":9,"key":"Bottled Flame"},{"floor":13,"key":"Smiling Mask"}],"event_choices":[{"cards_removed":["theMarked:Defend"],"damage_healed":0,"gold_gain":0,"player_choice":"Card Removal","damage_taken":7,"max_hp_gain":0,"max_hp_loss":0,"event_name":"Golden Wing","floor":2,"gold_loss":0},{"damage_healed":7,"gold_gain":0,"player_choice":"Full Heal","damage_taken":0,"max_hp_gain":0,"max_hp_loss":0,"event_name":"Wheel of Change","floor":4,"gold_loss":0}],"is_beta":false,"boss_relics":[],"items_purged_floors":[3],"is_endless":false,"potions_floor_spawned":[1,10,11,13,16],"killed_by":"Slime Boss","ascension_level":1}}