{"host":"t9vqxmgmtrdkt9v9","time":1613784236,"event":{"mods":["AchievementEnabler","BaseMod","Colored Map","Minty Spire (QoL Compilation)","Permanent Neow","Relic Stats","StSLib"],"gold_per_floor":[113,168,443,456,53,82,82,114,169,169,203,219,219,239,239,316,316,331,331,331],"floor_reached":19,"language":"ENG","playtime":1067,"items_purged":["Regret"],"score":361,"play_id":"8ede2b70-07b2-4178-8aca-c276b76e9ad2","local_time":"20210220112356","is_ascension_mode":true,"campfire_choices":[{"data":"Skewer","floor":7,"key":"SMITH"},{"floor":10,"key":"REST"},{"data":"Neutralize","floor":13,"key":"SMITH"},{"data":"Dodge and Roll","floor":15,"key":"SMITH"}],"circlet_count":0,"master_deck":["AscendersBane","Strike_G","Strike_G","Strike_G","Strike_G","Strike_G","Defend_G","Defend_G","Defend_G","Defend_G","Defend_G","Survivor","Neutralize+1","Masterful Stab","Backstab","Skewer+1","Finisher","PiercingWail","Dodge and Roll+1","Endless Agony","Doppelganger","Flying Knee+1"],"relics":["Ring of the Snake","Dead Branch","Strawberry","Bag of Preparation","PreservedInsect","Snake Skull","Black Star"],"acts_visited":["Exordium","TheCity"],"potions_floor_usage":[6,16,18,19],"damage_taken":[{"damage":0,"enemies":"2 Louse","floor":1,"turns":5},{"damage":6,"enemies":"Cultist","floor":4,"turns":4},{"damage":10,"enemies":"3 Sentries","floor":6,"turns":7},{"damage":22,"enemies":"Lagavulin","floor":8,"turns":6},{"damage":7,"enemies":"3 Sentries","floor":11,"turns":4},{"damage":0,"enemies":"Jaw Worm","floor":12,"turns":1},{"damage":0,"enemies":"Blue Slaver","floor":14,"turns":1},{"damage":11,"enemies":"The Guardian","floor":16,"turns":14},{"damage":15,"enemies":"2 Thieves","floor":18,"turns":5},{"damage":49,"enemies":"Masked Bandits","floor":19,"turns":5}],"seed_played":"-1952055309655354716","potions_obtained":[{"floor":0,"key":"DistilledChaos"},{"floor":0,"key":"LiquidMemories"},{"floor":6,"key":"DistilledChaos"},{"floor":18,"key":"Swift Potion"}],"is_trial":false,"path_per_floor":["M","?","?","M","$","E","R","E","T","R","E","M","R","M","R","B",null,"M","?"],"character_chosen":"THE_SILENT","items_purchased":["Dead Branch"],"campfire_rested":1,"item_purchase_floors":[5],"current_hp_per_floor":[59,59,59,53,53,50,50,28,28,49,42,42,42,42,42,31,63,48,0,0],"gold":331,"neow_bonus":"THREE_SMALL_POTIONS","is_daily":false,"chose_seed":false,"campfire_upgraded":3,"win_rate":0.0,"timestamp":1613784236,"path_taken":["M","?","?","M","$","E","R","E","T","R","E","?","R","M","R","BOSS","M","?"],"items_purchased_type":["Relic"],"build_version":"2020-12-22","purchased_purges":1,"victory":false,"max_hp_per_floor":[66,66,66,66,66,73,73,73,73,73,73,73,73,73,73,73,73,73,73,73],"relic_stats":{"counters":[10,52],"Dead Branch":[34],"PreservedInsect":31,"Snake Skull":[0],"Bag of Preparation":[12],"Black Star":0,"obtain_stats":[{"Dead Branch":5,"Strawberry":6,"PreservedInsect":9,"Snake Skull":11,"Bag of Preparation":8,"Black Star":17,"Ring of the Snake":0},{"Dead Branch":2,"Strawberry":3,"PreservedInsect":4,"Snake Skull":5,"Bag of Preparation":4,"Black Star":8,"Ring of the Snake":0},{"Dead Branch":9,"Strawberry":16,"PreservedInsect":22,"Snake Skull":26,"Bag of Preparation":22,"Black Star":42,"Ring of the Snake":0}],"Ring of the Snake":[20]},"card_choices":[{"not_picked":["Accuracy","Sucker Punch"],"picked":"Masterful Stab","floor":1},{"not_picked":["Escape Plan","Underhanded Strike"],"picked":"Backstab","floor":4},{"not_picked":["Well Laid Plans","Predator"],"picked":"Skewer","floor":6},{"not_picked":["A Thousand Cuts","Glass Knife"],"picked":"Finisher","floor":8},{"not_picked":["Prepared","Reflex"],"picked":"PiercingWail","floor":11},{"not_picked":["Caltrops","Quick Slash"],"picked":"Dodge and Roll","floor":12},{"not_picked":["Bane","Acrobatics"],"picked":"Endless Agony","floor":14},{"not_picked":["Corpse Explosion","A Thousand Cuts"],"picked":"Doppelganger","floor":16},{"not_picked":["Slice","Poisoned Stab"],"picked":"Flying Knee+1","floor":18}],"player_experience":455641,"relics_obtained":[{"floor":6,"key":"Strawberry"},{"floor":8,"key":"Bag of Preparation"},{"floor":9,"key":"PreservedInsect"},{"floor":11,"key":"Snake Skull"}],"event_choices":[{"damage_healed":0,"gold_gain":55,"player_choice":"Gained Gold","damage_taken":0,"max_hp_gain":0,"max_hp_loss":0,"event_name":"Golden Wing","floor":2,"gold_loss":0},{"damage_healed":0,"gold_gain":275,"player_choice":"Desecrate","damage_taken":0,"max_hp_gain":0,"max_hp_loss":0,"event_name":"Golden Shrine","floor":3,"gold_loss":0,"cards_obtained":["Regret"]},{"damage_healed":0,"gold_gain":0,"player_choice":"Fought Bandits","damage_taken":0,"max_hp_gain":0,"max_hp_loss":0,"event_name":"Masked Bandits","floor":19,"gold_loss":0}],"is_beta":false,"boss_relics":[{"not_picked":["Empty Cage","Runic Dome"],"picked":"Black Star"}],"items_purged_floors":[5],"is_endless":false,"potions_floor_spawned":[6,8,11,14,18],"killed_by":"Masked Bandits","ascension_level":19}}