{"host":"Bilverbakes","time":1613792384,"event":{"mods":["2.2 Compatiblity","AchievementEnabler","BaseMod","Bestiary","Colored Map","Minty Spire (QoL Compilation)","Relic Stats","StSLib","ojb\u0027s Info Mod"],"gold_per_floor":[113,113,138,1,17,17,37,72,118,130,163,175,220,232,244,346,358,388,424,120,120,141,141,154,154,154,25,66,86,86,86],"floor_reached":30,"language":"ENG","playtime":1117,"items_purged":["Strike_G","Strike_G"],"score":620,"play_id":"b391a24b-b32f-4541-8829-e54f0f266298","local_time":"20210219213944","is_ascension_mode":true,"campfire_choices":[{"data":"Envenom","floor":6,"key":"SMITH"},{"data":"Adrenaline","floor":10,"key":"SMITH"},{"data":"Dagger Spray","floor":12,"key":"SMITH"},{"data":"Neutralize","floor":15,"key":"SMITH"},{"floor":23,"key":"REST"},{"floor":25,"key":"REST"}],"circlet_count":0,"master_deck":["AscendersBane","Strike_G","Defend_G","Defend_G","Defend_G","Defend_G","Survivor","Neutralize+1","Envenom+1","Adrenaline+1","Slice","Dagger Throw","Masterful Stab","Blade Dance","Poisoned Stab","Blade Dance","Dagger Spray+1","Blade Dance","Malaise","CurseOfTheBell","Accuracy","Backstab","Dash"],"relics":["Ring of the Snake","Golden Idol","Ninja Scroll","MawBank","Smiling Mask","Calling Bell","Nunchaku","Letter Opener","StoneCalendar","Bottled Lightning","WingedGreaves","Ornamental Fan"],"acts_visited":["Exordium","TheCity"],"potions_floor_usage":[8,13,16,28],"damage_taken":[{"damage":5,"enemies":"Jaw Worm","floor":1,"turns":6},{"damage":0,"enemies":"Small Slimes","floor":3,"turns":4},{"damage":0,"enemies":"Cultist","floor":5,"turns":3},{"damage":0,"enemies":"Blue Slaver","floor":7,"turns":2},{"damage":10,"enemies":"Lagavulin","floor":8,"turns":6},{"damage":0,"enemies":"Exordium Wildlife","floor":11,"turns":1},{"damage":0,"enemies":"3 Sentries","floor":13,"turns":5},{"damage":22,"enemies":"Slime Boss","floor":16,"turns":9},{"damage":1,"enemies":"Chosen","floor":18,"turns":3},{"damage":35,"enemies":"2 Thieves","floor":19,"turns":4},{"damage":7,"enemies":"Chosen and Byrds","floor":22,"turns":3},{"damage":13,"enemies":"Centurion and Healer","floor":24,"turns":5},{"damage":0,"enemies":"Gremlin Leader","floor":28,"turns":5},{"damage":7,"enemies":"Snecko","floor":29,"turns":3},{"damage":12,"enemies":"Snake Plant","floor":30,"turns":3}],"seed_played":"-1654049749013274214","potions_obtained":[{"floor":8,"key":"Block Potion"},{"floor":11,"key":"SkillPotion"},{"floor":16,"key":"CultistPotion"},{"floor":18,"key":"CultistPotion"},{"floor":28,"key":"LiquidMemories"}],"is_trial":false,"path_per_floor":["M","?","M","$","M","R","M","E","T","R","M","R","E","?","R","B",null,"M","M","$","?","M","R","M","R","T","$","E","M","M"],"character_chosen":"THE_SILENT","items_purchased":["Masterful Stab","BlessingOfTheForge","Bottled Lightning","Dash"],"campfire_rested":2,"item_purchase_floors":[4,4,20,27],"current_hp_per_floor":[54,54,54,54,54,54,54,44,44,44,44,44,44,37,37,15,44,43,8,8,8,1,17,4,20,20,20,20,13,1,1],"gold":86,"neow_bonus":"TRANSFORM_TWO_CARDS","is_daily":false,"chose_seed":false,"campfire_upgraded":4,"win_rate":0.0,"timestamp":1613792384,"path_taken":["M","?","M","$","M","R","M","E","T","R","M","R","E","?","R","BOSS","M","M","$","?","M","R","M","R","T","$","E","M","M"],"items_purchased_type":["Card","Potion","Relic","Card"],"build_version":"2020-12-18","purchased_purges":2,"victory":false,"max_hp_per_floor":[60,54,54,54,54,54,54,54,54,54,54,54,54,54,54,54,54,54,54,54,54,54,54,54,54,54,54,54,54,54,54],"relic_stats":{"Nunchaku":[12],"counters":[15,62],"Golden Idol":76,"Ornamental Fan":[32],"StoneCalendar":[0],"Letter Opener":[20],"MawBank":132,"Smiling Mask":75,"obtain_stats":[{"Calling Bell":17,"Nunchaku":17,"Golden Idol":2,"Ninja Scroll":8,"Ornamental Fan":28,"StoneCalendar":17,"WingedGreaves":26,"Letter Opener":17,"Bottled Lightning":20,"MawBank":9,"Smiling Mask":13,"Ring of the Snake":0},{"Calling Bell":8,"Nunchaku":8,"Golden Idol":1,"Ninja Scroll":5,"Ornamental Fan":13,"StoneCalendar":8,"WingedGreaves":12,"Letter Opener":8,"Bottled Lightning":10,"MawBank":5,"Smiling Mask":7,"Ring of the Snake":0},{"Calling Bell":36,"Nunchaku":36,"Golden Idol":6,"Ninja Scroll":21,"Ornamental Fan":56,"StoneCalendar":36,"WingedGreaves":51,"Letter Opener":36,"Bottled Lightning":43,"MawBank":21,"Smiling Mask":27,"Ring of the Snake":0}],"Ring of the Snake":[30]},"card_choices":[{"not_picked":["Heel Hook","Dodge and Roll"],"picked":"Slice","floor":1},{"not_picked":["Noxious Fumes","Backflip"],"picked":"Dagger Throw","floor":3},{"not_picked":["Concentrate","Escape Plan"],"picked":"Blade Dance","floor":5},{"not_picked":["Noxious Fumes","Sucker Punch"],"picked":"Poisoned Stab","floor":7},{"not_picked":["Leg Sweep","Outmaneuver"],"picked":"Blade Dance","floor":8},{"not_picked":["Catalyst","Underhanded Strike"],"picked":"Dagger Spray","floor":11},{"not_picked":["Dagger Spray","Concentrate"],"picked":"Blade Dance","floor":13},{"not_picked":["Bullet Time","Wraith Form v2"],"picked":"Malaise","floor":16},{"not_picked":["Poisoned Stab","Caltrops+1"],"picked":"Accuracy","floor":18},{"not_picked":["Underhanded Strike","Catalyst"],"picked":"Backstab","floor":19},{"not_picked":["Skewer","All Out Attack","Underhanded Strike"],"picked":"SKIP","floor":22},{"not_picked":["Sucker Punch","Blade Dance","Quick Slash"],"picked":"SKIP","floor":24},{"not_picked":["Riddle With Holes","Poisoned Stab","Outmaneuver"],"picked":"SKIP","floor":28},{"not_picked":["Caltrops","Backflip","Blade Dance"],"picked":"SKIP","floor":29}],"player_experience":971447,"relics_obtained":[{"floor":8,"key":"Ninja Scroll"},{"floor":9,"key":"MawBank"},{"floor":13,"key":"Smiling Mask"},{"floor":17,"key":"Nunchaku"},{"floor":17,"key":"Letter Opener"},{"floor":17,"key":"StoneCalendar"},{"floor":26,"key":"WingedGreaves"},{"floor":28,"key":"Ornamental Fan"}],"event_choices":[{"damage_healed":0,"gold_gain":0,"player_choice":"Lose Max HP","damage_taken":0,"relics_obtained":["Golden Idol"],"max_hp_gain":0,"max_hp_loss":6,"event_name":"Golden Idol","floor":2,"gold_loss":0},{"cards_removed":["Strike_G"],"damage_healed":0,"gold_gain":0,"player_choice":"Card Removal","damage_taken":7,"max_hp_gain":0,"max_hp_loss":0,"event_name":"Golden Wing","floor":14,"gold_loss":0},{"damage_healed":0,"gold_gain":0,"player_choice":"Ignored","damage_taken":0,"max_hp_gain":0,"max_hp_loss":0,"event_name":"Vampires","floor":21,"gold_loss":0}],"is_beta":true,"boss_relics":[{"not_picked":["Empty Cage","Velvet Choker"],"picked":"Calling Bell"}],"items_purged_floors":[20,27],"is_endless":false,"potions_floor_spawned":[8,11,16,18,19,22,28],"killed_by":"Snake Plant","ascension_level":20}}