{"host":"y7wrf01yacd588jx","time":1613787069,"event":{"mods":["AchievementEnabler","Act Like it!","Aspiration","BaseMod","Colored Map","Colored Powertips","Conspire","Downfall","Energized Spire","Friendly Minions","Gensokyo","GifTheSpireLib","Googly Eyes","Hubris","Infinite Spire","Minty Spire (QoL Compilation)","Permanent Neow","Relic Sorter","Reliquary","Replay The Spire","Ruina","Shade Mod","StSLib","Stuff the Spire","The Death Knight"],"gold_per_floor":[99,99,99,99,118,132,132,148,158,172,187,206,206,233,250,350,350,350,362,362,362,26,38,61,78,90,120,134,154,174,174,193,193,193],"floor_reached":33,"language":"ENG","playtime":3452,"items_purged":[],"score":327,"play_id":"2a6f330c-f998-431a-8ce1-cb69bc7513d0","local_time":"20210219211109","is_ascension_mode":false,"campfire_choices":[{"data":"Shade:AnimateDead","floor":1,"key":"SMITH"},{"floor":13,"key":"REST"},{"data":"Shade:Putrefaction","floor":18,"key":"SMITH"}],"circlet_count":0,"master_deck":["Shade:Strike_Shade","Shade:Strike_Shade","Shade:Strike_Shade","Shade:Strike_Shade","Shade:Defend_Shade","Shade:Defend_Shade","Shade:Defend_Shade","Shade:Defend_Shade","Shade:AnimateDead+1","Shade:ClawBack","Shade:SpectralStrikes","Shade:Excise","Shade:FleshOffering","Shade:FreshBones","Shade:GraveStillness","Shade:AblativeArmor","Shade:CloudOfShrapnel","Shade:Putrefaction+1","Shade:Bonestorm","Shade:FeralStrike","Shade:SpontaneousRitual+1","ruina:Nihil","ruina:BlindRage","ruina:FadedMemories","Normality","Shade:Awaken+1","Shade:FreshBones+1","Shade:Excise","expansioncontent:DashGenerateEvil","Shade:Trample+1","Shade:Awaken","Shade:FleshOffering","Shade:Awaken","Shade:Carnophage","Shade:Coordination","Shade:WallOfFlesh+1","Shade:PressTheAttack","Shade:CloudOfShrapnel+1","Shade:Carnophage","Shade:Trample+1","Shade:Frenzy"],"relics":["Shade:YorickSkull","hubris:Icosahedron","reliquary:TatteredRug","downfall:ShatteredFragment","FossilizedHelix","Darkstone Periapt","Pen Nib","energizedSpire:StickyHand","Ring of Panic","Ring of Fangs","reliquary:FingerTrap","reliquary:Spinner","aspiration:SneckoTail"],"acts_visited":["Exordium","ruina:Briah"],"potions_floor_usage":[19,23,23,25,27,29,32],"damage_taken":[{"damage":0,"enemies":"Jaw Worm","floor":5,"turns":3},{"damage":0,"enemies":"conspire:RoseBush","floor":6,"turns":3},{"damage":0,"enemies":"2 Louse","floor":8,"turns":2},{"damage":4,"enemies":"Exordium Thugs","floor":9,"turns":4},{"damage":0,"enemies":"Exordium Wildlife","floor":10,"turns":2},{"damage":0,"enemies":"2 Fungi Beasts","floor":11,"turns":3},{"damage":0,"enemies":"Large Slime","floor":12,"turns":5},{"damage":4,"enemies":"3 Sentries","floor":14,"turns":6},{"damage":0,"enemies":"Exordium Thugs","floor":15,"turns":3},{"damage":3,"enemies":"SI_SHIV_ARCHETYPE","floor":16,"turns":11},{"damage":2,"enemies":"ruina:3_Bats","floor":19,"turns":4},{"damage":0,"enemies":"downfall:FleeingMerchant","floor":22,"turns":4},{"damage":0,"enemies":"ruina:BadWolf","floor":23,"turns":5},{"damage":0,"enemies":"ruina:3_Scarecrows","floor":25,"turns":2},{"damage":16,"enemies":"ruina:Woodsman","floor":26,"turns":4},{"damage":0,"enemies":"ruina:RoadHome","floor":27,"turns":3},{"damage":1,"enemies":"ruina:QueenOfHate","floor":28,"turns":5},{"damage":0,"enemies":"ruina:KnightOfDespair","floor":29,"turns":3},{"damage":27,"enemies":"ruina:Woodsman","floor":30,"turns":7},{"damage":19,"enemies":"ruina:QueenOfHate","floor":32,"turns":4},{"damage":3,"enemies":"IC_MUSHROOM_ARCHETYPE","floor":33,"turns":8}],"seed_played":"1003457998403726013","potions_obtained":[{"floor":6,"key":"Energy Potion"},{"floor":8,"key":"AttackPotion"},{"floor":11,"key":"SkillPotion"},{"floor":19,"key":"Languid Potion"},{"floor":23,"key":"GamblersBrew"},{"floor":28,"key":"Slimebound:ThreeZeroPotion"},{"floor":30,"key":"Strength Potion"}],"is_trial":false,"path_per_floor":["R","?","?","?","M","M","T","M","M","M","M","M","R","E","M","B",null,"R","M","?","?","$","M","T","M","M","E","M","M","M","?","M","B"],"character_chosen":"SHADE","items_purchased":["reliquary:FingerTrap","expansioncontent:DashGenerateEvil"],"campfire_rested":1,"item_purchase_floors":[22,22],"current_hp_per_floor":[65,35,32,32,32,32,32,32,28,28,28,28,47,43,43,40,65,65,63,60,66,66,66,66,66,50,50,49,49,22,22,3,0,0],"gold":193,"neow_bonus":"RANDOM_COMMON_RELIC","is_daily":false,"chose_seed":false,"campfire_upgraded":2,"win_rate":0.0,"timestamp":1613787069,"path_taken":["R","?","?","?","M","M","T","M","M","M","M","M","R","E","M","BOSS","R","M","?","?","$","M","T","M","M","E","M","M","M","?","M","BOSS"],"items_purchased_type":["Relic","Card"],"build_version":"2020-12-22","purchased_purges":0,"victory":false,"max_hp_per_floor":[65,65,65,65,65,65,65,65,65,65,65,65,65,65,65,65,65,65,65,60,66,66,66,66,66,66,66,66,66,66,66,66,66,66],"card_choices":[{"not_picked":["Shade:FeralStrike","Shade:FingerOfDeath"],"picked":"Shade:ClawBack","floor":5},{"not_picked":["Shade:FleshToFlesh","Shade:FeralStrike"],"picked":"Shade:SpectralStrikes","floor":6},{"not_picked":["Shade:Trample","Shade:WallOfFlesh"],"picked":"Shade:Excise","floor":8},{"not_picked":["Shade:RavenousHorde","Shade:Frenzy"],"picked":"Shade:FleshOffering","floor":9},{"not_picked":["Shade:SpontaneousRitual","Shade:Doomsay"],"picked":"Shade:FreshBones","floor":10},{"not_picked":["Shade:Trample","Shade:Premonition"],"picked":"Shade:GraveStillness","floor":11},{"not_picked":["Shade:CallWraith","Shade:Trample","Shade:Premonition"],"picked":"SKIP","floor":12},{"not_picked":["Shade:LyeBath","Shade:ScuttlingHand"],"picked":"Shade:AblativeArmor","floor":14},{"not_picked":["Shade:PotionOfRestlessness","Shade:GreyBargain"],"picked":"Shade:CloudOfShrapnel","floor":15},{"not_picked":["Shade:Tombstone","Shade:Coordination"],"picked":"Shade:Putrefaction","floor":16},{"not_picked":["Shade:FeralStrike","Shade:SpontaneousRitual+1"],"picked":"Shade:Bonestorm","floor":19},{"not_picked":["ruina:BlindRage","ruina:FadedMemories"],"picked":"ruina:Nihil","floor":20},{"not_picked":["Shade:Awaken+1","Shade:Excise"],"picked":"Shade:FreshBones+1","floor":22},{"not_picked":["Shade:Awaken","Shade:FleshOffering"],"picked":"Shade:Trample+1","floor":23},{"not_picked":["Shade:StitchTogether","Shade:FuneraryArmor+1","Shade:TouchOfTheGrave"],"picked":"SKIP","floor":25},{"not_picked":["Shade:SpontaneousRitual","Shade:BoneShards","Shade:SpectralStrikes+1"],"picked":"SKIP","floor":26},{"not_picked":["Shade:Awaken","Shade:Coordination"],"picked":"Shade:Carnophage","floor":27},{"not_picked":["Shade:Frenzy","Shade:FuneraryArmor+1","Shade:CoffinDance"],"picked":"SKIP","floor":28},{"not_picked":["Shade:WallOfFlesh+1","Shade:PressTheAttack"],"picked":"Shade:CloudOfShrapnel+1","floor":29},{"not_picked":["Shade:Carnophage","Shade:Trample+1"],"picked":"Shade:Frenzy","floor":30},{"not_picked":["Shade:CallWraith","Shade:Trample","Shade:FuneraryArmor"],"picked":"SKIP","floor":32}],"player_experience":142219,"relics_obtained":[{"floor":7,"key":"Darkstone Periapt"},{"floor":14,"key":"Pen Nib"},{"floor":21,"key":"Ring of Panic"},{"floor":21,"key":"Ring of Fangs"},{"floor":24,"key":"reliquary:Spinner"},{"floor":27,"key":"aspiration:SneckoTail"}],"event_choices":[{"damage_healed":0,"gold_gain":0,"player_choice":"Success","damage_taken":3,"relics_obtained":["FossilizedHelix"],"max_hp_gain":0,"max_hp_loss":0,"event_name":"Scrap Ooze","floor":3,"gold_loss":0},{"cards_removed":["Shade:CarefulCut"],"damage_healed":0,"gold_gain":0,"player_choice":"Offered Basic","damage_taken":0,"max_hp_gain":0,"max_hp_loss":0,"event_name":"Bonfire Elementals","floor":4,"gold_loss":0}],"is_beta":false,"boss_relics":[{"not_picked":["aspiration:PoetsPen_weak","Kintsugi"],"picked":"energizedSpire:StickyHand"}],"items_purged_floors":[],"is_endless":false,"potions_floor_spawned":[6,8,11,12,19,23,28,30],"killed_by":"IC_MUSHROOM_ARCHETYPE","ascension_level":0}}