{"host":"4a6fro0of1ie0h2w","time":1613843528,"event":{"mods":["Aspiration","BaseMod","CCEM2","Colored Map","Conspire","Downfall","GifTheSpireLib","Halation","Highlight Path","Hubris","Infinite Spire","Marisa????????","Minty Spire (QoL Compilation)","Permanent Neow","Replay The Spire","StSLib","Stuff the Spire","The Servant 0.9.4"],"gold_per_floor":[349,369,382,400,500,516,541,571,571,591,601,601,634,634,646,743,743,743,743,743,760,778,803,803,603,631,631,385,395,409,421,434,434,434,434],"floor_reached":33,"language":"ENG","playtime":1411,"items_purged":[],"score":331,"play_id":"48c89caa-9944-45b9-bdac-6d79309db8b0","local_time":"20210220195208","is_ascension_mode":true,"campfire_choices":[{"data":"champ:Taunt","floor":1,"key":"SMITH"},{"data":"champ:TornadoPunch","floor":9,"key":"SMITH"},{"data":"champ:FlashCut","floor":12,"key":"SMITH"},{"floor":18,"key":"RECALL"},{"data":"champ:Improvising","floor":25,"key":"SMITH"},{"data":"champ:ShieldWall","floor":27,"key":"SMITH"}],"circlet_count":0,"master_deck":["champ:Strike","champ:Strike","champ:Strike","champ:Strike","champ:Defend","champ:Execute","champ:Taunt+1","champ:SetATrap","champ:ShieldWall+1","champ:Circumvent","champ:TornadoPunch+1","champ:ShieldWall+1","champ:EnGarde","champ:DefensiveShout","champ:FlashCut+1","infinitespire:FinalStrike","champ:Devastate","champ:Improvising+1","champ:RisingSlash","champ:DefensiveStyle","champ:RisingSlash+1","champ:Duel","Replay:Dark Deal","champ:BladeFlurry"],"relics":["champ:ChampionCrown","halation:Pancakes","Pocketwatch","conspire:TopHat","hubris:TerracottaHorce","Thread and Needle","infinitespire:EmpoweringShard","downfall:HeartBlessingRed","downfall:HeartBlessingGreen","halation:PrussianBluePaint"],"acts_visited":["Exordium","TheCity"],"potions_floor_usage":[5,5,26,26,31,33],"damage_taken":[{"damage":15,"enemies":"2 Louse","floor":2,"turns":3},{"damage":24,"enemies":"Jaw Worm","floor":3,"turns":3},{"damage":0,"enemies":"Cultist","floor":4,"turns":4},{"damage":83,"enemies":"downfall:Heads","floor":5,"turns":9},{"damage":17,"enemies":"Blue Slaver","floor":6,"turns":4},{"damage":19,"enemies":"Lagavulin","floor":8,"turns":6},{"damage":1,"enemies":"downfall:LooterAlt","floor":10,"turns":3},{"damage":0,"enemies":"Large Slime","floor":11,"turns":4},{"damage":2,"enemies":"3 Sentries","floor":13,"turns":4},{"damage":7,"enemies":"3 Louse","floor":15,"turns":3},{"damage":28,"enemies":"WA_ARCHETYPE_RETAIN","floor":16,"turns":5},{"damage":17,"enemies":"Shell Parasite","floor":21,"turns":4},{"damage":14,"enemies":"conspire:FuzzyDice","floor":22,"turns":3},{"damage":27,"enemies":"Gremlin Leader","floor":23,"turns":4},{"damage":30,"enemies":"Book of Stabbing","floor":26,"turns":4},{"damage":0,"enemies":"downfall:FleeingMerchant","floor":28,"turns":4},{"damage":10,"enemies":"Sentry and Sphere","floor":29,"turns":3},{"damage":10,"enemies":"Snecko","floor":30,"turns":3},{"damage":7,"enemies":"Centurion and Healer","floor":31,"turns":2},{"damage":7,"enemies":"Sentry and Sphere","floor":32,"turns":3},{"damage":2,"enemies":"DF_ARCHETYPE_CLAW","floor":33,"turns":2}],"seed_played":"-8166482595428807193","potions_obtained":[{"floor":3,"key":"Regen Potion"},{"floor":4,"key":"DistilledChaos"},{"floor":8,"key":"Elixir"},{"floor":11,"key":"sneckomod:MuddlingPotion"},{"floor":15,"key":"Swift Potion"},{"floor":21,"key":"Venom Potion"},{"floor":29,"key":"FearPotion"},{"floor":30,"key":"Languid Potion"},{"floor":32,"key":"SneckoOil"}],"is_trial":false,"path_per_floor":["R","M","M","M","?","M","T","E","R","M","M","R","E","?","M","B",null,"R","?","?","M","M","E","T","R","E","R","$","M","M","M","M","B"],"character_chosen":"THE_CHAMP","items_purchased":["champ:Duel","Replay:Dark Deal"],"campfire_rested":0,"item_purchase_floors":[28,28],"current_hp_per_floor":[63,58,54,54,33,16,71,62,62,61,61,61,59,38,31,23,73,73,73,73,66,62,35,35,35,15,15,15,15,15,8,1,0,0,0],"gold":434,"neow_bonus":"TWO_FIFTY_GOLD","is_daily":false,"chose_seed":false,"campfire_upgraded":5,"win_rate":0.0,"timestamp":1613843528,"path_taken":["R","M","M","M","?","M","T","E","R","M","M","R","E","?","M","BOSS","R","?","?","M","M","E","T","R","E","R","$","M","?","M","M","BOSS"],"items_purchased_type":["Card","Card"],"build_version":"2020-12-22","purchased_purges":0,"victory":false,"max_hp_per_floor":[90,90,90,90,90,90,90,90,90,90,90,90,90,90,90,90,90,90,90,90,90,90,90,90,90,90,90,90,90,90,90,90,90,90,90],"card_choices":[{"not_picked":["champ:Backstep","champ:FanOfKnives"],"picked":"champ:SetATrap","floor":2},{"not_picked":["champ:Circumvent","champ:IronFortress"],"picked":"champ:ShieldWall","floor":3},{"not_picked":["champ:FocusedBerserking","champ:Parry"],"picked":"champ:Circumvent","floor":4},{"not_picked":["champ:StanceDance","champ:DeathBlow"],"picked":"champ:TornadoPunch","floor":5},{"not_picked":["champ:CrownThrow","champ:Circumvent"],"picked":"champ:EnGarde","floor":6},{"not_picked":["champ:GladiatorStyle","champ:DeathBlow"],"picked":"champ:DefensiveShout","floor":8},{"not_picked":["champ:DeathBlow","champ:Lariat","champ:FancyFootwork"],"picked":"SKIP","floor":10},{"not_picked":["champ:BladeFlurry","champ:FanOfKnives"],"picked":"champ:FlashCut","floor":11},{"not_picked":["champ:Haymaker","champ:CrownThrow","champ:Backstep"],"picked":"SKIP","floor":13},{"not_picked":["ReplayTheSpireMod:Chaos Vortex","infinitespire:Starlight"],"picked":"infinitespire:FinalStrike","floor":14},{"not_picked":["champ:BerserkersShout","champ:Haymaker"],"picked":"champ:Devastate","floor":15},{"not_picked":["champ:VampiricStrike","champ:UltimateStance"],"picked":"champ:Improvising","floor":16},{"not_picked":["champ:CrookedStrike+1","champ:Haymaker"],"picked":"champ:RisingSlash","floor":21},{"not_picked":["champ:ShieldSlam","champ:TornadoPunch+1"],"picked":"champ:DefensiveStyle","floor":22},{"not_picked":["champ:Parry+1","champ:Duel","champ:GutPunch"],"picked":"SKIP","floor":23},{"not_picked":["champ:HeartStrike+1","champ:EndlessRage","champ:BerserkersShout"],"picked":"SKIP","floor":26},{"not_picked":["champ:BerserkersShout","champ:FalseCounter"],"picked":"champ:RisingSlash+1","floor":28},{"not_picked":["champ:ShieldSigil","champ:PreciseThrust+1","champ:FanOfKnives"],"picked":"SKIP","floor":29},{"not_picked":["champ:ShieldSlam","champ:DefensiveStyle","champ:Backstep"],"picked":"SKIP","floor":30},{"not_picked":["champ:CrownThrow+1","champ:ViciousMockery","champ:AdrenalArmor"],"picked":"SKIP","floor":31},{"not_picked":["champ:EnGarde","champ:Haymaker"],"picked":"champ:BladeFlurry","floor":32}],"player_experience":236723,"relics_obtained":[{"floor":7,"key":"halation:Pancakes"},{"floor":8,"key":"Pocketwatch"},{"floor":13,"key":"conspire:TopHat"},{"floor":23,"key":"Thread and Needle"},{"floor":24,"key":"infinitespire:EmpoweringShard"},{"floor":26,"key":"halation:PrussianBluePaint"}],"event_choices":[{"damage_healed":0,"gold_gain":0,"player_choice":"Leave","damage_taken":0,"max_hp_gain":0,"max_hp_loss":0,"event_name":"conspire:Investor","floor":19,"gold_loss":0}],"is_beta":false,"boss_relics":[{"not_picked":["aspiration:DefectSkillbook","halation:LoveArrow"],"picked":"hubris:TerracottaHorce"}],"items_purged_floors":[],"is_endless":false,"potions_floor_spawned":[3,4,8,11,15,21,23,29,30,32],"killed_by":"DF_ARCHETYPE_CLAW","ascension_level":2}}