{"host":"k6u7q08ihsmpx7o5","time":1613814044,"event":{"mods":["BaseMod","Bestiary","Filter the Spire","Minty Spire (QoL Compilation)","Permanent Neow","Relic Stats","StSLib"],"gold_per_floor":[115,133,133,133,133,133,167,167,243,243,26,59,83,108,108,108,108],"floor_reached":16,"language":"ENG","playtime":575,"items_purged":[],"score":216,"play_id":"ddd6a69f-54aa-4567-bf89-5e2fdd6526f1","local_time":"20210220104044","is_ascension_mode":true,"campfire_choices":[{"floor":6,"key":"REST"},{"floor":10,"key":"REST"},{"floor":15,"key":"REST"}],"circlet_count":0,"master_deck":["AscendersBane","Strike_B","Strike_B+1","Strike_B","Strike_B","Defend_B+1","Defend_B","Defend_B","Defend_B","Zap","Dualcast","Ball Lightning","Gash","Rebound","Gash","Genetic Algorithm","Chill"],"relics":["Black Star","Golden Idol","Happy Flower","Boot","Pen Nib","HornCleat","Runic Capacitor","Frozen Egg 2","Bronze Scales"],"acts_visited":["Exordium"],"potions_floor_usage":[7,14,16],"damage_taken":[{"damage":19,"enemies":"Jaw Worm","floor":1,"turns":4},{"damage":10,"enemies":"2 Louse","floor":2,"turns":3},{"damage":17,"enemies":"Lagavulin","floor":7,"turns":7},{"damage":20,"enemies":"3 Sentries","floor":12,"turns":6},{"damage":0,"enemies":"Small Slimes","floor":13,"turns":2},{"damage":4,"enemies":"Exordium Wildlife","floor":14,"turns":3},{"damage":25,"enemies":"Hexaghost","floor":16,"turns":7}],"seed_played":"6877665947960506830","potions_obtained":[{"floor":2,"key":"FocusPotion"},{"floor":7,"key":"Swift Potion"},{"floor":12,"key":"Explosive Potion"}],"is_trial":false,"path_per_floor":["M","M","?","?","?","R","E","$","T","R","$","E","M","M","R","B"],"character_chosen":"DEFECT","items_purchased":["Runic Capacitor","Gash"],"campfire_rested":3,"item_purchase_floors":[11,11],"current_hp_per_floor":[45,35,35,24,5,24,7,7,7,26,26,6,6,2,21,0,0],"gold":108,"neow_bonus":"BOSS_RELIC","is_daily":false,"chose_seed":false,"campfire_upgraded":0,"win_rate":0.0,"timestamp":1613814044,"path_taken":["M","M","?","?","?","R","E","$","T","R","$","E","M","M","R","BOSS"],"items_purchased_type":["Relic","Card"],"build_version":"2020-12-22","purchased_purges":0,"victory":false,"max_hp_per_floor":[71,71,64,64,64,64,64,64,64,64,64,64,64,64,64,64,64],"relic_stats":{"Happy Flower":[8],"counters":[7,32],"Golden Idol":24,"Bronze Scales":[39],"Pen Nib":[3],"Black Star":2,"Boot":[6],"obtain_stats":[{"HornCleat":9,"Happy Flower":4,"Golden Idol":3,"Bronze Scales":12,"Pen Nib":7,"Black Star":0,"Runic Capacitor":11,"Frozen Egg 2":12,"Cracked Core":0,"Boot":7},{"HornCleat":3,"Happy Flower":2,"Golden Idol":2,"Bronze Scales":4,"Pen Nib":3,"Black Star":0,"Runic Capacitor":3,"Frozen Egg 2":4,"Cracked Core":0,"Boot":3},{"HornCleat":14,"Happy Flower":7,"Golden Idol":7,"Bronze Scales":20,"Pen Nib":14,"Black Star":0,"Runic Capacitor":14,"Frozen Egg 2":20,"Cracked Core":0,"Boot":14}]},"card_choices":[{"not_picked":["Chaos","Consume"],"picked":"Ball Lightning","floor":1},{"not_picked":["Rebound","Barrage"],"picked":"Gash","floor":2},{"not_picked":["Stack","Force Field"],"picked":"Rebound","floor":7},{"not_picked":["Steam","Redo","Beam Cell"],"picked":"SKIP","floor":12},{"not_picked":["Reprogram","Ball Lightning"],"picked":"Genetic Algorithm","floor":13},{"not_picked":["Chaos","Aggregate"],"picked":"Chill","floor":14}],"player_experience":1989675,"relics_obtained":[{"floor":7,"key":"Boot"},{"floor":7,"key":"Pen Nib"},{"floor":9,"key":"HornCleat"},{"floor":12,"key":"Frozen Egg 2"},{"floor":12,"key":"Bronze Scales"}],"event_choices":[{"damage_healed":0,"gold_gain":0,"player_choice":"Lose Max HP","damage_taken":0,"relics_obtained":["Golden Idol"],"max_hp_gain":0,"max_hp_loss":7,"event_name":"Golden Idol","floor":3,"gold_loss":0},{"damage_healed":0,"gold_gain":0,"player_choice":"Success","damage_taken":11,"relics_obtained":["Happy Flower"],"max_hp_gain":0,"max_hp_loss":0,"event_name":"Scrap Ooze","floor":4,"gold_loss":0},{"damage_healed":0,"gold_gain":0,"player_choice":"Entered Light","damage_taken":19,"max_hp_gain":0,"max_hp_loss":0,"event_name":"Shining Light","floor":5,"gold_loss":0,"cards_upgraded":["Defend_B","Strike_B"]}],"is_beta":false,"boss_relics":[],"items_purged_floors":[],"is_endless":false,"potions_floor_spawned":[2,7,12],"killed_by":"Hexaghost","ascension_level":20}}