{"host":"xh9ia8eop5z7821v","time":1613795546,"event":{"mods":["AchievementEnabler","BaseMod","BetterRewards","Highlight Path","Minty Spire (QoL Compilation)","Rare Cards Sparkle","Relic Sorter","Relic Stats","Shop Mod","StSLib"],"gold_per_floor":[137,113,123,123,298,298,330,362,362,362,10,10,57,72,72,177,177,189,104,104,104,127,180,180,191,191,222,222,253,285,332,332,332,332],"floor_reached":33,"language":"ENG","playtime":1264,"items_purged":["Strike_G"],"score":617,"play_id":"39f5b4d1-1e67-40b9-9b97-6f3fd8244e0c","local_time":"20210219203226","is_ascension_mode":true,"campfire_choices":[{"floor":6.0,"key":"DIG"},{"floor":10.0,"key":"DIG"},{"floor":15.0,"key":"DIG"},{"floor":24,"key":"DIG"},{"floor":28,"key":"REST"},{"floor":32,"key":"REST"}],"circlet_count":0,"master_deck":["AscendersBane","Strike_G","Strike_G","Strike_G","Strike_G","Defend_G","Defend_G","Defend_G","Defend_G","Defend_G","Survivor","Neutralize","HandOfGreed","Terror","Backstab","PiercingWail","Dash","Doubt","Calculated Gamble","A Thousand Cuts+1","Well Laid Plans+1","Prepared","Phantasmal Killer","Riddle With Holes+1","Distraction+1","Deadly Poison+1","Noxious Fumes+1"],"relics":["Ring of the Snake","Nunchaku","TwistedFunnel","Shovel","StrikeDummy","Letter Opener","Shuriken","The Courier","MawBank","Frozen Egg 2","Ornamental Fan","Tiny Chest","Torii","Philosopher\u0027s Stone","Gremlin Horn","Juzu Bracelet","Enchiridion","Bronze Scales","Bag of Preparation","Sundial","Ninja Scroll","Question Card","Toxic Egg 2"],"acts_visited":["TheCity"],"potions_floor_usage":[31,33],"damage_taken":[{"damage":0.0,"enemies":"Jaw Worm","floor":1.0,"turns":1.0},{"damage":0.0,"enemies":"2 Louse","floor":3.0,"turns":1.0},{"damage":0.0,"enemies":"Small Slimes","floor":7.0,"turns":2.0},{"damage":12.0,"enemies":"Lagavulin","floor":8.0,"turns":5.0},{"damage":12.0,"enemies":"3 Sentries","floor":13.0,"turns":9.0},{"damage":3.0,"enemies":"Blue Slaver","floor":14.0,"turns":3.0},{"damage":6.0,"enemies":"The Guardian","floor":16.0,"turns":12.0},{"damage":14,"enemies":"Spheric Guardian","floor":18,"turns":4},{"damage":17,"enemies":"Slavers","floor":23,"turns":4},{"damage":2,"enemies":"Chosen","floor":25,"turns":3},{"damage":28,"enemies":"Gremlin Leader","floor":27,"turns":4},{"damage":1,"enemies":"Sentry and Sphere","floor":29,"turns":3},{"damage":0,"enemies":"3 Cultists","floor":30,"turns":2},{"damage":19,"enemies":"Book of Stabbing","floor":31,"turns":3},{"damage":34,"enemies":"Automaton","floor":33,"turns":4}],"seed_played":"6755482774530925638","potions_obtained":[{"floor":1.0,"key":"EssenceOfSteel"},{"floor":7.0,"key":"FairyPotion"},{"floor":16.0,"key":"LiquidBronze"},{"floor":18,"key":"Energy Potion"},{"floor":23,"key":"Energy Potion"},{"floor":27,"key":"SteroidPotion"}],"is_trial":false,"path_per_floor":["M","?","M","?","?","R","M","E","T","R","$","T","E","M","R","B",null,"M","?","?","?","T","E","R","M","T","E","R","M","M","E","R","B"],"character_chosen":"THE_SILENT","items_purchased":["Nunchaku","TwistedFunnel","Regen Potion","StrikeDummy","HandOfGreed","Terror","Block Potion","Backstab","PiercingWail","Frozen Egg 2","A Thousand Cuts+1","Well Laid Plans+1"],"campfire_rested":2,"item_purchase_floors":[0,0,0,0,0,0,0,0,0,11,11,11],"current_hp_per_floor":[23,23,23,46,46,46,46,34,34,34,34,34,37,34,34,28,60,46,46,46,30,30,13,13,11,11,10,31,30,30,11,32,0,0],"gold":332,"neow_bonus":"","is_daily":false,"chose_seed":false,"campfire_upgraded":0,"win_rate":0.0,"timestamp":1613795546,"path_taken":["M","?","M","?","?","R","M","E","T","R","$","?","E","M","R","BOSS","M","?","?","?","?","E","R","M","T","E","R","M","M","E","R","BOSS"],"items_purchased_type":["Relic","Relic","Potion","Relic","Card","Card","Potion","Card","Card","Relic","Card","Card"],"build_version":"2020-12-22","purchased_purges":1,"victory":false,"max_hp_per_floor":[70,70,70,70,70,70,70,70,70,70,70,70,70,70,70,70,70,70,70,70,70,70,70,70,70,70,70,70,70,70,70,70,70,70],"relic_stats":{"Torii":40,"Gremlin Horn":[8,8],"counters":[94,445],"Juzu Bracelet":1,"Bag of Preparation":[2],"Letter Opener":[110],"MawBank":12,"Question Card":3,"Nunchaku":[12],"Shovel":4,"Shuriken":[16],"Ornamental Fan":[64],"Sundial":[0],"Bronze Scales":[459],"Tiny Chest":1,"obtain_stats":[{"TwistedFunnel":0,"Gremlin Horn":10,"CeramicFish":9,"Vajra":42,"HoveringKite":17,"Whetstone":40,"Boot":41,"Blood Vial":7,"Centennial Puzzle":40,"Lizard Tail":44,"Sundial":24,"MealTicket":13,"Philosopher\u0027s Stone":17,"HandDrill":20,"Kunai":31,"Toxic Egg 2":31,"Pen Nib":43,"Letter Opener":41,"War Paint":9,"Question Card":42,"Bottled Flame":21,"Shuriken":8,"Bronze Scales":27,"Molten Egg 2":25,"Black Star":34,"StrikeDummy":0,"Ring of the Serpent":17,"Regal Pillow":24,"Lantern":21,"Singing Bowl":9,"Torii":15,"Enchiridion":21,"StoneCalendar":0,"Bag of Preparation":11,"Juzu Bracelet":20,"Cursed Key":34,"Smiling Mask":31,"Ancient Tea Set":43,"SsserpentHead":19,"Nunchaku":0,"Matryoshka":6,"Shovel":0,"WristBlade":34,"Ninja Scroll":26,"Tiny Chest":4,"Chemical X":38,"InkBottle":9,"Ring of the Snake":0,"Potion Belt":0,"Lee\u0027s Waffle":0,"Golden Idol":12,"The Courier":9,"Omamori":42,"Orichalcum":26,"Frozen Egg 2":11,"MawBank":10,"White Beast Statue":22,"Mercury Hourglass":6,"Peace Pipe":28,"Anchor":13,"Ornamental Fan":12,"Art of War":26,"Membership Card":13,"Bottled Lightning":12,"Toy Ornithopter":0,"FossilizedHelix":46},{"TwistedFunnel":79,"Gremlin Horn":6,"CeramicFish":5,"Vajra":47,"HoveringKite":61,"Whetstone":46,"Boot":76,"Blood Vial":4,"Centennial Puzzle":20,"Lizard Tail":21,"Sundial":88,"MealTicket":7,"Philosopher\u0027s Stone":33,"HandDrill":10,"Kunai":70,"Toxic Egg 2":93,"Pen Nib":20,"Letter Opener":46,"War Paint":29,"Question Card":20,"Bottled Flame":63,"Shuriken":83,"Bronze Scales":13,"Molten Egg 2":12,"Black Star":71,"StrikeDummy":79,"Ring of the Serpent":8,"Regal Pillow":11,"Lantern":63,"Singing Bowl":57,"Torii":85,"Enchiridion":87,"StoneCalendar":51,"Bag of Preparation":31,"Juzu Bracelet":87,"Cursed Key":17,"Smiling Mask":41,"Ancient Tea Set":47,"SsserpentHead":62,"Nunchaku":79,"Matryoshka":56,"Shovel":79,"WristBlade":42,"Ninja Scroll":89,"Tiny Chest":2,"Chemical X":18,"InkBottle":57,"Ring of the Snake":0,"Potion Belt":24,"Lee\u0027s Waffle":24,"Golden Idol":6,"The Courier":83,"Omamori":76,"Orichalcum":12,"Frozen Egg 2":83,"MawBank":83,"White Beast Statue":11,"Mercury Hourglass":28,"Peace Pipe":38,"Anchor":31,"Ornamental Fan":83,"Art of War":67,"Membership Card":31,"Bottled Lightning":58,"Toy Ornithopter":51,"FossilizedHelix":78},{"TwistedFunnel":385,"Gremlin Horn":33,"CeramicFish":26,"Vajra":232,"HoveringKite":294,"Whetstone":229,"Boot":369,"Blood Vial":22,"Centennial Puzzle":109,"Lizard Tail":114,"Sundial":426,"MealTicket":36,"Philosopher\u0027s Stone":175,"HandDrill":54,"Kunai":334,"Toxic Egg 2":441,"Pen Nib":109,"Letter Opener":229,"War Paint":156,"Question Card":109,"Bottled Flame":300,"Shuriken":394,"Bronze Scales":74,"Molten Egg 2":67,"Black Star":341,"StrikeDummy":385,"Ring of the Serpent":44,"Regal Pillow":60,"Lantern":300,"Singing Bowl":272,"Torii":406,"Enchiridion":422,"StoneCalendar":246,"Bag of Preparation":165,"Juzu Bracelet":422,"Cursed Key":94,"Smiling Mask":209,"Ancient Tea Set":232,"SsserpentHead":296,"Nunchaku":385,"Matryoshka":268,"Shovel":385,"WristBlade":216,"Ninja Scroll":429,"Tiny Chest":13,"Chemical X":98,"InkBottle":272,"Ring of the Snake":0,"Potion Belt":132,"Lee\u0027s Waffle":132,"Golden Idol":33,"The Courier":394,"Omamori":369,"Orichalcum":67,"Frozen Egg 2":394,"MawBank":394,"White Beast Statue":60,"Mercury Hourglass":154,"Peace Pipe":198,"Anchor":165,"Ornamental Fan":394,"Art of War":320,"Membership Card":165,"Bottled Lightning":279,"Toy Ornithopter":246,"FossilizedHelix":378}],"Ring of the Snake":[11]},"card_choices":[{"not_picked":["Predator","Outmaneuver","Expertise"],"picked":"SKIP","floor":1.0},{"not_picked":["Predator","Bane"],"picked":"Dash","floor":3.0},{"not_picked":["Choke","Outmaneuver","Bane"],"picked":"SKIP","floor":7.0},{"not_picked":["Eviscerate","Choke"],"picked":"Calculated Gamble","floor":8.0},{"not_picked":["Bullet Time","Deadly Poison"],"picked":"Prepared","floor":13.0},{"not_picked":["Sucker Punch","Dagger Spray","Acrobatics"],"picked":"SKIP","floor":14.0},{"not_picked":["Unload","Die Die Die"],"picked":"Phantasmal Killer","floor":16.0},{"not_picked":["Flying Knee","Cloak And Dagger"],"picked":"Slice+1","floor":18},{"not_picked":["Eviscerate","Doppelganger"],"picked":"Riddle With Holes+1","floor":23},{"not_picked":["Well Laid Plans+1","Slice","PiercingWail"],"picked":"SKIP","floor":25},{"not_picked":["Underhanded Strike+1","Glass Knife"],"picked":"Distraction+1","floor":27},{"not_picked":["Tactician+1","Underhanded Strike+1","Accuracy+1"],"picked":"Deadly Poison+1","floor":29},{"not_picked":["Escape Plan","Underhanded Strike+1","Blade Dance","Poisoned Stab"],"picked":"SKIP","floor":30},{"not_picked":["Tools of the Trade+1","Bane","Dash"],"picked":"Noxious Fumes+1","floor":31}],"player_experience":388109,"relics_obtained":[{"floor":6.0,"key":"Letter Opener"},{"floor":8.0,"key":"Shuriken"},{"floor":9.0,"key":"The Courier"},{"floor":10.0,"key":"MawBank"},{"floor":12.0,"key":"Ornamental Fan"},{"floor":13.0,"key":"Tiny Chest"},{"floor":15.0,"key":"Torii"},{"floor":21,"key":"Enchiridion"},{"floor":22,"key":"Bronze Scales"},{"floor":23,"key":"Bag of Preparation"},{"floor":24,"key":"Sundial"},{"floor":26,"key":"Ninja Scroll"},{"floor":27,"key":"Question Card"},{"floor":31,"key":"Toxic Egg 2"}],"event_choices":[{"damage_healed":0.0,"max_hp_gain":0.0,"max_hp_loss":0.0,"gold_gain":0.0,"event_name":"World of Goop","player_choice":"Left Gold","floor":2.0,"gold_loss":24.0,"damage_taken":0.0},{"damage_healed":23.0,"max_hp_gain":0.0,"max_hp_loss":0.0,"gold_gain":0.0,"event_name":"Big Fish","player_choice":"Banana","floor":4.0,"gold_loss":0.0,"damage_taken":0.0},{"damage_healed":0.0,"max_hp_gain":0.0,"max_hp_loss":0.0,"gold_gain":175.0,"event_name":"Liars Game","player_choice":"AGREE","floor":5.0,"gold_loss":0.0,"damage_taken":0.0,"cards_obtained":["Doubt"]},{"damage_healed":0,"gold_gain":0,"player_choice":"Obtained Relic","damage_taken":0,"relics_obtained":["Gremlin Horn"],"max_hp_gain":0,"max_hp_loss":0,"event_name":"Addict","floor":19,"gold_loss":85},{"cards_removed":["Slice"],"damage_healed":0,"gold_gain":0,"player_choice":"Gave Card","damage_taken":0,"relics_obtained":["Juzu Bracelet"],"max_hp_gain":0,"max_hp_loss":0,"event_name":"WeMeetAgain","floor":20,"gold_loss":0},{"damage_healed":0,"gold_gain":0,"player_choice":"Obtained Book","damage_taken":16,"max_hp_gain":0,"max_hp_loss":0,"event_name":"Cursed Tome","floor":21,"gold_loss":0}],"is_beta":false,"boss_relics":[{"not_picked":["Velvet Choker","Calling Bell"],"picked":"Philosopher\u0027s Stone"}],"items_purged_floors":[0],"is_endless":false,"potions_floor_spawned":[1,3,7,16,18,23,27],"killed_by":"Automaton","ascension_level":10}}