{"host":"soyfmymeou4emntr","time":1613803554,"event":{"mods":["BaseMod","Minty Spire (QoL Compilation)","Permanent Neow","Relic Sorter","Relic Stats","StSLib"],"gold_per_floor":[369,389,3,18,28,53,53,67,67,67,97,110,139,149,149,225,225,238,255,5,24,24,24],"floor_reached":22,"language":"ENG","playtime":1899,"items_purged":["Strike_P"],"score":470,"play_id":"a953523c-47c8-4c90-9e15-9d2ac7523de9","local_time":"20210219234554","is_ascension_mode":true,"campfire_choices":[{"data":"Fasting2","floor":10.0,"key":"SMITH"},{"data":"Eruption","floor":15.0,"key":"SMITH"}],"circlet_count":0,"master_deck":["AscendersBane","Strike_P","Strike_P","Strike_P","Defend_P","Defend_P","Defend_P","Defend_P","Eruption+1","Vigilance","BowlingBash","EmptyFist","Fasting2+1","Consecrate","ClearTheMind","CutThroughFate","Adaptation","Conclude","Adaptation","Protect","SandsOfTime","Crescendo","Blasphemy","Nirvana","Indignation","Collect+1"],"relics":["PureWater","ClockworkSouvenir","Ancient Tea Set","FaceOfCleric","CloakClasp","Eternal Feather","GoldenEye","VioletLotus","OrangePellets"],"acts_visited":["Exordium","TheCity"],"potions_floor_usage":[16,19,22],"damage_taken":[{"damage":0.0,"enemies":"Small Slimes","floor":1.0,"turns":3.0},{"damage":0.0,"enemies":"Cultist","floor":2.0,"turns":2.0},{"damage":0.0,"enemies":"2 Louse","floor":4.0,"turns":3.0},{"damage":6.0,"enemies":"Looter","floor":5.0,"turns":3.0},{"damage":8.0,"enemies":"Gremlin Nob","floor":6.0,"turns":3.0},{"damage":0.0,"enemies":"2 Fungi Beasts","floor":8.0,"turns":2.0},{"damage":0.0,"enemies":"3 Sentries","floor":11.0,"turns":3.0},{"damage":0.0,"enemies":"Large Slime","floor":12.0,"turns":3.0},{"damage":1.0,"enemies":"Lagavulin","floor":13.0,"turns":6.0},{"damage":3.0,"enemies":"Exordium Thugs","floor":14.0,"turns":3.0},{"damage":51,"enemies":"Hexaghost","floor":16,"turns":13},{"damage":0,"enemies":"Spheric Guardian","floor":18,"turns":3},{"damage":15,"enemies":"3 Byrds","floor":19,"turns":4},{"damage":5,"enemies":"Snake Plant","floor":21,"turns":2},{"damage":41,"enemies":"Chosen and Byrds","floor":22,"turns":4}],"seed_played":"1656928891250756539","potions_obtained":[{"floor":1.0,"key":"Energy Potion"},{"floor":4.0,"key":"SkillPotion"},{"floor":11.0,"key":"SkillPotion"},{"floor":12.0,"key":"PowerPotion"},{"floor":16,"key":"Weak Potion"},{"floor":18,"key":"Regen Potion"},{"floor":21,"key":"AttackPotion"}],"is_trial":false,"path_per_floor":["M","M","$","M","M","E","?","M","T","R","E","M","E","M","R","B",null,"M","M","$","M","M"],"character_chosen":"WATCHER","items_purchased":["ClockworkSouvenir","Fasting2","Consecrate","OrangePellets","Indignation"],"campfire_rested":0,"item_purchase_floors":[3,3,3,20,20],"current_hp_per_floor":[61,61,61,61,55,47,47,48,48,48,49,50,50,48,60,10,54,55,41,41,37,0,0],"gold":24,"neow_bonus":"TWO_FIFTY_GOLD","is_daily":false,"chose_seed":false,"campfire_upgraded":2,"win_rate":0.0,"timestamp":1613803554,"path_taken":["M","M","$","M","M","E","?","M","T","R","E","M","E","M","R","BOSS","M","?","$","M","M"],"items_purchased_type":["Relic","Card","Card","Relic","Card"],"build_version":"2020-12-22","purchased_purges":1,"victory":false,"max_hp_per_floor":[62,62,62,62,62,62,62,63,63,63,64,65,66,67,67,68,68,69,70,70,71,71,71],"relic_stats":{"OrangePellets":[2],"FaceOfCleric":9,"counters":[15,57],"Eternal Feather":12,"VioletLotus":[3],"CloakClasp":[112],"GoldenEye":[12],"obtain_stats":[{"OrangePellets":20,"FaceOfCleric":7,"Eternal Feather":11,"VioletLotus":17,"CloakClasp":9,"PureWater":0,"Ancient Tea Set":6,"GoldenEye":13,"ClockworkSouvenir":3},{"OrangePellets":13,"FaceOfCleric":5,"Eternal Feather":7,"VioletLotus":11,"CloakClasp":6,"PureWater":0,"Ancient Tea Set":5,"GoldenEye":9,"ClockworkSouvenir":2},{"OrangePellets":51,"FaceOfCleric":14,"Eternal Feather":19,"VioletLotus":44,"CloakClasp":16,"PureWater":0,"Ancient Tea Set":14,"GoldenEye":28,"ClockworkSouvenir":5}]},"card_choices":[{"not_picked":["ForeignInfluence","EmptyBody"],"picked":"BowlingBash","floor":1.0},{"not_picked":["ClearTheMind","Devotion"],"picked":"EmptyFist","floor":2.0},{"not_picked":["Pray","Evaluate"],"picked":"ClearTheMind","floor":4.0},{"not_picked":["FlyingSleeves","InnerPeace"],"picked":"CutThroughFate","floor":5.0},{"not_picked":["Protect","Consecrate"],"picked":"Adaptation","floor":6.0},{"not_picked":["Nirvana","PathToVictory"],"picked":"Conclude","floor":8.0},{"not_picked":["Prostrate","Consecrate"],"picked":"Adaptation","floor":11.0},{"not_picked":["EmptyBody","CutThroughFate"],"picked":"Protect","floor":12.0},{"not_picked":["WindmillStrike","Alpha"],"picked":"SandsOfTime","floor":13.0},{"not_picked":["CrushJoints","Prostrate"],"picked":"Crescendo","floor":14.0},{"not_picked":["MasterReality","Omniscience"],"picked":"Blasphemy","floor":16},{"not_picked":["FlyingSleeves","CrushJoints","ForeignInfluence"],"picked":"SKIP","floor":18},{"not_picked":["WheelKick","Evaluate"],"picked":"Nirvana","floor":19},{"not_picked":["DeceiveReality","PathToVictory"],"picked":"Collect+1","floor":21}],"player_experience":3418614,"relics_obtained":[{"floor":6.0,"key":"Ancient Tea Set"},{"floor":9.0,"key":"CloakClasp"},{"floor":11.0,"key":"Eternal Feather"},{"floor":13.0,"key":"GoldenEye"}],"event_choices":[{"damage_healed":0.0,"max_hp_gain":0.0,"max_hp_loss":0.0,"gold_gain":0.0,"event_name":"FaceTrader","player_choice":"Trade","floor":7.0,"gold_loss":0.0,"damage_taken":0.0,"relics_obtained":["FaceOfCleric"]}],"is_beta":false,"boss_relics":[{"not_picked":["Ectoplasm","SacredBark"],"picked":"VioletLotus"}],"items_purged_floors":[3],"is_endless":false,"potions_floor_spawned":[1,4,11,12,16,18,21],"killed_by":"Chosen and Byrds","ascension_level":20}}