{"host":"u1ja96cwu1wu8jpx","time":1613849371,"event":{"mods":["BaseMod","Better Match","Colored Map","Minty Spire (QoL Compilation)","Permanent Neow","StSLib"],"gold_per_floor":[119,44,144,162,62,87,37,37,109,109,129,162,176,188,188,287,287,303,303,317,317,88,119,119,119,119],"floor_reached":25,"language":"ENG","playtime":4070,"items_purged":["Strike_B","Defend_B"],"score":240,"play_id":"a7c357bf-e23c-434b-b4e5-bdab02d93842","local_time":"20210220142931","is_ascension_mode":true,"campfire_choices":[{"floor":8.0,"key":"REST"},{"floor":10.0,"key":"REST"},{"floor":15.0,"key":"REST"},{"floor":24.0,"key":"REST"}],"circlet_count":0,"master_deck":["Zap+1","Dualcast","Loop","Conserve Battery","Genetic Algorithm","Cold Snap","Double Energy","Coolheaded","Reboot","Steam+1","Capacitor+1","Fusion+1","Cold Snap","Loop","Hologram","Reboot"],"relics":["Cracked Core","War Paint","Turnip","Astrolabe","Lee\u0027s Waffle","Happy Flower"],"acts_visited":["Exordium","TheCity"],"potions_floor_usage":[],"damage_taken":[{"damage":5.0,"enemies":"Small Slimes","floor":1.0,"turns":3.0},{"damage":0.0,"enemies":"Cultist","floor":4.0,"turns":3.0},{"damage":60.0,"enemies":"Gremlin Nob","floor":6.0,"turns":5.0},{"damage":0.0,"enemies":"Jaw Worm","floor":11.0,"turns":3.0},{"damage":12.0,"enemies":"Lagavulin","floor":12.0,"turns":6.0},{"damage":0.0,"enemies":"2 Fungi Beasts","floor":13.0,"turns":3.0},{"damage":2.0,"enemies":"Exordium Wildlife","floor":14.0,"turns":3.0},{"damage":35.0,"enemies":"The Guardian","floor":16.0,"turns":15.0},{"damage":25.0,"enemies":"Chosen","floor":18.0,"turns":8.0},{"damage":3.0,"enemies":"3 Byrds","floor":20.0,"turns":4.0},{"damage":74.0,"enemies":"Gremlin Leader","floor":23.0,"turns":13.0},{"damage":23,"enemies":"Book of Stabbing","floor":25,"turns":8}],"seed_played":"2802788662497091142","potions_obtained":[{"floor":6.0,"key":"Strength Potion"},{"floor":12.0,"key":"BlessingOfTheForge"},{"floor":14.0,"key":"Explosive Potion"},{"floor":16.0,"key":"EssenceOfSteel"},{"floor":20.0,"key":"DistilledChaos"}],"is_trial":false,"path_per_floor":["M","$","?","M","$","E","?","R","T","R","M","E","M","M","R","B",null,"M","?","M","?","$","E","R","E"],"character_chosen":"DEFECT","items_purchased":["Loop","Hologram","Lee\u0027s Waffle"],"campfire_rested":4,"item_purchase_floors":[22,22,22],"current_hp_per_floor":[63,63,63,63,63,3,3,23,23,43,43,31,31,29,49,14,68,43,43,40,62,75,1,23,0,0],"gold":119,"neow_bonus":"REMOVE_TWO","is_daily":false,"chose_seed":false,"campfire_upgraded":0,"win_rate":0.0,"timestamp":1613849371,"path_taken":["M","$","?","?","?","E","?","R","T","R","M","E","M","M","R","BOSS","M","?","M","?","$","E","R","E"],"items_purchased_type":["Card","Card","Relic"],"build_version":"2020-12-22","purchased_purges":2,"victory":false,"max_hp_per_floor":[68,68,68,68,68,68,68,68,68,68,68,68,68,68,68,68,68,68,68,68,68,75,75,75,75,75],"card_choices":[{"not_picked":["Ball Lightning","Genetic Algorithm"],"picked":"Loop","floor":1.0},{"not_picked":["Beam Cell","Turbo"],"picked":"Conserve Battery","floor":4.0},{"not_picked":["Reprogram","Auto Shields","Compile Driver"],"picked":"SKIP","floor":6.0},{"not_picked":["Steam Power","Beam Cell"],"picked":"Genetic Algorithm","floor":11.0},{"not_picked":["Static Discharge","Turbo"],"picked":"Cold Snap","floor":12.0},{"not_picked":["Rip and Tear","Turbo"],"picked":"Double Energy","floor":13.0},{"not_picked":["Rebound","Go for the Eyes"],"picked":"Coolheaded","floor":14.0},{"not_picked":["Fission","Machine Learning"],"picked":"Reboot","floor":16.0},{"not_picked":["Fusion","Go for the Eyes","Turbo"],"picked":"SKIP","floor":18.0},{"not_picked":["Heatsinks","Streamline"],"picked":"Cold Snap","floor":20.0},{"not_picked":["Cold Snap","Leap"],"picked":"Reboot","floor":23.0}],"player_experience":479635,"relics_obtained":[{"floor":6.0,"key":"War Paint"},{"floor":12.0,"key":"Turnip"},{"floor":23.0,"key":"Happy Flower"}],"event_choices":[{"damage_healed":0.0,"max_hp_gain":0.0,"max_hp_loss":0.0,"gold_gain":100.0,"event_name":"Golden Shrine","player_choice":"Pray","floor":3.0,"gold_loss":0.0,"damage_taken":0.0},{"cards_removed":["Defend_B"],"damage_healed":0.0,"max_hp_gain":0.0,"max_hp_loss":0.0,"gold_gain":0.0,"event_name":"The Cleric","player_choice":"Card Removal","floor":7.0,"gold_loss":50.0,"damage_taken":0.0},{"damage_healed":0.0,"max_hp_gain":0.0,"max_hp_loss":0.0,"gold_gain":0.0,"event_name":"Ghosts","player_choice":"Ignored","floor":19.0,"gold_loss":0.0,"damage_taken":0.0},{"damage_healed":22.0,"max_hp_gain":0.0,"max_hp_loss":0.0,"gold_gain":0.0,"event_name":"The Library","player_choice":"Heal","floor":21.0,"gold_loss":0.0,"damage_taken":0.0}],"is_beta":false,"boss_relics":[{"not_picked":["Empty Cage","Runic Dome"],"picked":"Astrolabe"}],"items_purged_floors":[2,5],"is_endless":false,"potions_floor_spawned":[6,12,14,16,20],"killed_by":"Book of Stabbing","ascension_level":1}}