{"host":"k6u7q08ihsmpx7o5","time":1613811893,"event":{"mods":["BaseMod","Bestiary","Filter the Spire","Minty Spire (QoL Compilation)","Permanent Neow","Relic Stats","StSLib"],"gold_per_floor":[110,122,122,5,17,43,43,73,73,73,108,121,196,226,226,300,300,315,327,337,337,65,90,90,119,167,167,167],"floor_reached":27,"language":"ENG","playtime":1130,"items_purged":["Pain","Defend_B"],"score":563,"play_id":"0af1b0ea-4682-4ff1-88b3-b25e8feecde2","local_time":"20210220100453","is_ascension_mode":true,"campfire_choices":[{"data":"Biased Cognition","floor":7.0,"key":"SMITH"},{"data":"Tempest","floor":10.0,"key":"SMITH"},{"data":"Beam Cell","floor":15.0,"key":"SMITH"}],"circlet_count":0,"master_deck":["AscendersBane","Defend_B","Defend_B","Defend_B","Zap","Dualcast","Ball Lightning","Glacier","Tempest+1","Biased Cognition+1","Beam Cell+1","Rip and Tear","FTL","Multi-Cast","Hologram","Bite","Bite","Bite","Bite","Bite","Hologram+1","Echo Form","Doubt"],"relics":["Philosopher\u0027s Stone","WarpedTongs","Kunai","Happy Flower","Eternal Feather","Vajra","Cursed Key","Runic Capacitor","Pantograph","Gremlin Horn"],"acts_visited":["Exordium","TheCity"],"potions_floor_usage":[19,23],"damage_taken":[{"damage":1.0,"enemies":"Small Slimes","floor":1.0,"turns":3.0},{"damage":2.0,"enemies":"Cultist","floor":2.0,"turns":3.0},{"damage":2.0,"enemies":"2 Louse","floor":5.0,"turns":2.0},{"damage":13.0,"enemies":"Lagavulin","floor":6.0,"turns":8.0},{"damage":11.0,"enemies":"3 Sentries","floor":8.0,"turns":3.0},{"damage":6.0,"enemies":"Lagavulin","floor":11.0,"turns":5.0},{"damage":0.0,"enemies":"Large Slime","floor":12.0,"turns":2.0},{"damage":22.0,"enemies":"Slime Boss","floor":16.0,"turns":9.0},{"damage":12,"enemies":"Spheric Guardian","floor":18,"turns":3},{"damage":7,"enemies":"3 Byrds","floor":19,"turns":3},{"damage":0,"enemies":"Cultist and Chosen","floor":20,"turns":5},{"damage":48,"enemies":"Gremlin Leader","floor":23,"turns":6},{"damage":7,"enemies":"Book of Stabbing","floor":25,"turns":4},{"damage":20,"enemies":"Slavers","floor":27,"turns":2}],"seed_played":"2274567092703457816","potions_obtained":[{"floor":2.0,"key":"AttackPotion"},{"floor":6.0,"key":"SpeedPotion"},{"floor":8.0,"key":"Explosive Potion"}],"is_trial":false,"path_per_floor":["M","M","?","$","M","E","R","E","T","R","E","M","?","?","R","B",null,"M","M","M","?","$","E","?","E","T","E"],"character_chosen":"DEFECT","items_purchased":["Tempest","Runic Capacitor"],"campfire_rested":0,"item_purchase_floors":[4,22],"current_hp_per_floor":[63,61,61,61,59,46,46,35,35,44,38,38,27,27,36,14,57,45,38,38,38,38,11,11,13,13,0,0],"gold":167,"neow_bonus":"BOSS_RELIC","is_daily":false,"chose_seed":false,"campfire_upgraded":3,"win_rate":0.0,"timestamp":1613811893,"path_taken":["M","M","?","?","M","E","R","E","T","R","E","M","?","?","R","BOSS","M","M","M","?","$","E","?","E","T","E"],"items_purchased_type":["Card","Relic"],"build_version":"2020-12-22","purchased_purges":2,"victory":false,"max_hp_per_floor":[71,71,71,71,71,71,71,71,71,71,71,71,71,71,71,71,71,71,71,71,49,49,49,49,49,49,49,49],"relic_stats":{"Happy Flower":[13],"Gremlin Horn":[0,0],"counters":[14,58],"Pantograph":0,"Eternal Feather":18,"Kunai":[17],"Cursed Key":1,"obtain_stats":[{"Happy Flower":8,"Gremlin Horn":25,"Pantograph":23,"Vajra":11,"Philosopher\u0027s Stone":0,"Eternal Feather":9,"Runic Capacitor":22,"Kunai":6,"Cracked Core":0,"Cursed Key":17,"WarpedTongs":3},{"Happy Flower":5,"Gremlin Horn":13,"Pantograph":12,"Vajra":6,"Philosopher\u0027s Stone":0,"Eternal Feather":5,"Runic Capacitor":11,"Kunai":4,"Cracked Core":0,"Cursed Key":8,"WarpedTongs":2},{"Happy Flower":19,"Gremlin Horn":56,"Pantograph":52,"Vajra":24,"Philosopher\u0027s Stone":0,"Eternal Feather":19,"Runic Capacitor":46,"Kunai":16,"Cracked Core":0,"Cursed Key":35,"WarpedTongs":6}],"WarpedTongs":[52]},"card_choices":[{"not_picked":["Double Energy","Darkness"],"picked":"Ball Lightning","floor":1.0},{"not_picked":["Rebound","Cold Snap"],"picked":"Glacier","floor":2.0},{"not_picked":["Chaos","Ball Lightning"],"picked":"Biased Cognition","floor":5.0},{"not_picked":["Conserve Battery","Chill"],"picked":"Beam Cell","floor":6.0},{"not_picked":["Amplify","Hello World"],"picked":"Rip and Tear","floor":8.0},{"not_picked":["Recycle","Gash","Rip and Tear"],"picked":"SKIP","floor":11.0},{"not_picked":["Conserve Battery","Stack"],"picked":"FTL","floor":12.0},{"not_picked":["Meteor Strike","Hyperbeam"],"picked":"Multi-Cast","floor":16.0},{"not_picked":["Static Discharge","Barrage","Coolheaded"],"picked":"SKIP","floor":18},{"not_picked":["Loop","Barrage","Beam Cell"],"picked":"SKIP","floor":19},{"not_picked":["Tempest","Chill"],"picked":"Hologram","floor":20},{"not_picked":["Defragment","Hello World"],"picked":"Hologram+1","floor":23},{"not_picked":["Undo","Melter"],"picked":"Echo Form","floor":25}],"player_experience":1987269,"relics_obtained":[{"floor":6.0,"key":"Kunai"},{"floor":8.0,"key":"Happy Flower"},{"floor":9.0,"key":"Eternal Feather"},{"floor":11.0,"key":"Vajra"},{"floor":23,"key":"Pantograph"},{"floor":25,"key":"Gremlin Horn"}],"event_choices":[{"damage_healed":0.0,"max_hp_gain":0.0,"max_hp_loss":0.0,"gold_gain":0.0,"event_name":"Accursed Blacksmith","player_choice":"Rummage","floor":3.0,"gold_loss":0.0,"damage_taken":0.0,"relics_obtained":["WarpedTongs"],"cards_obtained":["Pain"]},{"damage_healed":0.0,"max_hp_gain":0.0,"max_hp_loss":0.0,"gold_gain":75.0,"event_name":"World of Goop","player_choice":"Gather Gold","floor":13.0,"gold_loss":0.0,"damage_taken":11.0},{"damage_healed":0.0,"max_hp_gain":0.0,"max_hp_loss":0.0,"gold_gain":30.0,"event_name":"Dead Adventurer","player_choice":"Searched \u00271\u0027 times","floor":14.0,"gold_loss":0.0,"damage_taken":0.0},{"damage_healed":0,"gold_gain":0,"player_choice":"Became a vampire","damage_taken":0,"max_hp_gain":0,"max_hp_loss":22,"event_name":"Vampires","floor":21,"gold_loss":0,"cards_obtained":["Bite","Bite","Bite","Bite","Bite"]},{"damage_healed":0,"gold_gain":0,"player_choice":"Ignored","damage_taken":0,"max_hp_gain":0,"max_hp_loss":0,"event_name":"The Mausoleum","floor":24,"gold_loss":0}],"is_beta":false,"boss_relics":[{"not_picked":["Calling Bell","Snecko Eye"],"picked":"Cursed Key"}],"items_purged_floors":[4,22],"is_endless":false,"potions_floor_spawned":[2,6,8,18],"killed_by":"Slavers","ascension_level":20}}