{"host":"vjkvbkousum9v11w","time":1613795621,"event":{"mods":["BaseMod","BetterRewards","Decade(王小明)","LagranYue(拉格朗・月)","Marisa（F雨　魔理沙）","Minty Spire (QoL Compilation)","Replay The Spire","Shop Mod","StSLib","The Servant 0.9.4","Youmu（魂魄妖梦）","Yuyuko"],"gold_per_floor":[111,8832,8786,8786,8806,8818,8171,8206,8206,8206,8206,8224,8224,8224,8224,8328,8328,8348,8263,8275,8287,8287,8287,8301,8318,8342,8373,7720,7720,6828,6840,6840,6943,6943,6956,6969,6929,6607,6607,6637,6637,6987,6987,6652,6667,6686,6686,6705,6705,6705],"floor_reached":51,"language":"ZHS","playtime":5233,"items_purged":["Strike_G","Defend_G","Strike_G","Strike_G","Languid"],"score":920,"play_id":"a99e3880-7839-47fc-8cbe-5b7606bb983d","local_time":"20210220123341","is_ascension_mode":false,"campfire_choices":[{"data":"Outmaneuver","floor":11.0,"key":"SMITH"},{"data":"Neutralize","floor":13.0,"key":"SMITH"},{"data":"Flash of Steel","floor":15.0,"key":"SMITH"},{"floor":23.0,"key":"REST"},{"floor":32.0,"key":"REST"},{"floor":41,"key":"REST"},{"data":"Bullet Time","floor":47,"key":"SMITH"},{"data":"Calculated Gamble","floor":49,"key":"SMITH"}],"circlet_count":0,"master_deck":["Strike_G+1","Defend_G","Defend_G","Defend_G","Defend_G","Neutralize+1","Outmaneuver+1","Flash of Steel+1","Prepared","Poison Darts+1","Tools of the Trade","Noxious Fumes+1","Noxious Fumes+1","Calculated Gamble+1","Madness","Bullet Time+1","Terror+1","CommonCold","Writhe","Atom Bomb","Bouncing Flask+1"],"relics":["Ring of the Snake","NeowsBlessing","Pantograph","Mirror","HandDrill","MerchantsRug","Toolbox","White Beast Statue","Orichalcum","Tingsha","Counterbalance","Replay:Accelerometer","Replay:Bronze Core","TungstenRod","Lantern","Dream Catcher","Juzu Bracelet","Replay:Bottled Steam","Gambling Chip","Ginger","Membership Card","SlaversCollar","HornCleat","Replay:Bottled Eggs","Chemical X","Replay:Baseball","ReplayTheSpireMod:Ring of Addiction","Chameleon Ring","Toy Ornithopter","Ring of Greed","Blue Doll","Old Coin","InkBottle","Lee\u0027s Waffle","MealTicket","Whetstone"],"acts_visited":["Exordium","TheCity","TheBeyond"],"potions_floor_usage":[40,45,48,50,50,50,50],"damage_taken":[{"damage":0.0,"enemies":"Cultist","floor":1.0,"turns":1.0},{"damage":0.0,"enemies":"Jaw Worm","floor":5.0,"turns":1.0},{"damage":0.0,"enemies":"Small Slimes","floor":6.0,"turns":1.0},{"damage":4.0,"enemies":"Replay:BlueRogue","floor":8.0,"turns":3.0},{"damage":4.0,"enemies":"Exordium Thugs","floor":12.0,"turns":4.0},{"damage":31.0,"enemies":"Slime Boss","floor":16.0,"turns":8.0},{"damage":2.0,"enemies":"Shell Parasite","floor":18.0,"turns":2.0},{"damage":13.0,"enemies":"2 Thieves","floor":20.0,"turns":4.0},{"damage":16.0,"enemies":"Snecko","floor":21.0,"turns":5.0},{"damage":18.0,"enemies":"Centurion and Healer","floor":24.0,"turns":7.0},{"damage":15.0,"enemies":"Snake Plant","floor":25.0,"turns":3.0},{"damage":15.0,"enemies":"Book of Stabbing","floor":27.0,"turns":4.0},{"damage":6.0,"enemies":"Shelled Parasite and Fungi","floor":31.0,"turns":4.0},{"damage":9.0,"enemies":"Pondfish","floor":33.0,"turns":8.0},{"damage":9.0,"enemies":"3 Shapes","floor":35.0,"turns":4.0},{"damage":25.0,"enemies":"3 Darklings","floor":36.0,"turns":5.0},{"damage":8,"enemies":"R_Hoarder","floor":40,"turns":5},{"damage":0,"enemies":"Maw","floor":45,"turns":5},{"damage":4,"enemies":"Writhing Mass","floor":46,"turns":2},{"damage":5,"enemies":"Transient","floor":48,"turns":5},{"damage":96,"enemies":"Awakened One","floor":50,"turns":7}],"seed_played":"-400047310514291093","potions_obtained":[{"floor":5.0,"key":"Adrenaline Potion"},{"floor":8.0,"key":"Fire Potion"},{"floor":12.0,"key":"Reflective Coating"},{"floor":16.0,"key":"Reflective Coating"},{"floor":18.0,"key":"SpeedPotion"},{"floor":20.0,"key":"Explosive Potion"},{"floor":21.0,"key":"Fruit Juice"},{"floor":24.0,"key":"BlessingOfTheForge"},{"floor":25.0,"key":"Fire Potion"},{"floor":27.0,"key":"Explosive Potion"},{"floor":31.0,"key":"Poison Potion"},{"floor":33.0,"key":"Reflective Coating"},{"floor":35.0,"key":"Dexterity Potion"},{"floor":36.0,"key":"SpeedPotion"},{"floor":37.0,"key":"SkillPotion"},{"floor":37.0,"key":"EntropicBrew"},{"floor":40,"key":"BlessingOfTheForge"},{"floor":42,"key":"FairyPotion"},{"floor":42,"key":"PowerPotion"},{"floor":45,"key":"Explosive Potion"},{"floor":46,"key":"PowerPotion"},{"floor":48,"key":"Energy Potion"}],"is_trial":false,"path_per_floor":["M","$","?","?","M","M","$","E","T","T","R","M","R","?","R","B",null,"M","?","M","M","?","R","M","M","T","E","$","?","$","M","R","B",null,"M","M","?","$","?","E","R","?","T","$","M","M","R","M","R","B",null],"character_chosen":"THE_SILENT","items_purchased":["Explosive Potion","Pantograph","Mirror","HandDrill","Flashbang","Swift Potion","Flash of Steel","MerchantsRug","Prepared","Toolbox","White Beast Statue","Orichalcum","Ancient Potion","SkillPotion","Juzu Bracelet","Replay:Bottled Steam","Gambling Chip","Ginger","Membership Card","Madness","HornCleat","Replay:Bottled Eggs","Chemical X","Lee\u0027s Waffle","MealTicket","Whetstone","Atom Bomb"],"campfire_rested":3,"item_purchase_floors":[2,2,2,2,2,2,2,2,2,7,7,7,28,28,28,28,30,30,30,30,38,38,38,44,44,44,44],"current_hp_per_floor":[70,70,70,70,70,70,70,66,66,66,66,62,62,62,62,39,70,68,68,55,44,44,66,48,33,33,18,18,18,18,12,34,50,75,66,41,41,41,41,33,55,55,55,82,82,78,78,78,78,36],"gold":6705,"neow_bonus":"THREE_ENEMY_KILL","is_daily":false,"chose_seed":false,"campfire_upgraded":5,"win_rate":0.0,"timestamp":1613795621,"path_taken":["M","$","?","?","M","M","$","E","T","?","R","M","R","?","R","BOSS","M","?","M","M","?","R","M","M","T","E","$","?","$","M","R","BOSS","M","M","?","$","?","E","R","?","T","$","M","M","R","M","R","BOSS"],"items_purchased_type":["Potion","Relic","Relic","Relic","Potion","Potion","Card","Relic","Card","Relic","Relic","Relic","Potion","Potion","Relic","Relic","Relic","Relic","Relic","Card","Relic","Relic","Relic","Relic","Relic","Relic","Card"],"build_version":"2020-12-22","purchased_purges":5,"victory":true,"max_hp_per_floor":[70,70,70,70,70,70,70,70,70,70,70,70,70,70,70,70,70,70,70,70,75,75,75,75,75,75,75,75,75,75,75,75,75,75,75,75,75,75,75,75,75,75,75,82,82,82,82,82,82,82],"card_choices":[{"not_picked":["Poisoned Stab","Slice"],"picked":"Outmaneuver","floor":1.0},{"not_picked":["Deadly Poison","ReplayTheSpireMod:Scrap Shanks","Outmaneuver"],"picked":"SKIP","floor":5.0},{"not_picked":["Reflex","Hidden Blade","Flying Knee"],"picked":"SKIP","floor":6.0},{"not_picked":["Sucker Punch","Slice","Tactician"],"picked":"SKIP","floor":8.0},{"not_picked":["Poisoned Stab","Deadly Poison","Glass Knife"],"picked":"SKIP","floor":12.0},{"not_picked":["Die Die Die","ReplayTheSpireMod:From All Sides"],"picked":"Tools of the Trade","floor":16.0},{"not_picked":["Underhanded Strike","Bouncing Flask","Sneak Up"],"picked":"SKIP","floor":18.0},{"not_picked":["Outmaneuver","Dagger Throw"],"picked":"Noxious Fumes","floor":20.0},{"not_picked":["Tactician","Quick Slash","Underhanded Strike"],"picked":"SKIP","floor":21.0},{"not_picked":["Riddle With Holes","Prepared"],"picked":"Noxious Fumes+1","floor":24.0},{"not_picked":["Replay:Poison Smokescreen","PiercingWail+1","Outmaneuver"],"picked":"SKIP","floor":25.0},{"not_picked":["Unload","Doppelganger","Prepared+1"],"picked":"SKIP","floor":27.0},{"not_picked":["Endless Agony","Deflect+1","Dagger Throw+1"],"picked":"SKIP","floor":31.0},{"not_picked":["Envenom","Glass Knife"],"picked":"Bullet Time","floor":33.0},{"not_picked":["Dagger Spray","Well Laid Plans","Footwork"],"picked":"SKIP","floor":35.0},{"not_picked":["Sucker Punch+1","Underhanded Strike"],"picked":"Terror+1","floor":36.0},{"not_picked":["Venomology","Flechettes+1","Backflip"],"picked":"SKIP","floor":40},{"not_picked":["Deadly Poison+1","Terror"],"picked":"Bouncing Flask+1","floor":45},{"not_picked":["Slice+1","Prepared+1","Poisoned Stab+1"],"picked":"SKIP","floor":46},{"not_picked":["Underhanded Strike","Sneak Up","Prepared+1"],"picked":"SKIP","floor":48}],"player_experience":7531,"relics_obtained":[{"floor":8.0,"key":"Tingsha"},{"floor":9.0,"key":"Counterbalance"},{"floor":10.0,"key":"Replay:Accelerometer"},{"floor":26.0,"key":"Lantern"},{"floor":27.0,"key":"Dream Catcher"},{"floor":40,"key":"Replay:Baseball"},{"floor":42,"key":"ReplayTheSpireMod:Ring of Addiction"},{"floor":42,"key":"Chameleon Ring"},{"floor":42,"key":"Toy Ornithopter"},{"floor":42,"key":"Ring of Greed"},{"floor":42,"key":"Blue Doll"},{"floor":42,"key":"Old Coin"},{"floor":43,"key":"InkBottle"}],"event_choices":[{"damage_healed":0.0,"max_hp_gain":0.0,"max_hp_loss":0.0,"gold_gain":0.0,"event_name":"World of Goop","player_choice":"Left Gold","floor":3.0,"gold_loss":46.0,"damage_taken":0.0},{"damage_healed":0.0,"max_hp_gain":0.0,"max_hp_loss":0.0,"gold_gain":0.0,"event_name":"Golden Idol","player_choice":"Ignored","floor":14.0,"gold_loss":0.0,"damage_taken":0.0},{"damage_healed":0.0,"max_hp_gain":0.0,"max_hp_loss":0.0,"gold_gain":0.0,"event_name":"Addict","player_choice":"Obtained Relic","floor":19.0,"gold_loss":85.0,"damage_taken":0.0,"relics_obtained":["TungstenRod"]},{"damage_healed":0.0,"max_hp_gain":0.0,"max_hp_loss":0.0,"gold_gain":0.0,"event_name":"Accursed Blacksmith","player_choice":"Forge","floor":22.0,"gold_loss":0.0,"damage_taken":0.0,"cards_upgraded":["Noxious Fumes"]},{"damage_healed":0.0,"max_hp_gain":0.0,"max_hp_loss":0.0,"gold_gain":0.0,"cards_transformed":["Strike_G"],"event_name":"Transmorgrifier","player_choice":"Transformed","floor":29.0,"gold_loss":0.0,"damage_taken":0.0,"cards_obtained":["Calculated Gamble"]},{"damage_healed":0.0,"max_hp_gain":0.0,"max_hp_loss":0.0,"gold_gain":0.0,"event_name":"The Woman in Blue","player_choice":"Bought 3 Potions","floor":37.0,"gold_loss":0.0,"damage_taken":0.0},{"damage_healed":0,"gold_gain":0,"player_choice":"Ignored","damage_taken":0,"max_hp_gain":0,"max_hp_loss":0,"event_name":"Mysterious Sphere","floor":39,"gold_loss":0}],"is_beta":false,"boss_relics":[{"not_picked":["Replay:Drink Me","Replay:Grab Bag"],"picked":"Replay:Bronze Core"},{"not_picked":["Fusion Hammer","Cursed Key"],"picked":"SlaversCollar"}],"items_purged_floors":[2,7,28,30,44],"is_endless":false,"potions_floor_spawned":[5,8,12,16,18,20,21,24,25,27,31,33,35,36,40,45,46,48],"ascension_level":0}}