{"host":"eksvfr80mef7di1h","time":1613853480,"event":{"mods":["AchievementEnabler","BaseMod","Colored Map","Minty Spire (QoL Compilation)","StSLib","SuperFastMode"],"gold_per_floor":[111,61,80,80,91,119,119,131,131,141,174,192,205,232,232,232,232],"floor_reached":16,"language":"ENG","playtime":587,"items_purged":[],"score":124,"play_id":"1dd7956f-99e6-4825-9f4d-66fc7c700eb6","local_time":"20210220213800","is_ascension_mode":false,"campfire_choices":[{"data":"SashWhip","floor":7,"key":"SMITH"},{"data":"Pray","floor":15,"key":"SMITH"}],"circlet_count":0,"master_deck":["Strike_P","Strike_P","Strike_P","Defend_P","Defend_P","Defend_P","Defend_P","Eruption+1","Vigilance","FlurryOfBlows","MentalFortress","SashWhip+1","Halt","FlurryOfBlows","Indignation","Pray+1","FlyingSleeves","CutThroughFate"],"relics":["PureWater","Blue Candle","Yang","Lantern","Art of War"],"acts_visited":["Exordium"],"potions_floor_usage":[6,11,11,16],"damage_taken":[{"damage":0,"enemies":"2 Louse","floor":1,"turns":4},{"damage":2,"enemies":"Small Slimes","floor":3,"turns":3},{"damage":5,"enemies":"Jaw Worm","floor":5,"turns":4},{"damage":10,"enemies":"Lagavulin","floor":6,"turns":6},{"damage":3,"enemies":"2 Fungi Beasts","floor":8,"turns":4},{"damage":0,"enemies":"Blue Slaver","floor":10,"turns":2},{"damage":10,"enemies":"3 Sentries","floor":11,"turns":3},{"damage":0,"enemies":"Large Slime","floor":12,"turns":3},{"damage":0,"enemies":"2 Fungi Beasts","floor":13,"turns":3},{"damage":18,"enemies":"Gremlin Nob","floor":14,"turns":5},{"damage":21,"enemies":"The Guardian","floor":16,"turns":8}],"seed_played":"-8128405311488607788","potions_obtained":[{"floor":5,"key":"PowerPotion"},{"floor":6,"key":"DistilledChaos"},{"floor":8,"key":"Swift Potion"},{"floor":11,"key":"PowerPotion"}],"is_trial":false,"path_per_floor":["M","?","M","?","M","E","R","M","T","M","E","M","M","E","R","B"],"character_chosen":"WATCHER","items_purchased":[],"campfire_rested":0,"item_purchase_floors":[],"current_hp_per_floor":[79,79,77,77,72,62,62,59,59,59,49,49,49,31,31,10,10],"gold":232,"neow_bonus":"TEN_PERCENT_HP_BONUS","is_daily":false,"chose_seed":false,"campfire_upgraded":2,"win_rate":0.0,"timestamp":1613853480,"path_taken":["M","?","M","?","M","E","R","M","T","M","E","M","?","E","R","BOSS"],"items_purchased_type":[],"build_version":"2020-12-22","purchased_purges":0,"victory":false,"max_hp_per_floor":[79,79,79,79,79,79,79,79,79,79,79,79,79,79,79,79,79],"card_choices":[{"not_picked":["CrushJoints","WindmillStrike"],"picked":"FlurryOfBlows","floor":1},{"not_picked":["Vengeance","LikeWater"],"picked":"MentalFortress","floor":3},{"not_picked":["WheelKick","Protect"],"picked":"SashWhip","floor":5},{"not_picked":["BowlingBash","ThirdEye","Protect"],"picked":"SKIP","floor":6},{"not_picked":["SashWhip","SignatureMove"],"picked":"Halt","floor":8},{"not_picked":["WaveOfTheHand","Alpha"],"picked":"FlurryOfBlows","floor":10},{"not_picked":["SignatureMove","Collect"],"picked":"Indignation","floor":11},{"not_picked":["PathToVictory","MentalFortress"],"picked":"Pray","floor":12},{"not_picked":["ThirdEye","Perseverance"],"picked":"FlyingSleeves","floor":13},{"not_picked":["ForeignInfluence","BowlingBash"],"picked":"CutThroughFate","floor":14}],"player_experience":169391,"relics_obtained":[{"floor":6,"key":"Blue Candle"},{"floor":9,"key":"Yang"},{"floor":11,"key":"Lantern"},{"floor":14,"key":"Art of War"}],"event_choices":[{"cards_removed":["Strike_P"],"damage_healed":0,"gold_gain":0,"player_choice":"Card Removal","damage_taken":0,"max_hp_gain":0,"max_hp_loss":0,"event_name":"The Cleric","floor":2,"gold_loss":50},{"damage_healed":0,"gold_gain":0,"player_choice":"Grow","damage_taken":0,"max_hp_gain":0,"max_hp_loss":0,"event_name":"Living Wall","floor":4,"gold_loss":0,"cards_upgraded":["Eruption"]}],"is_beta":false,"boss_relics":[],"items_purged_floors":[],"is_endless":false,"potions_floor_spawned":[5,6,8,11],"killed_by":"The Guardian","ascension_level":0}}