{"host":"by2xx8ri294xcjpl","time":1613784696,"event":{"mods":["Act Like it!","Arknights","BaseMod","Dota2Spire","Downfall","Minty Spire (QoL Compilation)","Relic Stats","Replay The Spire","StSLib","【功能Mod】混沌之环修复补丁","【功能Mod】精心准备","【遗物Mod】简单游戏","【遗物卡牌】REMEMod"],"gold_per_floor":[99,31,91,110,5,25,25,54,72,87,87,103,3,22,42,146,146,46,65,87,109,132,232,232,274,290,190,216,254,254,273,294,298,298,298],"floor_reached":33,"language":"ZHS","playtime":2273,"items_purged":[],"score":320,"play_id":"66bac40e-8479-472c-ab62-cd7027c2bf28","local_time":"20210220093136","is_ascension_mode":false,"campfire_choices":[{"floor":1,"key":"RECALL"},{"data":"Slimebound:DuplicatedForm","floor":11,"key":"SMITH"},{"data":"Slimebound:Split","floor":13,"key":"SMITH"},{"floor":18,"key":"DIG"},{"floor":27,"key":"REST"},{"floor":30,"key":"REST"}],"circlet_count":0,"master_deck":["Slimebound:Strike_Slimebound","Slimebound:Strike_Slimebound","Slimebound:Strike_Slimebound","Slimebound:Tackle","Slimebound:Defend_Slimebound","Slimebound:Defend_Slimebound","Slimebound:Defend_Slimebound","Slimebound:Defend_Slimebound","Slimebound:Split+1","Slimebound:CorrosiveSpit","REME_ProfessionalPlagiarism","Slimebound:SplitMire","Slimebound:Schlurp","Slimebound:HauntingLick","Slimebound:DuplicatedForm+1","Slimebound:SplitAcid","expansioncontent:Chronoboost","Slimebound:Equalize","Slimebound:RainOfGoop","Slimebound:LevelUp","Slimebound:Repurpose","Slimebound:Equalize","Slimebound:MassRepurpose","Slimebound:SplitLeeching","Slimebound:Prepare","Slimebound:Schlurp+1","Slimebound:LeechEnergy","Slimebound:LevelUp","Slimebound:FormOfPuddle","Slimebound:Gluttony","Slimebound:GrowthPunch","Slimebound:SlimeBarrage"],"relics":["Slimebound:AbsorbEndCombatUpgraded","REME_ComplimentaryCards","EasyRelic","Pantograph","Replay:Wax Seal","downfall:HeartBlessingRed","downfall:HeartBlessingGreen","Replay:Bandana","Dota2Spire:Desolator","Dota2Spire:PowerTreads","downfall:HeartBlessingBlue","Meat on the Bone"],"acts_visited":["Exordium","TheCity"],"potions_floor_usage":[6,20,25,33,33],"damage_taken":[{"damage":6,"enemies":"downfall:FleeingMerchant","floor":2,"turns":4},{"damage":22,"enemies":"Gremlin Nob","floor":3,"turns":3},{"damage":0,"enemies":"Cultist","floor":4,"turns":3},{"damage":8,"enemies":"downfall:FleeingMerchant","floor":5,"turns":4},{"damage":11,"enemies":"Jaw Worm","floor":6,"turns":3},{"damage":30,"enemies":"Lagavulin","floor":8,"turns":6},{"damage":0,"enemies":"ats:Genji","floor":9,"turns":3},{"damage":11,"enemies":"Exordium Wildlife","floor":10,"turns":3},{"damage":3,"enemies":"downfall:LooterAlt","floor":12,"turns":2},{"damage":17,"enemies":"Gremlin Gang","floor":14,"turns":5},{"damage":6,"enemies":"2 Fungi Beasts","floor":15,"turns":4},{"damage":35,"enemies":"SI_SHIV_ARCHETYPE","floor":16,"turns":6},{"damage":26,"enemies":"downfall:LooterAlt2","floor":19,"turns":3},{"damage":0,"enemies":"Chosen","floor":20,"turns":3},{"damage":25,"enemies":"Snecko","floor":21,"turns":5},{"damage":30,"enemies":"Cultist and Chosen","floor":22,"turns":7},{"damage":58,"enemies":"Gremlin Leader","floor":25,"turns":7},{"damage":12,"enemies":"3 Cultists","floor":26,"turns":5},{"damage":22,"enemies":"Centurion and Healer","floor":28,"turns":5},{"damage":33,"enemies":"Slavers","floor":29,"turns":5},{"damage":26,"enemies":"Shelled Parasite and Fungi","floor":31,"turns":6},{"damage":36,"enemies":"3 Cultists","floor":32,"turns":5},{"damage":28,"enemies":"DF_ARCHETYPE_CLAW","floor":33,"turns":4}],"seed_played":"1679738651518561181","potions_obtained":[{"floor":4,"key":"SkillPotion"},{"floor":8,"key":"LiquidBronze"},{"floor":10,"key":"SpeedPotion"},{"floor":14,"key":"Fire Potion"},{"floor":15,"key":"DuplicationPotion"},{"floor":25,"key":"AttackPotion"},{"floor":31,"key":"EssenceOfSteel"},{"floor":32,"key":"Slimebound:ThreeZeroPotion"}],"is_trial":false,"path_per_floor":["R","$","?","M","$","M","T","E","M","M","R","M","R","M","M","B",null,"R","M","M","M","M","?","T","E","M","R","M","E","R","M","M","B"],"character_chosen":"SLIMEBOUND","items_purchased":["Slimebound:Schlurp","expansioncontent:Chronoboost"],"campfire_rested":2,"item_purchase_floors":[2,5],"current_hp_per_floor":[71,68,52,56,56,47,47,50,62,65,65,64,64,59,61,67,71,71,59,71,71,46,46,46,15,20,54,50,42,66,57,63,64,64,64],"gold":298,"neow_bonus":"TEN_PERCENT_HP_BONUS","is_daily":false,"chose_seed":false,"campfire_upgraded":2,"win_rate":0.0,"timestamp":1613784696,"path_taken":["R","?","?","M","$","M","T","E","M","M","R","M","R","M","M","BOSS","R","M","M","M","M","?","T","E","M","R","M","E","R","M","M","BOSS"],"items_purchased_type":["Card","Card"],"build_version":"2020-12-22","purchased_purges":0,"victory":false,"max_hp_per_floor":[71,71,71,71,71,71,71,71,71,71,71,71,71,71,71,71,71,71,71,71,71,71,71,71,71,71,81,81,81,81,81,81,81,81,81],"relic_stats":{"counters":[23,100],"Pantograph":28,"obtain_stats":[{"Dota2Spire:PowerTreads":25,"downfall:HeartBlessingRed":13,"downfall:HeartBlessingGreen":18,"EasyRelic":0,"Replay:Bandana":18,"downfall:HeartBlessingBlue":27,"Pantograph":3,"Slimebound:AbsorbEndCombat":0,"Replay:Wax Seal":8,"Slimebound:AbsorbEndCombatUpgraded":17,"REME_ComplimentaryCards":0,"Dota2Spire:Desolator":24,"Meat on the Bone":29},{"Dota2Spire:PowerTreads":17,"downfall:HeartBlessingRed":9,"downfall:HeartBlessingGreen":12,"EasyRelic":0,"Replay:Bandana":12,"downfall:HeartBlessingBlue":18,"Pantograph":2,"Slimebound:AbsorbEndCombat":0,"Replay:Wax Seal":6,"Slimebound:AbsorbEndCombatUpgraded":12,"REME_ComplimentaryCards":0,"Dota2Spire:Desolator":16,"Meat on the Bone":20},{"Dota2Spire:PowerTreads":70,"downfall:HeartBlessingRed":31,"downfall:HeartBlessingGreen":46,"EasyRelic":0,"Replay:Bandana":46,"downfall:HeartBlessingBlue":75,"Pantograph":7,"Slimebound:AbsorbEndCombat":0,"Replay:Wax Seal":23,"Slimebound:AbsorbEndCombatUpgraded":46,"REME_ComplimentaryCards":0,"Dota2Spire:Desolator":64,"Meat on the Bone":85}],"Meat on the Bone":12},"card_choices":[{"not_picked":["Slimebound:ComboTackle","Slimebound:SplitAcid"],"picked":"Slimebound:SplitMire","floor":2},{"not_picked":["Slimebound:GrowthPunch","Slimebound:ComboTackle"],"picked":"Slimebound:HauntingLick","floor":3},{"not_picked":["Slimebound:SlimeSpikes","Slimebound:SamplingLick"],"picked":"Slimebound:DuplicatedForm","floor":4},{"not_picked":["Slimebound:LeadByExample","Slimebound:Gluttony"],"picked":"Slimebound:SplitAcid","floor":5},{"not_picked":["Slimebound:FlameTackle","Slimebound:ComboTackle"],"picked":"Slimebound:Equalize","floor":6},{"not_picked":["Slimebound:Nibble","Slimebound:Teamwork"],"picked":"Slimebound:RainOfGoop","floor":8},{"not_picked":["Slimebound:RollThrough","Slimebound:FinishingTackle","Slimebound:HauntingLick"],"picked":"SKIP","floor":9},{"not_picked":["Slimebound:SplitMire","Slimebound:PressTheAttack"],"picked":"Slimebound:LevelUp","floor":10},{"not_picked":["Slimebound:Schlurp","Slimebound:HauntingLick","Slimebound:PressTheAttack"],"picked":"SKIP","floor":12},{"not_picked":["Slimebound:SamplingLick","Slimebound:Overexert"],"picked":"Slimebound:Repurpose","floor":14},{"not_picked":["Slimebound:SamplingLick","Slimebound:LeechingTouch"],"picked":"Slimebound:Equalize","floor":15},{"not_picked":["Slimebound:RallyTheTroops","Slimebound:DuplicatedForm"],"picked":"Slimebound:MassRepurpose","floor":16},{"not_picked":["Slimebound:SamplingLick","Slimebound:FinishingTackle"],"picked":"Slimebound:SplitLeeching","floor":19},{"not_picked":["Slimebound:SplitAcid","Slimebound:PressTheAttack"],"picked":"Slimebound:Prepare","floor":20},{"not_picked":["Slimebound:SamplingLick","Slimebound:SplitMire"],"picked":"Slimebound:Schlurp+1","floor":21},{"not_picked":["Slimebound:LivingWall","Slimebound:DisruptingSlam"],"picked":"Slimebound:LeechEnergy","floor":22},{"not_picked":["Slimebound:LeechLife","Slimebound:SplitMire+1"],"picked":"Slimebound:LevelUp","floor":25},{"not_picked":["Slimebound:LeechingTouch","Slimebound:DisruptingSlam"],"picked":"Slimebound:FormOfPuddle","floor":26},{"not_picked":["Slimebound:GoopSpray","Slimebound:SlimeSpikes","Slimebound:FinishingTackle"],"picked":"SKIP","floor":28},{"not_picked":["Slimebound:ComboTackle","Slimebound:Schlurp"],"picked":"Slimebound:Gluttony","floor":29},{"not_picked":["Slimebound:ItLooksTasty+1","Slimebound:SplitMire+1"],"picked":"Slimebound:GrowthPunch","floor":31},{"not_picked":["Slimebound:SplitAcid","Slimebound:LivingWall"],"picked":"Slimebound:SlimeBarrage","floor":32}],"player_experience":24419,"relics_obtained":[{"floor":3,"key":"Pantograph"},{"floor":8,"key":"Replay:Wax Seal"},{"floor":18,"key":"Replay:Bandana"},{"floor":24,"key":"Dota2Spire:Desolator"},{"floor":25,"key":"Dota2Spire:PowerTreads"},{"floor":29,"key":"Meat on the Bone"}],"event_choices":[],"is_beta":false,"boss_relics":[{"not_picked":["Painkiller Herb","Honey Jar"],"picked":"Slimebound:AbsorbEndCombatUpgraded"}],"items_purged_floors":[],"is_endless":false,"potions_floor_spawned":[4,8,10,14,15,19,25,31,32],"killed_by":"DF_ARCHETYPE_CLAW","ascension_level":0}}