{"host":"delta","time":1613826328,"event":{"mods":["Act Like it!","BaseMod","Lobotomy","Minty Spire (QoL Compilation)","StSLib","The Hierophant","WarShipGirlsR/战舰少女R mod","残留之物"],"gold_per_floor":[114,124,142,142,142,142,173,173,255,430,449,483,501,347,347,470,470,470,470],"floor_reached":18,"language":"ZHS","playtime":1217,"items_purged":["PlaceholderMod:BaseStrike"],"score":209,"play_id":"f2bd3ea8-a36c-4942-bfbe-077c72be39aa","local_time":"20210220210528","is_ascension_mode":true,"campfire_choices":[{"data":"PlaceholderMod:CorePoison","floor":6.0,"key":"SMITH"},{"data":"PlaceholderMod:Corrosion","floor":15,"key":"SMITH"}],"circlet_count":0,"master_deck":["PlaceholderMod:BaseStrike","PlaceholderMod:BaseStrike","PlaceholderMod:BaseStrike","PlaceholderMod:BaseStrike","PlaceholderMod:BaseDefend","PlaceholderMod:BaseDefend","PlaceholderMod:BaseDefend","PlaceholderMod:BaseDefend","PlaceholderMod:BaseDefend","PlaceholderMod:Crystal","PlaceholderMod:PoisonWhip","PlaceholderMod:Corrosion+1","MHz","SpiderBud","PlaceholderMod:Package","PlaceholderMod:CorePoison+1","UniverseFragment","PlaceholderMod:Hard","Doubt","Scarecrow","PlaceholderMod:NutritionAbsorb","PlaceholderMod:PericyclicReaction","PunishingBird","PlaceholderMod:Stable","PlaceholderMod:Eat"],"relics":["PlaceholderMod:Tancle","CogitoBucket","Golden Idol","StoneCalendar","TreeSap","PlaceholderMod:DaolothFragment","PlaceholderMod:UnterZeeKulten","Snecko Eye"],"acts_visited":["Exordium","TheCity"],"potions_floor_usage":[12,12,13,18],"damage_taken":[{"damage":0.0,"enemies":"2 Louse","floor":1.0,"turns":3.0},{"damage":0.0,"enemies":"Small Slimes","floor":2.0,"turns":4.0},{"damage":1.0,"enemies":"Cultist","floor":3.0,"turns":4.0},{"damage":1.0,"enemies":"2 Fungi Beasts","floor":4.0,"turns":4.0},{"damage":16.0,"enemies":"3 Sentries","floor":7.0,"turns":15.0},{"damage":5.0,"enemies":"Exordium Wildlife","floor":8.0,"turns":8.0},{"damage":1.0,"enemies":"Gremlin Gang","floor":11.0,"turns":5.0},{"damage":0,"enemies":"Gremlin Nob","floor":12,"turns":3},{"damage":3,"enemies":"Large Slime","floor":13,"turns":6},{"damage":20,"enemies":"Slime Boss","floor":16,"turns":7},{"damage":6,"enemies":"Spheric Guardian","floor":18,"turns":3}],"seed_played":"-885218512163943936","potions_obtained":[{"floor":2.0,"key":"LiquidMemories"},{"floor":7.0,"key":"Block Potion"},{"floor":8.0,"key":"AttackPotion"},{"floor":12,"key":"Fire Potion"}],"is_trial":false,"path_per_floor":["M","M","M","M","?","R","E","M","T","?","M","E","M","$","R","B",null,"M"],"character_chosen":"THE_PLACEHOLDER","items_purchased":["PlaceholderMod:Stable"],"campfire_rested":0,"item_purchase_floors":[14],"current_hp_per_floor":[78,78,77,76,57,57,41,36,36,36,35,49,46,46,46,34,92,86,86],"gold":470,"neow_bonus":"","is_daily":false,"chose_seed":false,"campfire_upgraded":2,"win_rate":0.0,"timestamp":1613826328,"path_taken":["M","M","M","M","?","R","E","M","T","?","M","E","M","$","R","BOSS","M"],"items_purchased_type":["Card"],"build_version":"2020-12-18","purchased_purges":1,"victory":false,"max_hp_per_floor":[78,78,78,78,78,78,78,78,78,78,78,92,92,92,92,92,92,92,92],"card_choices":[{"not_picked":["PlaceholderMod:NutritionAbsorb","PlaceholderMod:Hard"],"picked":"PlaceholderMod:Corrosion","floor":1.0},{"not_picked":["UniverseFragment","OldLady"],"picked":"MHz","floor":2.0},{"not_picked":["PlaceholderMod:Sweep","PlaceholderMod:PoisonExcitation","PlaceholderMod:HornyBlast"],"picked":"SKIP","floor":2.0},{"not_picked":["HeroicMonk","VoidDream"],"picked":"SpiderBud","floor":3.0},{"not_picked":["PlaceholderMod:HardStinger","PlaceholderMod:StrongAcid"],"picked":"PlaceholderMod:Package","floor":3.0},{"not_picked":["PlaceholderMod:Turn","PlaceholderMod:Sweep"],"picked":"PlaceholderMod:CorePoison","floor":4.0},{"not_picked":["PlaceholderMod:RadicalHit","PlaceholderMod:StrongAcid","PlaceholderMod:PoisonExcitation"],"picked":"SKIP","floor":7.0},{"not_picked":["BigBadWolf","MeatLantern"],"picked":"UniverseFragment","floor":8.0},{"not_picked":["PlaceholderMod:HornyBlast","PlaceholderMod:ProliferateStrike"],"picked":"PlaceholderMod:Hard","floor":8.0},{"not_picked":["BigBadWolf","OSAHOGD"],"picked":"Scarecrow","floor":11.0},{"not_picked":["PlaceholderMod:NutritionAbsorb","PlaceholderMod:InnerStable","PlaceholderMod:DissolvingSpikes"],"picked":"SKIP","floor":11.0},{"not_picked":["PlaceholderMod:InnerStable","PlaceholderMod:DissolvingSpikes"],"picked":"PlaceholderMod:NutritionAbsorb","floor":11.0},{"not_picked":["PlaceholderMod:AttackAsDefend","PlaceholderMod:CycleAttack"],"picked":"PlaceholderMod:PericyclicReaction","floor":12},{"not_picked":["WallGazer","VoidDream"],"picked":"PunishingBird","floor":13},{"not_picked":["PlaceholderMod:DissolvingSpikes","PlaceholderMod:HardStinger","PlaceholderMod:ConsolidateHit"],"picked":"SKIP","floor":13},{"not_picked":["PlaceholderMod:Assimilation","PlaceholderMod:PericyclicReaction"],"picked":"PlaceholderMod:Eat","floor":16}],"player_experience":331686,"relics_obtained":[{"floor":7.0,"key":"StoneCalendar"},{"floor":9.0,"key":"PlaceholderMod:DaolothFragment"},{"floor":12,"key":"PlaceholderMod:UnterZeeKulten"}],"event_choices":[{"damage_healed":0.0,"max_hp_gain":0.0,"max_hp_loss":0.0,"gold_gain":0.0,"event_name":"Golden Idol","player_choice":"Take Damage","floor":5.0,"gold_loss":0.0,"damage_taken":19.0,"relics_obtained":["Golden Idol"]},{"damage_healed":0.0,"max_hp_gain":0.0,"max_hp_loss":0.0,"gold_gain":175.0,"event_name":"Liars Game","player_choice":"AGREE","floor":10.0,"gold_loss":0.0,"damage_taken":0.0,"cards_obtained":["Doubt"]}],"is_beta":true,"boss_relics":[{"not_picked":["Sozu","Runic Dome"],"picked":"Snecko Eye"}],"items_purged_floors":[14],"is_endless":false,"potions_floor_spawned":[2,7,8,11,12],"killed_by":"Spheric Guardian","ascension_level":1}}