{"host":"rihxvzvzrfpivboj","time":1613830706,"event":{"mods":["Act Like it!","BaseMod","Better Third Choice","Block Reminder","Colored Map","Colored Powertips","Downfall","Duelist Mod","Gensokyo","GifTheSpireLib","Googly Eyes","Jorbs\u0027s Wanderer Trilogy","Keyboard Shortcuts","Minty Spire (QoL Compilation)","Quick Restart","ReimuÅiîé??öÎÅj","Relic Sorter","StSLib","SuperFastMode","The Bug Knight","Unceasing Turn Reminder","Waifu the Spire"],"gold_per_floor":[116,116,129,140,154,181,196,196,196,6,35,45,57,67,67,171,171,190,70,86,86,86],"floor_reached":21,"language":"ENG","playtime":1311,"items_purged":["Strike_Lin:ReiMu"],"score":230,"play_id":"2893e539-e323-498b-8447-47bc51d4dcce","local_time":"20210220151826","is_ascension_mode":true,"campfire_choices":[{"floor":8,"key":"REST"},{"data":"UniversalSpiritual:ReiMu","floor":15,"key":"SMITH"}],"circlet_count":0,"master_deck":["Strike_Lin:ReiMu","Strike_Lin:ReiMu","Strike_Lin:ReiMu","Defend_Lin:ReiMu","Defend_Lin:ReiMu","Defend_Lin:ReiMu","Defend_Lin:ReiMu","NB:ReiMu","Stagnation:ReiMu","Revelation:ReiMu","Gensokyo:CrescentMoonSlash","Conquer:ReiMu","Revelation:ReiMu","Meditation:ReiMu","PrayRite:ReiMu","Meditation:ReiMu","Revelation:ReiMu","WonderfulDomain:ReiMu","RainPray2:ReiMu","UniversalSpiritual:ReiMu+1","BlastKick2:ReiMu","CollectionFlower2:ReiMu","WonderfulDomain:ReiMu+1"],"relics":["FlyPower:ReiMu","NeowsBlessing","Bottled Flame","InkBottle","Membership Card","Darkstone Periapt","CrownOfHeavens:ReiMu","Gensokyo:DemonMask"],"acts_visited":["Exordium","Gensokyo:Gensokyo"],"potions_floor_usage":[16,20,20],"damage_taken":[{"damage":0,"enemies":"Gensokyo:Python","floor":1,"turns":1},{"damage":0,"enemies":"Gensokyo:3_Fairies","floor":3,"turns":2},{"damage":0,"enemies":"Gensokyo:2_Kodama","floor":4,"turns":1},{"damage":0,"enemies":"Gensokyo:VengefulSpirit","floor":5,"turns":5},{"damage":16,"enemies":"Gensokyo:Mamizou","floor":6,"turns":12},{"damage":1,"enemies":"Gensokyo:Kitsune","floor":7,"turns":2},{"damage":6,"enemies":"Gensokyo:Aya","floor":11,"turns":7},{"damage":0,"enemies":"Gensokyo:CorruptedTreant","floor":12,"turns":4},{"damage":0,"enemies":"Gensokyo:LivingMonolith","floor":13,"turns":2},{"damage":0,"enemies":"Gensokyo:VengefulSpirit","floor":14,"turns":4},{"damage":10,"enemies":"Gensokyo:Yukari","floor":16,"turns":7},{"damage":2,"enemies":"Gensokyo:2_Gloops","floor":18,"turns":4},{"damage":12,"enemies":"Gensokyo:3_Dogs","floor":20,"turns":6},{"damage":56,"enemies":"Gensokyo:Chomper_and_Gloop","floor":21,"turns":6}],"seed_played":"7173566923055776895","potions_obtained":[{"floor":3,"key":"EssenceOfSteel"},{"floor":7,"key":"Block Potion"},{"floor":12,"key":"sneckomod:MuddlingPotion"},{"floor":13,"key":"DistilledChaos"},{"floor":20,"key":"bronze:BurnAndBuffPotion"}],"is_trial":false,"path_per_floor":["M","?","M","M","M","E","M","R","T","$","E","M","M","M","R","B",null,"M","?","M","M"],"character_chosen":"REIMU","items_purchased":["Membership Card"],"campfire_rested":1,"item_purchase_floors":[10],"current_hp_per_floor":[65,56,56,56,56,40,39,58,58,58,52,52,52,52,52,42,65,63,63,51,0,0],"gold":86,"neow_bonus":"THREE_ENEMY_KILL","is_daily":false,"chose_seed":false,"campfire_upgraded":1,"win_rate":0.0,"timestamp":1613830706,"path_taken":["M","?","M","M","M","E","M","R","T","?","E","M","M","M","R","BOSS","M","?","M","M"],"items_purchased_type":["Relic"],"build_version":"2020-12-22","purchased_purges":1,"victory":false,"max_hp_per_floor":[65,65,65,65,65,65,65,65,65,65,65,65,65,65,65,65,65,65,65,65,65,65],"card_choices":[{"not_picked":["EmergencyTakeOff:ReiMu","Conquer:ReiMu"],"picked":"Revelation:ReiMu","floor":1},{"not_picked":["SubcavityInstant:ReiMu","CareerPray:ReiMu"],"picked":"Conquer:ReiMu","floor":3},{"not_picked":["Enchanting:ReiMu","CareerPray:ReiMu"],"picked":"Revelation:ReiMu","floor":4},{"not_picked":["Amulet:ReiMu","Mountainwind:ReiMu"],"picked":"Meditation:ReiMu","floor":5},{"not_picked":["CareerPray:ReiMu","NineCharacters:ReiMu"],"picked":"PrayRite:ReiMu","floor":6},{"not_picked":["InherentArray:ReiMu","MikOfLucky:ReiMu"],"picked":"Meditation:ReiMu","floor":7},{"not_picked":["CeremonyResonance:ReiMu","SpreadBorder2:ReiMu"],"picked":"Revelation:ReiMu","floor":11},{"not_picked":["TakeOff:ReiMu","FantasyBorder:ReiMu"],"picked":"WonderfulDomain:ReiMu","floor":12},{"not_picked":["Enchanting:ReiMu","OrbThrow:ReiMu"],"picked":"RainPray2:ReiMu","floor":13},{"not_picked":["YinYangSign:ReiMu","InherentArray:ReiMu"],"picked":"UniversalSpiritual:ReiMu","floor":14},{"not_picked":["DependentForm:ReiMu","CeremonyResonance:ReiMu"],"picked":"BlastKick2:ReiMu","floor":16},{"not_picked":["CareerPray:ReiMu+1","SpreadBorder2:ReiMu"],"picked":"CollectionFlower2:ReiMu","floor":18},{"not_picked":["Meditation:ReiMu+1","YinYangSign:ReiMu"],"picked":"WonderfulDomain:ReiMu+1","floor":20}],"player_experience":1291372,"relics_obtained":[{"floor":6,"key":"Bottled Flame"},{"floor":9,"key":"InkBottle"},{"floor":11,"key":"Darkstone Periapt"}],"event_choices":[],"is_beta":false,"boss_relics":[{"not_picked":["RedLine:ReiMu","Empty Cage"],"picked":"CrownOfHeavens:ReiMu"}],"items_purged_floors":[10],"is_endless":false,"potions_floor_spawned":[3,7,12,13,14,20],"killed_by":"Gensokyo:Chomper_and_Gloop","ascension_level":4}}