{"host":"nptej036rrbiurf5","time":1613793111,"event":{"mods":["BaseMod","Colored Map","Colored Powertips","DeckTracker","Minty Spire (QoL Compilation)","StSLib","SuperFastMode"],"gold_per_floor":[13,24,24,24,24,54,64,74,74,74,74,74,91,16,16,95,95,108,33,49,49,75,108,123,139,139,139,165,178,209,209,209,286,286,304,304,304,322,332,363,374,388,443,443,443,460,271,283,283,283,283,283,283,25,60,60],"floor_reached":57,"language":"KOR","playtime":1844,"items_purged":["Strike_P","Defend_P","Judgement+1"],"score":3013,"play_id":"79321de5-78e8-4938-89e8-378185b130cf","local_time":"20210220125151","is_ascension_mode":true,"campfire_choices":[{"data":"Judgement","floor":10.0,"key":"SMITH"},{"data":"Eruption","floor":12.0,"key":"SMITH"},{"data":"WheelKick","floor":15.0,"key":"SMITH"},{"data":"Vault","floor":32.0,"key":"SMITH"},{"floor":44.0,"key":"RECALL"},{"floor":49.0,"key":"REST"},{"data":"MentalFortress","floor":53,"key":"SMITH"}],"circlet_count":0,"master_deck":["AscendersBane","Eruption+1","Vigilance","WheelKick+1","FearNoEvil","Vault+1","Adaptation","Adaptation","MentalFortress+1","Tantrum"],"relics":["HolyWater","Regal Pillow","MutagenicStrength","Red Mask","InkBottle","PreservedInsect","HornCleat","TungstenRod","Mummified Hand","Question Card","Empty Cage","Yang","Anchor","Bag of Marbles"],"acts_visited":["TheEnding"],"potions_floor_usage":[50,50,56],"damage_taken":[{"damage":0.0,"enemies":"Small Slimes","floor":1.0,"turns":2.0},{"damage":0.0,"enemies":"2 Louse","floor":2.0,"turns":1.0},{"damage":16.0,"enemies":"Gremlin Nob","floor":6.0,"turns":3.0},{"damage":0.0,"enemies":"Cultist","floor":7.0,"turns":3.0},{"damage":0.0,"enemies":"Large Slime","floor":8.0,"turns":3.0},{"damage":0.0,"enemies":"2 Fungi Beasts","floor":13.0,"turns":2.0},{"damage":0.0,"enemies":"Slime Boss","floor":16.0,"turns":4.0},{"damage":8.0,"enemies":"3 Byrds","floor":18.0,"turns":3.0},{"damage":7.0,"enemies":"2 Thieves","floor":20.0,"turns":3.0},{"damage":0.0,"enemies":"Masked Bandits","floor":22.0,"turns":2.0},{"damage":0.0,"enemies":"Gremlin Leader","floor":23.0,"turns":3.0},{"damage":0.0,"enemies":"Sentry and Sphere","floor":24.0,"turns":2.0},{"damage":0.0,"enemies":"Chosen and Byrds","floor":25.0,"turns":2.0},{"damage":2.0,"enemies":"Book of Stabbing","floor":28.0,"turns":3.0},{"damage":4.0,"enemies":"Centurion and Healer","floor":29.0,"turns":2.0},{"damage":3.0,"enemies":"Gremlin Leader","floor":30.0,"turns":3.0},{"damage":46.0,"enemies":"Collector","floor":33.0,"turns":7.0},{"damage":0.0,"enemies":"Orb Walker","floor":35.0,"turns":2.0},{"damage":1.0,"enemies":"3 Darklings","floor":38.0,"turns":4.0},{"damage":0.0,"enemies":"Transient","floor":39.0,"turns":7.0},{"damage":7.0,"enemies":"Reptomancer","floor":40.0,"turns":4.0},{"damage":8.0,"enemies":"Writhing Mass","floor":41.0,"turns":3.0},{"damage":0.0,"enemies":"Maw","floor":42.0,"turns":3.0},{"damage":29.0,"enemies":"Transient","floor":46.0,"turns":7.0},{"damage":0.0,"enemies":"4 Shapes","floor":48.0,"turns":2.0},{"damage":26,"enemies":"Time Eater","floor":50,"turns":7},{"damage":0,"enemies":"Awakened One","floor":51,"turns":3},{"damage":0,"enemies":"Shield and Spear","floor":55,"turns":3},{"damage":53,"enemies":"The Heart","floor":56,"turns":9}],"seed_played":"-8278332024837153903","potions_obtained":[{"floor":2.0,"key":"BottledMiracle"},{"floor":7.0,"key":"Fire Potion"},{"floor":16.0,"key":"Energy Potion"},{"floor":23.0,"key":"Fruit Juice"},{"floor":25.0,"key":"StancePotion"},{"floor":30.0,"key":"Dexterity Potion"},{"floor":33.0,"key":"CultistPotion"},{"floor":40.0,"key":"LiquidBronze"},{"floor":46.0,"key":"PowerPotion"}],"is_trial":false,"path_per_floor":["M","M","?","?","?","E","M","M","T","R","?","R","M","?","R","B",null,"M","$","M","?","?","E","M","M","T","?","E","M","E","T","R","B",null,"M","?","?","M","M","E","M","M","T","R","?","M","$","M","R","B","B",null,"R","$","E","B",null],"character_chosen":"WATCHER","items_purchased":["MentalFortress","Tantrum","Weak Potion"],"campfire_rested":1,"item_purchase_floors":[47,54,54],"current_hp_per_floor":[61,61,61,66,66,50,50,50,50,50,50,50,50,50,50,50,67,59,59,52,52,52,57,57,57,57,57,55,51,48,48,48,2,59,59,59,59,58,58,51,43,43,43,43,43,14,14,14,51,25,25,62,62,62,62,9],"gold":60,"neow_bonus":"THREE_RARE_CARDS","is_daily":false,"chose_seed":false,"campfire_upgraded":5,"win_rate":0.0,"timestamp":1613793111,"path_taken":["M","M","?","?","?","E","M","M","T","R","?","R","?","?","R","BOSS","M","$","M","?","?","E","?","M","T","?","E","?","E","?","R","BOSS","M","?","?","M","M","E","M","?","T","R","?","M","$","M","R","BOSS","BOSS","R","$","E","BOSS"],"items_purchased_type":["Card","Card","Potion"],"build_version":"2020-12-22","purchased_purges":3,"victory":true,"max_hp_per_floor":[68,68,68,73,73,73,73,73,73,73,73,73,73,73,73,73,73,73,73,73,73,73,78,78,78,78,78,78,78,78,78,78,78,78,78,74,74,74,74,74,74,74,74,74,74,74,74,74,74,74,74,74,74,74,74,74],"card_choices":[{"not_picked":["Establishment","Devotion"],"picked":"Judgement","floor":0.0},{"not_picked":["Evaluate","EmptyBody"],"picked":"WheelKick","floor":1.0},{"not_picked":["PathToVictory","Vengeance","Study"],"picked":"SKIP","floor":2.0},{"not_picked":["TalkToTheHand","Vengeance","ThirdEye"],"picked":"SKIP","floor":6.0},{"not_picked":["FlyingSleeves","LikeWater"],"picked":"FearNoEvil","floor":7.0},{"not_picked":["Nirvana","ForeignInfluence","Meditate"],"picked":"SKIP","floor":8.0},{"not_picked":["Crescendo","Prostrate","CrushJoints"],"picked":"SKIP","floor":13.0},{"not_picked":["ClearTheMind","EmptyBody","FollowUp+1"],"picked":"SKIP","floor":18.0},{"not_picked":["Consecrate","Protect+1","ForeignInfluence"],"picked":"SKIP","floor":20.0},{"not_picked":["TalkToTheHand","Prostrate","SashWhip"],"picked":"SKIP","floor":23.0},{"not_picked":["TalkToTheHand","Prostrate","SashWhip"],"picked":"SKIP","floor":23.0},{"not_picked":["Study","FollowUp","Evaluate"],"picked":"SKIP","floor":24.0},{"not_picked":["Swivel","Protect","FlurryOfBlows"],"picked":"SKIP","floor":25.0},{"not_picked":["Judgement","BattleHymn","Meditate"],"picked":"SKIP","floor":28.0},{"not_picked":["WaveOfTheHand+1","Conclude","ThirdEye"],"picked":"SKIP","floor":29.0},{"not_picked":["FearNoEvil","EmptyMind"],"picked":"Vault","floor":30.0},{"not_picked":["WheelKick","CarveReality+1","Protect","BattleHymn+1"],"picked":"SKIP","floor":35.0},{"not_picked":["FlyingSleeves","Swivel","EmptyFist","JustLucky"],"picked":"SKIP","floor":38.0},{"not_picked":["Wallop+1","CutThroughFate","WreathOfFlame","BowlingBash"],"picked":"SKIP","floor":39.0},{"not_picked":["Wallop+1","CutThroughFate","WreathOfFlame","BowlingBash"],"picked":"SKIP","floor":39.0},{"not_picked":["Wallop+1","CutThroughFate","WreathOfFlame","BowlingBash"],"picked":"SKIP","floor":39.0},{"not_picked":["SignatureMove+1","Judgement","EmptyFist","Evaluate"],"picked":"SKIP","floor":40.0},{"not_picked":["CutThroughFate","DevaForm","FlurryOfBlows"],"picked":"Adaptation","floor":41.0},{"not_picked":["PathToVictory+1","Halt","FlyingSleeves","Indignation"],"picked":"SKIP","floor":42.0},{"not_picked":["Consecrate","ForeignInfluence","CutThroughFate"],"picked":"Adaptation","floor":46.0},{"not_picked":["FollowUp","ReachHeaven","Consecrate","JustLucky"],"picked":"SKIP","floor":48.0},{"not_picked":["EmptyFist","FlurryOfBlows","BattleHymn+1","Vengeance"],"picked":"SKIP","floor":55}],"player_experience":992822,"relics_obtained":[{"floor":6.0,"key":"Regal Pillow"},{"floor":22.0,"key":"Red Mask"},{"floor":23.0,"key":"InkBottle"},{"floor":26.0,"key":"PreservedInsect"},{"floor":28.0,"key":"TungstenRod"},{"floor":30.0,"key":"Mummified Hand"},{"floor":31.0,"key":"Question Card"},{"floor":40.0,"key":"Yang"},{"floor":43.0,"key":"Anchor"},{"floor":55,"key":"Bag of Marbles"}],"event_choices":[{"cards_removed":["Strike_P"],"damage_healed":0.0,"max_hp_gain":0.0,"max_hp_loss":0.0,"gold_gain":0.0,"event_name":"Living Wall","player_choice":"Forget","floor":3.0,"gold_loss":0.0,"damage_taken":0.0},{"damage_healed":0.0,"max_hp_gain":5.0,"max_hp_loss":0.0,"gold_gain":0.0,"event_name":"Big Fish","player_choice":"Donut","floor":4.0,"gold_loss":0.0,"damage_taken":0.0},{"damage_healed":0.0,"max_hp_gain":0.0,"max_hp_loss":0.0,"gold_gain":0.0,"event_name":"Liars Game","player_choice":"Ignored","floor":5.0,"gold_loss":0.0,"damage_taken":0.0},{"cards_removed":["Defend_P"],"damage_healed":0.0,"max_hp_gain":0.0,"max_hp_loss":0.0,"gold_gain":0.0,"event_name":"Purifier","player_choice":"Purged","floor":11.0,"gold_loss":0.0,"damage_taken":0.0},{"cards_removed":["Strike_P"],"damage_healed":0.0,"max_hp_gain":0.0,"max_hp_loss":0.0,"gold_gain":0.0,"event_name":"The Cleric","player_choice":"Card Removal","floor":14.0,"gold_loss":75.0,"damage_taken":0.0},{"damage_healed":0.0,"max_hp_gain":0.0,"max_hp_loss":0.0,"gold_gain":0.0,"event_name":"Drug Dealer","player_choice":"Inject Mutagens","floor":21.0,"gold_loss":0.0,"damage_taken":0.0,"relics_obtained":["MutagenicStrength"]},{"damage_healed":0.0,"max_hp_gain":0.0,"max_hp_loss":0.0,"gold_gain":0.0,"event_name":"Masked Bandits","player_choice":"Fought Bandits","floor":22.0,"gold_loss":0.0,"damage_taken":0.0},{"damage_healed":0.0,"max_hp_gain":0.0,"max_hp_loss":0.0,"gold_gain":0.0,"event_name":"WeMeetAgain","player_choice":"Gave Potion","floor":27.0,"gold_loss":0.0,"damage_taken":0.0,"relics_obtained":["HornCleat"]},{"damage_healed":0.0,"max_hp_gain":0.0,"max_hp_loss":4.0,"gold_gain":0.0,"event_name":"Winding Halls","player_choice":"Max HP","floor":36.0,"gold_loss":0.0,"damage_taken":0.0},{"cards_removed":["Defend_P"],"damage_healed":0.0,"max_hp_gain":0.0,"max_hp_loss":0.0,"gold_gain":0.0,"event_name":"Falling","player_choice":"Removed Skill","floor":37.0,"gold_loss":0.0,"damage_taken":0.0},{"damage_healed":0.0,"max_hp_gain":0.0,"max_hp_loss":0.0,"gold_gain":0.0,"event_name":"Lab","player_choice":"Got Potions","floor":45.0,"gold_loss":0.0,"damage_taken":0.0}],"is_beta":false,"boss_relics":[{"not_picked":["Astrolabe","Sozu"],"picked":"HolyWater"},{"not_picked":["Velvet Choker","Fusion Hammer"],"picked":"Empty Cage"}],"items_purged_floors":[19,47,54],"is_endless":false,"potions_floor_spawned":[2,7,16,20,23,25,30,33,40,42,46,48],"ascension_level":20}}