{"host":"p0hktren06injwdf","time":1613810926,"event":{"mods":["AchievementEnabler","BaseMod","Colored Map","DeckTracker","Minty Spire (QoL Compilation)","Permanent Neow","StSLib","SuperFastMode"],"gold_per_floor":[112,123,123,133,151,178,178,203,203,235,253,279,204,204,204,276,276,295,309,234,134,145,145,175,193,193,209,228,228,241,18,18,18,18],"floor_reached":33,"language":"KOR","playtime":631,"items_purged":["Defend_P","Strike_P","Defend_P"],"score":698,"play_id":"ec02567a-1759-48c0-9ff1-3cf8353dcbfd","local_time":"20210220174846","is_ascension_mode":true,"campfire_choices":[{"data":"SignatureMove","floor":15.0,"key":"SMITH"},{"floor":23.0,"key":"REST"},{"floor":32,"key":"REST"}],"circlet_count":0,"master_deck":["AscendersBane","Strike_P","Strike_P","Defend_P","Defend_P","Eruption+1","Vigilance","Tantrum","SignatureMove+1","Wallop","Halt+1","Scrawl+1","Evaluate+1","BowlingBash","Enlightenment+1","EmptyFist"],"relics":["PureWater","Thread and Needle","Matryoshka","Dream Catcher","White Beast Statue","Gremlin Horn","Toxic Egg 2","Happy Flower","SlaversCollar","Girya","Frozen Egg 2","Boot"],"acts_visited":["Exordium","TheCity"],"potions_floor_usage":[27,30,33,33],"damage_taken":[{"damage":3.0,"enemies":"Jaw Worm","floor":1.0,"turns":3.0},{"damage":0.0,"enemies":"Small Slimes","floor":2.0,"turns":2.0},{"damage":0.0,"enemies":"2 Louse","floor":4.0,"turns":2.0},{"damage":1.0,"enemies":"Exordium Wildlife","floor":5.0,"turns":4.0},{"damage":24.0,"enemies":"3 Sentries","floor":6.0,"turns":9.0},{"damage":0.0,"enemies":"Gremlin Nob","floor":8.0,"turns":2.0},{"damage":0.0,"enemies":"3 Sentries","floor":10.0,"turns":5.0},{"damage":0.0,"enemies":"Looter","floor":11.0,"turns":4.0},{"damage":8.0,"enemies":"Lagavulin","floor":12.0,"turns":4.0},{"damage":8.0,"enemies":"Hexaghost","floor":16.0,"turns":6.0},{"damage":20.0,"enemies":"Shell Parasite","floor":18.0,"turns":4.0},{"damage":17.0,"enemies":"Spheric Guardian","floor":19.0,"turns":8.0},{"damage":0.0,"enemies":"Centurion and Healer","floor":22.0,"turns":4.0},{"damage":11,"enemies":"Gremlin Leader","floor":24,"turns":4},{"damage":12,"enemies":"Sentry and Sphere","floor":25,"turns":5},{"damage":0,"enemies":"Shelled Parasite and Fungi","floor":27,"turns":3},{"damage":0,"enemies":"Snecko","floor":28,"turns":2},{"damage":0,"enemies":"Snake Plant","floor":30,"turns":4},{"damage":48,"enemies":"Automaton","floor":33,"turns":6}],"seed_played":"2930797560883072495","potions_obtained":[{"floor":4.0,"key":"FearPotion"},{"floor":5.0,"key":"CultistPotion"},{"floor":8.0,"key":"SpeedPotion"},{"floor":10.0,"key":"Ancient Potion"},{"floor":12.0,"key":"AttackPotion"},{"floor":16.0,"key":"CultistPotion"},{"floor":19.0,"key":"SteroidPotion"},{"floor":24,"key":"LiquidMemories"},{"floor":27,"key":"SkillPotion"},{"floor":30,"key":"Fire Potion"}],"is_trial":false,"path_per_floor":["M","M","?","M","M","E","?","E","T","E","M","E","$","?","R","B",null,"M","M","?","$","M","R","E","M","T","M","M","?","M","$","R","B"],"character_chosen":"WATCHER","items_purchased":["Enlightenment+1"],"campfire_rested":2,"item_purchase_floors":[31],"current_hp_per_floor":[58,58,58,58,57,33,53,53,53,53,53,45,45,45,45,37,56,36,19,19,19,19,37,26,14,14,14,14,14,14,14,32,0,0],"gold":18,"neow_bonus":"ONE_RARE_RELIC","is_daily":false,"chose_seed":false,"campfire_upgraded":1,"win_rate":0.0,"timestamp":1613810926,"path_taken":["M","M","?","M","M","E","?","E","T","E","M","E","$","?","R","BOSS","M","M","?","$","M","R","E","M","T","M","M","?","?","$","R","BOSS"],"items_purchased_type":["Card"],"build_version":"2020-12-22","purchased_purges":3,"victory":false,"max_hp_per_floor":[62,62,62,62,62,62,62,62,62,62,62,62,62,62,62,62,62,62,62,62,62,62,62,62,62,62,62,62,62,62,62,62,62,62],"card_choices":[{"not_picked":["Consecrate","CrushJoints"],"picked":"Tantrum","floor":1.0},{"not_picked":["Wallop","CrushJoints"],"picked":"SignatureMove","floor":2.0},{"not_picked":["EmptyMind","ClearTheMind","ForeignInfluence"],"picked":"SKIP","floor":4.0},{"not_picked":["PathToVictory","FollowUp","Tantrum"],"picked":"SKIP","floor":5.0},{"not_picked":["Weave","SandsOfTime"],"picked":"Wallop","floor":6.0},{"not_picked":["WindmillStrike","ThirdEye","EmptyBody"],"picked":"SKIP","floor":8.0},{"not_picked":["CutThroughFate","BowlingBash","Prostrate+1"],"picked":"SKIP","floor":10.0},{"not_picked":["ThirdEye+1","Vengeance+1"],"picked":"Halt+1","floor":11.0},{"not_picked":["Prostrate+1","Protect+1","FlyingSleeves"],"picked":"SKIP","floor":12.0},{"not_picked":["Wish+1","Vault+1"],"picked":"Scrawl+1","floor":16.0},{"not_picked":["WindmillStrike","Indignation+1"],"picked":"Evaluate+1","floor":18.0},{"not_picked":["WheelKick","ReachHeaven","FollowUp"],"picked":"SKIP","floor":19.0},{"not_picked":["EmptyFist","ForeignInfluence+1","Prostrate+1"],"picked":"SKIP","floor":22.0},{"not_picked":["JustLucky","ClearTheMind+1","Omniscience+1"],"picked":"SKIP","floor":24},{"not_picked":["BowlingBash","CarveReality","ReachHeaven+1"],"picked":"SKIP","floor":25},{"not_picked":["CarveReality","ReachHeaven+1"],"picked":"BowlingBash","floor":25},{"not_picked":["EmptyBody+1","Protect+1","WindmillStrike"],"picked":"SKIP","floor":27},{"not_picked":["SashWhip","CrushJoints","PathToVictory+1"],"picked":"SKIP","floor":28},{"not_picked":["Halt+1","SashWhip","Consecrate"],"picked":"SKIP","floor":30},{"not_picked":["CutThroughFate","Meditate+1"],"picked":"EmptyFist","floor":32}],"player_experience":1092270,"relics_obtained":[{"floor":6.0,"key":"Matryoshka"},{"floor":8.0,"key":"Dream Catcher"},{"floor":9.0,"key":"White Beast Statue"},{"floor":9.0,"key":"Gremlin Horn"},{"floor":10.0,"key":"Toxic Egg 2"},{"floor":12.0,"key":"Happy Flower"},{"floor":24,"key":"Girya"},{"floor":26,"key":"Frozen Egg 2"},{"floor":26,"key":"Boot"}],"event_choices":[{"damage_healed":0.0,"max_hp_gain":0.0,"max_hp_loss":0.0,"gold_gain":0.0,"event_name":"Living Wall","player_choice":"Grow","floor":3.0,"gold_loss":0.0,"damage_taken":0.0,"cards_upgraded":["Eruption"]},{"damage_healed":20.0,"max_hp_gain":0.0,"max_hp_loss":0.0,"gold_gain":0.0,"event_name":"Big Fish","player_choice":"Banana","floor":7.0,"gold_loss":0.0,"damage_taken":0.0},{"damage_healed":0.0,"max_hp_gain":0.0,"max_hp_loss":0.0,"gold_gain":0.0,"event_name":"Liars Game","player_choice":"Ignored","floor":14.0,"gold_loss":0.0,"damage_taken":0.0},{"cards_removed":["Strike_P"],"damage_healed":0.0,"max_hp_gain":0.0,"max_hp_loss":0.0,"gold_gain":0.0,"event_name":"Beggar","player_choice":"Gave Gold","floor":20.0,"gold_loss":75.0,"damage_taken":0.0},{"damage_healed":0,"gold_gain":0,"player_choice":"Ignored","damage_taken":0,"max_hp_gain":0,"max_hp_loss":0,"event_name":"N\u0027loth","floor":29,"gold_loss":0}],"is_beta":false,"boss_relics":[{"not_picked":["Calling Bell","Tiny House"],"picked":"SlaversCollar"}],"items_purged_floors":[13,21,31],"is_endless":false,"potions_floor_spawned":[4,5,8,10,11,12,16,18,19,22,24,25,27,28,30],"killed_by":"Automaton","ascension_level":20}}