{"host":"vlqej45p0v31lhdi","time":1613859433,"event":{"mods":["AchievementEnabler","BaseMod","Bestiary","Colored Powertips","Minty Spire (QoL Compilation)","Relic Stats"],"gold_per_floor":[115,115,125,125,142,142,169,182,182,209,209,0,13,33,33,105,105,124,96,114,60,60,60,60,93,93,93,93],"floor_reached":27,"language":"ENG","playtime":1212,"items_purged":[],"score":622,"play_id":"133d4173-b818-4014-9c77-a04065d3f73f","local_time":"20210220161713","is_ascension_mode":true,"campfire_choices":[{"data":"Rampage","floor":6.0,"key":"SMITH"},{"floor":11.0,"key":"REST"},{"data":"Mayhem","floor":15.0,"key":"SMITH"},{"floor":24,"key":"REST"}],"circlet_count":0,"master_deck":["AscendersBane","Strike_R","Strike_R","Strike_R","Strike_R","Strike_R","Defend_R","Defend_R","Defend_R","Defend_R","Bash","Rampage+1","Evolve","Burning Pact","Twin Strike","Clash","Limit Break","Mayhem+1","Flex","Clothesline","Corruption","Disarm","True Grit","Battle Trance","RitualDagger","Cleave+1"],"relics":["Burning Blood","NeowsBlessing","StoneCalendar","Peace Pipe","FossilizedHelix","Philosopher\u0027s Stone","Bottled Tornado","Toxic Egg 2"],"acts_visited":["Exordium","TheCity"],"potions_floor_usage":[23,25],"damage_taken":[{"damage":0.0,"enemies":"Small Slimes","floor":1.0,"turns":1.0},{"damage":0.0,"enemies":"Cultist","floor":3.0,"turns":1.0},{"damage":0.0,"enemies":"2 Louse","floor":5.0,"turns":1.0},{"damage":18.0,"enemies":"Lagavulin","floor":7.0,"turns":7.0},{"damage":33.0,"enemies":"Large Slime","floor":8.0,"turns":6.0},{"damage":32.0,"enemies":"Gremlin Nob","floor":10.0,"turns":4.0},{"damage":6.0,"enemies":"Looter","floor":13.0,"turns":4.0},{"damage":0.0,"enemies":"Exordium Wildlife","floor":14.0,"turns":2.0},{"damage":0.0,"enemies":"Slime Boss","floor":16.0,"turns":7.0},{"damage":31.0,"enemies":"Shell Parasite","floor":18.0,"turns":5.0},{"damage":24.0,"enemies":"2 Thieves","floor":20.0,"turns":5.0},{"damage":0,"enemies":"Book of Stabbing","floor":23,"turns":1},{"damage":48,"enemies":"Gremlin Leader","floor":25,"turns":7},{"damage":20,"enemies":"Snake Plant","floor":27,"turns":2}],"seed_played":"-7282540669943805753","potions_obtained":[{"floor":1.0,"key":"BlessingOfTheForge"},{"floor":2.0,"key":"PowerPotion"},{"floor":7.0,"key":"LiquidBronze"},{"floor":8.0,"key":"Strength Potion"},{"floor":16.0,"key":"BloodPotion"},{"floor":18.0,"key":"EssenceOfSteel"},{"floor":20.0,"key":"SmokeBomb"}],"is_trial":false,"path_per_floor":["M","?","M","?","M","R","E","M","T","E","R","$","M","M","R","B",null,"M","$","M","$","?","E","R","E","T","M"],"character_chosen":"IRONCLAD","items_purchased":["Mayhem","True Grit","SteroidPotion"],"campfire_rested":2,"item_purchase_floors":[12,19,21],"current_hp_per_floor":[74,74,75,75,75,75,63,36,36,10,32,32,32,38,38,44,67,57,57,39,39,33,39,61,19,19,0,0],"gold":93,"neow_bonus":"THREE_ENEMY_KILL","is_daily":false,"chose_seed":false,"campfire_upgraded":2,"win_rate":0.0,"timestamp":1613859433,"path_taken":["M","?","?","?","M","R","E","M","T","E","R","$","M","M","R","BOSS","M","$","M","$","?","E","R","E","T","M"],"items_purchased_type":["Card","Card","Potion"],"build_version":"2020-12-22","purchased_purges":0,"victory":false,"max_hp_per_floor":[75,75,75,75,75,75,75,75,75,75,75,75,75,75,75,75,75,75,75,75,75,75,75,75,75,75,75,75],"relic_stats":{"Peace Pipe":0,"counters":[14,53],"StoneCalendar":[151],"obtain_stats":[{"Peace Pipe":9,"NeowsBlessing":0,"StoneCalendar":7,"Philosopher\u0027s Stone":17,"Bottled Tornado":25,"Toxic Egg 2":26,"Burning Blood":0,"FossilizedHelix":10},{"Peace Pipe":5,"NeowsBlessing":0,"StoneCalendar":4,"Philosopher\u0027s Stone":9,"Bottled Tornado":13,"Toxic Egg 2":13,"Burning Blood":0,"FossilizedHelix":6},{"Peace Pipe":16,"NeowsBlessing":0,"StoneCalendar":10,"Philosopher\u0027s Stone":33,"Bottled Tornado":51,"Toxic Egg 2":51,"Burning Blood":0,"FossilizedHelix":20}],"Burning Blood":67},"card_choices":[{"not_picked":["Uppercut","Headbutt"],"picked":"Rampage","floor":1.0},{"not_picked":["Entrench","Sword Boomerang"],"picked":"Evolve","floor":3.0},{"not_picked":["Clash","Infernal Blade"],"picked":"Burning Pact","floor":5.0},{"not_picked":["Barricade","Headbutt"],"picked":"Twin Strike","floor":7.0},{"not_picked":["Armaments","True Grit"],"picked":"Clash","floor":8.0},{"not_picked":["Intimidate","Anger"],"picked":"Limit Break","floor":10.0},{"not_picked":["Anger","Iron Wave"],"picked":"Flex","floor":13.0},{"not_picked":["Rupture","Havoc"],"picked":"Clothesline","floor":14.0},{"not_picked":["Exhume","Barricade"],"picked":"Corruption","floor":16.0},{"not_picked":["Thunderclap","Seeing Red"],"picked":"Disarm","floor":18.0},{"not_picked":["Wild Strike","Blood for Blood"],"picked":"Battle Trance","floor":20.0},{"not_picked":["Burning Pact","Fire Breathing"],"picked":"Cleave+1","floor":25}],"player_experience":3085247,"relics_obtained":[{"floor":7.0,"key":"StoneCalendar"},{"floor":9.0,"key":"Peace Pipe"},{"floor":10.0,"key":"FossilizedHelix"},{"floor":25,"key":"Bottled Tornado"},{"floor":26,"key":"Toxic Egg 2"}],"event_choices":[{"damage_healed":0.0,"max_hp_gain":0.0,"max_hp_loss":0.0,"gold_gain":0.0,"event_name":"Lab","player_choice":"Got Potions","floor":2.0,"gold_loss":0.0,"damage_taken":0.0},{"damage_healed":0.0,"max_hp_gain":0.0,"max_hp_loss":0.0,"gold_gain":0.0,"event_name":"Liars Game","player_choice":"Ignored","floor":4.0,"gold_loss":0.0,"damage_taken":0.0},{"damage_healed":0.0,"max_hp_gain":0.0,"max_hp_loss":0.0,"gold_gain":0.0,"event_name":"Nest","player_choice":"Joined the Cult","floor":22.0,"gold_loss":0.0,"damage_taken":6.0,"cards_obtained":["RitualDagger"]}],"is_beta":false,"boss_relics":[{"not_picked":["Tiny House","Ectoplasm"],"picked":"Philosopher\u0027s Stone"}],"items_purged_floors":[],"is_endless":false,"potions_floor_spawned":[1,7,8,16,18,20],"killed_by":"Snake Plant","ascension_level":20}}