{"host":"rihxvzvzrfpivboj","time":1613827981,"event":{"mods":["Act Like it!","BaseMod","Better Third Choice","Block Reminder","Colored Map","Colored Powertips","Downfall","Duelist Mod","Gensokyo","GifTheSpireLib","Googly Eyes","Jorbs\u0027s Wanderer Trilogy","Keyboard Shortcuts","Minty Spire (QoL Compilation)","Quick Restart","ReimuÅiîé??öÎÅj","Relic Sorter","StSLib","SuperFastMode","The Bug Knight","Unceasing Turn Reminder","Waifu the Spire"],"gold_per_floor":[109,109,109,126,138,168,168,203,275,293,293,328,328,342,342,447,447,466,86,86,102,102,130,130,142,166,166,166,176,195,220,220,320,320,347,363,363,383,397,397,428,438,438,438,451,483,15,15,15,15,15,15,15,41,41,41],"floor_reached":55,"language":"ENG","playtime":4427,"items_purged":["stsjorbsmod:Defend_Wanderer","stsjorbsmod:BlackTentacles"],"score":916,"play_id":"26ffc282-129d-4711-9720-bf253dab1969","local_time":"20210220143301","is_ascension_mode":true,"campfire_choices":[{"floor":7,"key":"REST"},{"floor":11,"key":"REST"},{"data":"stsjorbsmod:Entangle","floor":13,"key":"SMITH"},{"data":"stsjorbsmod:Patron","floor":15,"key":"SMITH"},{"data":"stsjorbsmod:Patron","floor":28,"key":"SMITH"},{"data":"stsjorbsmod:ChatteringStrike","floor":32,"key":"SMITH"},{"data":"stsjorbsmod:Patron","floor":40,"key":"SMITH"},{"floor":44,"key":"REST"},{"floor":49,"key":"RECALL"},{"data":"stsjorbsmod:GatherPower","floor":52,"key":"SMITH"}],"circlet_count":0,"master_deck":["stsjorbsmod:ForbiddenGrimoire+1","stsjorbsmod:Strike_Wanderer","stsjorbsmod:Strike_Wanderer+1","stsjorbsmod:Strike_Wanderer","stsjorbsmod:Defend_Wanderer+1","stsjorbsmod:Defend_Wanderer+1","stsjorbsmod:FreshAdventure","stsjorbsmod:EyeOfTheStorm","stsjorbsmod:ChainLightning","stsjorbsmod:Entangle+1","stsjorbsmod:RefuseToForget","stsjorbsmod:Rediscovery","Gensokyo:MenInBlack","stsjorbsmod:ChatteringStrike+1","stsjorbsmod:FracturedMind","stsjorbsmod:Fireball","stsjorbsmod:Withdraw","stsjorbsmod:GatherPower+1","stsjorbsmod:FlameWard","stsjorbsmod:SmithingStrike","stsjorbsmod:FlameWard"],"relics":["stsjorbsmod:GrimoireRelic","NeowsBlessing","Gensokyo:LunaticRedEyes","Mango","Singing Bowl","Bird Faced Urn","CrazyTorch:ReiMu","Lizard Tail","Empty Cage","Torii","Bronze Scales","Strawberry","Snecko Eye","PreservedInsect","StrikeDummy","Bottled Tornado","Mango","Vajra"],"acts_visited":["Exordium","Gensokyo:Gensokyo","TheBeyond","TheEnding"],"potions_floor_usage":[16,31,33,39,41,50,55],"damage_taken":[{"damage":0,"enemies":"Gensokyo:2_Kodama","floor":1,"turns":1},{"damage":0,"enemies":"Gensokyo:Gryphon","floor":4,"turns":1},{"damage":1,"enemies":"Gensokyo:Python","floor":5,"turns":2},{"damage":47,"enemies":"Gensokyo:Cirno","floor":6,"turns":6},{"damage":20,"enemies":"Gensokyo:Aya","floor":8,"turns":5},{"damage":10,"enemies":"Gensokyo:VengefulSpirit","floor":10,"turns":5},{"damage":20,"enemies":"Gensokyo:Cirno","floor":12,"turns":6},{"damage":13,"enemies":"Gensokyo:Python_and_Kodama","floor":14,"turns":5},{"damage":45,"enemies":"Gensokyo:Yukari","floor":16,"turns":9},{"damage":0,"enemies":"Gensokyo:3_Dogs","floor":18,"turns":4},{"damage":13,"enemies":"Gensokyo:Chomper","floor":21,"turns":5},{"damage":1,"enemies":"Gensokyo:Reisen","floor":23,"turns":7},{"damage":2,"enemies":"Gensokyo:Slime_Group","floor":25,"turns":4},{"damage":22,"enemies":"Gensokyo:Mirror_and_Dog","floor":29,"turns":6},{"damage":0,"enemies":"Gensokyo:Swordslinger","floor":30,"turns":4},{"damage":10,"enemies":"Gensokyo:Koishi","floor":31,"turns":7},{"damage":36,"enemies":"Gensokyo:Kaguya","floor":33,"turns":9},{"damage":9,"enemies":"Orb Walker","floor":35,"turns":3},{"damage":0,"enemies":"3 Darklings","floor":36,"turns":4},{"damage":11,"enemies":"Writhing Mass","floor":38,"turns":7},{"damage":0,"enemies":"Jaw Worm Horde","floor":39,"turns":2},{"damage":102,"enemies":"Giant Head","floor":41,"turns":10},{"damage":1,"enemies":"Transient","floor":42,"turns":5},{"damage":1,"enemies":"Maw","floor":45,"turns":6},{"damage":0,"enemies":"Nemesis","floor":46,"turns":3},{"damage":72,"enemies":"Donu and Deca","floor":50,"turns":8},{"damage":27,"enemies":"Shield and Spear","floor":54,"turns":5},{"damage":115,"enemies":"The Heart","floor":55,"turns":8}],"seed_played":"-3868154178518120123","potions_obtained":[{"floor":4,"key":"SteroidPotion"},{"floor":5,"key":"BlessingOfTheForge"},{"floor":8,"key":"Dexterity Potion"},{"floor":10,"key":"PowerPotion"},{"floor":25,"key":"Block Potion"},{"floor":30,"key":"LiquidMemories"},{"floor":31,"key":"sneckomod:MuddlingPotion"},{"floor":38,"key":"Ancient Potion"},{"floor":39,"key":"Fruit Juice"},{"floor":45,"key":"ColorlessPotion"}],"is_trial":false,"path_per_floor":["M","?","?","M","M","E","R","E","T","M","R","E","R","M","R","B",null,"M","$","?","M","?","E","?","M","T","?","R","M","M","E","R","B",null,"M","M","?","M","M","R","E","M","T","R","M","E","$","?","R","B",null,"R","$","E","B"],"character_chosen":"WANDERER","items_purchased":["Torii","Mango","stsjorbsmod:SmithingStrike"],"campfire_rested":3,"item_purchase_floors":[19,47,47],"current_hp_per_floor":[72,72,65,65,65,21,46,28,28,22,47,35,35,30,30,35,90,92,92,83,77,77,84,84,89,89,89,89,78,88,93,93,63,102,96,101,101,96,106,106,12,17,17,52,58,64,78,78,78,10,128,128,128,105,0,0],"gold":41,"neow_bonus":"THREE_ENEMY_KILL","is_daily":false,"chose_seed":false,"campfire_upgraded":6,"win_rate":0.0,"timestamp":1613827981,"path_taken":["M","?","?","M","M","E","R","E","T","M","R","E","R","M","R","BOSS","M","?","?","M","?","E","?","M","T","?","R","M","?","E","R","BOSS","M","M","?","M","M","R","E","M","T","R","M","E","$","?","R","BOSS","R","$","E","BOSS"],"items_purchased_type":["Relic","Relic","Card"],"build_version":"2020-12-22","purchased_purges":2,"victory":false,"max_hp_per_floor":[72,72,86,86,86,86,86,86,86,86,86,88,88,90,90,90,90,92,92,83,87,87,87,87,89,89,89,89,93,95,102,102,102,102,104,106,106,108,115,115,117,117,117,117,117,121,135,128,128,128,128,128,128,128,128,128],"card_choices":[{"not_picked":["stsjorbsmod:Mending","stsjorbsmod:ChatteringStrike"],"picked":"stsjorbsmod:ChainLightning","floor":1},{"not_picked":["stsjorbsmod:MagicMissiles","stsjorbsmod:Hurt"],"picked":"stsjorbsmod:BlackTentacles","floor":4},{"not_picked":["stsjorbsmod:WeightOfMemory","stsjorbsmod:Mending"],"picked":"stsjorbsmod:Entangle","floor":5},{"not_picked":["stsjorbsmod:Hurt","stsjorbsmod:Introspection"],"picked":"stsjorbsmod:RefuseToForget","floor":6},{"not_picked":["stsjorbsmod:PurgeMind","stsjorbsmod:WeightOfMemory"],"picked":"stsjorbsmod:Patron","floor":8},{"not_picked":["stsjorbsmod:WanderingMind","stsjorbsmod:LoseGrip"],"picked":"stsjorbsmod:TinyHut","floor":10},{"not_picked":["stsjorbsmod:ArcaneWeapon","stsjorbsmod:UnseenServant","stsjorbsmod:DisguiseSelf"],"picked":"Singing Bowl","floor":12},{"not_picked":["stsjorbsmod:WanderingMind","stsjorbsmod:Hurt","stsjorbsmod:TrueStrike"],"picked":"Singing Bowl","floor":14},{"not_picked":["stsjorbsmod:Banish","stsjorbsmod:Determination"],"picked":"stsjorbsmod:Rediscovery","floor":16},{"not_picked":["stsjorbsmod:ParryingBlow","stsjorbsmod:Hurt","stsjorbsmod:MagicMissiles"],"picked":"Singing Bowl","floor":18},{"not_picked":["Gensokyo:SlitMouthedWoman","Gensokyo:RedCapeBlueCape"],"picked":"Gensokyo:MenInBlack","floor":20},{"not_picked":["stsjorbsmod:Hurt","stsjorbsmod:BlackTentacles","stsjorbsmod:MagicMirror"],"picked":"Singing Bowl","floor":21},{"not_picked":["stsjorbsmod:Stalwart","stsjorbsmod:WanderingMind"],"picked":"stsjorbsmod:ChatteringStrike","floor":23},{"not_picked":["stsjorbsmod:ChainLightning","stsjorbsmod:LocateObject","stsjorbsmod:Mindworm"],"picked":"Singing Bowl","floor":25},{"not_picked":["stsjorbsmod:Inferno","stsjorbsmod:BlackTentacles+1","stsjorbsmod:Mania"],"picked":"Singing Bowl","floor":29},{"not_picked":["stsjorbsmod:Mending","stsjorbsmod:Will","stsjorbsmod:Materialize"],"picked":"Singing Bowl","floor":30},{"not_picked":["stsjorbsmod:Hurt","stsjorbsmod:Counterspell+1"],"picked":"stsjorbsmod:Fireball","floor":31},{"not_picked":["stsjorbsmod:Fireball","stsjorbsmod:MirrorImage"],"picked":"stsjorbsmod:Withdraw","floor":33},{"not_picked":["stsjorbsmod:Hurt+1","stsjorbsmod:Will+1","stsjorbsmod:Index"],"picked":"Singing Bowl","floor":35},{"not_picked":["stsjorbsmod:ChatteringStrike+1","stsjorbsmod:Counterspell","stsjorbsmod:TollTheDead"],"picked":"Singing Bowl","floor":36},{"not_picked":["stsjorbsmod:HedgeWizard+1","stsjorbsmod:Prepare+1","stsjorbsmod:FracturedMind+1"],"picked":"Singing Bowl","floor":38},{"not_picked":["stsjorbsmod:Prepare+1","stsjorbsmod:Mindworm+1","stsjorbsmod:BookOfTongues"],"picked":"Singing Bowl","floor":39},{"not_picked":["stsjorbsmod:WanderingMind","stsjorbsmod:BlackTentacles+1","stsjorbsmod:UnseenServant+1"],"picked":"Singing Bowl","floor":41},{"not_picked":["stsjorbsmod:Mania+1","stsjorbsmod:Will+1"],"picked":"stsjorbsmod:GatherPower","floor":42},{"not_picked":["stsjorbsmod:Thorns","stsjorbsmod:WeightOfMemory"],"picked":"stsjorbsmod:FlameWard","floor":45},{"not_picked":["stsjorbsmod:LocateObject","stsjorbsmod:BurningFlask","stsjorbsmod:DisguiseSelf"],"picked":"Singing Bowl","floor":46},{"not_picked":["stsjorbsmod:MagicMissiles","stsjorbsmod:TrueStrike+1"],"picked":"stsjorbsmod:FlameWard","floor":54}],"player_experience":1286300,"relics_obtained":[{"floor":6,"key":"Singing Bowl"},{"floor":8,"key":"Bird Faced Urn"},{"floor":9,"key":"CrazyTorch:ReiMu"},{"floor":12,"key":"Lizard Tail"},{"floor":23,"key":"Bronze Scales"},{"floor":31,"key":"Strawberry"},{"floor":41,"key":"PreservedInsect"},{"floor":43,"key":"StrikeDummy"},{"floor":46,"key":"Bottled Tornado"},{"floor":54,"key":"Vajra"}],"event_choices":[{"cards_removed":["stsjorbsmod:TinyHut"],"damage_healed":0,"gold_gain":0,"player_choice":"Removed Power","damage_taken":0,"max_hp_gain":0,"max_hp_loss":0,"event_name":"Falling","floor":37,"gold_loss":0},{"damage_healed":0,"gold_gain":0,"player_choice":"Max HP","damage_taken":0,"max_hp_gain":0,"max_hp_loss":7,"event_name":"Winding Halls","floor":48,"gold_loss":0}],"is_beta":false,"boss_relics":[{"not_picked":["SlaversCollar","Sozu"],"picked":"Empty Cage"},{"not_picked":["Philosopher\u0027s Stone","Busted Crown"],"picked":"Snecko Eye"}],"items_purged_floors":[19,47],"is_endless":false,"potions_floor_spawned":[4,5,8,10,25,30,31,38,39,45],"killed_by":"The Heart","ascension_level":3}}