{"host":"23qk1co0p3p8qz56","time":1613781019,"event":{"mods":["100% Spire Juice","AchievementEnabler","Act Like it!","Arknights","BaseMod","Better Note","Better Third Choice","BetterRewards","CapriCore","Chen","Colored Map","DNKmod","Downfall","Friendly Minions","Gensokyo","Gold Saver","Halation","HololiveMod","KinomotoSakuraMod(木之本?)","Koishi","KomeijiMod","Lobotomy","LobotomyExtend","Mari Mod (Legacy)","Mari\u0027s V1 Patch","Marisa（霧雨　魔理沙）","Minty Spire (QoL Compilation)","MostiFishMod","Prisma Mod","Railgun Mod","Reimu（博??梦）","Remilia（蕾米莉?）","RumiaBox-露米?的神秘盒子","StSLib","The Administrix","The Alterego","The Animator","The Immortal","The Senshi","Waifu the Spire","WarShipGirlsR/??少女R mod","Yakumo Yukari mod","Yohane!","Yuyuko"],"gold_per_floor":[10018,9553,9553,9553,9577,9577,9613,9613,9613,9613,8952,8952,8993,9010,9010,9121,9121,9129,9006,9006,9023,9038,9038,9058,9070,9070,9088,9118,9118,9218,9243,9243,9367,9367,9395,8910,8910,8944,8959,8959,9007,9043,9043,9043,9080,9093,9113,9113,9113,9113],"floor_reached":51,"language":"ENG","playtime":2674,"items_purged":[],"score":1080,"play_id":"5d5b5dc5-a85d-436c-bd66-327ffeb04a57","local_time":"20210219173019","is_ascension_mode":false,"campfire_choices":[{"data":"Hololive_CallSpadeEcho","floor":6,"key":"SMITH"},{"data":"Hololive_CallOkamiMio","floor":8,"key":"SMITH"},{"data":"Hololive_CallTsunomakiWatame","floor":10,"key":"SMITH"},{"data":"Hololive_CallRoboco","floor":15,"key":"SMITH"},{"data":"Hololive_CallHoshimachiSuisei","floor":23,"key":"SMITH"},{"data":"Hololive_CallHoushouMarine","floor":29,"key":"SMITH"},{"data":"Hololive_StrengthChampion+3","floor":32,"key":"SMITH"},{"data":"Hololive_StrengthChampion+7","floor":40,"key":"SMITH"},{"data":"Hololive_CallMoonaHoshinova","floor":49,"key":"SMITH"}],"circlet_count":0,"master_deck":["Hololive_CallMinatoAqua+1","Hololive_CallUsadaPekora+1","Hololive_CallMurasakiShion+1","Hololive_CallShiranuiFlare+1","Hololive_CallSpadeEcho+1","Hololive_Breathe+1","Hololive_Strike+1","Hololive_Strike+1","Hololive_Defend+1","Hololive_Defend+1","Hololive_FlyingPonyTail+1","Hololive_Spy+1","Hololive_CallTsunomakiWatame+1","Hololive_LuckPotion+1","Hololive_Drill+1","Hololive_CallOkamiMio+1","Hololive_StrengthChampion+13","Hololive_StarCraft+1","Hololive_FlareMind+1","Hololive_CallAiraniIofifteen+1","Hololive_CandyCastle+1","Hololive_Yoholoon+1","Hololive_CallRoboco+1","Hololive_Rebirth+1","Hololive_DDD+1","Hololive_CallShishiroBotan+1","Hololive_Psychosis+1","Hololive_CallYozoraMel+1","Hololive_CallHoshimachiSuisei+1","Hololive_CallArtia+1","Hololive_OvertimeWork+1","Hololive_FlyingPonyTail+1","Hololive_CallHoushouMarine+1","Hololive_FlyingPonyTail+1","Hololive_DurableLive+1","Hololive_CallTokinoSora+1","Hololive_Nanodesu+1","Hololive_ManjiGathering+1","Hololive_CallManoAloe+1","Hololive_CallAyundaRisu+1","Hololive_CallAZKi","Hololive_CallCivia+1","Hololive_ILoveYou+1","Hololive_CallMoonaHoshinova+1"],"relics":["Hololive_TheStar","Pen Nib","Whetstone","theSenshi:SailorFukuRelic","DaveBox","DSteel32","SynthV:TestCard","LetterFromLob","Toxic Egg 2","Molten Egg 2","Hololive_LightStick","Lee\u0027s Waffle","Blue Candle","GodSword7","TimeKeys","LaetitiaHeart","Letter Opener","White Beast Statue","GuanYuAspect","MagicDraw4","Gaze_r","GodSword6","theSenshi:FeatherClipsRelic","SynthV:C4"],"acts_visited":["Exordium","TheCity","TheBeyond"],"potions_floor_usage":[28,28,33,33,41,50,50,50],"damage_taken":[{"damage":0,"enemies":"Cultist","floor":1,"turns":2},{"damage":0,"enemies":"2 Louse","floor":5,"turns":2},{"damage":0,"enemies":"Lagavulin","floor":7,"turns":3},{"damage":0,"enemies":"Gremlin Nob","floor":13,"turns":3},{"damage":0,"enemies":"Small Slimes","floor":14,"turns":2},{"damage":0,"enemies":"The Guardian","floor":16,"turns":5},{"damage":0,"enemies":"Chosen","floor":18,"turns":2},{"damage":0,"enemies":"Chosen","floor":18,"turns":2},{"damage":0,"enemies":"Chosen","floor":18,"turns":2},{"damage":0,"enemies":"Chosen","floor":18,"turns":2},{"damage":0,"enemies":"Chosen","floor":21,"turns":3},{"damage":0,"enemies":"Shell Parasite","floor":22,"turns":3},{"damage":0,"enemies":"Sentry and Sphere","floor":24,"turns":4},{"damage":0,"enemies":"3 Cultists","floor":25,"turns":4},{"damage":0,"enemies":"Snake Plant","floor":27,"turns":2},{"damage":0,"enemies":"Slavers","floor":28,"turns":3},{"damage":0,"enemies":"Centurion and Healer","floor":31,"turns":4},{"damage":0,"enemies":"Collector","floor":33,"turns":5},{"damage":0,"enemies":"Orb Walker","floor":35,"turns":2},{"damage":0,"enemies":"3 Darklings","floor":38,"turns":3},{"damage":0,"enemies":"3 Darklings","floor":39,"turns":2},{"damage":0,"enemies":"Giant Head","floor":41,"turns":6},{"damage":0,"enemies":"Sphere and 2 Shapes","floor":42,"turns":3},{"damage":0,"enemies":"Maw","floor":45,"turns":4},{"damage":0,"enemies":"4 Shapes","floor":46,"turns":2},{"damage":0,"enemies":"Transient","floor":47,"turns":5},{"damage":0,"enemies":"Donu and Deca","floor":50,"turns":5}],"seed_played":"-5296476415706060644","potions_obtained":[{"floor":13,"key":"Ancient Potion"},{"floor":14,"key":"PowerPotion"},{"floor":16,"key":"Block Potion"},{"floor":22,"key":"AttackPotion"},{"floor":24,"key":"CalmPotion"},{"floor":27,"key":"SteroidPotion"},{"floor":28,"key":"champ:CounterPotion"},{"floor":31,"key":"LiquidMemories"},{"floor":33,"key":"ExcitationPotion"},{"floor":35,"key":"SpeedPotion"},{"floor":38,"key":"PowerPotion"},{"floor":41,"key":"SkillPotion"},{"floor":42,"key":"LiquidBronze"},{"floor":45,"key":"Energy Potion"},{"floor":46,"key":"BlessingOfTheForge"}],"is_trial":false,"path_per_floor":["M","$","?","?","M","R","E","R","T","R","$","?","E","M","R","B",null,"M","$","?","M","M","R","M","M","T","M","E","R","?","M","R","B",null,"M","$","?","M","?","R","E","M","T","?","M","M","M","?","R","B",null],"character_chosen":"Hololive_HololiveCharacter","items_purchased":["Hololive_Spy","Hololive_CallTsunomakiWatame","Toxic Egg 2","Hololive_LuckPotion+1","Hololive_Drill","Hololive_FlareMind+1","Hololive_CallAiraniIofifteen","Hololive_CandyCastle+1","Hololive_SoulCatcher+1","Hololive_Yoholoon+1","Hololive_LightStick","Lee\u0027s Waffle","Hololive_CallShishiroBotan","Hololive_Psychosis+1","Hololive_Nanodesu+1","Hololive_ManjiGathering+1","MagicDraw4"],"campfire_rested":0,"item_purchase_floors":[2,2,2,2,2,11,11,11,11,11,11,11,19,19,36,36,36],"current_hp_per_floor":[500,500,500,500,500,500,500,500,500,500,507,502,502,502,502,502,507,500,500,500,500,507,507,507,507,507,507,507,507,507,507,507,507,254,254,254,254,254,254,254,254,254,254,254,254,254,254,254,254,254],"gold":9113,"neow_bonus":"UPGRADE_CARD","is_daily":false,"chose_seed":false,"campfire_upgraded":9,"win_rate":0.0,"timestamp":1613781019,"path_taken":["M","$","?","?","?","R","E","R","T","R","$","?","E","M","R","BOSS","M","$","?","M","M","R","?","M","T","?","E","R","?","M","R","BOSS","M","$","?","M","?","R","E","M","T","?","M","?","M","?","R","BOSS"],"items_purchased_type":["Card","Card","Relic","Card","Card","Card","Card","Card","Card","Card","Relic","Relic","Card","Card","Card","Card","Relic"],"build_version":"2020-12-22","purchased_purges":0,"victory":true,"max_hp_per_floor":[500,500,500,500,500,500,500,500,500,500,507,507,507,507,507,507,507,507,507,507,507,507,507,507,507,507,507,507,507,507,507,507,507,254,254,254,254,254,254,254,254,254,254,254,254,254,254,254,254,254],"card_choices":[{"not_picked":["Hololive_RevenueBasedLive","Hololive_CocoNews","Hololive_StrengthChampion"],"picked":"Hololive_FlyingPonyTail","floor":1},{"not_picked":["Hololive_OvertimeWork","Hololive_LuckPotion+1","Hololive_HuntDinosaur+1","Hololive_CocoNews","Hololive_RevenueBasedLive+1"],"picked":"Hololive_StrengthChampion","floor":5},{"not_picked":["Hololive_CocoNews","Hololive_OvertimeWork","Hololive_Sequa","Hololive_RevenueBasedLive+1","Hololive_StrengthChampion"],"picked":"Hololive_StarCraft+1","floor":7},{"not_picked":["Hololive_HuntDinosaur+1","Hololive_StrengthChampion+1","Hololive_LuckPotion+1","Hololive_Rebound+1","Hololive_OvertimeWork+1"],"picked":"Hololive_CallRoboco","floor":13},{"not_picked":["Hololive_Psychosis+1","Hololive_LuckPotion+1","Hololive_OvertimeWork+1","Hololive_CallShirakamiFubuki","Hololive_FlyingPonyTail+1"],"picked":"Hololive_Rebirth+1","floor":14},{"not_picked":["Hololive_BeCareful+1","Hololive_Thief+1","Hololive_DiamondStrike+1","Hololive_DurableLive+1","Hololive_OpenUp+1"],"picked":"Hololive_DDD+1","floor":16},{"not_picked":["Hololive_CallYogiri","Hololive_LuckPotion+1","Hololive_ManjiGathering+1","Hololive_CocoNews+1","Hololive_CallTsunomakiWatame"],"picked":"Hololive_CallYozoraMel+1","floor":21},{"not_picked":["Hololive_CallYozoraMel","Hololive_CallKiryuuCoco+1","Hololive_StrengthChampion+1","Hololive_CallRoboco","Hololive_Trident+1"],"picked":"Hololive_CallHoshimachiSuisei","floor":22},{"not_picked":["Hololive_RevenueBasedLive+1","Hololive_CocoNews+1","Hololive_CallHoshimachiSuisei+1","Hololive_CallShirakamiFubuki","Hololive_Psychosis+1"],"picked":"Hololive_CallArtia","floor":24},{"not_picked":["Hololive_CocoNews+1","Hololive_Drill+1","Hololive_Rebound+1","Hololive_StrengthChampion+1","Hololive_Nanodesu+1"],"picked":"Hololive_OvertimeWork+1","floor":25},{"not_picked":["Hololive_Breathe+1","Hololive_RevenueBasedLive+1","Hololive_Sequa+1","Hololive_StrengthChampion+1","Hololive_Teleport+1"],"picked":"Hololive_FlyingPonyTail+1","floor":27},{"not_picked":["Hololive_LuckPotion+1","Hololive_RevenueBasedLive+1","Hololive_Recruit+1","Hololive_HuntDinosaur+1","Hololive_ScarfAndHalo+1"],"picked":"Hololive_CallHoushouMarine","floor":28},{"not_picked":["Hololive_LuckPotion+1","Hololive_Sequa+1","Hololive_CallKiryuuCoco","Hololive_Trident+1","Hololive_DevilCharm+1"],"picked":"Hololive_FlyingPonyTail+1","floor":31},{"not_picked":["Hololive_ScarfAndHalo+1","Hololive_FlareMind+1","Hololive_WolfAndLamb+1","Hololive_StarCraft+1","Hololive_HighAtkLowDef+1"],"picked":"Hololive_DurableLive+1","floor":33},{"not_picked":["Hololive_HuntDinosaur+1","Hololive_Breathe+1","Hololive_Rebound+1","Hololive_Sequa+1","Hololive_StrengthChampion+1"],"picked":"Hololive_CallTokinoSora+1","floor":35},{"not_picked":["Hololive_BeCareful+1","Hololive_StrengthChampion+1","Hololive_BringToTrial+1","Hololive_CallDoris","Hololive_LuckPotion+1"],"picked":"Hololive_CallManoAloe","floor":38},{"not_picked":["Hololive_Sequa+1","Hololive_Psychosis+1","Hololive_Drill+1","Hololive_HuntDinosaur+1","Hololive_LuckPotion+1"],"picked":"Hololive_CallAyundaRisu+1","floor":41},{"not_picked":["Hololive_CallInugamiKorone","Hololive_Drill+1","Hololive_CallSakuraMiko","Hololive_BringToTrial+1","Hololive_LuckPotion+1"],"picked":"Hololive_CallAZKi","floor":42},{"not_picked":["Hololive_CallMurasakiShion+1","Hololive_CocoNews+1","Hololive_Rebound+1","Hololive_ManjiGathering+1","Hololive_Drill+1"],"picked":"Hololive_CallCivia","floor":45},{"not_picked":["Hololive_Sequa+1","Hololive_DevilCharm+1","Hololive_Breathe+1","Hololive_CallShishiroBotan","Hololive_CocoNews+1"],"picked":"Hololive_ILoveYou+1","floor":46},{"not_picked":["Hololive_Sequa+1","Hololive_CallUsadaPekora+1","Hololive_CallOkamiMio","Hololive_RevenueBasedLive+1","Hololive_Psychosis+1"],"picked":"Hololive_CallMoonaHoshinova","floor":47}],"player_experience":214764,"relics_obtained":[{"floor":1,"key":"SynthV:TestCard"},{"floor":1,"key":"LetterFromLob"},{"floor":9,"key":"Molten Egg 2"},{"floor":13,"key":"GodSword7"},{"floor":26,"key":"Letter Opener"},{"floor":28,"key":"White Beast Statue"},{"floor":41,"key":"GodSword6"},{"floor":43,"key":"theSenshi:FeatherClipsRelic"},{"floor":44,"key":"SynthV:C4"}],"event_choices":[{"damage_healed":0,"gold_gain":0,"player_choice":"Ignored","damage_taken":0,"max_hp_gain":0,"max_hp_loss":0,"event_name":"Golden Idol","floor":3,"gold_loss":0},{"damage_healed":0,"gold_gain":0,"player_choice":"1 cards matched","damage_taken":0,"max_hp_gain":0,"max_hp_loss":0,"event_name":"Match and Keep!","floor":4,"gold_loss":0,"cards_obtained":["Hololive_CallOkamiMio"]},{"damage_healed":0,"gold_gain":0,"player_choice":"Ignored","damage_taken":0,"max_hp_gain":0,"max_hp_loss":0,"event_name":"betterNote:BetterNote","floor":20,"gold_loss":0,"cards_obtained":["animator:Wiz"]},{"damage_healed":0,"gold_gain":100,"player_choice":"Pray","damage_taken":0,"max_hp_gain":0,"max_hp_loss":0,"event_name":"Golden Shrine","floor":30,"gold_loss":0},{"damage_healed":0,"gold_gain":0,"player_choice":"Relic","damage_taken":0,"max_hp_gain":0,"max_hp_loss":0,"event_name":"Wheel of Change","floor":44,"gold_loss":0},{"cards_removed":["Hololive_SoulCatcher"],"damage_healed":0,"gold_gain":0,"player_choice":"Removed Attack","damage_taken":0,"max_hp_gain":0,"max_hp_loss":0,"event_name":"Falling","floor":48,"gold_loss":0}],"is_beta":false,"boss_relics":[{"not_picked":["Empty Cage","Snecko Eye"],"picked":"TimeKeys"},{"not_picked":["halation:PlatinumPhoenix","FixedStarFall"],"picked":"GuanYuAspect"}],"items_purged_floors":[],"is_endless":false,"potions_floor_spawned":[13,14,16,18,22,24,27,28,31,33,35,38,39,41,42,45,46,47],"ascension_level":0}}