{"host":"zsnmfqgcm92hlreo","time":1613801224,"event":{"mods":["AchievementEnabler","BaseMod","Bestiary","Block Reminder","Colored Map","Colored Powertips","Filter the Spire","Minty Spire (QoL Compilation)","Permanent Neow","Quick Restart","Relic Stats","StSLib","Weighted Paths"],"gold_per_floor":[112,112,126,141,152,182,182,182,182,216,228,263,263,283,283,359,359,373,385,72,92,107,138,150,150,150,175,175,204,224,241,241,318,318,329,342,342,352,371,371,397,397,397,229,242,242,271,288,288,288,288,288],"floor_reached":51,"language":"ENG","playtime":2238,"items_purged":["Strike_R"],"score":1611,"play_id":"904595dd-e339-4851-8cfc-65a52c69518b","local_time":"20210220000704","is_ascension_mode":true,"campfire_choices":[{"data":"Armaments","floor":8.0,"key":"SMITH"},{"data":"Uppercut","floor":15.0,"key":"SMITH"},{"data":"Double Tap","floor":25.0,"key":"SMITH"},{"data":"Heavy Blade","floor":32.0,"key":"SMITH"},{"data":"Juggernaut","floor":40.0,"key":"SMITH"},{"data":"Heavy Blade","floor":42,"key":"SMITH"},{"floor":49,"key":"RECALL"}],"circlet_count":0,"master_deck":["AscendersBane","Defend_R","Defend_R","Defend_R","Defend_R","Bash","Whirlwind+1","Second Wind","Impervious","Armaments+1","Combust","Uppercut+1","Uppercut","Juggernaut+1","Sever Soul+1","Entrench","Battle Trance+1","Heavy Blade+1","Double Tap+1","Carnage+1","Bite","Bite","Bite+1","Bite","Bite","Heavy Blade+1","Demon Form+1","Exhume","Uppercut+1","Dark Embrace+1","Corruption+1","Doubt"],"relics":["Snecko Eye","Tiny Chest","Potion Belt","Meat on the Bone","Bag of Marbles","Coffee Dripper","Toy Ornithopter","Red Skull","Frozen Egg 2","Bronze Scales","Ancient Tea Set","SacredBark","Kunai","Art of War","Vajra","Whetstone"],"acts_visited":["Exordium","TheCity","TheBeyond"],"potions_floor_usage":[50,50,50,51],"damage_taken":[{"damage":2.0,"enemies":"Jaw Worm","floor":1.0,"turns":2.0},{"damage":7.0,"enemies":"Small Slimes","floor":3.0,"turns":2.0},{"damage":0.0,"enemies":"2 Louse","floor":4.0,"turns":2.0},{"damage":0.0,"enemies":"2 Fungi Beasts","floor":5.0,"turns":1.0},{"damage":22.0,"enemies":"Lagavulin","floor":6.0,"turns":8.0},{"damage":0.0,"enemies":"Gremlin Nob","floor":10.0,"turns":3.0},{"damage":0.0,"enemies":"3 Louse","floor":11.0,"turns":2.0},{"damage":7.0,"enemies":"Lagavulin","floor":12.0,"turns":6.0},{"damage":8.0,"enemies":"Looter","floor":14.0,"turns":2.0},{"damage":35.0,"enemies":"Hexaghost","floor":16.0,"turns":10.0},{"damage":0.0,"enemies":"Spheric Guardian","floor":18.0,"turns":3.0},{"damage":4.0,"enemies":"Shell Parasite","floor":19.0,"turns":2.0},{"damage":4.0,"enemies":"Centurion and Healer","floor":21.0,"turns":3.0},{"damage":0.0,"enemies":"Snake Plant","floor":22.0,"turns":3.0},{"damage":17.0,"enemies":"Book of Stabbing","floor":23.0,"turns":4.0},{"damage":15.0,"enemies":"Shelled Parasite and Fungi","floor":24.0,"turns":3.0},{"damage":19.0,"enemies":"Slavers","floor":27.0,"turns":4.0},{"damage":28.0,"enemies":"Book of Stabbing","floor":29.0,"turns":4.0},{"damage":4.0,"enemies":"Centurion and Healer","floor":30.0,"turns":10.0},{"damage":7.0,"enemies":"Cultist and Chosen","floor":31.0,"turns":4.0},{"damage":38.0,"enemies":"Champ","floor":33.0,"turns":6.0},{"damage":7.0,"enemies":"Orb Walker","floor":35.0,"turns":2.0},{"damage":12.0,"enemies":"3 Shapes","floor":36.0,"turns":4.0},{"damage":14.0,"enemies":"Writhing Mass","floor":38.0,"turns":5.0},{"damage":15.0,"enemies":"Sphere and 2 Shapes","floor":39.0,"turns":7.0},{"damage":27,"enemies":"Reptomancer","floor":41,"turns":4},{"damage":22,"enemies":"Spire Growth","floor":45,"turns":3},{"damage":31,"enemies":"Nemesis","floor":47,"turns":5},{"damage":17,"enemies":"Jaw Worm Horde","floor":48,"turns":4},{"damage":51,"enemies":"Donu and Deca","floor":50,"turns":6},{"damage":48,"enemies":"Time Eater","floor":51,"turns":4}],"seed_played":"-2009200810941902576","potions_obtained":[{"floor":1.0,"key":"AttackPotion"},{"floor":3.0,"key":"Weak Potion"},{"floor":5.0,"key":"Energy Potion"},{"floor":10.0,"key":"GamblersBrew"},{"floor":12.0,"key":"BloodPotion"},{"floor":18.0,"key":"Regen Potion"},{"floor":19.0,"key":"GamblersBrew"},{"floor":21.0,"key":"Block Potion"},{"floor":22.0,"key":"EssenceOfSteel"},{"floor":33.0,"key":"Fire Potion"},{"floor":35.0,"key":"FearPotion"},{"floor":36.0,"key":"LiquidMemories"},{"floor":39.0,"key":"Swift Potion"},{"floor":41,"key":"FearPotion"}],"is_trial":false,"path_per_floor":["M","?","M","M","M","E","?","R","T","E","M","E","?","M","R","B",null,"M","M","$","M","M","E","M","R","T","E","?","E","M","M","R","B",null,"M","M","T","M","M","R","E","R","T","$","M","?","E","M","R","B","B"],"character_chosen":"IRONCLAD","items_purchased":["Toy Ornithopter","Entrench","Vajra"],"campfire_rested":0,"item_purchase_floors":[20,20,44],"current_hp_per_floor":[66,66,59,59,59,37,37,37,37,37,49,42,42,46,46,23,62,62,67,67,63,68,51,41,41,41,34,34,27,51,45,45,36,48,49,45,45,42,34,34,23,23,23,23,17,52,31,35,35,36,0,0],"gold":288,"neow_bonus":"BOSS_RELIC","is_daily":false,"chose_seed":false,"campfire_upgraded":6,"win_rate":0.0,"timestamp":1613801224,"path_taken":["M","?","M","M","M","E","?","R","T","E","M","E","?","M","R","BOSS","M","M","$","M","M","E","M","R","T","E","?","E","M","M","R","BOSS","M","M","?","M","M","R","E","R","T","$","M","?","E","M","R","BOSS","BOSS"],"items_purchased_type":["Relic","Card","Relic"],"build_version":"2020-12-22","purchased_purges":1,"victory":false,"max_hp_per_floor":[75,75,75,75,75,75,75,75,75,75,75,75,75,75,75,75,75,75,75,75,75,75,75,75,75,75,75,52,52,52,52,52,52,52,52,52,52,52,52,52,52,52,52,52,52,52,52,52,52,52,52,52],"relic_stats":{"counters":[31,128],"Bronze Scales":[138],"Snecko Eye":[229,189,228,230],"Tiny Chest":1,"Art of War":[0],"Kunai":[12],"Whetstone":["Bite","Carnage"],"obtain_stats":[{"Potion Belt":9,"SacredBark":34,"Vajra":44,"Whetstone":47,"Frozen Egg 2":26,"Ancient Tea Set":29,"Burning Blood":0,"Bronze Scales":27,"Snecko Eye":0,"Tiny Chest":6,"Bag of Marbles":12,"Coffee Dripper":17,"Art of War":41,"Kunai":37,"Toy Ornithopter":20,"Red Skull":23,"Meat on the Bone":10},{"Potion Belt":5,"SacredBark":21,"Vajra":26,"Whetstone":28,"Frozen Egg 2":16,"Ancient Tea Set":18,"Burning Blood":0,"Bronze Scales":17,"Snecko Eye":0,"Tiny Chest":5,"Bag of Marbles":8,"Coffee Dripper":10,"Art of War":26,"Kunai":23,"Toy Ornithopter":12,"Red Skull":15,"Meat on the Bone":6},{"Potion Belt":15,"SacredBark":84,"Vajra":106,"Whetstone":114,"Frozen Egg 2":56,"Ancient Tea Set":64,"Burning Blood":0,"Bronze Scales":60,"Snecko Eye":0,"Tiny Chest":15,"Bag of Marbles":26,"Coffee Dripper":38,"Art of War":106,"Kunai":90,"Toy Ornithopter":43,"Red Skull":53,"Meat on the Bone":18}],"Toy Ornithopter":50,"Meat on the Bone":120},"card_choices":[{"not_picked":["Intimidate","Thunderclap"],"picked":"Whirlwind","floor":1.0},{"not_picked":["Whirlwind","Searing Blow","Rage"],"picked":"SKIP","floor":3.0},{"not_picked":["Havoc","True Grit"],"picked":"Second Wind","floor":4.0},{"not_picked":["Flame Barrier","Fire Breathing"],"picked":"Impervious","floor":5.0},{"not_picked":["Clash","Berserk"],"picked":"Armaments","floor":6.0},{"not_picked":["Havoc","Armaments"],"picked":"Combust","floor":10.0},{"not_picked":["True Grit","Warcry"],"picked":"Uppercut","floor":11.0},{"not_picked":["Cleave","Sentinel"],"picked":"Uppercut","floor":12.0},{"not_picked":["Second Wind","Havoc","Thunderclap"],"picked":"SKIP","floor":14.0},{"not_picked":["Berserk","Impervious"],"picked":"Juggernaut","floor":16.0},{"not_picked":["Armaments","Sword Boomerang+1"],"picked":"Sever Soul+1","floor":18.0},{"not_picked":["Reckless Charge","Warcry","Pommel Strike"],"picked":"SKIP","floor":19.0},{"not_picked":["Perfected Strike","Power Through"],"picked":"Battle Trance+1","floor":21.0},{"not_picked":["Iron Wave","Perfected Strike"],"picked":"Heavy Blade","floor":22.0},{"not_picked":["Armaments+1","Searing Blow"],"picked":"Double Tap","floor":23.0},{"not_picked":["Reckless Charge","Iron Wave","True Grit"],"picked":"SKIP","floor":24.0},{"not_picked":["Body Slam","Flex"],"picked":"Carnage","floor":27.0},{"not_picked":["Sword Boomerang","Seeing Red"],"picked":"Heavy Blade","floor":29.0},{"not_picked":["Sword Boomerang","Wild Strike"],"picked":"Demon Form+1","floor":30.0},{"not_picked":["Battle Trance","Havoc","Searing Blow"],"picked":"SKIP","floor":31.0},{"not_picked":["Fiend Fire","Bludgeon"],"picked":"Exhume","floor":33.0},{"not_picked":["Hemokinesis","True Grit+1"],"picked":"Uppercut+1","floor":35.0},{"not_picked":["Twin Strike","Wild Strike","Battle Trance"],"picked":"SKIP","floor":36.0},{"not_picked":["Twin Strike+1","Sword Boomerang","Flex"],"picked":"SKIP","floor":38.0},{"not_picked":["Flex+1","Ghostly Armor","Perfected Strike"],"picked":"SKIP","floor":39.0},{"not_picked":["Flex+1","Sword Boomerang+1"],"picked":"Dark Embrace+1","floor":41},{"not_picked":["Second Wind","Havoc+1"],"picked":"Corruption+1","floor":45},{"not_picked":["Headbutt+1","Perfected Strike","Blood for Blood"],"picked":"SKIP","floor":47},{"not_picked":["Perfected Strike","True Grit","Anger"],"picked":"SKIP","floor":48}],"player_experience":1238183,"relics_obtained":[{"floor":6.0,"key":"Tiny Chest"},{"floor":9.0,"key":"Potion Belt"},{"floor":10.0,"key":"Meat on the Bone"},{"floor":12.0,"key":"Bag of Marbles"},{"floor":23.0,"key":"Red Skull"},{"floor":26.0,"key":"Frozen Egg 2"},{"floor":27.0,"key":"Bronze Scales"},{"floor":29.0,"key":"Ancient Tea Set"},{"floor":37.0,"key":"Kunai"},{"floor":41,"key":"Art of War"},{"floor":47,"key":"Whetstone"}],"event_choices":[{"damage_healed":0.0,"max_hp_gain":0.0,"max_hp_loss":0.0,"gold_gain":0.0,"event_name":"Living Wall","player_choice":"Grow","floor":2.0,"gold_loss":0.0,"damage_taken":0.0,"cards_upgraded":["Whirlwind"]},{"damage_healed":0.0,"max_hp_gain":0.0,"max_hp_loss":0.0,"gold_gain":0.0,"event_name":"Shining Light","player_choice":"Ignored","floor":7.0,"gold_loss":0.0,"damage_taken":0.0},{"damage_healed":0.0,"max_hp_gain":0.0,"max_hp_loss":0.0,"gold_gain":0.0,"event_name":"The Cleric","player_choice":"Leave","floor":13.0,"gold_loss":0.0,"damage_taken":0.0},{"damage_healed":0.0,"max_hp_gain":0.0,"max_hp_loss":23.0,"gold_gain":0.0,"event_name":"Vampires","player_choice":"Became a vampire","floor":28.0,"gold_loss":0.0,"damage_taken":0.0,"cards_obtained":["Bite","Bite","Bite","Bite","Bite"]},{"damage_healed":35,"gold_gain":0,"player_choice":"Heal","damage_taken":0,"max_hp_gain":0,"max_hp_loss":0,"event_name":"MindBloom","floor":46,"gold_loss":0,"cards_obtained":["Doubt"]}],"is_beta":false,"boss_relics":[{"not_picked":["Pandora\u0027s Box","Runic Pyramid"],"picked":"Coffee Dripper"},{"not_picked":["Sozu","Black Star"],"picked":"SacredBark"}],"items_purged_floors":[20],"is_endless":false,"potions_floor_spawned":[1,3,5,10,12,18,19,21,22,33,35,36,39,41],"killed_by":"Time Eater","ascension_level":20}}