{"host":"n43wxkei7kulhi8o","time":1613858688,"event":{"mods":["BaseMod","Bestiary","Block Reminder","Colored Map","Colored Powertips","Curses Come First","Custom Start","Dark Map","Highlight Path","Minty Spire (QoL Compilation)","Relic Stats","StSLib"],"gold_per_floor":[212,287,287,287,306,306,306,323,323,33,43,43,59,70,70,70,70],"floor_reached":16,"language":"ENG","playtime":350,"items_purged":[],"score":92,"play_id":"41658ba9-135e-4679-8199-3c3d05b02a83","local_time":"20210220170448","is_ascension_mode":false,"campfire_choices":[{"data":"Zap","floor":6,"key":"SMITH"},{"data":"Mind Blast","floor":12,"key":"SMITH"},{"data":"Capacitor","floor":15,"key":"SMITH"}],"circlet_count":0,"master_deck":["Strike_B","Strike_B","Strike_B","Defend_B","Defend_B","Defend_B","Defend_B","Zap+1","Dualcast+1","Sweeping Beam","Capacitor+1","Mind Blast+1","Conserve Battery","Ball Lightning"],"relics":["Cracked Core","Darkstone Periapt","Happy Flower"],"acts_visited":["Exordium"],"potions_floor_usage":[],"damage_taken":[{"damage":0,"enemies":"Small Slimes","floor":1,"turns":2},{"damage":0,"enemies":"2 Louse","floor":5,"turns":2},{"damage":0,"enemies":"Cultist","floor":8,"turns":3},{"damage":7,"enemies":"3 Louse","floor":11,"turns":3},{"damage":8,"enemies":"Red Slaver","floor":13,"turns":3},{"damage":2,"enemies":"Blue Slaver","floor":14,"turns":3},{"damage":51,"enemies":"The Guardian","floor":16,"turns":8}],"seed_played":"5068687615930079169","potions_obtained":[{"floor":1,"key":"Ancient Potion"}],"is_trial":false,"path_per_floor":["M","?","?","?","M","R","?","M","T","$","M","R","M","M","R","B"],"character_chosen":"DEFECT","items_purchased":["Happy Flower","FocusPotion","Mind Blast"],"campfire_rested":0,"item_purchase_floors":[10,10,10],"current_hp_per_floor":[75,64,64,64,64,64,64,64,64,64,57,57,49,47,47,0,0],"gold":70,"neow_bonus":"HUNDRED_GOLD","is_daily":false,"chose_seed":false,"campfire_upgraded":3,"win_rate":0.0,"timestamp":1613858688,"path_taken":["M","?","?","?","?","R","?","M","T","$","?","R","M","M","R","BOSS"],"items_purchased_type":["Relic","Potion","Card"],"build_version":"2020-12-22","purchased_purges":0,"victory":false,"max_hp_per_floor":[75,75,75,75,75,75,75,75,75,75,75,75,75,75,75,75,75],"relic_stats":{"Darkstone Periapt":0,"Happy Flower":[5],"counters":[7,24],"obtain_stats":[{"Darkstone Periapt":9,"Happy Flower":10,"Cracked Core":0},{"Darkstone Periapt":3,"Happy Flower":3,"Cracked Core":0},{"Darkstone Periapt":7,"Happy Flower":7,"Cracked Core":0}]},"card_choices":[{"not_picked":["White Noise","Barrage"],"picked":"Sweeping Beam","floor":1},{"not_picked":["Gash","Darkness"],"picked":"Capacitor","floor":5},{"not_picked":["Gash","Go for the Eyes","Stack"],"picked":"SKIP","floor":8},{"not_picked":["Gash","Go for the Eyes","Stack"],"picked":"SKIP","floor":8},{"not_picked":["Darkness","Scrape"],"picked":"Conserve Battery","floor":11},{"not_picked":["Sweeping Beam","Doom and Gloom","Steam"],"picked":"SKIP","floor":13},{"not_picked":["Cold Snap","Rebound"],"picked":"Ball Lightning","floor":14}],"player_experience":712888,"relics_obtained":[{"floor":9,"key":"Darkstone Periapt"}],"event_choices":[{"damage_healed":0,"gold_gain":75,"player_choice":"Gather Gold","damage_taken":11,"max_hp_gain":0,"max_hp_loss":0,"event_name":"World of Goop","floor":2,"gold_loss":0},{"damage_healed":0,"gold_gain":0,"player_choice":"Leave","damage_taken":0,"max_hp_gain":0,"max_hp_loss":0,"event_name":"The Cleric","floor":3,"gold_loss":0},{"cards_removed":["Strike_B"],"damage_healed":0,"gold_gain":0,"player_choice":"Offered Basic","damage_taken":0,"max_hp_gain":0,"max_hp_loss":0,"event_name":"Bonfire Elementals","floor":4,"gold_loss":0},{"damage_healed":0,"gold_gain":0,"player_choice":"Upgraded","damage_taken":0,"max_hp_gain":0,"max_hp_loss":0,"event_name":"Upgrade Shrine","floor":7,"gold_loss":0,"cards_upgraded":["Dualcast"]}],"is_beta":false,"boss_relics":[],"items_purged_floors":[],"is_endless":false,"potions_floor_spawned":[1],"killed_by":"The Guardian","ascension_level":0}}