{"host":"8m7is3yylgn0pnts","time":1613785608,"event":{"mods":["ATMod(阿瑾Mod)","Act Like it!","Arknights","BaseMod","Downfall","Gensokyo","Hallownest","KinomotoSakuraMod(木之本樱)","Koishi","Lobotomy","Minty Spire (QoL Compilation)","Remilia（蕾米莉亚）","StSLib","Waifu the Spire","WarShipGirlsR/战舰少女R mod","Yakumo Yukari mod"],"gold_per_floor":[99,111,32,32,32,32,32,62,62,52,72,301,321,350,367,463,463,263,279,295,295,395,411,436,436,43,43,69,98,98,98,112,209,209,109,128,142,142,162,174,199,199,224,264,264,302,437,437,478,503,503,553,70,70,145,170],"floor_reached":57,"language":"ZHS","playtime":5112,"items_purged":["rmod:strick"],"score":1312,"play_id":"a7828631-434f-4cdf-8ff0-78521e494a2c","local_time":"20210220094648","is_ascension_mode":false,"campfire_choices":[{"floor":1,"key":"RECALL"},{"data":"rmod:maingunfire","floor":9,"key":"SMITH"},{"data":"rmod:openingtorpedo","floor":18,"key":"SMITH"},{"floor":25,"key":"REST"},{"floor":27,"key":"REST"},{"floor":30,"key":"REST"},{"floor":35,"key":"REST"},{"floor":45,"key":"REST"},{"floor":54,"key":"REST"}],"circlet_count":0,"master_deck":["rmod:strick","rmod:strick","rmod:strick","rmod:defend","rmod:defend","rmod:defend","rmod:defend","rmod:basicallowance","rmod:maingunfire+1","rmod:intelligenceanalysis","rmod:aviationdawn","Clumsy","Pain","rmod:openingtorpedo+1","rmod:advancebysurprise","rmod:firesupport","rmod:chargemoney","rmod:expedition","rmod:robin+1","rmod:aluminumsupply+1","rmod:ammunitionsupply+1","rmod:circuitoustactics+1","rmod:overbreakdown+1","rmod:expedition+1","rmod:aluminumsupply+1","rmod:slowdown+1","rmod:maingunfire+1","rmod:unsinkable+1","rmod:royalracing+1","rmod:supportaircraftcarrier+1","rmod:supriseattacks+1","rmod:royalracing+1","rmod:circuitoustactics+1","rmod:supportescort+1","rmod:robin+1","rmod:secretscript","rmod:mineteam+1","rmod:diaomin+1","rmod:combined+1","rmod:firesupport+1","rmod:robin+1","rmod:maingunfire","rmod:fuelsupply+1","rmod:unsinkable+1","rmod:smokecover+1","rmod:lonelyqueen+1","expansioncontent:QuickStudy+1"],"relics":["rmod:firstchargereward","AT_ATBox","Gensokyo:NagashiBinaDoll","Gensokyo:LunaticRedEyes","Prayer Wheel","Toxic Egg 2","Oddly Smooth Stone","HornCleat","Philosopher\u0027s Stone","downfall:HeartBlessingRed","downfall:HeartBlessingBlue","WingedGreaves","AT_RedNoBalance","Tiny Chest","AT_PhaseBoots","DollysMirror","Happy Flower","Meat on the Bone","Fusion Hammer","downfall:HeartBlessingGreen","AT_MibuBalloonWealth","AT_RedTearstoneRing","AT_BladeRuinedKing"],"acts_visited":["Gensokyo:Gensokyo","TheCity","TheBeyond","TheEnding"],"potions_floor_usage":[12,16,16,22,33,33,39,50,50,52,56],"damage_taken":[{"damage":2,"enemies":"Gensokyo:Python","floor":2,"turns":3},{"damage":9,"enemies":"Gensokyo:Cirno","floor":8,"turns":8},{"damage":3,"enemies":"Gensokyo:Gryphon","floor":11,"turns":2},{"damage":26,"enemies":"Gensokyo:Aya","floor":12,"turns":6},{"damage":5,"enemies":"Gensokyo:3_Fairies","floor":13,"turns":4},{"damage":3,"enemies":"Gensokyo:Mamizou","floor":14,"turns":6},{"damage":0,"enemies":"Gensokyo:LivingMonolith","floor":15,"turns":2},{"damage":13,"enemies":"SI_SHIV_ARCHETYPE","floor":16,"turns":6},{"damage":0,"enemies":"Shell Parasite","floor":19,"turns":2},{"damage":0,"enemies":"Spheric Guardian","floor":20,"turns":2},{"damage":23,"enemies":"DF_ARCHETYPE_STREAMLINE","floor":22,"turns":6},{"damage":0,"enemies":"Centurion and Healer","floor":23,"turns":2},{"damage":4,"enemies":"downfall:FleeingMerchant","floor":26,"turns":4},{"damage":6,"enemies":"Slavers","floor":28,"turns":3},{"damage":0,"enemies":"Gremlin Leader","floor":29,"turns":2},{"damage":2,"enemies":"Snecko","floor":32,"turns":2},{"damage":52,"enemies":"WA_ARCHETYPE_CALM","floor":33,"turns":8},{"damage":7,"enemies":"Orb Walker","floor":36,"turns":3},{"damage":3,"enemies":"3 Shapes","floor":37,"turns":2},{"damage":44,"enemies":"Transient","floor":39,"turns":5},{"damage":4,"enemies":"4 Shapes","floor":40,"turns":2},{"damage":0,"enemies":"Maw","floor":44,"turns":4},{"damage":17,"enemies":"Transient","floor":46,"turns":5},{"damage":0,"enemies":"3 Darklings","floor":47,"turns":3},{"damage":3,"enemies":"Spire Growth","floor":49,"turns":3},{"damage":24,"enemies":"DF_ARCHETYPE_ORBS","floor":50,"turns":4},{"damage":21,"enemies":"downfall:CharBossMerchant","floor":52,"turns":5},{"damage":30,"enemies":"downfall:NeowBoss","floor":55,"turns":10},{"damage":66,"enemies":"downfall:NeowBossFinal","floor":56,"turns":6}],"seed_played":"-3974218531472175238","potions_obtained":[{"floor":8,"key":"DuplicationPotion"},{"floor":13,"key":"EssenceOfSteel"},{"floor":14,"key":"Fire Potion"},{"floor":20,"key":"Block Potion"},{"floor":29,"key":"champ:CounterPotion"},{"floor":32,"key":"AttackPotion"},{"floor":33,"key":"champ:CounterPotion"},{"floor":36,"key":"Weak Potion"},{"floor":39,"key":"LiquidMemories"},{"floor":46,"key":"AttackPotion"},{"floor":49,"key":"BlessingOfTheForge"}],"is_trial":false,"path_per_floor":["R","M","COS","?","?","?","T","E","R","?","M","E","M","E","M","B",null,"R","M","M","?","?","M","T","R","$","R","E","E","R","?","M","B",null,"R","M","M","?","M","M","T","?","T","M","R","M","M","?","M","B",null,"E","$","R","B","B",null],"character_chosen":"PRAEFECT","items_purchased":["AT_SpeedBoots","DollysMirror","rmod:smokecover+1","rmod:lonelyqueen+1","expansioncontent:QuickStudy","CultistPotion","FairyPotion"],"campfire_rested":6,"item_purchase_floors":[26,26,53,53,53,53,53],"current_hp_per_floor":[75,73,73,73,73,73,73,64,64,64,61,35,30,27,27,14,75,85,85,85,85,62,42,42,67,38,63,36,36,61,61,59,19,85,85,78,75,75,43,51,51,51,51,51,76,59,59,59,56,44,85,64,64,85,55,33],"gold":170,"neow_bonus":"THREE_CARDS","is_daily":false,"chose_seed":false,"campfire_upgraded":2,"win_rate":0.0,"timestamp":1613785608,"path_taken":["R","M","COS","?","?","?","T","E","R","?","?","E","M","E","M","BOSS","R","M","M","?","?","M","T","R","$","R","E","E","R","?","M","BOSS","R","M","M","?","M","M","T","?","?","M","R","M","?","?","M","BOSS","E","$","R","BOSS","BOSS"],"items_purchased_type":["Relic","Relic","Card","Card","Card","Potion","Potion"],"build_version":"2020-12-22","purchased_purges":1,"victory":true,"max_hp_per_floor":[75,75,75,75,75,75,75,75,75,75,75,75,75,75,75,75,75,85,85,85,85,85,85,85,85,85,85,85,85,85,85,85,85,85,85,85,85,85,85,85,85,85,85,85,85,85,85,85,85,85,85,85,85,85,85,85],"card_choices":[{"not_picked":["rmod:unsinkable","rmod:supportescort"],"picked":"rmod:intelligenceanalysis","floor":0},{"not_picked":["rmod:luckystar","rmod:bulid"],"picked":"rmod:aviationdawn","floor":2},{"not_picked":["rmod:launchingtorpedo","rmod:capitalist"],"picked":"rmod:openingtorpedo","floor":8},{"not_picked":["rmod:supportescort","rmod:fuelsupply"],"picked":"rmod:advancebysurprise","floor":11},{"not_picked":["rmod:capitalist","rmod:luckystar"],"picked":"rmod:firesupport","floor":11},{"not_picked":["rmod:sl+1","rmod:royalracing+1"],"picked":"rmod:chargemoney","floor":12},{"not_picked":["rmod:fletcherpendant","rmod:selfconfidence"],"picked":"rmod:expedition","floor":13},{"not_picked":["rmod:aluminumsupply+1","rmod:salvage"],"picked":"rmod:robin+1","floor":13},{"not_picked":["rmod:shuttlebombing+1","rmod:acesubmarine"],"picked":"rmod:aluminumsupply+1","floor":14},{"not_picked":["rmod:aviationdawn+1","rmod:expedition"],"picked":"rmod:ammunitionsupply+1","floor":15},{"not_picked":["rmod:generalist","rmod:victimresponsibility+1"],"picked":"rmod:circuitoustactics+1","floor":15},{"not_picked":["rmod:diamondstrike","rmod:bulid+1"],"picked":"rmod:overbreakdown+1","floor":19},{"not_picked":["rmod:tearstotiara","rmod:unsinkable+1","rmod:fletcherpendant"],"picked":"SKIP","floor":19},{"not_picked":["rmod:steelsupply+1","rmod:aluminumsupply+1"],"picked":"rmod:expedition+1","floor":20},{"not_picked":["rmod:steelsupply+1","rmod:capitalist+1","rmod:expedition"],"picked":"SKIP","floor":20},{"not_picked":["rmod:victimresponsibility+1","rmod:auspiciousomen+1"],"picked":"rmod:aluminumsupply+1","floor":22},{"not_picked":["rmod:lonelyqueen+1","rmod:salvage"],"picked":"rmod:slowdown+1","floor":23},{"not_picked":["rmod:tearstotiara+1","rmod:aluminumsupply+1","rmod:mineteam"],"picked":"SKIP","floor":23},{"not_picked":["rmod:fletcherpendant","rmod:seals","rmod:circuitoustactics+1"],"picked":"SKIP","floor":26},{"not_picked":["rmod:fuelsupply+1","rmod:gendarmerie+1"],"picked":"rmod:unsinkable+1","floor":28},{"not_picked":["rmod:overbreakdown+1","rmod:goodsister"],"picked":"rmod:royalracing+1","floor":29},{"not_picked":["rmod:aviationdawn+1","rmod:combined"],"picked":"rmod:supportaircraftcarrier+1","floor":32},{"not_picked":["rmod:overbreakdown+1","rmod:fuelsupply+1","rmod:rockthrower"],"picked":"SKIP","floor":32},{"not_picked":["rmod:seals","rmod:fletcher"],"picked":"rmod:supriseattacks+1","floor":33},{"not_picked":["rmod:aggressivemary+1","rmod:luckystar+1"],"picked":"rmod:royalracing+1","floor":36},{"not_picked":["rmod:combined","rmod:aviationdawn+1"],"picked":"rmod:circuitoustactics+1","floor":36},{"not_picked":["rmod:rockthrower","rmod:circuitoustactics+1"],"picked":"rmod:supportescort+1","floor":37},{"not_picked":["rmod:royalracing+1","rmod:unsinkable+1","rmod:supportaircraftcarrier+1"],"picked":"SKIP","floor":37},{"not_picked":["rmod:ammunitionsupply+1","rmod:unsinkable+1"],"picked":"rmod:robin+1","floor":39},{"not_picked":["rmod:goodfighter+1","rmod:aviationdawn+1","rmod:circuitoustactics+1"],"picked":"SKIP","floor":39},{"not_picked":["rmod:aluminumsupply+1","rmod:fletcherpendant"],"picked":"rmod:secretscript","floor":40},{"not_picked":["rmod:circuitoustactics+1","rmod:unsinkable+1"],"picked":"rmod:mineteam+1","floor":40},{"not_picked":["rmod:tearstotiara","rmod:fletcherpendant"],"picked":"rmod:diaomin+1","floor":44},{"not_picked":["rmod:firesupport","rmod:diaomin+1"],"picked":"rmod:combined+1","floor":44},{"not_picked":["rmod:chargemoney","rmod:goodsister"],"picked":"rmod:firesupport+1","floor":46},{"not_picked":["rmod:overbreakdown+1","rmod:fletcherpendant","rmod:supportescort+1"],"picked":"SKIP","floor":46},{"not_picked":["rmod:secretscript","rmod:royalracing+1"],"picked":"rmod:robin+1","floor":47},{"not_picked":["rmod:unsinkable+1","rmod:victimresponsibility+1","rmod:firesupport+1"],"picked":"SKIP","floor":47},{"not_picked":["rmod:mineteam+1","rmod:punchline+1"],"picked":"rmod:fuelsupply+1","floor":49},{"not_picked":["rmod:diamondstrike+1","rmod:overbreakdown+1","rmod:unsinkable+1"],"picked":"SKIP","floor":49},{"not_picked":["rmod:spoils+1","rmod:punchline+1"],"picked":"rmod:unsinkable+1","floor":52}],"player_experience":72978,"relics_obtained":[{"floor":8,"key":"Prayer Wheel"},{"floor":12,"key":"Oddly Smooth Stone"},{"floor":14,"key":"HornCleat"},{"floor":22,"key":"WingedGreaves"},{"floor":22,"key":"AT_SilverBalance"},{"floor":24,"key":"Tiny Chest"},{"floor":28,"key":"Happy Flower"},{"floor":29,"key":"Meat on the Bone"},{"floor":41,"key":"AT_MibuBalloonWealth"},{"floor":43,"key":"AT_RedTearstoneRing"},{"floor":52,"key":"AT_BladeRuinedKing"}],"event_choices":[{"damage_healed":0,"gold_gain":0,"player_choice":"Ignored","damage_taken":0,"max_hp_gain":0,"max_hp_loss":0,"event_name":"Ghosts","floor":21,"gold_loss":0}],"is_beta":false,"boss_relics":[{"not_picked":["Sozu","Astrolabe"],"picked":"Philosopher\u0027s Stone"},{"not_picked":["Calling Bell","Cursed Key"],"picked":"Fusion Hammer"}],"items_purged_floors":[26],"is_endless":false,"potions_floor_spawned":[8,13,14,15,20,29,32,33,36,39,46,47,49],"ascension_level":0}}