{"host":"x5w9zppki4gdwvc7","time":1613798217,"event":{"mods":["AchievementEnabler","BaseMod","Colored Powertips","DeckTracker","Minty Spire (QoL Compilation)","SuperFastMode"],"gold_per_floor":[18,18,28,28,28,28,61,61,61,91,110,121,121,140,140,237,237,255,274,44,134,150,150,179,278,278,292,322,333,333,30,30,129,129,145,162,179,179,198,225,237,265,265,265,265,284,301,325,325,325],"floor_reached":51,"language":"ENG","playtime":3818,"items_purged":["Strike_B"],"score":784,"play_id":"b7a84557-8a47-4c8e-9009-962846f0bdf2","local_time":"20210220061657","is_ascension_mode":false,"campfire_choices":[{"data":"Sweeping Beam","floor":6.0,"key":"SMITH"},{"data":"Reinforced Body","floor":8.0,"key":"SMITH"},{"data":"Streamline","floor":13.0,"key":"SMITH"},{"floor":15.0,"key":"REST"},{"floor":23.0,"key":"REST"},{"data":"Zap","floor":32.0,"key":"SMITH"},{"data":"Seek","floor":45,"key":"SMITH"},{"floor":49,"key":"REST"}],"circlet_count":0,"master_deck":["Strike_B","Strike_B","Defend_B","Defend_B","Defend_B","Defend_B","Zap+1","Dualcast","Auto Shields+1","Sweeping Beam+1","Reinforced Body+1","Gash","Skim","Streamline+1","Rebound","Seek+1","Steam","Rebound+1","Gash","Hologram","Scrape","Ghostly","Ghostly","Ghostly","Ghostly","Ghostly","Echo Form","Skim+1","Panacea+1","Capacitor+1","Heatsinks+1"],"relics":["Cracked Core","CaptainsWheel","Toy Ornithopter","Mummified Hand","Centennial Puzzle","Black Star","Omamori","FossilizedHelix","Regal Pillow","Sundial","DataDisk","Anchor","TungstenRod","Runic Pyramid","Toxic Egg 2","Oddly Smooth Stone","Bag of Marbles","Blue Candle","The Courier","PreservedInsect"],"acts_visited":["Exordium","TheCity","TheBeyond"],"potions_floor_usage":[40,40,42,42,47,50],"damage_taken":[{"damage":0.0,"enemies":"2 Louse","floor":1.0,"turns":1.0},{"damage":1.0,"enemies":"Jaw Worm","floor":3.0,"turns":4.0},{"damage":12.0,"enemies":"Gremlin Nob","floor":7.0,"turns":4.0},{"damage":26.0,"enemies":"3 Sentries","floor":10.0,"turns":6.0},{"damage":0.0,"enemies":"Cultist","floor":11.0,"turns":2.0},{"damage":5.0,"enemies":"Looter","floor":12.0,"turns":3.0},{"damage":0.0,"enemies":"Red Slaver","floor":14.0,"turns":3.0},{"damage":1.0,"enemies":"Slime Boss","floor":16.0,"turns":7.0},{"damage":32.0,"enemies":"Shell Parasite","floor":18.0,"turns":7.0},{"damage":4.0,"enemies":"3 Byrds","floor":19.0,"turns":6.0},{"damage":22.0,"enemies":"Snake Plant","floor":22.0,"turns":5.0},{"damage":11.0,"enemies":"Slavers","floor":24.0,"turns":8.0},{"damage":0.0,"enemies":"Centurion and Healer","floor":27.0,"turns":6.0},{"damage":0.0,"enemies":"Gremlin Leader","floor":28.0,"turns":10.0},{"damage":3.0,"enemies":"Cultist and Chosen","floor":29.0,"turns":5.0},{"damage":16.0,"enemies":"Collector","floor":33.0,"turns":11.0},{"damage":0.0,"enemies":"3 Darklings","floor":35.0,"turns":5.0},{"damage":0.0,"enemies":"Orb Walker","floor":36.0,"turns":4.0},{"damage":11.0,"enemies":"Spire Growth","floor":37.0,"turns":7.0},{"damage":0.0,"enemies":"Transient","floor":39.0,"turns":5.0},{"damage":30,"enemies":"Giant Head","floor":40,"turns":11},{"damage":0,"enemies":"Maw","floor":41,"turns":9},{"damage":0,"enemies":"Reptomancer","floor":42,"turns":8},{"damage":0,"enemies":"Spire Growth","floor":46,"turns":6},{"damage":12,"enemies":"Jaw Worm Horde","floor":47,"turns":5},{"damage":37,"enemies":"Time Eater","floor":50,"turns":15}],"seed_played":"-8797459072178887188","potions_obtained":[{"floor":3.0,"key":"ColorlessPotion"},{"floor":10.0,"key":"EssenceOfSteel"},{"floor":12.0,"key":"Strength Potion"},{"floor":19.0,"key":"EssenceOfSteel"},{"floor":29.0,"key":"Fruit Juice"},{"floor":33.0,"key":"GamblersBrew"},{"floor":36.0,"key":"Fire Potion"},{"floor":40,"key":"DistilledChaos"},{"floor":41,"key":"Dexterity Potion"},{"floor":46,"key":"Block Potion"}],"is_trial":false,"path_per_floor":["M","$","M","?","?","R","E","R","T","E","M","M","R","M","R","B",null,"M","M","$","?","M","R","E","?","T","M","E","M","?","$","R","B",null,"M","M","M","?","M","E","M","E","T","?","R","M","M","T","R","B",null],"character_chosen":"DEFECT","items_purchased":["Omamori","TungstenRod"],"campfire_rested":3,"item_purchase_floors":[20,31],"current_hp_per_floor":[75,75,74,74,74,74,62,62,62,36,36,31,31,31,53,57,75,43,39,39,27,5,27,26,26,26,26,26,23,23,23,23,17,42,42,42,31,31,31,11,11,21,21,21,21,21,14,14,41,5],"gold":325,"neow_bonus":"ONE_RARE_RELIC","is_daily":false,"chose_seed":false,"campfire_upgraded":5,"win_rate":0.0,"timestamp":1613798217,"path_taken":["M","$","M","?","?","R","E","R","T","E","M","M","R","M","R","BOSS","M","M","?","?","?","R","E","?","T","M","E","M","?","$","R","BOSS","M","M","M","?","M","E","M","E","T","?","R","M","M","?","R","BOSS"],"items_purchased_type":["Relic","Relic"],"build_version":"2020-12-22","purchased_purges":1,"victory":true,"max_hp_per_floor":[75,75,75,75,75,75,75,75,75,75,75,75,75,75,75,75,75,75,75,75,75,75,75,75,75,75,75,75,75,37,37,37,42,42,42,42,42,42,42,42,42,42,42,42,42,42,42,42,42,42],"card_choices":[{"not_picked":["Stack","Beam Cell","Ball Lightning"],"picked":"SKIP","floor":1.0},{"not_picked":["Steam","Conserve Battery"],"picked":"Auto Shields","floor":3.0},{"not_picked":["Barrage","Conserve Battery"],"picked":"Reinforced Body","floor":7.0},{"not_picked":["Reboot","Stack"],"picked":"Gash","floor":10.0},{"not_picked":["Streamline","Coolheaded"],"picked":"Skim","floor":11.0},{"not_picked":["Turbo","Beam Cell"],"picked":"Streamline","floor":12.0},{"not_picked":["Turbo","Sunder"],"picked":"Rebound","floor":14.0},{"not_picked":["Amplify","Creative AI"],"picked":"Seek","floor":16.0},{"not_picked":["Reinforced Body","Reprogram"],"picked":"Steam","floor":18.0},{"not_picked":["Redo","Coolheaded"],"picked":"Rebound+1","floor":19.0},{"not_picked":["White Noise","Conserve Battery","Doom and Gloom"],"picked":"SKIP","floor":22.0},{"not_picked":["Beam Cell+1","Sweeping Beam+1"],"picked":"Gash","floor":24.0},{"not_picked":["Lockon","Undo"],"picked":"Hologram","floor":27.0},{"not_picked":["Fission","Lockon","Defragment"],"picked":"SKIP","floor":28.0},{"not_picked":["Sunder+1","Ball Lightning"],"picked":"Scrape","floor":29.0},{"not_picked":["Thunder Strike","Meteor Strike"],"picked":"Echo Form","floor":33.0},{"not_picked":["Force Field+1","White Noise+1","Leap"],"picked":"SKIP","floor":35.0},{"not_picked":["Ball Lightning","Compile Driver+1"],"picked":"Skim+1","floor":36.0},{"not_picked":["Leap","Cold Snap","Compile Driver+1"],"picked":"SKIP","floor":37.0},{"not_picked":["Cold Snap","Coolheaded+1","Capacitor+1"],"picked":"SKIP","floor":39.0},{"not_picked":["Machine Learning","Consume+1","Rebound"],"picked":"SKIP","floor":40},{"not_picked":["Rebound","Steam+1","Hologram+1"],"picked":"SKIP","floor":41},{"not_picked":["Leap+1","Genetic Algorithm+1","White Noise+1"],"picked":"SKIP","floor":42},{"not_picked":["Secret Technique+1","Deep Breath+1"],"picked":"Panacea+1","floor":44},{"not_picked":["Turbo+1","Compile Driver"],"picked":"Capacitor+1","floor":46},{"not_picked":["Streamline","Gash+1"],"picked":"Heatsinks+1","floor":47}],"player_experience":698254,"relics_obtained":[{"floor":7.0,"key":"Toy Ornithopter"},{"floor":9.0,"key":"Mummified Hand"},{"floor":10.0,"key":"Centennial Puzzle"},{"floor":24.0,"key":"FossilizedHelix"},{"floor":24.0,"key":"Regal Pillow"},{"floor":26.0,"key":"Sundial"},{"floor":28.0,"key":"DataDisk"},{"floor":28.0,"key":"Anchor"},{"floor":40,"key":"Toxic Egg 2"},{"floor":40,"key":"Oddly Smooth Stone"},{"floor":42,"key":"Bag of Marbles"},{"floor":42,"key":"Blue Candle"},{"floor":43,"key":"The Courier"},{"floor":48,"key":"PreservedInsect"}],"event_choices":[{"damage_healed":0.0,"max_hp_gain":0.0,"max_hp_loss":0.0,"gold_gain":0.0,"event_name":"Living Wall","player_choice":"Grow","floor":4.0,"gold_loss":0.0,"damage_taken":0.0,"cards_upgraded":["Auto Shields"]},{"damage_healed":0.0,"max_hp_gain":0.0,"max_hp_loss":0.0,"gold_gain":0.0,"cards_transformed":["Strike_B"],"event_name":"Transmorgrifier","player_choice":"Transformed","floor":5.0,"gold_loss":0.0,"damage_taken":0.0,"cards_obtained":["Sweeping Beam"]},{"damage_healed":0.0,"max_hp_gain":0.0,"max_hp_loss":0.0,"gold_gain":90.0,"event_name":"Knowing Skull","player_choice":"GOLD ","floor":21.0,"potions_obtained":[],"gold_loss":0.0,"damage_taken":12.0,"cards_obtained":[]},{"damage_healed":0.0,"max_hp_gain":0.0,"max_hp_loss":0.0,"gold_gain":99.0,"event_name":"Nest","player_choice":"Stole From Cult","floor":25.0,"gold_loss":0.0,"damage_taken":0.0},{"damage_healed":0.0,"max_hp_gain":0.0,"max_hp_loss":38.0,"gold_gain":0.0,"event_name":"Ghosts","player_choice":"Became a Ghost","floor":30.0,"gold_loss":0.0,"damage_taken":0.0,"cards_obtained":["Ghostly","Ghostly","Ghostly","Ghostly","Ghostly"]},{"damage_healed":0.0,"max_hp_gain":0.0,"max_hp_loss":0.0,"gold_gain":0.0,"event_name":"Tomb of Lord Red Mask","player_choice":"Ignored","floor":38.0,"gold_loss":0.0,"damage_taken":0.0},{"damage_healed":0,"gold_gain":0,"player_choice":"Memory 1","damage_taken":0,"max_hp_gain":0,"max_hp_loss":0,"event_name":"SensoryStone","floor":44,"gold_loss":0}],"is_beta":false,"boss_relics":[{"not_picked":["Coffee Dripper","FrozenCore"],"picked":"Black Star"},{"not_picked":["Cursed Key","Astrolabe"],"picked":"Runic Pyramid"}],"items_purged_floors":[20],"is_endless":false,"potions_floor_spawned":[3,10,12,14,19,29,33,36,40,41,46],"ascension_level":0}}