{"host":"37dk0reb6x0du8wx","time":1613802866,"event":{"mods":["BaseMod","Colored Map","DeckTracker","Minty Spire (QoL Compilation)","Quick Restart","StSLib"],"gold_per_floor":[110,285,285,285,129,164,188,227,227,227,227,247,247,268,268,392,392,405,86,100,125,144,144,243,258,285,297,309,339,375,112,112,112,112],"floor_reached":33,"language":"KOR","playtime":944,"items_purged":["Doubt","Strike_G","Strike_G"],"score":307,"play_id":"ce008921-22e7-4d72-bd9c-94c0ed23ef7e","local_time":"20210220153426","is_ascension_mode":false,"campfire_choices":[{"floor":10,"key":"REST"},{"floor":15,"key":"REST"},{"floor":23,"key":"REST"},{"data":"Noxious Fumes","floor":27,"key":"SMITH"},{"data":"Catalyst","floor":32,"key":"SMITH"}],"circlet_count":0,"master_deck":["Strike_G","Strike_G","Defend_G","Defend_G+1","Defend_G+1","Defend_G","Defend_G","Survivor","Neutralize","Deadly Poison","Footwork","Catalyst+1","Poisoned Stab","Noxious Fumes+1","PiercingWail","Bane","CurseOfTheBell","Crippling Poison","Crippling Poison","Poisoned Stab"],"relics":["Ring of the Snake","NeowsBlessing","Golden Idol","Calipers","CaptainsWheel","Incense Burner","Calling Bell","Dream Catcher","Matryoshka","Unceasing Top","Snake Skull","Bag of Marbles","MawBank","Nunchaku","Mummified Hand","Bag of Preparation"],"acts_visited":["Exordium","TheCity"],"potions_floor_usage":[20,22],"damage_taken":[{"damage":0,"enemies":"Jaw Worm","floor":1,"turns":1},{"damage":0,"enemies":"Gremlin Nob","floor":6,"turns":1},{"damage":0,"enemies":"2 Louse","floor":7,"turns":1},{"damage":32,"enemies":"3 Sentries","floor":8,"turns":12},{"damage":0,"enemies":"Small Slimes","floor":12,"turns":4},{"damage":8,"enemies":"Exordium Wildlife","floor":14,"turns":6},{"damage":20,"enemies":"Hexaghost","floor":16,"turns":10},{"damage":9,"enemies":"Shell Parasite","floor":18,"turns":6},{"damage":15,"enemies":"2 Thieves","floor":20,"turns":4},{"damage":0,"enemies":"Snake Plant","floor":21,"turns":5},{"damage":3,"enemies":"Snecko","floor":22,"turns":5},{"damage":0,"enemies":"3 Cultists","floor":25,"turns":4},{"damage":0,"enemies":"Sentry and Sphere","floor":29,"turns":4},{"damage":6,"enemies":"Shelled Parasite and Fungi","floor":30,"turns":4},{"damage":53,"enemies":"Collector","floor":33,"turns":6}],"seed_played":"-4231937498472903202","potions_obtained":[{"floor":6,"key":"Strength Potion"},{"floor":12,"key":"GamblersBrew"},{"floor":14,"key":"LiquidMemories"},{"floor":20,"key":"BlessingOfTheForge"}],"is_trial":false,"path_per_floor":["M","?","?","?","$","E","M","E","T","R","?","M","?","M","R","B",null,"M","$","M","M","M","R","?","M","T","R","T","M","M","$","R","B"],"character_chosen":"THE_SILENT","items_purchased":["Footwork","Snake Skull","Crippling Poison","Bag of Preparation"],"campfire_rested":3,"item_purchase_floors":[5,19,19,31],"current_hp_per_floor":[70,70,65,52,52,52,52,20,20,39,32,32,32,24,43,23,65,56,56,41,41,38,57,57,57,57,57,57,57,51,51,51,0,0],"gold":112,"neow_bonus":"THREE_ENEMY_KILL","is_daily":false,"chose_seed":false,"campfire_upgraded":2,"win_rate":0.0,"timestamp":1613802866,"path_taken":["M","?","?","?","$","E","?","E","T","R","?","M","?","M","R","BOSS","M","$","M","?","M","R","?","M","T","R","?","?","M","$","R","BOSS"],"items_purchased_type":["Card","Relic","Card","Relic"],"build_version":"2020-12-22","purchased_purges":3,"victory":false,"max_hp_per_floor":[70,70,65,65,65,65,65,65,65,65,65,65,65,65,65,65,65,65,65,65,65,65,65,65,65,65,65,65,65,65,65,65,65,65],"card_choices":[{"not_picked":["Dagger Throw","Heel Hook"],"picked":"Deadly Poison","floor":1},{"not_picked":["Glass Knife","Bane"],"picked":"Catalyst","floor":6},{"not_picked":["PiercingWail","Eviscerate"],"picked":"Poisoned Stab","floor":7},{"not_picked":["Underhanded Strike","Tools of the Trade"],"picked":"Noxious Fumes","floor":8},{"not_picked":["Outmaneuver","Footwork"],"picked":"PiercingWail","floor":12},{"not_picked":["Calculated Gamble","Dagger Throw"],"picked":"Bane","floor":14},{"not_picked":["Dagger Spray","Quick Slash","Distraction"],"picked":"SKIP","floor":18},{"not_picked":["Slice","Skewer+1","Riddle With Holes"],"picked":"SKIP","floor":20},{"not_picked":["Footwork","Blade Dance","Cloak And Dagger"],"picked":"SKIP","floor":21},{"not_picked":["Eviscerate","Dagger Throw"],"picked":"Crippling Poison","floor":22},{"not_picked":["Underhanded Strike","Backstab+1"],"picked":"Poisoned Stab","floor":23},{"not_picked":["Sucker Punch+1","Poisoned Stab","Dagger Throw"],"picked":"SKIP","floor":25},{"not_picked":["Crippling Poison","Endless Agony","Phantasmal Killer"],"picked":"SKIP","floor":29},{"not_picked":["Leg Sweep","Slice","PiercingWail+1"],"picked":"SKIP","floor":30}],"player_experience":221744,"relics_obtained":[{"floor":6,"key":"Calipers"},{"floor":8,"key":"CaptainsWheel"},{"floor":9,"key":"Incense Burner"},{"floor":17,"key":"Dream Catcher"},{"floor":17,"key":"Matryoshka"},{"floor":17,"key":"Unceasing Top"},{"floor":26,"key":"Bag of Marbles"},{"floor":26,"key":"MawBank"},{"floor":28,"key":"Nunchaku"},{"floor":28,"key":"Mummified Hand"}],"event_choices":[{"damage_healed":0,"gold_gain":175,"player_choice":"AGREE","damage_taken":0,"max_hp_gain":0,"max_hp_loss":0,"event_name":"Liars Game","floor":2,"gold_loss":0,"cards_obtained":["Doubt"]},{"damage_healed":0,"gold_gain":0,"player_choice":"Lose Max HP","damage_taken":0,"relics_obtained":["Golden Idol"],"max_hp_gain":0,"max_hp_loss":5,"event_name":"Golden Idol","floor":3,"gold_loss":0},{"damage_healed":0,"gold_gain":0,"player_choice":"Entered Light","damage_taken":13,"max_hp_gain":0,"max_hp_loss":0,"event_name":"Shining Light","floor":4,"gold_loss":0,"cards_upgraded":["Defend_G","Defend_G"]},{"cards_removed":["Strike_G"],"damage_healed":0,"gold_gain":0,"player_choice":"Card Removal","damage_taken":7,"max_hp_gain":0,"max_hp_loss":0,"event_name":"Golden Wing","floor":11,"gold_loss":0},{"damage_healed":0,"gold_gain":0,"player_choice":"Ignored","damage_taken":0,"max_hp_gain":0,"max_hp_loss":0,"event_name":"NoteForYourself","floor":13,"gold_loss":0},{"damage_healed":0,"gold_gain":99,"player_choice":"Stole From Cult","damage_taken":0,"max_hp_gain":0,"max_hp_loss":0,"event_name":"Nest","floor":24,"gold_loss":0}],"is_beta":false,"boss_relics":[{"not_picked":["Coffee Dripper","Ectoplasm"],"picked":"Calling Bell"}],"items_purged_floors":[5,19,31],"is_endless":false,"potions_floor_spawned":[6,12,14,20],"killed_by":"Collector","ascension_level":0}}