{"host":"vl1k6yl86fnmnemm","time":1613831670,"event":{"mods":["BaseMod","Colored Map","Minty Spire (QoL Compilation)"],"gold_per_floor":[117,127,127,142,142,142,167,19,70,95,111,137,137,237,237,340,340,352,352,385,401,401,401,433,433,433,433,448,480,497,90,90,187,187,198,212,434,448,464,464,496,496,565,590,600,615,625,625,625,625],"floor_reached":51,"language":"ENG","playtime":2717,"items_purged":["Strike_G","Strike_G"],"score":830,"play_id":"96e67fc6-e2d0-43a5-8a20-32ff20319dc1","local_time":"20210220153430","is_ascension_mode":false,"campfire_choices":[{"floor":6,"key":"REST"},{"floor":13,"key":"REST"},{"floor":15,"key":"REST"},{"floor":23,"key":"REST"},{"data":"Catalyst","floor":25,"key":"SMITH"},{"floor":27,"key":"REST"},{"floor":32,"key":"REST"},{"floor":40,"key":"REST"},{"floor":42,"key":"REST"},{"floor":49,"key":"REST"}],"circlet_count":0,"master_deck":["Strike_G","Strike_G","Defend_G","Defend_G","Defend_G","Defend_G","Survivor+1","Neutralize","Blade Dance+1","Catalyst+1","Deadly Poison","Endless Agony","Backstab","Poisoned Stab","Poisoned Stab","Noxious Fumes","Deflect+1","Endless Agony+1","Prepared","Adrenaline","Acrobatics+1","Deflect+1","Catalyst+1","Deadly Poison+1","Bullet Time+1","Deflect+1","Poisoned Stab","Backflip+1","Backflip+1","Blade Dance+1","Footwork+1","Deflect+1","Blur+1","Masterful Stab"],"relics":["Ring of the Snake","NeowsBlessing","Strawberry","Smiling Mask","Odd Mushroom","Matryoshka","Sozu","MutagenicStrength","Red Mask","Nunchaku","Centennial Puzzle","Toxic Egg 2","Tiny Chest","Lantern","Vajra","HoveringKite","HornCleat","Ornamental Fan","Eternal Feather","Ancient Tea Set"],"acts_visited":["Exordium","TheCity","TheBeyond"],"potions_floor_usage":[12,12,12,33],"damage_taken":[{"damage":0,"enemies":"Jaw Worm","floor":1,"turns":1},{"damage":0,"enemies":"Small Slimes","floor":2,"turns":1},{"damage":0,"enemies":"Cultist","floor":4,"turns":1},{"damage":32,"enemies":"3 Sentries","floor":7,"turns":10},{"damage":12,"enemies":"The Mushroom Lair","floor":10,"turns":4},{"damage":7,"enemies":"Large Slime","floor":11,"turns":5},{"damage":18,"enemies":"Lagavulin","floor":12,"turns":3},{"damage":31,"enemies":"The Guardian","floor":16,"turns":8},{"damage":9,"enemies":"Spheric Guardian","floor":18,"turns":4},{"damage":21,"enemies":"Masked Bandits","floor":20,"turns":4},{"damage":1,"enemies":"Chosen","floor":21,"turns":3},{"damage":36,"enemies":"Book of Stabbing","floor":24,"turns":5},{"damage":1,"enemies":"Centurion and Healer","floor":28,"turns":4},{"damage":7,"enemies":"Slavers","floor":29,"turns":5},{"damage":7,"enemies":"Snake Plant","floor":30,"turns":4},{"damage":15,"enemies":"Collector","floor":33,"turns":5},{"damage":7,"enemies":"Orb Walker","floor":35,"turns":2},{"damage":8,"enemies":"3 Darklings","floor":36,"turns":3},{"damage":20,"enemies":"Spire Growth","floor":38,"turns":3},{"damage":9,"enemies":"Jaw Worm Horde","floor":39,"turns":3},{"damage":39,"enemies":"Reptomancer","floor":41,"turns":4},{"damage":0,"enemies":"Giant Head","floor":44,"turns":3},{"damage":3,"enemies":"Maw","floor":45,"turns":5},{"damage":1,"enemies":"Spire Growth","floor":46,"turns":3},{"damage":0,"enemies":"Transient","floor":47,"turns":5},{"damage":56,"enemies":"Awakened One","floor":50,"turns":16}],"seed_played":"7773389872470663203","potions_obtained":[{"floor":1,"key":"FearPotion"},{"floor":4,"key":"SkillPotion"},{"floor":10,"key":"Poison Potion"},{"floor":16,"key":"Fire Potion"}],"is_trial":false,"path_per_floor":["M","M","?","M","?","R","E","$","T","?","M","E","R","?","R","B",null,"M","?","?","M","?","R","E","R","T","R","M","E","M","$","R","B",null,"M","M","?","M","M","R","E","R","T","E","M","M","M","?","R","B",null],"character_chosen":"THE_SILENT","items_purchased":["Backstab","Deadly Poison+1","Lantern","Vajra"],"campfire_rested":9,"item_purchase_floors":[8,31,31,31],"current_hp_per_floor":[70,70,63,63,49,70,45,45,45,33,26,8,31,31,54,23,77,68,68,47,46,46,69,33,33,33,56,55,48,41,41,64,49,77,70,62,62,42,33,56,17,40,40,40,37,36,36,36,77,21],"gold":625,"neow_bonus":"THREE_ENEMY_KILL","is_daily":false,"chose_seed":false,"campfire_upgraded":1,"win_rate":0.0,"timestamp":1613831670,"path_taken":["M","M","?","M","?","R","E","$","T","?","M","E","R","?","R","BOSS","M","?","?","M","?","R","E","R","T","R","M","E","M","$","R","BOSS","M","M","?","M","M","R","E","R","T","E","M","M","M","?","R","BOSS"],"items_purchased_type":["Card","Card","Relic","Relic"],"build_version":"2020-12-22","purchased_purges":2,"victory":true,"max_hp_per_floor":[70,70,70,70,70,70,77,77,77,77,77,77,77,77,77,77,77,77,77,77,77,77,77,77,77,77,77,77,77,77,77,77,77,77,77,77,77,77,77,77,77,77,77,77,77,77,77,77,77,77],"card_choices":[{"not_picked":["Leg Sweep","Bane"],"picked":"Blade Dance","floor":1},{"not_picked":["Slice","Deadly Poison"],"picked":"Catalyst","floor":2},{"not_picked":["Dagger Throw","Flying Knee"],"picked":"Deadly Poison","floor":4},{"not_picked":["Riddle With Holes","Calculated Gamble"],"picked":"Endless Agony","floor":7},{"not_picked":["PiercingWail","Envenom"],"picked":"Poisoned Stab","floor":10},{"not_picked":["Well Laid Plans","All Out Attack"],"picked":"Poisoned Stab","floor":11},{"not_picked":["Choke","Deflect"],"picked":"Noxious Fumes","floor":12},{"not_picked":["Quick Slash","Riddle With Holes"],"picked":"Deflect+1","floor":18},{"not_picked":["Flying Knee+1","Acrobatics"],"picked":"Endless Agony+1","floor":20},{"not_picked":["Outmaneuver","Underhanded Strike"],"picked":"Prepared","floor":21},{"not_picked":["Prepared+1","Dodge and Roll"],"picked":"Adrenaline","floor":24},{"not_picked":["Underhanded Strike+1","Flying Knee+1"],"picked":"Acrobatics+1","floor":28},{"not_picked":["Leg Sweep+1","Adrenaline+1"],"picked":"Deflect+1","floor":29},{"not_picked":["Terror+1","PiercingWail+1"],"picked":"Catalyst+1","floor":30},{"not_picked":["Tools of the Trade","Venomology+1"],"picked":"Bullet Time+1","floor":33},{"not_picked":["Flying Knee","Skewer"],"picked":"Deflect+1","floor":35},{"not_picked":["Infinite Blades","PiercingWail+1"],"picked":"Poisoned Stab","floor":36},{"not_picked":["Dagger Spray","PiercingWail+1"],"picked":"Backflip+1","floor":38},{"not_picked":["Flying Knee","Skewer+1"],"picked":"Backflip+1","floor":39},{"not_picked":["Infinite Blades+1","Riddle With Holes"],"picked":"Blade Dance+1","floor":41},{"not_picked":["Bouncing Flask+1","Deadly Poison+1"],"picked":"Footwork+1","floor":44},{"not_picked":["Flying Knee+1","Backflip+1","Dagger Spray+1"],"picked":"SKIP","floor":45},{"not_picked":["Riddle With Holes+1","Night Terror+1"],"picked":"Deflect+1","floor":46},{"not_picked":["Underhanded Strike","Slice+1"],"picked":"Blur+1","floor":47}],"player_experience":33951,"relics_obtained":[{"floor":7,"key":"Strawberry"},{"floor":9,"key":"Smiling Mask"},{"floor":10,"key":"Odd Mushroom"},{"floor":12,"key":"Matryoshka"},{"floor":20,"key":"Red Mask"},{"floor":24,"key":"Nunchaku"},{"floor":26,"key":"Centennial Puzzle"},{"floor":26,"key":"Toxic Egg 2"},{"floor":29,"key":"Tiny Chest"},{"floor":41,"key":"HornCleat"},{"floor":43,"key":"Ornamental Fan"},{"floor":43,"key":"Eternal Feather"},{"floor":44,"key":"Ancient Tea Set"}],"event_choices":[{"cards_removed":["Defend_G"],"damage_healed":0,"gold_gain":0,"player_choice":"Card Removal","damage_taken":7,"max_hp_gain":0,"max_hp_loss":0,"event_name":"Golden Wing","floor":3,"gold_loss":0},{"damage_healed":0,"gold_gain":0,"player_choice":"Entered Light","damage_taken":14,"max_hp_gain":0,"max_hp_loss":0,"event_name":"Shining Light","floor":5,"gold_loss":0,"cards_upgraded":["Blade Dance","Survivor"]},{"damage_healed":0,"gold_gain":0,"player_choice":"Fought Mushrooms","damage_taken":0,"max_hp_gain":0,"max_hp_loss":0,"event_name":"Mushrooms","floor":10,"gold_loss":0},{"damage_healed":0,"gold_gain":100,"player_choice":"Pray","damage_taken":0,"max_hp_gain":0,"max_hp_loss":0,"event_name":"Golden Shrine","floor":14,"gold_loss":0},{"damage_healed":0,"gold_gain":0,"player_choice":"Inject Mutagens","damage_taken":0,"relics_obtained":["MutagenicStrength"],"max_hp_gain":0,"max_hp_loss":0,"event_name":"Drug Dealer","floor":19,"gold_loss":0},{"damage_healed":0,"gold_gain":0,"player_choice":"Fought Bandits","damage_taken":0,"max_hp_gain":0,"max_hp_loss":0,"event_name":"Masked Bandits","floor":20,"gold_loss":0},{"damage_healed":0,"gold_gain":0,"player_choice":"Ignored","damage_taken":0,"max_hp_gain":0,"max_hp_loss":0,"event_name":"Vampires","floor":22,"gold_loss":0},{"damage_healed":0,"gold_gain":222,"player_choice":"Wore Mask","damage_taken":0,"max_hp_gain":0,"max_hp_loss":0,"event_name":"Tomb of Lord Red Mask","floor":37,"gold_loss":0},{"damage_healed":0,"gold_gain":0,"cards_transformed":["Strike_G"],"player_choice":"Transformed","damage_taken":0,"max_hp_gain":0,"max_hp_loss":0,"event_name":"Transmorgrifier","floor":48,"gold_loss":0,"cards_obtained":["Masterful Stab"]}],"is_beta":false,"boss_relics":[{"not_picked":["Velvet Choker","Cursed Key"],"picked":"Sozu"},{"not_picked":["Coffee Dripper","Philosopher\u0027s Stone"],"picked":"HoveringKite"}],"items_purged_floors":[8,31],"is_endless":false,"potions_floor_spawned":[1,4,10,16,20,21,30,35,39,41,46],"ascension_level":0}}