{"host":"dvpvhz1t6etneyb3","time":1613789306,"event":{"mods":["AchievementEnabler","BaseMod","Colored Map","Highlight Path","Minty Spire (QoL Compilation)","Permanent Neow","Quick Restart"],"gold_per_floor":[119,132,132,147,147,147,178,190,202,244,556,568,592,659,671,754,766,797,709,709,197,214,214,244,244,244,244,244,244,274,37,37,111,111,130,130,140,187,187,187,222,222,277,295,320,337,371,384,384,384,384,384,384,32,57,57],"floor_reached":57,"language":"ENG","playtime":3791,"items_purged":["Strike_B","Strike_B","Strike_B","Defend_B"],"score":3039,"play_id":"c6c6edcc-4c62-4b09-9f93-3818feac5b80","local_time":"20210219214826","is_ascension_mode":true,"campfire_choices":[{"data":"Streamline","floor":6.0,"key":"SMITH"},{"floor":8.0,"key":"REST"},{"floor":11.0,"key":"DIG"},{"floor":15.0,"key":"REST"},{"floor":23.0,"key":"REST"},{"data":"Defragment","floor":25.0,"key":"SMITH"},{"data":"Defragment","floor":29.0,"key":"SMITH"},{"floor":32.0,"key":"REST"},{"floor":40.0,"key":"DIG"},{"floor":42.0,"key":"DIG"},{"floor":49.0,"key":"RECALL"},{"floor":53.0,"key":"DIG"}],"circlet_count":0,"master_deck":["AscendersBane","Defend_B","Defend_B","Streamline+1","Ball Lightning","Electrodynamics+1","Defragment+1","Capacitor","Echo Form","Defragment+1","Skim+1","Conserve Battery+1","Doom and Gloom","Recycle+1","Enlightenment+1","Loop","Capacitor+1","Ghostly+1","Ghostly+1","Ghostly+1","Static Discharge+1","Seek+1","Creative AI+1","Rainbow+1","Glacier+1","Consume+1","Double Energy+1","Coolheaded+1","Apotheosis+1","Force Field+1","Consume+1","Self Repair+1","Echo Form+1","Biased Cognition+1"],"relics":["Black Star","Lizard Tail","Emotion Chip","MawBank","Prayer Wheel","Shovel","Toxic Egg 2","Old Coin","Snecko Eye","Membership Card","Mummified Hand","Frozen Egg 2","Unceasing Top","Dead Branch","White Beast Statue","PreservedInsect","Blood Vial","Astrolabe","Regal Pillow","Eternal Feather","Singing Bowl","Vajra","Bronze Scales","Bird Faced Urn","HornCleat","Lantern","Ginger","Bottled Lightning","Mercury Hourglass","Symbiotic Virus","Pantograph","Toy Ornithopter"],"acts_visited":["Exordium","TheCity","TheBeyond","TheEnding"],"potions_floor_usage":[56],"damage_taken":[{"damage":8.0,"enemies":"Cultist","floor":1.0,"turns":5.0},{"damage":9.0,"enemies":"Jaw Worm","floor":2.0,"turns":4.0},{"damage":2.0,"enemies":"2 Louse","floor":4.0,"turns":4.0},{"damage":8.0,"enemies":"Gremlin Nob","floor":7.0,"turns":3.0},{"damage":15.0,"enemies":"3 Sentries","floor":10.0,"turns":3.0},{"damage":7.0,"enemies":"Exordium Wildlife","floor":13.0,"turns":2.0},{"damage":32.0,"enemies":"The Guardian","floor":16.0,"turns":11.0},{"damage":19.0,"enemies":"Shell Parasite","floor":18.0,"turns":3.0},{"damage":7.0,"enemies":"2 Thieves","floor":22.0,"turns":2.0},{"damage":3.0,"enemies":"Gremlin Leader","floor":24.0,"turns":4.0},{"damage":9.0,"enemies":"Book of Stabbing","floor":30.0,"turns":6.0},{"damage":24.0,"enemies":"Champ","floor":33.0,"turns":6.0},{"damage":7.0,"enemies":"3 Darklings","floor":35.0,"turns":3.0},{"damage":0.0,"enemies":"3 Shapes","floor":37.0,"turns":3.0},{"damage":0.0,"enemies":"Giant Head","floor":41.0,"turns":6.0},{"damage":0.0,"enemies":"Jaw Worm Horde","floor":44.0,"turns":2.0},{"damage":15.0,"enemies":"Reptomancer","floor":45.0,"turns":4.0},{"damage":2.0,"enemies":"Writhing Mass","floor":46.0,"turns":4.0},{"damage":1.0,"enemies":"Giant Head","floor":47.0,"turns":6.0},{"damage":0.0,"enemies":"3 Darklings","floor":48.0,"turns":4.0},{"damage":16.0,"enemies":"Awakened One","floor":50.0,"turns":9.0},{"damage":0.0,"enemies":"Time Eater","floor":51.0,"turns":10.0},{"damage":0,"enemies":"Shield and Spear","floor":55,"turns":5},{"damage":17,"enemies":"The Heart","floor":56,"turns":6}],"seed_played":"-4853169135037157571","potions_obtained":[{"floor":1.0,"key":"SteroidPotion"},{"floor":13.0,"key":"GamblersBrew"},{"floor":16.0,"key":"Fire Potion"},{"floor":33.0,"key":"FocusPotion"},{"floor":45.0,"key":"PowerPotion"}],"is_trial":false,"path_per_floor":["M","M","?","M","?","R","E","R","T","E","R","?","M","?","R","B",null,"M","$","?","$","M","R","E","R","T","?","?","R","E","$","R","B",null,"M","?","M","T","?","R","E","R","T","M","E","M","E","M","R","B","B",null,"R","$","E","B",null],"character_chosen":"DEFECT","items_purchased":["Conserve Battery+1","Membership Card","Mummified Hand","Recycle+1","Energy Potion","Enlightenment+1","Loop","Seek+1","Blood Vial","Mercury Hourglass","Symbiotic Virus"],"campfire_rested":4,"item_purchase_floors":[19,21,21,21,21,21,21,31,31,54,54],"current_hp_per_floor":[56,47,12,10,33,33,25,46,46,31,31,10,3,3,24,30,61,42,42,42,42,35,56,53,53,53,53,35,35,26,26,35,11,29,24,24,26,26,26,26,28,35,35,39,26,43,45,45,45,45,45,45,45,45,45,45],"gold":57,"neow_bonus":"BOSS_RELIC","is_daily":false,"chose_seed":false,"campfire_upgraded":3,"win_rate":0.0,"timestamp":1613789306,"path_taken":["M","M","?","M","?","R","E","R","T","E","R","?","?","?","R","BOSS","M","$","?","$","M","R","E","R","T","?","?","R","E","?","R","BOSS","M","?","M","?","?","R","E","R","T","M","E","M","E","M","R","BOSS","BOSS","R","$","E","BOSS"],"items_purchased_type":["Card","Relic","Relic","Card","Potion","Card","Card","Card","Relic","Relic","Relic"],"build_version":"2020-12-22","purchased_purges":4,"victory":true,"max_hp_per_floor":[71,71,71,71,71,71,71,71,71,71,71,71,71,71,71,71,71,71,71,71,71,71,71,71,71,71,71,35,35,35,35,35,35,35,35,35,35,35,35,35,35,35,35,39,41,43,45,45,45,45,45,45,45,45,45,45],"card_choices":[{"not_picked":["Consume","Stack"],"picked":"Streamline","floor":1.0},{"not_picked":["Redo","Hologram","Compile Driver"],"picked":"SKIP","floor":2.0},{"not_picked":["Darkness","Streamline"],"picked":"Ball Lightning","floor":4.0},{"not_picked":["Turbo","Force Field"],"picked":"Electrodynamics","floor":7.0},{"not_picked":["Heatsinks","Stack+1","Electrodynamics"],"picked":"SKIP","floor":10.0},{"not_picked":["Redo+1","Cold Snap"],"picked":"Defragment","floor":13.0},{"not_picked":["Double Energy+1","Turbo+1"],"picked":"Capacitor","floor":13.0},{"not_picked":["Reboot+1","All For One"],"picked":"Echo Form","floor":16.0},{"not_picked":["Streamline","Ball Lightning"],"picked":"Defragment","floor":18.0},{"not_picked":["Rebound","Turbo+1"],"picked":"Skim+1","floor":18.0},{"not_picked":["Streamline","Turbo+1","Lockon"],"picked":"SKIP","floor":22.0},{"not_picked":["Gash","Streamline","Heatsinks"],"picked":"SKIP","floor":22.0},{"not_picked":["Turbo+1","Thunder Strike"],"picked":"Capacitor+1","floor":24.0},{"not_picked":["Cold Snap","Electrodynamics+1"],"picked":"Static Discharge+1","floor":30.0},{"not_picked":["Rainbow+1","Thunder Strike"],"picked":"Creative AI+1","floor":33.0},{"not_picked":["Doom and Gloom","Leap+1"],"picked":"Double Energy+1","floor":35.0},{"not_picked":["Aggregate+1","Cold Snap+1","Rip and Tear+1"],"picked":"SKIP","floor":35.0},{"not_picked":["Barrage+1","Turbo+1"],"picked":"Coolheaded+1","floor":37.0},{"not_picked":["Sweeping Beam","Double Energy+1","Storm+1"],"picked":"SKIP","floor":37.0},{"not_picked":["Blind+1","Trip+1"],"picked":"Apotheosis+1","floor":39.0},{"not_picked":["Double Energy+1","Compile Driver+1"],"picked":"Force Field+1","floor":41.0},{"not_picked":["Cold Snap","Ball Lightning+1","Recycle+1"],"picked":"Singing Bowl","floor":44.0},{"not_picked":["Compile Driver","Gash","Steam+1"],"picked":"Singing Bowl","floor":44.0},{"not_picked":["Leap+1","Barrage","Sweeping Beam"],"picked":"Singing Bowl","floor":45.0},{"not_picked":["Gash","Turbo+1"],"picked":"Consume+1","floor":46.0},{"not_picked":["Gash","Skim+1","Barrage"],"picked":"Singing Bowl","floor":46.0},{"not_picked":["Genetic Algorithm+1","Turbo+1","Static Discharge+1"],"picked":"Singing Bowl","floor":47.0},{"not_picked":["Ball Lightning+1","Force Field+1"],"picked":"Self Repair+1","floor":48.0},{"not_picked":["Conserve Battery+1","Beam Cell+1"],"picked":"Echo Form+1","floor":48.0},{"not_picked":["Storm+1","Coolheaded+1"],"picked":"Biased Cognition+1","floor":55}],"player_experience":2203729,"relics_obtained":[{"floor":7.0,"key":"Emotion Chip"},{"floor":7.0,"key":"MawBank"},{"floor":9.0,"key":"Prayer Wheel"},{"floor":10.0,"key":"Shovel"},{"floor":10.0,"key":"Toxic Egg 2"},{"floor":11.0,"key":"Old Coin"},{"floor":24.0,"key":"Frozen Egg 2"},{"floor":24.0,"key":"Unceasing Top"},{"floor":26.0,"key":"Dead Branch"},{"floor":30.0,"key":"White Beast Statue"},{"floor":30.0,"key":"PreservedInsect"},{"floor":38.0,"key":"Regal Pillow"},{"floor":40.0,"key":"Eternal Feather"},{"floor":41.0,"key":"Singing Bowl"},{"floor":41.0,"key":"Vajra"},{"floor":42.0,"key":"Bronze Scales"},{"floor":45.0,"key":"Bird Faced Urn"},{"floor":45.0,"key":"HornCleat"},{"floor":47.0,"key":"Lantern"},{"floor":47.0,"key":"Ginger"},{"floor":53.0,"key":"Bottled Lightning"},{"floor":55,"key":"Pantograph"},{"floor":55,"key":"Toy Ornithopter"}],"event_choices":[{"damage_healed":0.0,"max_hp_gain":0.0,"max_hp_loss":0.0,"gold_gain":0.0,"event_name":"Scrap Ooze","player_choice":"Success","floor":3.0,"gold_loss":0.0,"damage_taken":35.0,"relics_obtained":["Lizard Tail"]},{"damage_healed":23.0,"max_hp_gain":0.0,"max_hp_loss":0.0,"gold_gain":0.0,"event_name":"Big Fish","player_choice":"Banana","floor":5.0,"gold_loss":0.0,"damage_taken":0.0},{"damage_healed":0.0,"max_hp_gain":0.0,"max_hp_loss":0.0,"gold_gain":0.0,"event_name":"Shining Light","player_choice":"Entered Light","floor":12.0,"gold_loss":0.0,"damage_taken":21.0,"cards_upgraded":["Electrodynamics","Zap"]},{"damage_healed":0.0,"max_hp_gain":0.0,"max_hp_loss":0.0,"gold_gain":55.0,"event_name":"Golden Wing","player_choice":"Gained Gold","floor":14.0,"gold_loss":0.0,"damage_taken":0.0},{"damage_healed":0.0,"max_hp_gain":0.0,"max_hp_loss":0.0,"gold_gain":0.0,"event_name":"The Library","player_choice":"Read","floor":20.0,"gold_loss":0.0,"damage_taken":0.0,"cards_obtained":["Doom and Gloom"]},{"damage_healed":0.0,"max_hp_gain":0.0,"max_hp_loss":0.0,"gold_gain":0.0,"event_name":"Vampires","player_choice":"Ignored","floor":27.0,"gold_loss":0.0,"damage_taken":0.0},{"damage_healed":0.0,"max_hp_gain":0.0,"max_hp_loss":36.0,"gold_gain":0.0,"event_name":"Ghosts","player_choice":"Became a Ghost","floor":28.0,"gold_loss":0.0,"damage_taken":0.0,"cards_obtained":["Ghostly","Ghostly","Ghostly"]},{"cards_removed":["Dualcast"],"damage_healed":0.0,"max_hp_gain":0.0,"max_hp_loss":0.0,"gold_gain":0.0,"event_name":"Falling","player_choice":"Removed Skill","floor":36.0,"gold_loss":0.0,"damage_taken":0.0},{"damage_healed":0.0,"max_hp_gain":0.0,"max_hp_loss":0.0,"gold_gain":0.0,"event_name":"SensoryStone","player_choice":"Memory 1","floor":39.0,"gold_loss":0.0,"damage_taken":0.0}],"is_beta":false,"boss_relics":[{"not_picked":["Velvet Choker","Coffee Dripper"],"picked":"Snecko Eye"},{"not_picked":["Inserter","Philosopher\u0027s Stone"],"picked":"Astrolabe"}],"items_purged_floors":[19,21,31,54],"is_endless":false,"potions_floor_spawned":[1,13,16,22,24,33,35,37,41,44,45,46,47,48,55],"ascension_level":20}}