{"host":"f76wcztdlwlduum6","time":1613858518,"event":{"mods":["BaseMod","BetterRewards","Colored Powertips","Minty Spire (QoL Compilation)","Quick Restart","Rare Cards Sparkle","Relic Stats","StSLib","SuperFastMode","everything is the same but u backflip on backflip"],"gold_per_floor":[112,37,62,82,182,217,60,60,86,98,128,163,163,192,204,294,306,332,344,281,313,65,65,65,65],"floor_reached":24,"language":"ENG","playtime":967,"items_purged":["Strike_B","Strike_B"],"score":424,"play_id":"b29bda0c-4664-4b08-a2c1-d92801e918a2","local_time":"20210220160158","is_ascension_mode":true,"campfire_choices":[{"data":"Sweeping Beam","floor":8,"key":"SMITH"},{"floor":13,"key":"REST"},{"data":"Static Discharge","floor":15,"key":"SMITH"}],"circlet_count":0,"master_deck":["AscendersBane","Strike_B","Defend_B","Defend_B","Defend_B","Defend_B","Zap","Dualcast","Cold Snap","Sweeping Beam+1","Capacitor","Self Repair","Static Discharge+1","Cold Snap","Hologram","Core Surge","Steam+1"],"relics":["Runic Pyramid","Bag of Marbles","Omamori","Lee\u0027s Waffle","Dream Catcher","Akabeko","MawBank","Cursed Key","DataDisk"],"acts_visited":["Exordium","TheCity"],"potions_floor_usage":[6,14,14,16,23,24],"damage_taken":[{"damage":3,"enemies":"Cultist","floor":1,"turns":5},{"damage":4,"enemies":"2 Louse","floor":4,"turns":3},{"damage":35,"enemies":"Lagavulin","floor":6,"turns":8},{"damage":2,"enemies":"Small Slimes","floor":10,"turns":3},{"damage":46,"enemies":"Gremlin Nob","floor":12,"turns":6},{"damage":18,"enemies":"Lagavulin","floor":14,"turns":9},{"damage":44,"enemies":"Hexaghost","floor":16,"turns":12},{"damage":30,"enemies":"Shell Parasite","floor":18,"turns":4},{"damage":12,"enemies":"Chosen","floor":21,"turns":5},{"damage":0,"enemies":"Shelled Parasite and Fungi","floor":23,"turns":1},{"damage":13,"enemies":"Book of Stabbing","floor":24,"turns":2}],"seed_played":"-8530075179148254359","potions_obtained":[{"floor":4,"key":"LiquidBronze"},{"floor":6,"key":"Ancient Potion"},{"floor":12,"key":"EntropicBrew"},{"floor":16,"key":"LiquidBronze"}],"is_trial":false,"path_per_floor":["M","$","T","M","?","E","$","R","T","M","?","E","R","E","R","B",null,"M","?","?","M","$","M","E"],"character_chosen":"DEFECT","items_purchased":["Lee\u0027s Waffle","DataDisk"],"campfire_rested":1,"item_purchase_floors":[7,22],"current_hp_per_floor":[61,61,61,57,57,22,78,78,78,76,76,37,60,49,49,12,62,39,17,17,12,12,12,0,0],"gold":65,"neow_bonus":"BOSS_RELIC","is_daily":false,"chose_seed":false,"campfire_upgraded":2,"win_rate":0.0,"timestamp":1613858518,"path_taken":["M","?","?","?","?","E","?","R","T","M","?","E","R","E","R","BOSS","M","?","?","M","$","M","E"],"items_purchased_type":["Relic","Relic"],"build_version":"2020-12-22","purchased_purges":2,"victory":false,"max_hp_per_floor":[71,71,71,71,71,71,78,78,78,78,78,78,78,78,78,78,78,78,83,83,83,83,83,83,83],"relic_stats":{"Lee\u0027s Waffle":56,"Dream Catcher":1,"counters":[11,58],"MawBank":96,"Cursed Key":0,"obtain_stats":[{"Lee\u0027s Waffle":7,"Dream Catcher":9,"DataDisk":22,"Bag of Marbles":3,"Omamori":6,"Cracked Core":0,"MawBank":14,"Cursed Key":17,"Akabeko":12,"Runic Pyramid":0},{"Lee\u0027s Waffle":3,"Dream Catcher":3,"DataDisk":9,"Bag of Marbles":1,"Omamori":3,"Cracked Core":0,"MawBank":6,"Cursed Key":7,"Akabeko":5,"Runic Pyramid":0},{"Lee\u0027s Waffle":16,"Dream Catcher":16,"DataDisk":55,"Bag of Marbles":5,"Omamori":16,"Cracked Core":0,"MawBank":34,"Cursed Key":46,"Akabeko":25,"Runic Pyramid":0}]},"card_choices":[{"not_picked":["Reprogram","Steam"],"picked":"Cold Snap","floor":1},{"not_picked":["Hologram","Barrage"],"picked":"Sweeping Beam","floor":4},{"not_picked":["Heatsinks","FTL"],"picked":"Capacitor","floor":6},{"not_picked":["Gash","Compile Driver"],"picked":"Self Repair","floor":10},{"not_picked":["Melter","Cold Snap"],"picked":"Static Discharge","floor":12},{"not_picked":["Lockon","Doom and Gloom"],"picked":"Cold Snap","floor":13},{"not_picked":["Gash","Sweeping Beam"],"picked":"Hologram","floor":14},{"not_picked":["Meteor Strike","All For One"],"picked":"Core Surge","floor":16},{"not_picked":["Steam","Barrage+1","Ball Lightning"],"picked":"SKIP","floor":18},{"not_picked":["Sweeping Beam","Hologram"],"picked":"Steam+1","floor":21}],"player_experience":358363,"relics_obtained":[{"floor":3,"key":"Bag of Marbles"},{"floor":6,"key":"Omamori"},{"floor":9,"key":"Dream Catcher"},{"floor":12,"key":"Akabeko"},{"floor":14,"key":"MawBank"}],"event_choices":[{"damage_healed":0,"gold_gain":100,"player_choice":"Gold","damage_taken":0,"max_hp_gain":0,"max_hp_loss":0,"event_name":"Wheel of Change","floor":5,"gold_loss":0},{"damage_healed":0,"gold_gain":30,"player_choice":"Searched \u00271\u0027 times","damage_taken":0,"max_hp_gain":0,"max_hp_loss":0,"event_name":"Dead Adventurer","floor":11,"gold_loss":0},{"damage_healed":0,"gold_gain":0,"player_choice":"Shed Blood","damage_taken":27,"max_hp_gain":5,"max_hp_loss":0,"event_name":"Forgotten Altar","floor":19,"gold_loss":0},{"cards_removed":["Strike_B"],"damage_healed":0,"gold_gain":0,"player_choice":"Gave Gold","damage_taken":0,"max_hp_gain":0,"max_hp_loss":0,"event_name":"Beggar","floor":20,"gold_loss":75}],"is_beta":false,"boss_relics":[{"not_picked":["Runic Dome","Fusion Hammer"],"picked":"Cursed Key"}],"items_purged_floors":[2,22],"is_endless":false,"potions_floor_spawned":[4,6,12,16,21],"killed_by":"Book of Stabbing","ascension_level":20}}