{"host":"ur8591ivwt16uwtw","time":1613832146,"event":{"mods":["BaseMod","Hubris","Minty Spire (QoL Compilation)","Rare Cards Sparkle","Replay The Spire","StSLib","The Bug Knight","The Cursed","The Disciple","The Hierophant","The Runesmith"],"gold_per_floor":[119,133,133,144,161,161,186,198,234,265,277,289,301,313,25,37,49,158,170,197,227,239,266,278,318,405,417,508,539,551,58,92,103,103,103,103],"floor_reached":35,"language":"ENG","playtime":2000,"items_purged":["HollowMod:NailStrikeStart"],"score":295,"play_id":"ea827d51-bc82-4153-9cf5-04a60655af4d","local_time":"20210220154226","is_ascension_mode":false,"campfire_choices":[{"data":"HollowMod:FastStrike","floor":6,"key":"SMITH"},{"data":"HollowMod:QuirrelsAssistance","floor":8,"key":"SMITH"},{"data":"HollowMod:CycloneSlash","floor":11,"key":"SMITH"},{"data":"HollowMod:InfectedCysts","floor":14,"key":"SMITH"},{"data":"HollowMod:NewLastStag","floor":17,"key":"SMITH"},{"floor":27,"key":"REST"},{"data":"HollowMod:ZotesMagnificence","floor":30,"key":"SMITH"},{"floor":34,"key":"REST"}],"circlet_count":0,"master_deck":["HollowMod:NailStrikeStart","HollowMod:NailStrikeStart","HollowMod:NailStrikeStart","HollowMod:QuickDashStart","HollowMod:QuickDashStart","HollowMod:QuickDashStart","HollowMod:QuickDashStart","HollowMod:FocusHealStart+1","HollowMod:PogoStrike","HollowMod:InfectedCysts+1","HollowMod:CrystalDash","HollowMod:NewLittleFool","HollowMod:FastStrike+1","HollowMod:QuirrelsAssistance+1","HollowMod:CycloneSlash+1","HollowMod:NewLastStag+1","HollowMod:ZotesMagnificence+1","HollowMod:FastStrike+1","HollowMod:InfectedCysts+1","HollowMod:ZotesMagnificence+1","HollowMod:FastStrike+1","ReplayTheSpireMod:Brewmster+1"],"relics":["HollowMod:VesselMask","Gremlin Food","MawBank","Centennial Puzzle","Philosopher\u0027s Stone","HollowMod:KingsBrand","HollowMod:StagPassRelic","Dream Catcher"],"acts_visited":["Exordium","TheCity"],"potions_floor_usage":[20,20,29,32,32,35,35,35,35],"damage_taken":[{"damage":0,"enemies":"Small Slimes","floor":1,"turns":2},{"damage":12,"enemies":"Jaw Worm","floor":2,"turns":3},{"damage":12,"enemies":"Cultist","floor":4,"turns":3},{"damage":4,"enemies":"2 Fungi Beasts","floor":5,"turns":3},{"damage":12,"enemies":"Replay:BlueRogue","floor":7,"turns":6},{"damage":13,"enemies":"Exordium Thugs","floor":10,"turns":4},{"damage":18,"enemies":"The Guardian","floor":18,"turns":14},{"damage":4,"enemies":"3 Byrds","floor":20,"turns":2},{"damage":4,"enemies":"HollowMod:HuskSentry","floor":21,"turns":5},{"damage":14,"enemies":"Snake Plant","floor":23,"turns":4},{"damage":43,"enemies":"HollowMod:Nosk","floor":25,"turns":6},{"damage":3,"enemies":"Snecko","floor":29,"turns":3},{"damage":32,"enemies":"Slavers","floor":32,"turns":8},{"damage":15,"enemies":"Shelled Parasite and Fungi","floor":33,"turns":3},{"damage":48,"enemies":"Collector","floor":35,"turns":5}],"seed_played":"3636019454060933581","potions_obtained":[{"floor":1,"key":"SpeedPotion"},{"floor":4,"key":"Fire Potion"},{"floor":7,"key":"AttackPotion"},{"floor":20,"key":"Swift Potion"},{"floor":21,"key":"SteroidPotion"}],"is_trial":false,"path_per_floor":["M","M","?","M","M","R","E","R","T","M","R","PTL","PTL","R","?","?","R","B",null,"M","M","$","M","?","E","?","R","T","M","R","$","E","M","R","B"],"character_chosen":"THE_BUGKNIGHT","items_purchased":["HollowMod:ZotesMagnificence","HollowMod:FastStrike","ReplayTheSpireMod:Brewmster"],"campfire_rested":2,"item_purchase_floors":[31,31,31],"current_hp_per_floor":[82,80,77,71,73,73,71,71,71,58,58,58,58,58,58,63,63,57,87,83,79,79,65,65,22,14,40,40,43,43,43,23,8,34,0,0],"gold":103,"neow_bonus":"TEN_PERCENT_HP_BONUS","is_daily":false,"chose_seed":false,"campfire_upgraded":6,"win_rate":0.0,"timestamp":1613832146,"path_taken":["M","M","?","M","M","R","E","R","T","M","R","PTL","PTL","R","?","?","R","BOSS","M","M","$","M","?","E","?","R","T","?","R","$","E","M","R","BOSS"],"items_purchased_type":["Card","Card","Card"],"build_version":"2020-12-22","purchased_purges":1,"victory":false,"max_hp_per_floor":[82,82,82,82,82,82,82,82,82,82,82,82,82,82,82,87,87,87,87,87,87,87,87,87,87,87,87,87,87,87,87,87,87,87,87,87],"card_choices":[{"not_picked":["HollowMod:VengefulSpirit","HollowMod:GoodIntentions"],"picked":"HollowMod:InfectedCysts","floor":1},{"not_picked":["HollowMod:HowlingWraiths","HollowMod:GoodIntentions"],"picked":"HollowMod:CrystalDash","floor":2},{"not_picked":["HollowMod:SharpenedShadows","HollowMod:CoiledNail"],"picked":"HollowMod:NewLittleFool","floor":4},{"not_picked":["HollowMod:DashSlash","HollowMod:LifebloodCocoon"],"picked":"HollowMod:FastStrike","floor":5},{"not_picked":["HollowMod:InfectedCysts","HollowMod:GoodIntentions"],"picked":"HollowMod:QuirrelsAssistance","floor":7},{"not_picked":["HollowMod:QuirrelsAssistance","HollowMod:WraithStrike"],"picked":"HollowMod:CycloneSlash","floor":10},{"not_picked":["HollowMod:SoulMaster","HollowMod:ElderbugsWisdom"],"picked":"HollowMod:ZotesMagnificence","floor":18},{"not_picked":["HollowMod:SoulSplash","HollowMod:DescendingDark"],"picked":"HollowMod:FastStrike","floor":20},{"not_picked":["HollowMod:GoodIntentions","HollowMod:CornifersMapStart"],"picked":"HollowMod:InfectedCysts+1","floor":21},{"not_picked":["HollowMod:SharpenedShadows","HollowMod:HowlingWraiths","HollowMod:DescendingDark"],"picked":"SKIP","floor":23},{"not_picked":["HollowMod:GreatSlash+1","HollowMod:CrystalDash","HollowMod:CoiledNail"],"picked":"SKIP","floor":25},{"not_picked":["HollowMod:LifebloodCocoon","HollowMod:VengefulVoid","HollowMod:TaintedHusks"],"picked":"SKIP","floor":29},{"not_picked":["HollowMod:WraithStrike+1","HollowMod:FallenFury","HollowMod:QuirrelsAssistance"],"picked":"SKIP","floor":32},{"not_picked":["HollowMod:Weaversong","HollowMod:SharpenedShadows","HollowMod:DashSlash"],"picked":"SKIP","floor":33}],"player_experience":2342725,"relics_obtained":[{"floor":7,"key":"MawBank"},{"floor":9,"key":"Centennial Puzzle"},{"floor":25,"key":"HollowMod:KingsBrand"},{"floor":28,"key":"HollowMod:StagPassRelic"},{"floor":32,"key":"Dream Catcher"}],"event_choices":[{"damage_healed":0,"gold_gain":0,"player_choice":"Success","damage_taken":3,"relics_obtained":["Gremlin Food"],"max_hp_gain":0,"max_hp_loss":0,"event_name":"Scrap Ooze","floor":3,"gold_loss":0},{"damage_healed":0,"gold_gain":0,"player_choice":"Donut","damage_taken":0,"max_hp_gain":5,"max_hp_loss":0,"event_name":"Big Fish","floor":16,"gold_loss":0},{"damage_healed":0,"gold_gain":75,"player_choice":"Touch","damage_taken":8,"max_hp_gain":0,"max_hp_loss":0,"event_name":"FaceTrader","floor":26,"gold_loss":0}],"is_beta":false,"boss_relics":[{"not_picked":["Fusion Hammer","Pandora\u0027s Box"],"picked":"Philosopher\u0027s Stone"}],"items_purged_floors":[31],"is_endless":false,"potions_floor_spawned":[1,4,7,20,21,25,32],"killed_by":"Collector","ascension_level":0}}