{"host":"9pdg8buogrkk8pz5","time":1613854577,"event":{"mods":["AchievementEnabler","Bard","BaseMod","Downfall","Hermit","JesterMod","Mad Scientist","Minty Spire (QoL Compilation)","StSLib","The Cursed","The Disciple","The Necromancer","The Poker Player","The Runesmith","The Servant 0.9.4"],"gold_per_floor":[114,131,131,141,68,68,84,95,141,163,163,163,163,198,198,300,300,313,313,313,313,313,313,342,342,342,342,342],"floor_reached":27,"language":"ENG","playtime":2906,"items_purged":[],"score":352,"play_id":"74552d98-0226-4157-bbac-4bcd3511cc11","local_time":"20210220155617","is_ascension_mode":false,"campfire_choices":[{"data":"Runesmith:Firestorm","floor":6,"key":"SMITH"},{"floor":11,"key":"REST"},{"floor":15,"key":"REST"},{"floor":23,"key":"REST"},{"floor":25,"key":"REST"}],"circlet_count":0,"master_deck":["Runesmith:Strike_RS","Runesmith:Strike_RS","Runesmith:Strike_RS","Runesmith:Strike_RS","Runesmith:Defend_RS","Runesmith:Defend_RS","Runesmith:Defend_RS","Runesmith:Defend_RS","Runesmith:CraftFirestone+1","Runesmith:Fortify","Runesmith:HeatedChisel","Runesmith:HammerThrow","Runesmith:LithiumIon+1","Runesmith:Firestorm+1","Runesmith:HammerTime","Runesmith:HammerTime","Runesmith:Grindstone","TheCursedMod:Dregs","Runesmith:LightningRod","Runesmith:ArcReactor","Runesmith:ElementalConversion","Decay","TheCursedMod:Dregs","Runesmith:RuneHurl","downfall:Malfunctioning","Clumsy"],"relics":["Runesmith:BrokenRuby","Juzu Bracelet","Odd Mushroom","downfall:ExtraCursedKey","Mummified Hand","SlaversCollar","Strawberry","Lizard Tail","Art of War","Bottled Lightning"],"acts_visited":["Exordium","TheCity"],"potions_floor_usage":[14,16],"damage_taken":[{"damage":0,"enemies":"2 Louse","floor":1,"turns":3},{"damage":1,"enemies":"Cultist","floor":2,"turns":3},{"damage":0,"enemies":"Small Slimes","floor":4,"turns":3},{"damage":14,"enemies":"Blue Slaver","floor":7,"turns":4},{"damage":11,"enemies":"3 Louse","floor":8,"turns":4},{"damage":32,"enemies":"The Mushroom Lair","floor":10,"turns":5},{"damage":6,"enemies":"Lagavulin","floor":14,"turns":5},{"damage":25,"enemies":"The Guardian","floor":16,"turns":10},{"damage":19,"enemies":"3 Byrds","floor":18,"turns":5},{"damage":135,"enemies":"Gremlin Leader","floor":24,"turns":9},{"damage":41,"enemies":"Colosseum Slavers","floor":27,"turns":5}],"seed_played":"8684680014711616672","potions_obtained":[{"floor":7,"key":"Dexterity Potion"},{"floor":8,"key":"hexamod:SoulburnPotion"},{"floor":10,"key":"Explosive Potion"}],"is_trial":false,"path_per_floor":["M","M","?","M","$","R","M","M","T","?","R","?","?","E","R","B",null,"M","?","?","T","?","R","E","R","T","?"],"character_chosen":"RUNESMITH_CLASS","items_purchased":["Runesmith:Firestorm"],"campfire_rested":4,"item_purchase_floors":[5],"current_hp_per_floor":[77,76,76,76,76,76,62,51,51,19,42,47,47,41,65,40,82,63,70,70,70,53,81,4,32,32,0,0],"gold":342,"neow_bonus":"TEN_PERCENT_HP_BONUS","is_daily":false,"chose_seed":false,"campfire_upgraded":1,"win_rate":0.0,"timestamp":1613854577,"path_taken":["M","M","?","M","?","R","?","M","T","?","R","?","?","E","R","BOSS","M","?","?","?","?","R","E","R","T","?"],"items_purchased_type":["Card"],"build_version":"2020-12-22","purchased_purges":0,"victory":false,"max_hp_per_floor":[77,77,77,77,77,77,77,77,77,77,77,82,82,82,82,82,82,82,89,89,89,94,94,94,94,94,94,94],"card_choices":[{"not_picked":["Runesmith:CraftMagma","Runesmith:Superposition"],"picked":"Runesmith:HeatedChisel","floor":1},{"not_picked":["Runesmith:GoWithTheFlow","Runesmith:Overpower"],"picked":"Runesmith:HammerThrow","floor":2},{"not_picked":["Runesmith:Overpower","Runesmith:NanitesCloud"],"picked":"Runesmith:LithiumIon","floor":4},{"not_picked":["Runesmith:UnstableHammer","Runesmith:MakeshiftArmor"],"picked":"Runesmith:HammerTime","floor":7},{"not_picked":["Runesmith:Overpower","Runesmith:Retool"],"picked":"Runesmith:HammerTime","floor":8},{"not_picked":["Runesmith:Overpower","Runesmith:StaticCage"],"picked":"Runesmith:Grindstone","floor":10},{"not_picked":["Runesmith:NanitesCloud","Runesmith:CraftPrismatica"],"picked":"Runesmith:LightningRod","floor":14},{"not_picked":["Runesmith:CreatorForm","Runesmith:CraftIndustria"],"picked":"Runesmith:ArcReactor","floor":16},{"not_picked":["Runesmith:Electrocute","Runesmith:HammerTime"],"picked":"Runesmith:ElementalConversion","floor":18},{"not_picked":["Runesmith:EarthShield","Runesmith:CraftReservo"],"picked":"Runesmith:RuneHurl","floor":24}],"player_experience":73397,"relics_obtained":[{"floor":9,"key":"Juzu Bracelet"},{"floor":10,"key":"Odd Mushroom"},{"floor":14,"key":"Mummified Hand"},{"floor":21,"key":"Lizard Tail"},{"floor":24,"key":"Art of War"},{"floor":26,"key":"Bottled Lightning"}],"event_choices":[{"damage_healed":0,"gold_gain":0,"player_choice":"Upgraded","damage_taken":0,"max_hp_gain":0,"max_hp_loss":0,"event_name":"Upgrade Shrine","floor":3,"gold_loss":0,"cards_upgraded":["Runesmith:CraftFirestone"]},{"damage_healed":0,"gold_gain":0,"player_choice":"Fought Mushrooms","damage_taken":0,"max_hp_gain":0,"max_hp_loss":0,"event_name":"Mushrooms","floor":10,"gold_loss":0},{"damage_healed":0,"gold_gain":0,"player_choice":"Grow","damage_taken":0,"max_hp_gain":0,"max_hp_loss":0,"event_name":"Living Wall","floor":13,"gold_loss":0,"cards_upgraded":["Runesmith:LithiumIon"]},{"damage_healed":0,"gold_gain":0,"player_choice":"Gave Potion","damage_taken":0,"relics_obtained":["Strawberry"],"max_hp_gain":0,"max_hp_loss":0,"event_name":"WeMeetAgain","floor":19,"gold_loss":0},{"damage_healed":0,"gold_gain":0,"player_choice":"Ignored","damage_taken":0,"max_hp_gain":0,"max_hp_loss":0,"event_name":"NoteForYourself","floor":20,"gold_loss":0},{"damage_healed":0,"gold_gain":0,"player_choice":"Shed Blood","damage_taken":22,"max_hp_gain":5,"max_hp_loss":0,"event_name":"Forgotten Altar","floor":22,"gold_loss":0},{"damage_healed":0,"gold_gain":0,"player_choice":"Fight","damage_taken":0,"max_hp_gain":0,"max_hp_loss":0,"event_name":"Colosseum","floor":27,"gold_loss":0}],"is_beta":false,"boss_relics":[{"not_picked":["Fusion Hammer","jesterMod:MachoBrace"],"picked":"SlaversCollar"}],"items_purged_floors":[],"is_endless":false,"potions_floor_spawned":[7,8,10],"killed_by":"Colosseum Slavers","ascension_level":0}}