{"host":"qc1sjgtdjonvdsd8","time":1613801429,"event":{"mods":["BaseMod","Colored Map","Colored Powertips","Curses Come First","Minty Spire (QoL Compilation)","Replay The Spire","StSLib"],"gold_per_floor":[118,136,136,150,166,166,177,177,232,252,262,272,291,291,291,388,388,406,386,399,409,265,265,278,278,278,307,232,244,244,261,261,364,364,379,390,435,435,455,455,507,507,580,595,595,40,54,85,85,85,85,85,85,118,118],"floor_reached":56,"language":"ENG","playtime":4990,"items_purged":["Bloodletting","Corruption"],"score":1510,"play_id":"8ef4ed94-db11-427e-9e78-f978898c9dee","local_time":"20210219221029","is_ascension_mode":true,"campfire_choices":[{"data":"Barricade","floor":6,"key":"SMITH"},{"data":"Body Slam","floor":8,"key":"SMITH"},{"data":"True Grit","floor":23,"key":"SMITH"},{"data":"Fiend Fire","floor":25,"key":"SMITH"},{"data":"Burning Pact","floor":32,"key":"SMITH"},{"data":"Madness","floor":40,"key":"SMITH"},{"data":"Pot Of Greed","floor":42,"key":"SMITH"},{"floor":49,"key":"RECALL"},{"data":"Pot Of Greed","floor":52,"key":"SMITH"}],"circlet_count":0,"master_deck":["Barricade+1","Body Slam+1","Shrug It Off+1","Disarm","Fire Breathing","Bludgeon","Fiend Fire+1","Immolate","Wild Strike","True Grit+1","Seeing Red","Defy Death","Shrug It Off","Armaments","ReplayTheSpireMod:Stacked","Pommel Strike+1","Disarm","Burning Pact+1","Doubt","Voices","Overencumbered","Ghostly Armor+1","Fire Breathing","Madness","Madness+1","Pot Of Greed+1","Pot Of Greed+1","Pot Of Greed","Entrench+1","ReplayTheSpireMod:Splinters","Impervious"],"relics":["Burning Blood","War Paint","Replay:Grab Bag","ReplayTheSpireMod:Onyx Gauntlets","Cursed Key","Pandora\u0027s Box","Pantograph","Replay:Ancient Bell","Bag of Preparation","White Beast Statue","Du-Vu Doll","Calipers","Grinning Jar","CaptainsWheel","Champion Belt","Happy Flower"],"acts_visited":["Exordium","TheCity","TheBeyond","TheEnding"],"potions_floor_usage":[7,10,16,16,20,21,27,27,37,37,41,44,44,50,54,55,55],"damage_taken":[{"damage":1,"enemies":"Cultist","floor":1,"turns":4},{"damage":13,"enemies":"Jaw Worm","floor":2,"turns":5},{"damage":3,"enemies":"2 Louse","floor":4,"turns":3},{"damage":34,"enemies":"Exordium Thugs","floor":5,"turns":9},{"damage":12,"enemies":"Gremlin Gang","floor":7,"turns":3},{"damage":0,"enemies":"3 Louse","floor":10,"turns":2},{"damage":0,"enemies":"2 Fungi Beasts","floor":11,"turns":5},{"damage":7,"enemies":"Red Slaver","floor":12,"turns":6},{"damage":5,"enemies":"Blue Slaver","floor":13,"turns":5},{"damage":0,"enemies":"Slime Boss","floor":16,"turns":8},{"damage":13,"enemies":"Spheric Guardian","floor":18,"turns":4},{"damage":12,"enemies":"2 Thieves","floor":20,"turns":3},{"damage":11,"enemies":"Centurion and Healer","floor":21,"turns":5},{"damage":0,"enemies":"Snecko","floor":24,"turns":5},{"damage":30,"enemies":"Slavers","floor":27,"turns":4},{"damage":11,"enemies":"Sentry and Sphere","floor":29,"turns":4},{"damage":4,"enemies":"Centurion and Healer","floor":31,"turns":5},{"damage":6,"enemies":"Collector","floor":33,"turns":8},{"damage":4,"enemies":"3 Darklings","floor":35,"turns":3},{"damage":0,"enemies":"Orb Walker","floor":36,"turns":3},{"damage":15,"enemies":"2 Orb Walkers","floor":37,"turns":4},{"damage":0,"enemies":"4 Shapes","floor":39,"turns":5},{"damage":8,"enemies":"R_Hoarder","floor":41,"turns":5},{"damage":10,"enemies":"3 Darklings","floor":44,"turns":4},{"damage":0,"enemies":"Transient","floor":47,"turns":5},{"damage":0,"enemies":"Giant Head","floor":48,"turns":4},{"damage":0,"enemies":"Awakened One","floor":50,"turns":8},{"damage":29,"enemies":"Shield and Spear","floor":54,"turns":5},{"damage":56,"enemies":"The Heart","floor":55,"turns":8}],"seed_played":"6681381586926667911","potions_obtained":[{"floor":3,"key":"Toxic Potion"},{"floor":3,"key":"CultistPotion"},{"floor":3,"key":"Doom Potion"},{"floor":4,"key":"PowerPotion"},{"floor":5,"key":"PowerPotion"},{"floor":11,"key":"SteroidPotion"},{"floor":12,"key":"HeartOfIron"},{"floor":19,"key":"Toxic Potion"},{"floor":21,"key":"Flashbang"},{"floor":24,"key":"Regen Potion"},{"floor":27,"key":"Languid Potion"},{"floor":33,"key":"LiquidBronze"},{"floor":35,"key":"Weak Potion"},{"floor":37,"key":"ElixirPotion"},{"floor":39,"key":"Venom Potion"},{"floor":41,"key":"Reflective Coating"},{"floor":44,"key":"LiquidBronze"},{"floor":47,"key":"Block Potion"},{"floor":48,"key":"LiquidMemories"},{"floor":54,"key":"AttackPotion"}],"is_trial":false,"path_per_floor":["M","M","?","M","M","R","M","R","T","M","M","M","M","?","R_BF","B",null,"M","?","M","M","$","R","M","R","T","E","?","M","?","M","R","B",null,"M","M","?","?","M","R","E","R","T","M","?","$","M","E","R","B",null,"R","$","E","B",null],"character_chosen":"IRONCLAD","items_purchased":["ReplayTheSpireMod:Stacked","Impervious","CaptainsWheel"],"campfire_rested":0,"item_purchase_floors":[22,46,46],"current_hp_per_floor":[72,65,65,68,40,40,34,34,34,40,46,45,46,46,67,72,72,65,65,59,54,54,54,60,60,60,48,48,43,43,45,45,70,72,72,72,63,54,60,60,58,58,58,54,54,54,60,66,66,72,72,72,72,49,22],"gold":118,"neow_bonus":"THREE_RARE_CARDS","is_daily":false,"chose_seed":false,"campfire_upgraded":8,"win_rate":0.0,"timestamp":1613801429,"path_taken":["M","?","?","M","M","R","?","R","T","M","M","M","M","?","R_BF","BOSS","M","?","M","?","$","R","M","R","T","E","?","M","?","?","R","BOSS","M","M","?","?","M","R","E","R","T","M","?","$","?","E","R","BOSS","R","$","E","BOSS"],"items_purchased_type":["Card","Card","Relic"],"build_version":"2020-12-22","purchased_purges":2,"victory":true,"max_hp_per_floor":[72,72,72,72,72,72,72,72,72,72,72,72,72,72,72,72,72,72,72,72,72,72,72,72,72,72,72,72,72,72,72,72,72,72,72,72,72,72,72,72,72,72,72,72,72,72,72,72,72,72,72,72,72,72,72],"card_choices":[{"not_picked":["Demon Form","Double Tap"],"picked":"Barricade","floor":0},{"not_picked":["Twin Strike","Searing Blow"],"picked":"Havoc","floor":1},{"not_picked":["ReplayTheSpireMod:Strike From Hell","Clash"],"picked":"Body Slam","floor":2},{"not_picked":["Life Link","Pommel Strike"],"picked":"Shrug It Off","floor":4},{"not_picked":["Run Through","Blood for Blood","Rupture"],"picked":"SKIP","floor":5},{"not_picked":["Combust","Wild Strike"],"picked":"Disarm","floor":7},{"not_picked":["Infernal Blade","Spot Weakness","Body Slam"],"picked":"SKIP","floor":10},{"not_picked":["Pommel Strike","Clothesline"],"picked":"Fire Breathing","floor":11},{"not_picked":["Sever Soul","Cleave","Flex"],"picked":"SKIP","floor":12},{"not_picked":["Thunderclap","Heavy Blade","Immolate"],"picked":"SKIP","floor":13},{"not_picked":["Intimidate","Rage"],"picked":"Shrug It Off","floor":18},{"not_picked":["Twin Strike","Dual Wield","Body Slam"],"picked":"SKIP","floor":20},{"not_picked":["Sever Soul","Clash+1"],"picked":"Armaments","floor":21},{"not_picked":["Replay:Undeath\u0027s Touch","Uppercut"],"picked":"Pommel Strike+1","floor":24},{"not_picked":["Immolate","Pommel Strike","Shrug It Off"],"picked":"SKIP","floor":27},{"not_picked":["Cleave","Armaments","Warcry"],"picked":"SKIP","floor":29},{"not_picked":["Run Through","Havoc"],"picked":"Burning Pact","floor":31},{"not_picked":["Berserk","Limit Break"],"picked":"Corruption","floor":33},{"not_picked":["Spreading Infection","AbeCurse"],"picked":"Doubt","floor":34},{"not_picked":["AbeCurse","ReplayTheSpireMod:Faulty Equipment"],"picked":"Voices","floor":34},{"not_picked":["Looming Evil","ReplayTheSpireMod:Faulty Equipment"],"picked":"Overencumbered","floor":34},{"not_picked":["Anger","Disarm+1"],"picked":"Ghostly Armor+1","floor":35},{"not_picked":["Replay:Undeath\u0027s Touch","Heavy Blade","Sword Boomerang"],"picked":"SKIP","floor":36},{"not_picked":["ReplayTheSpireMod:Limb From Limb","Rupture"],"picked":"Fire Breathing","floor":37},{"not_picked":["Reckless Charge+1","Replay:Undeath\u0027s Touch","Headbutt"],"picked":"SKIP","floor":39},{"not_picked":["Havoc","Armaments"],"picked":"Entrench+1","floor":41},{"not_picked":["Iron Wave","Warcry","ReplayTheSpireMod:LeadingStrike+1"],"picked":"SKIP","floor":44},{"not_picked":["Combust+1","Iron Wave+1","Exhume"],"picked":"SKIP","floor":47},{"not_picked":["Infernal Blade","Body Slam+1","Warcry"],"picked":"SKIP","floor":48},{"not_picked":["Replay:Undeath\u0027s Touch","Pommel Strike","Iron Wave+1"],"picked":"SKIP","floor":54}],"player_experience":315445,"relics_obtained":[{"floor":9,"key":"War Paint"},{"floor":27,"key":"Pantograph"},{"floor":37,"key":"Calipers"},{"floor":41,"key":"Grinning Jar"},{"floor":48,"key":"Champion Belt"},{"floor":54,"key":"Happy Flower"}],"event_choices":[{"damage_healed":0,"gold_gain":0,"player_choice":"Got Potions","damage_taken":0,"max_hp_gain":0,"max_hp_loss":0,"event_name":"Lab","floor":3,"gold_loss":0},{"cards_removed":["Strike_R"],"damage_healed":0,"gold_gain":0,"player_choice":"Purged","damage_taken":0,"max_hp_gain":0,"max_hp_loss":0,"event_name":"Purifier","floor":14,"gold_loss":0},{"damage_healed":0,"gold_gain":0,"player_choice":"Bought 1 Potion","damage_taken":0,"max_hp_gain":0,"max_hp_loss":0,"event_name":"The Woman in Blue","floor":19,"gold_loss":0},{"cards_removed":["Havoc"],"damage_healed":0,"gold_gain":0,"player_choice":"Gave Gold","damage_taken":0,"max_hp_gain":0,"max_hp_loss":0,"event_name":"Beggar","floor":28,"gold_loss":75},{"damage_healed":0,"gold_gain":0,"cards_transformed":["Bash"],"player_choice":"Transformed","damage_taken":0,"max_hp_gain":0,"max_hp_loss":0,"event_name":"Transmorgrifier","floor":30,"gold_loss":0,"cards_obtained":["Disarm"]},{"damage_healed":0,"gold_gain":0,"player_choice":"Fight","damage_taken":0,"max_hp_gain":0,"max_hp_loss":0,"event_name":"Mysterious Sphere","floor":37,"gold_loss":0},{"damage_healed":0,"gold_gain":0,"player_choice":"Embrace Madness","damage_taken":9,"max_hp_gain":0,"max_hp_loss":0,"event_name":"Winding Halls","floor":38,"gold_loss":0,"cards_obtained":["Madness","Madness"]},{"damage_healed":0,"gold_gain":0,"player_choice":"Ignored","damage_taken":0,"max_hp_gain":0,"max_hp_loss":0,"event_name":"Tomb of Lord Red Mask","floor":45,"gold_loss":0}],"is_beta":false,"boss_relics":[{"not_picked":["Painkiller Herb","SacredBark"],"picked":"Replay:Grab Bag"},{"not_picked":["Coffee Dripper","Electric Blood"],"picked":"ReplayTheSpireMod:Onyx Gauntlets"},{"not_picked":["Velvet Choker","Ectoplasm"],"picked":"Cursed Key"},{"not_picked":["Astrolabe","Black Blood"],"picked":"Pandora\u0027s Box"},{"not_picked":["Runic Cube","Tiny House"],"picked":"Replay:Ancient Bell"},{"not_picked":["Regal Pillow","Gremlin Food"],"picked":"Bag of Preparation"},{"not_picked":["Shuriken","Divine Protection"],"picked":"White Beast Statue"},{"not_picked":["Durian","Mango"],"picked":"Du-Vu Doll"}],"items_purged_floors":[22,46],"is_endless":false,"potions_floor_spawned":[4,5,11,12,21,24,27,33,35,36,37,39,41,44,47,48,54],"ascension_level":4}}