{"host":"1n4zh8skucxnzijq","time":1613827856,"event":{"mods":["AchievementEnabler","BaseMod","Minty Spire (QoL Compilation)","Quick Restart"],"gold_per_floor":[114,39,39,39,58,89,89,119,119,133,156,182,196,121,121,198,198,210,135,135,35,51,83,83,115,191,204,238,288,321,596,596,671,671,682,682,701,413,413,438,450,484,507,560,560,572,597,608,608,608,608],"floor_reached":50,"language":"ENG","playtime":5841,"items_purged":["Strike_B","Defend_B","Regret"],"score":1363,"play_id":"b7347123-4182-4091-9e0f-ad83f3f47362","local_time":"20210220133056","is_ascension_mode":true,"campfire_choices":[{"data":"Zap","floor":7.0,"key":"SMITH"},{"data":"Recycle","floor":15.0,"key":"SMITH"},{"floor":24.0,"key":"REST"},{"floor":32,"key":"REST"},{"floor":45,"key":"REST"},{"floor":49,"key":"RECALL"}],"circlet_count":0,"master_deck":["AscendersBane","Strike_B+1","Defend_B","Defend_B","Defend_B","Zap+1","Dualcast","Cold Snap+1","White Noise","Thunder Strike+1","Recycle+1","Melter+1","All For One+1","Chill","FTL+1","All For One+1","Self Repair","Sunder+1","Hologram","Defragment","Cold Snap+1","Capacitor","Capacitor+1","Core Surge+1","Cold Snap+1","Madness","Madness","Beam Cell+1","Biased Cognition","Defragment","Fission","Barrage+1","Compile Driver+1"],"relics":["Cracked Core","NeowsBlessing","Molten Egg 2","Art of War","Meat on the Bone","Ice Cream","Mercury Hourglass","Odd Mushroom","Bronze Scales","Fusion Hammer","Pear","Boot","HornCleat","Whetstone","Gambling Chip","Philosopher\u0027s Stone","Lee\u0027s Waffle","Nunchaku","Omamori","Turnip","Prayer Wheel"],"acts_visited":["TheBeyond"],"potions_floor_usage":[35,41,42,44],"damage_taken":[{"damage":0.0,"enemies":"Small Slimes","floor":1.0,"turns":1.0},{"damage":0.0,"enemies":"Jaw Worm","floor":5.0,"turns":1.0},{"damage":0.0,"enemies":"Gremlin Nob","floor":6.0,"turns":1.0},{"damage":14.0,"enemies":"Lagavulin","floor":8.0,"turns":7.0},{"damage":0.0,"enemies":"Cultist","floor":10.0,"turns":3.0},{"damage":12.0,"enemies":"The Mushroom Lair","floor":11.0,"turns":4.0},{"damage":4.0,"enemies":"Gremlin Nob","floor":12.0,"turns":3.0},{"damage":12.0,"enemies":"Large Slime","floor":13.0,"turns":3.0},{"damage":15.0,"enemies":"Hexaghost","floor":16.0,"turns":7.0},{"damage":0.0,"enemies":"Spheric Guardian","floor":18.0,"turns":3.0},{"damage":16.0,"enemies":"3 Byrds","floor":22.0,"turns":2.0},{"damage":23.0,"enemies":"Gremlin Leader","floor":23.0,"turns":5.0},{"damage":31.0,"enemies":"Slavers","floor":25.0,"turns":4.0},{"damage":0.0,"enemies":"Snecko","floor":27.0,"turns":3.0},{"damage":0,"enemies":"Gremlin Leader","floor":28,"turns":6},{"damage":11,"enemies":"Book of Stabbing","floor":30,"turns":3},{"damage":41,"enemies":"Automaton","floor":33,"turns":8},{"damage":15,"enemies":"3 Darklings","floor":35,"turns":5},{"damage":6,"enemies":"Orb Walker","floor":37,"turns":2},{"damage":80,"enemies":"Giant Head","floor":40,"turns":7},{"damage":19,"enemies":"Spire Growth","floor":41,"turns":4},{"damage":49,"enemies":"Reptomancer","floor":42,"turns":5},{"damage":25,"enemies":"2 Orb Walkers","floor":44,"turns":3},{"damage":8,"enemies":"Sphere and 2 Shapes","floor":46,"turns":5},{"damage":23,"enemies":"Mind Bloom Boss Battle","floor":47,"turns":7},{"damage":0,"enemies":"Transient","floor":48,"turns":6},{"damage":64,"enemies":"Donu and Deca","floor":50,"turns":4}],"seed_played":"1853523554949626933","potions_obtained":[{"floor":5.0,"key":"LiquidMemories"},{"floor":6.0,"key":"Strength Potion"},{"floor":10.0,"key":"SpeedPotion"},{"floor":11.0,"key":"PowerPotion"},{"floor":12.0,"key":"ColorlessPotion"},{"floor":23.0,"key":"FairyPotion"},{"floor":35,"key":"ColorlessPotion"},{"floor":41,"key":"AttackPotion"},{"floor":42,"key":"DuplicationPotion"}],"is_trial":false,"path_per_floor":["M","$","?","?","M","E","R","E","T","M","?","E","M","?","R","B",null,"M","?","?","$","M","E","R","E","T","M","E","?","E","?","R","B",null,"M","?","M","$","?","E","M","E","T","?","R","M","?","M","R","B"],"character_chosen":"DEFECT","items_purchased":["Lee\u0027s Waffle"],"campfire_rested":3,"item_purchase_floors":[38],"current_hp_per_floor":[64,64,46,46,46,46,46,44,44,44,44,40,40,40,40,37,63,63,63,43,43,46,52,77,60,60,67,74,74,63,63,86,52,78,70,55,49,93,93,32,32,46,46,33,60,59,55,62,62,0,0],"gold":608,"neow_bonus":"THREE_ENEMY_KILL","is_daily":false,"chose_seed":false,"campfire_upgraded":2,"win_rate":0.0,"timestamp":1613827856,"path_taken":["M","$","?","?","M","E","R","E","T","?","?","E","M","?","R","BOSS","M","?","?","?","M","E","R","E","T","?","E","?","E","?","R","BOSS","M","?","M","$","?","E","M","E","T","?","R","M","?","M","R","BOSS"],"items_purchased_type":["Relic"],"build_version":"2020-12-22","purchased_purges":3,"victory":false,"max_hp_per_floor":[71,71,71,71,71,71,71,71,71,71,71,71,71,71,71,71,71,71,71,76,76,76,86,86,86,86,86,86,86,86,86,86,86,86,86,86,86,93,93,93,93,93,93,93,93,93,93,93,93,93,93],"card_choices":[{"not_picked":["Conserve Battery","Hologram"],"picked":"Cold Snap","floor":1.0},{"not_picked":["Redo","Rebound+1"],"picked":"White Noise","floor":5.0},{"not_picked":["Gash+1","Doom and Gloom+1"],"picked":"Thunder Strike+1","floor":6.0},{"not_picked":["Hello World","Redo"],"picked":"Recycle","floor":8.0},{"not_picked":["Coolheaded","Rebound+1"],"picked":"Melter+1","floor":10.0},{"not_picked":["Compile Driver+1","Steam"],"picked":"All For One+1","floor":11.0},{"not_picked":["Loop","Tempest"],"picked":"Chill","floor":12.0},{"not_picked":["Go for the Eyes+1","Stack"],"picked":"FTL+1","floor":13.0},{"not_picked":["Seek","Biased Cognition"],"picked":"All For One+1","floor":16.0},{"not_picked":["Hologram","Go for the Eyes+1"],"picked":"Self Repair","floor":18.0},{"not_picked":["Ball Lightning+1","Steam"],"picked":"Sunder+1","floor":22.0},{"not_picked":["Leap","Beam Cell+1"],"picked":"Hologram","floor":23.0},{"not_picked":["Chill","Stack"],"picked":"Defragment","floor":25.0},{"not_picked":["Double Energy","Genetic Algorithm"],"picked":"Cold Snap+1","floor":27},{"not_picked":["Darkness","Go for the Eyes+1"],"picked":"Capacitor","floor":28},{"not_picked":["Blizzard+1","Steam Power+1"],"picked":"Capacitor+1","floor":30},{"not_picked":["Thunder Strike+1","Reboot"],"picked":"Core Surge+1","floor":33},{"not_picked":["Static Discharge","Coolheaded"],"picked":"Cold Snap+1","floor":35},{"not_picked":["Rebound+1","Consume"],"picked":"Beam Cell+1","floor":37},{"not_picked":["Sunder+1","Darkness"],"picked":"Biased Cognition","floor":40},{"not_picked":["Redo+1","Turbo"],"picked":"Defragment","floor":41},{"not_picked":["Loop","Go for the Eyes+1"],"picked":"Fission","floor":42},{"not_picked":["Ball Lightning+1","Leap"],"picked":"Barrage+1","floor":44},{"not_picked":["Steam","Barrage+1","Lockon+1"],"picked":"SKIP","floor":46},{"not_picked":["Steam Power","Conserve Battery"],"picked":"Compile Driver+1","floor":48},{"not_picked":["Biased Cognition","Redo+1","Turbo+1"],"picked":"SKIP","floor":48}],"player_experience":1108699,"relics_obtained":[{"floor":4.0,"key":"Art of War"},{"floor":6.0,"key":"Meat on the Bone"},{"floor":8.0,"key":"Ice Cream"},{"floor":9.0,"key":"Mercury Hourglass"},{"floor":11.0,"key":"Odd Mushroom"},{"floor":12.0,"key":"Bronze Scales"},{"floor":23.0,"key":"Pear"},{"floor":25.0,"key":"Boot"},{"floor":26.0,"key":"HornCleat"},{"floor":28,"key":"Whetstone"},{"floor":30,"key":"Gambling Chip"},{"floor":40,"key":"Nunchaku"},{"floor":42,"key":"Omamori"},{"floor":44,"key":"Turnip"},{"floor":47,"key":"Prayer Wheel"}],"event_choices":[{"damage_healed":0.0,"max_hp_gain":0.0,"max_hp_loss":0.0,"gold_gain":0.0,"event_name":"Scrap Ooze","player_choice":"Success","floor":3.0,"gold_loss":0.0,"damage_taken":18.0,"relics_obtained":["Molten Egg 2"]},{"damage_healed":0.0,"max_hp_gain":0.0,"max_hp_loss":0.0,"gold_gain":0.0,"event_name":"Wheel of Change","player_choice":"Relic","floor":4.0,"gold_loss":0.0,"damage_taken":0.0},{"damage_healed":0.0,"max_hp_gain":0.0,"max_hp_loss":0.0,"gold_gain":0.0,"event_name":"Mushrooms","player_choice":"Fought Mushrooms","floor":11.0,"gold_loss":0.0,"damage_taken":0.0},{"cards_removed":["Strike_B"],"damage_healed":0.0,"max_hp_gain":0.0,"max_hp_loss":0.0,"gold_gain":0.0,"event_name":"The Cleric","player_choice":"Card Removal","floor":14.0,"gold_loss":75.0,"damage_taken":0.0},{"cards_removed":["Strike_B"],"damage_healed":0.0,"max_hp_gain":0.0,"max_hp_loss":0.0,"gold_gain":0.0,"event_name":"Beggar","player_choice":"Gave Gold","floor":19.0,"gold_loss":75.0,"damage_taken":0.0},{"damage_healed":0.0,"max_hp_gain":5.0,"max_hp_loss":0.0,"gold_gain":0.0,"event_name":"Forgotten Altar","player_choice":"Shed Blood","floor":20.0,"gold_loss":0.0,"damage_taken":25.0},{"damage_healed":0,"gold_gain":50,"player_choice":"Stole From Cult","damage_taken":0,"max_hp_gain":0,"max_hp_loss":0,"event_name":"Nest","floor":29,"gold_loss":0},{"damage_healed":0,"gold_gain":275,"player_choice":"Desecrate","damage_taken":0,"max_hp_gain":0,"max_hp_loss":0,"event_name":"Golden Shrine","floor":31,"gold_loss":0,"cards_obtained":["Regret"]},{"damage_healed":0,"gold_gain":0,"player_choice":"Embrace Madness","damage_taken":15,"max_hp_gain":0,"max_hp_loss":0,"event_name":"Winding Halls","floor":36,"gold_loss":0,"cards_obtained":["Madness","Madness"]},{"damage_healed":0,"gold_gain":0,"player_choice":"Ignored","damage_taken":0,"max_hp_gain":0,"max_hp_loss":0,"event_name":"Tomb of Lord Red Mask","floor":39,"gold_loss":0},{"damage_healed":0,"gold_gain":0,"player_choice":"Fight","damage_taken":0,"max_hp_gain":0,"max_hp_loss":0,"event_name":"Mysterious Sphere","floor":44,"gold_loss":0},{"damage_healed":0,"gold_gain":0,"player_choice":"Fight","damage_taken":0,"max_hp_gain":0,"max_hp_loss":0,"event_name":"MindBloom","floor":47,"gold_loss":0}],"is_beta":false,"boss_relics":[{"not_picked":["Pandora\u0027s Box","Velvet Choker"],"picked":"Fusion Hammer"},{"not_picked":["Calling Bell","SacredBark"],"picked":"Philosopher\u0027s Stone"}],"items_purged_floors":[2,21,38],"is_endless":false,"potions_floor_spawned":[5,6,10,11,12,23,30,35,41,42],"killed_by":"Donu and Deca","ascension_level":20}}