{"host":"qgrlfjrqk9z96gfi","time":1613852182,"event":{"mods":["BaseMod","Block Reminder","Colored Map","Custom Start","DeckTracker","Minty Spire (QoL Compilation)"],"gold_per_floor":[111,122,137,137,156,156,190,210,292,304,317,317,317,335,335,335,335],"floor_reached":16,"language":"ENG","playtime":440,"items_purged":[],"score":212,"play_id":"79c69312-74c8-49cd-a44c-fdce28972713","local_time":"20210220101622","is_ascension_mode":true,"campfire_choices":[{"data":"Blade Dance","floor":6,"key":"SMITH"},{"floor":15,"key":"REST"}],"circlet_count":0,"master_deck":["AscendersBane","Strike_G","Strike_G","Strike_G","Strike_G","Strike_G","Defend_G","Defend_G","Defend_G","Defend_G","Defend_G","Survivor","Neutralize","Decay","Master of Strategy","Dagger Throw","Backstab","Blade Dance+1","PiercingWail","Backstab","All Out Attack","Blade Dance","Dash","Parasite","Prepared"],"relics":["Ring of the Snake","Bronze Scales","Tingsha","Ninja Scroll"],"acts_visited":["Exordium"],"potions_floor_usage":[5,10,16,16],"damage_taken":[{"damage":4,"enemies":"2 Louse","floor":1,"turns":3},{"damage":3,"enemies":"Cultist","floor":2,"turns":4},{"damage":0,"enemies":"Small Slimes","floor":3,"turns":3},{"damage":10,"enemies":"Exordium Wildlife","floor":5,"turns":4},{"damage":25,"enemies":"3 Sentries","floor":7,"turns":7},{"damage":0,"enemies":"Looter","floor":8,"turns":1},{"damage":7,"enemies":"3 Louse","floor":10,"turns":2},{"damage":0,"enemies":"2 Fungi Beasts","floor":11,"turns":1},{"damage":0,"enemies":"Red Slaver","floor":14,"turns":1},{"damage":47,"enemies":"Slime Boss","floor":16,"turns":5}],"seed_played":"-6405232468361392477","potions_obtained":[{"floor":1,"key":"LiquidMemories"},{"floor":8,"key":"EssenceOfSteel"},{"floor":10,"key":"Poison Potion"},{"floor":11,"key":"Dexterity Potion"}],"is_trial":false,"path_per_floor":["M","M","M","?","M","R","E","M","T","M","M","?","?","M","R","B"],"character_chosen":"THE_SILENT","items_purchased":[],"campfire_rested":1,"item_purchase_floors":[],"current_hp_per_floor":[55,52,52,52,42,42,17,17,17,10,10,10,26,26,45,0,0],"gold":335,"neow_bonus":"RANDOM_COLORLESS_2","is_daily":false,"chose_seed":false,"campfire_upgraded":1,"win_rate":0.0,"timestamp":1613852182,"path_taken":["M","M","M","?","?","R","E","M","T","M","M","?","?","M","R","BOSS"],"items_purchased_type":[],"build_version":"2020-12-22","purchased_purges":0,"victory":false,"max_hp_per_floor":[66,66,66,66,66,66,66,66,66,66,66,66,66,66,66,66,66],"card_choices":[{"not_picked":["Chrysalis","Thinking Ahead"],"picked":"Master of Strategy","floor":0},{"not_picked":["Prepared","Bouncing Flask"],"picked":"Dagger Throw","floor":1},{"not_picked":["Blur","Distraction"],"picked":"Backstab","floor":2},{"not_picked":["Accuracy","Acrobatics"],"picked":"Blade Dance","floor":3},{"not_picked":["Quick Slash","Blur"],"picked":"PiercingWail","floor":5},{"not_picked":["Accuracy","Acrobatics"],"picked":"Backstab","floor":7},{"not_picked":["Crippling Poison","Outmaneuver"],"picked":"All Out Attack","floor":8},{"not_picked":["Backflip","Escape Plan"],"picked":"Blade Dance","floor":10},{"not_picked":["Deadly Poison","Dodge and Roll"],"picked":"Dash","floor":11},{"not_picked":["Dodge and Roll","Doppelganger"],"picked":"Prepared","floor":14}],"player_experience":1172237,"relics_obtained":[{"floor":4,"key":"Bronze Scales"},{"floor":7,"key":"Tingsha"},{"floor":9,"key":"Ninja Scroll"}],"event_choices":[{"damage_healed":0,"gold_gain":0,"player_choice":"Relic","damage_taken":0,"max_hp_gain":0,"max_hp_loss":0,"event_name":"Wheel of Change","floor":4,"gold_loss":0},{"damage_healed":0,"gold_gain":0,"player_choice":"Fled","damage_taken":0,"max_hp_gain":0,"max_hp_loss":0,"event_name":"Scrap Ooze","floor":12,"gold_loss":0},{"damage_healed":16,"gold_gain":0,"player_choice":"Healed and dodged fight","damage_taken":0,"max_hp_gain":0,"max_hp_loss":0,"event_name":"Mushrooms","floor":13,"gold_loss":0,"cards_obtained":["Parasite"]}],"is_beta":false,"boss_relics":[],"items_purged_floors":[],"is_endless":false,"potions_floor_spawned":[1,8,10,11,14],"killed_by":"Slime Boss","ascension_level":20}}