{"host":"oehe2dxjvdgux73m","time":1613829324,"event":{"mods":["AchievementEnabler","BaseMod","Colored Map","Colored Powertips","DeckTracker","Keyboard Shortcuts","Minty Spire (QoL Compilation)","Permanent Neow","Quick Restart","StSLib","SuperFastMode"],"gold_per_floor":[116,116,137,137,156,156,174,197,197,232,266,266,309,208,208,339,339,358,358,358,358,383,383,407,407,407,69,84,9,9,22,22,147,147,162,162],"floor_reached":35,"language":"KOR","playtime":953,"items_purged":["Strike_B","Strike_B"],"score":459,"play_id":"5028ebbf-6424-4f21-9ae5-2aa3799f7e5b","local_time":"20210220225524","is_ascension_mode":true,"campfire_choices":[{"data":"Go for the Eyes","floor":6.0,"key":"SMITH"},{"floor":12.0,"key":"REST"},{"data":"Beam Cell","floor":15.0,"key":"SMITH"},{"floor":23.0,"key":"REST"},{"floor":25.0,"key":"DIG"},{"data":"FTL","floor":30.0,"key":"SMITH"},{"data":"Sunder","floor":32.0,"key":"SMITH"}],"circlet_count":0,"master_deck":["Defend_B","Defend_B","Defend_B","Defend_B","Zap","Dualcast","Go for the Eyes+1","Self Repair","Gash","Sweeping Beam","Streamline","Beam Cell+1","Sunder+1","Hologram","All For One","Turbo+1","J.A.X.+1","Undo+1","Chill+1","FTL+1","Hologram+1","Storm","Turbo+1","Core Surge"],"relics":["Cracked Core","Golden Idol","Singing Bowl","Shovel","Odd Mushroom","FossilizedHelix","Omamori","SlaversCollar","Toxic Egg 2","Bottled Flame","Dead Branch","Centennial Puzzle","Coffee Dripper"],"acts_visited":["Exordium","TheCity","TheBeyond"],"potions_floor_usage":[],"damage_taken":[{"damage":1.0,"enemies":"Cultist","floor":1.0,"turns":3.0},{"damage":4.0,"enemies":"2 Louse","floor":3.0,"turns":3.0},{"damage":21.0,"enemies":"Small Slimes","floor":5.0,"turns":3.0},{"damage":6.0,"enemies":"Looter","floor":7.0,"turns":3.0},{"damage":9.0,"enemies":"2 Fungi Beasts","floor":8.0,"turns":2.0},{"damage":25.0,"enemies":"The Mushroom Lair","floor":10.0,"turns":3.0},{"damage":25.0,"enemies":"3 Sentries","floor":11.0,"turns":7.0},{"damage":17.0,"enemies":"Gremlin Nob","floor":13.0,"turns":4.0},{"damage":22.0,"enemies":"Slime Boss","floor":16.0,"turns":11.0},{"damage":25.0,"enemies":"Spheric Guardian","floor":18.0,"turns":5.0},{"damage":29.0,"enemies":"3 Byrds","floor":22.0,"turns":4.0},{"damage":3.0,"enemies":"Centurion and Healer","floor":24.0,"turns":5.0},{"damage":3.0,"enemies":"Snecko","floor":28.0,"turns":4.0},{"damage":3.0,"enemies":"Shelled Parasite and Fungi","floor":31.0,"turns":2.0},{"damage":27.0,"enemies":"Champ","floor":33.0,"turns":8.0},{"damage":18,"enemies":"Orb Walker","floor":35,"turns":3}],"seed_played":"4110014144551773610","potions_obtained":[{"floor":1.0,"key":"Regen Potion"},{"floor":7.0,"key":"GamblersBrew"},{"floor":13.0,"key":"EssenceOfSteel"},{"floor":16.0,"key":"LiquidMemories"},{"floor":18.0,"key":"AttackPotion"},{"floor":22.0,"key":"EssenceOfDarkness"},{"floor":31.0,"key":"Weak Potion"},{"floor":35,"key":"Dexterity Potion"}],"is_trial":false,"path_per_floor":["M","?","M","?","M","R","M","M","T","?","E","R","E","$","R","B",null,"M","?","?","?","M","R","M","R","T","$","M","?","R","M","R","B",null,"M"],"character_chosen":"DEFECT","items_purchased":["Hologram","FTL","Centennial Puzzle","Hologram+1"],"campfire_rested":2,"item_purchase_floors":[14,27,27,27],"current_hp_per_floor":[74,69,69,66,52,52,53,44,44,30,14,35,25,25,25,10,57,39,39,39,39,10,31,35,35,35,35,32,32,32,29,29,9,57,46,46],"gold":162,"neow_bonus":"THREE_CARDS","is_daily":false,"chose_seed":false,"campfire_upgraded":4,"win_rate":0.0,"timestamp":1613829324,"path_taken":["M","?","M","?","M","R","M","M","T","?","E","R","E","$","R","BOSS","M","?","?","?","M","R","M","R","T","$","M","?","R","?","R","BOSS","M"],"items_purchased_type":["Card","Card","Relic","Card"],"build_version":"2020-12-22","purchased_purges":2,"victory":false,"max_hp_per_floor":[75,69,69,69,69,69,69,69,69,71,73,73,73,73,73,73,73,73,73,73,73,73,73,73,73,73,73,73,73,73,73,73,73,73,73,73],"card_choices":[{"not_picked":["Compile Driver","Leap"],"picked":"Go for the Eyes","floor":0.0},{"not_picked":["Chaos","Compile Driver"],"picked":"Self Repair","floor":1.0},{"not_picked":["Rebound","BootSequence"],"picked":"Gash","floor":3.0},{"not_picked":["Barrage","Compile Driver"],"picked":"Sweeping Beam","floor":5.0},{"not_picked":["Sunder","Barrage"],"picked":"Streamline","floor":7.0},{"not_picked":["Rainbow","Go for the Eyes"],"picked":"Beam Cell","floor":8.0},{"not_picked":["Sweeping Beam","Stack","Static Discharge"],"picked":"Singing Bowl","floor":10.0},{"not_picked":["Double Energy","Chill","Blizzard"],"picked":"Singing Bowl","floor":11.0},{"not_picked":["Rip and Tear","Electrodynamics"],"picked":"Sunder","floor":13.0},{"not_picked":["Multi-Cast","Amplify"],"picked":"All For One","floor":16.0},{"not_picked":["Cold Snap","Redo"],"picked":"Turbo+1","floor":18.0},{"not_picked":["Capacitor","Rip and Tear+1"],"picked":"Undo+1","floor":22.0},{"not_picked":["Steam+1","Redo+1"],"picked":"Chill+1","floor":24.0},{"not_picked":["Hologram+1","Steam+1"],"picked":"Storm","floor":28.0},{"not_picked":["Conserve Battery+1","Go for the Eyes"],"picked":"Turbo+1","floor":31.0},{"not_picked":["Thunder Strike","Buffer"],"picked":"Core Surge","floor":33.0}],"player_experience":483732,"relics_obtained":[{"floor":9.0,"key":"Shovel"},{"floor":10.0,"key":"Odd Mushroom"},{"floor":11.0,"key":"FossilizedHelix"},{"floor":13.0,"key":"Omamori"},{"floor":25.0,"key":"Bottled Flame"},{"floor":26.0,"key":"Dead Branch"}],"event_choices":[{"damage_healed":0.0,"max_hp_gain":0.0,"max_hp_loss":6.0,"gold_gain":0.0,"event_name":"Golden Idol","player_choice":"Lose Max HP","floor":2.0,"gold_loss":0.0,"damage_taken":0.0,"relics_obtained":["Golden Idol"]},{"damage_healed":0.0,"max_hp_gain":0.0,"max_hp_loss":0.0,"gold_gain":0.0,"event_name":"Scrap Ooze","player_choice":"Success","floor":4.0,"gold_loss":0.0,"damage_taken":3.0,"relics_obtained":["Singing Bowl"]},{"damage_healed":0.0,"max_hp_gain":0.0,"max_hp_loss":0.0,"gold_gain":0.0,"event_name":"Mushrooms","player_choice":"Fought Mushrooms","floor":10.0,"gold_loss":0.0,"damage_taken":0.0},{"damage_healed":0.0,"max_hp_gain":0.0,"max_hp_loss":0.0,"gold_gain":0.0,"event_name":"Addict","player_choice":"Stole Relic","floor":19.0,"gold_loss":0.0,"damage_taken":0.0,"relics_obtained":["Toxic Egg 2"],"cards_obtained":["Shame"]},{"cards_removed":["Strike_B"],"damage_healed":0.0,"max_hp_gain":0.0,"max_hp_loss":0.0,"gold_gain":0.0,"event_name":"Back to Basics","player_choice":"Elegance","floor":20.0,"gold_loss":0.0,"damage_taken":0.0},{"damage_healed":0.0,"max_hp_gain":0.0,"max_hp_loss":0.0,"gold_gain":0.0,"event_name":"Drug Dealer","player_choice":"Obtain J.A.X.","floor":21.0,"gold_loss":0.0,"damage_taken":0.0,"cards_obtained":["J.A.X."]},{"cards_removed":["Strike_B"],"damage_healed":0.0,"max_hp_gain":0.0,"max_hp_loss":0.0,"gold_gain":0.0,"event_name":"Beggar","player_choice":"Gave Gold","floor":29.0,"gold_loss":75.0,"damage_taken":0.0}],"is_beta":false,"boss_relics":[{"not_picked":["Runic Dome","Philosopher\u0027s Stone"],"picked":"SlaversCollar"},{"not_picked":["Pandora\u0027s Box","Tiny House"],"picked":"Coffee Dripper"}],"items_purged_floors":[14,27],"is_endless":false,"potions_floor_spawned":[1,7,13,16,18,22,31,35],"killed_by":"Orb Walker","ascension_level":5}}