{"host":"wxz7488rqrwl2v46","time":1613821007,"event":{"mods":["BaseMod","Minty Spire (QoL Compilation)","Quick Restart","Replay The Spire","StSLib"],"gold_per_floor":[111,111,129,54,109,109,140,150,150,169,203,220,220,220,220,325,325,345,360,16,16,40,40,40],"floor_reached":23,"language":"ZHS","playtime":944,"items_purged":["Strike_B","Strike_B"],"score":224,"play_id":"f2b80789-95cf-46a6-a5e2-adb6969adc01","local_time":"20210220193647","is_ascension_mode":false,"campfire_choices":[{"data":"Redo","floor":6,"key":"SMITH"},{"data":"Fission","floor":13,"key":"SMITH"},{"data":"Ball Lightning","floor":15,"key":"SMITH"}],"circlet_count":0,"master_deck":["Strike_B","Strike_B","Defend_B","Defend_B+1","Defend_B","Defend_B","Zap","Dualcast","Redo+1","Ball Lightning+1","Multi-Cast","Chill","Cold Snap","Fission+1","FTL","ReplayRNGCard","Steam Power+1","Storm","Enlightenment+1","Crow Ritual","Looming Evil"],"relics":["Cracked Core","NeowsBlessing","Tiny Chest","InkBottle","Matryoshka","Solar Panel","Cursed Key","Nilry\u0027s Codex","War Paint","Pet Ghost"],"acts_visited":["Exordium","TheCity"],"potions_floor_usage":[12,23],"damage_taken":[{"damage":0,"enemies":"Jaw Worm","floor":1,"turns":1},{"damage":0,"enemies":"Cultist","floor":3,"turns":1},{"damage":0,"enemies":"Gremlin Nob","floor":7,"turns":1},{"damage":0,"enemies":"Small Slimes","floor":8,"turns":2},{"damage":0,"enemies":"Exordium Wildlife","floor":10,"turns":3},{"damage":27,"enemies":"Lagavulin","floor":11,"turns":6},{"damage":0,"enemies":"Large Slime","floor":12,"turns":3},{"damage":6,"enemies":"Slime Boss","floor":16,"turns":8},{"damage":3,"enemies":"Chosen","floor":18,"turns":2},{"damage":6,"enemies":"2 Thieves","floor":19,"turns":3},{"damage":54,"enemies":"Gremlin Leader","floor":23,"turns":5}],"seed_played":"-5363047591200605938","potions_obtained":[{"floor":1,"key":"AttackPotion"},{"floor":3,"key":"Milkshake"},{"floor":10,"key":"Adrenaline Potion"},{"floor":18,"key":"Venom Potion"}],"is_trial":false,"path_per_floor":["M","?","M","$","T","R","E","M","T","M","E","M","R","?","R","B",null,"M","M","$","?","T","E"],"character_chosen":"DEFECT","items_purchased":["Enlightenment","Crow Ritual"],"campfire_rested":0,"item_purchase_floors":[20,20],"current_hp_per_floor":[75,75,75,75,75,75,75,75,75,75,48,50,50,50,50,46,75,72,68,68,52,52,0,0],"gold":40,"neow_bonus":"THREE_ENEMY_KILL","is_daily":false,"chose_seed":false,"campfire_upgraded":3,"win_rate":0.0,"timestamp":1613821007,"path_taken":["M","?","M","?","?","R","E","M","T","M","E","?","R","?","R","BOSS","M","M","$","?","?","E"],"items_purchased_type":["Card","Card"],"build_version":"2020-12-22","purchased_purges":2,"victory":false,"max_hp_per_floor":[75,75,75,75,75,75,75,75,75,75,75,75,75,75,75,75,75,75,75,75,75,75,75,75],"card_choices":[{"not_picked":["BootSequence","Hologram"],"picked":"Redo","floor":1},{"not_picked":["Sweeping Beam","Storm"],"picked":"Ball Lightning","floor":3},{"not_picked":["Storm","Self Repair"],"picked":"Multi-Cast","floor":7},{"not_picked":["Gash","Rebound"],"picked":"Chill","floor":8},{"not_picked":["Coolheaded","Gash"],"picked":"Cold Snap","floor":10},{"not_picked":["Fusion","Conserve Battery"],"picked":"Fission","floor":11},{"not_picked":["Panic Button","Hologram"],"picked":"FTL","floor":12},{"not_picked":["Creative AI","Fission"],"picked":"ReplayRNGCard","floor":16},{"not_picked":["Conserve Battery","Time Bomb"],"picked":"Steam Power+1","floor":18},{"not_picked":["Beam Cell","Sweeping Beam"],"picked":"Storm","floor":19}],"player_experience":67059,"relics_obtained":[{"floor":5,"key":"Tiny Chest"},{"floor":7,"key":"InkBottle"},{"floor":9,"key":"Matryoshka"},{"floor":11,"key":"Solar Panel"},{"floor":21,"key":"Nilry\u0027s Codex"},{"floor":22,"key":"War Paint"},{"floor":22,"key":"Pet Ghost"}],"event_choices":[{"damage_healed":0,"gold_gain":0,"player_choice":"Bought 0 Potions","damage_taken":0,"max_hp_gain":0,"max_hp_loss":0,"event_name":"The Woman in Blue","floor":2,"gold_loss":0},{"damage_healed":0,"gold_gain":0,"player_choice":"Ignored","damage_taken":0,"max_hp_gain":0,"max_hp_loss":0,"event_name":"Golden Idol","floor":14,"gold_loss":0},{"damage_healed":0,"gold_gain":0,"player_choice":"Obtained Book","damage_taken":16,"max_hp_gain":0,"max_hp_loss":0,"event_name":"Cursed Tome","floor":21,"gold_loss":0}],"is_beta":false,"boss_relics":[{"not_picked":["Coffee Dripper","Fusion Hammer"],"picked":"Cursed Key"}],"items_purged_floors":[4,20],"is_endless":false,"potions_floor_spawned":[1,3,10,18],"killed_by":"Gremlin Leader","ascension_level":0}}