{"host":"uexz8m6e0pxi7xat","time":1613817659,"event":{"mods":["BaseMod","Bestiary","Minty Spire (QoL Compilation)","Relic Stats","ojb\u0027s Info Mod"],"gold_per_floor":[218,228,240,240,48,80,80,108,132,86,96,124,138,172,172,246,246,246,246],"floor_reached":18,"language":"ENG","playtime":1363,"items_purged":[],"score":430,"play_id":"33f9ec02-1f38-4aba-8c99-623bd0e5eee8","local_time":"20210220234059","is_ascension_mode":true,"campfire_choices":[{"data":"Bash","floor":7.0,"key":"SMITH"},{"data":"True Grit","floor":15.0,"key":"SMITH"}],"circlet_count":0,"master_deck":["AscendersBane","Strike_R+1","Strike_R","Strike_R+1","Strike_R","Strike_R+1","Defend_R+1","Defend_R","Defend_R","Defend_R","Bash+1","Headbutt","Cleave","Thunderclap","Clothesline","Inflame","True Grit+1","Fiend Fire"],"relics":["Burning Blood","Sling","Whetstone","Toy Ornithopter","Blood Vial","Nunchaku","Juzu Bracelet","SlaversCollar"],"acts_visited":["Exordium","TheCity"],"potions_floor_usage":[16,16],"damage_taken":[{"damage":6.0,"enemies":"Jaw Worm","floor":1.0,"turns":6.0},{"damage":1.0,"enemies":"2 Louse","floor":2.0,"turns":4.0},{"damage":11.0,"enemies":"Small Slimes","floor":3.0,"turns":4.0},{"damage":28.0,"enemies":"Lagavulin","floor":6.0,"turns":6.0},{"damage":8.0,"enemies":"Gremlin Nob","floor":8.0,"turns":3.0},{"damage":17.0,"enemies":"3 Louse","floor":11.0,"turns":3.0},{"damage":10.0,"enemies":"Lagavulin","floor":12.0,"turns":7.0},{"damage":5.0,"enemies":"Looter","floor":13.0,"turns":4.0},{"damage":0.0,"enemies":"Gremlin Nob","floor":14.0,"turns":2.0},{"damage":36,"enemies":"The Guardian","floor":16,"turns":18},{"damage":62,"enemies":"3 Byrds","floor":18,"turns":8}],"seed_played":"-145974497022372208","potions_obtained":[{"floor":3.0,"key":"LiquidBronze"},{"floor":11.0,"key":"SpeedPotion"},{"floor":12.0,"key":"GamblersBrew"},{"floor":13.0,"key":"Weak Potion"}],"is_trial":false,"path_per_floor":["M","M","M","?","$","E","R","E","T","?","M","E","M","E","R","B",null,"M"],"character_chosen":"IRONCLAD","items_purchased":["Sling","Clothesline"],"campfire_rested":0,"item_purchase_floors":[5,5],"current_hp_per_floor":[68,73,68,45,45,23,23,21,21,21,12,15,18,26,26,8,58,0,0],"gold":246,"neow_bonus":"HUNDRED_GOLD","is_daily":false,"chose_seed":false,"campfire_upgraded":2,"win_rate":0.0,"timestamp":1613817659,"path_taken":["M","M","M","?","$","E","R","E","T","?","M","E","M","E","R","BOSS","M"],"items_purchased_type":["Relic","Card"],"build_version":"2020-12-22","purchased_purges":0,"victory":false,"max_hp_per_floor":[75,75,75,75,75,75,75,75,75,75,75,75,75,75,75,75,75,75,75],"relic_stats":{"Blood Vial":12,"Nunchaku":[4],"counters":[11,65],"Juzu Bracelet":0,"Whetstone":["Strike_R","Strike_R"],"obtain_stats":[{"Blood Vial":9,"SlaversCollar":17,"Nunchaku":12,"Juzu Bracelet":14,"Whetstone":6,"Sling":5,"Burning Blood":0,"Toy Ornithopter":8},{"Blood Vial":5,"SlaversCollar":10,"Nunchaku":7,"Juzu Bracelet":9,"Whetstone":4,"Sling":3,"Burning Blood":0,"Toy Ornithopter":5},{"Blood Vial":23,"SlaversCollar":57,"Nunchaku":33,"Juzu Bracelet":39,"Whetstone":20,"Sling":14,"Burning Blood":0,"Toy Ornithopter":23}],"Burning Blood":60,"Toy Ornithopter":15},"card_choices":[{"not_picked":["Iron Wave","Dark Embrace"],"picked":"Headbutt","floor":1.0},{"not_picked":["Twin Strike","Pummel"],"picked":"Cleave","floor":2.0},{"not_picked":["Dual Wield","Flex"],"picked":"Thunderclap","floor":3.0},{"not_picked":["Warcry","Reckless Charge","Thunderclap"],"picked":"SKIP","floor":6.0},{"not_picked":["Warcry","Reckless Charge","Thunderclap"],"picked":"SKIP","floor":6.0},{"not_picked":["Bloodletting","Clothesline","Sentinel"],"picked":"SKIP","floor":8.0},{"not_picked":["Heavy Blade","Twin Strike"],"picked":"Inflame","floor":11.0},{"not_picked":["Infernal Blade","Twin Strike","Headbutt"],"picked":"SKIP","floor":12.0},{"not_picked":["Demon Form","Flex"],"picked":"True Grit","floor":13.0},{"not_picked":["Sever Soul","Pommel Strike","Infernal Blade"],"picked":"SKIP","floor":14.0},{"not_picked":["Juggernaut","Brutality"],"picked":"Fiend Fire","floor":16}],"player_experience":1076346,"relics_obtained":[{"floor":6.0,"key":"Whetstone"},{"floor":8.0,"key":"Toy Ornithopter"},{"floor":9.0,"key":"Blood Vial"},{"floor":12.0,"key":"Nunchaku"},{"floor":14.0,"key":"Juzu Bracelet"}],"event_choices":[{"damage_healed":0.0,"max_hp_gain":0.0,"max_hp_loss":0.0,"gold_gain":0.0,"event_name":"Shining Light","player_choice":"Entered Light","floor":4.0,"gold_loss":0.0,"damage_taken":23.0,"cards_upgraded":["Defend_R","Strike_R"]},{"damage_healed":0.0,"max_hp_gain":0.0,"max_hp_loss":0.0,"gold_gain":0.0,"event_name":"World of Goop","player_choice":"Left Gold","floor":10.0,"gold_loss":46.0,"damage_taken":0.0}],"is_beta":false,"boss_relics":[{"not_picked":["Runic Dome","Runic Cube"],"picked":"SlaversCollar"}],"items_purged_floors":[],"is_endless":false,"potions_floor_spawned":[3,11,12,13],"killed_by":"3 Byrds","ascension_level":20}}