{"host":"uai5ebipunriklel","time":1613861484,"event":{"mods":["BaseMod","Downfall","Hermit","Minty Spire (QoL Compilation)","Replay The Spire","StSLib","The Cursed","The Disciple","The Jungle"],"gold_per_floor":[113,188,138,138,154,186,198,254,324,324,304,320,12,22,22,125,125,137,147,147,147,62,97,208,208,208,237,237,237,259,286,286,397,524,551,551,580,609,609,632,632,651,651,661,661,661,688,704,704,704],"floor_reached":51,"language":"ENG","playtime":3821,"items_purged":["hermit:Defend_Hermit","downfall:Icky"],"score":669,"play_id":"3f2f80c1-b4b8-47a3-8476-a06836720da3","local_time":"20210220145124","is_ascension_mode":false,"campfire_choices":[{"data":"hermit:Snapshot","floor":10.0,"key":"SMITH"},{"floor":15.0,"key":"REST"},{"floor":25.0,"key":"REST"},{"data":"hermit:NoHoldsBarred","floor":29.0,"key":"SMITH"},{"data":"hermit:TakeAim","floor":32.0,"key":"SMITH"},{"data":"hermit:Roulette","floor":41,"key":"SMITH"},{"data":"hermit:Dive","floor":46,"key":"SMITH"},{"floor":49,"key":"REST"}],"circlet_count":0,"master_deck":["hermit:Snapshot+1","hermit:Covet","hermit:Combo","hermit:Headshot","hermit:ItchyTrigger","hermit:HeroicBravado","Slimebound:CheckThePlaybook","hermit:Dive+1","hermit:Roughhouse+1","hermit:NoHoldsBarred+1","hermit:Roulette+1","hermit:Enervate+1","hermit:Manifest","hermit:ItchyTrigger","hermit:TakeAim+1","hermit:HighNoon","hermit:BodyArmor+1","hermit:Gestalt+1","hermit:Gambit+1","hermit:Manifest","hermit:WideOpen+1","hermit:Vantage+1"],"relics":["Snecko Eye","Regal Pillow","Replay:Bottled Steam","Membership Card","Onion Ring","bronze:MakeshiftBattery","CeramicFish","hermit:RyeStalk","Replay:Bottled Eggs","Replay:Grab Bag","Replay:Wanted Poster","Sozu","Astrolabe","Art of War"],"acts_visited":["Exordium","TheCity","TheBeyond"],"potions_floor_usage":[50],"damage_taken":[{"damage":0.0,"enemies":"Small Slimes","floor":1.0,"turns":2.0},{"damage":2.0,"enemies":"Jaw Worm","floor":5.0,"turns":5.0},{"damage":21.0,"enemies":"3 Sentries","floor":6.0,"turns":8.0},{"damage":0.0,"enemies":"Cultist","floor":7.0,"turns":2.0},{"damage":12.0,"enemies":"Large Slime","floor":12.0,"turns":6.0},{"damage":0.0,"enemies":"3 Louse","floor":14.0,"turns":2.0},{"damage":22.0,"enemies":"The Guardian","floor":16.0,"turns":7.0},{"damage":17.0,"enemies":"2 Thieves","floor":18.0,"turns":4.0},{"damage":6.0,"enemies":"Shell Parasite","floor":19.0,"turns":3.0},{"damage":13.0,"enemies":"Gremlin Leader","floor":23.0,"turns":4.0},{"damage":12.0,"enemies":"Shelled Parasite and Fungi","floor":27.0,"turns":1.0},{"damage":10.0,"enemies":"Chosen and Byrds","floor":30.0,"turns":4.0},{"damage":0.0,"enemies":"Centurion and Healer","floor":31.0,"turns":3.0},{"damage":5.0,"enemies":"Collector","floor":33.0,"turns":8.0},{"damage":19.0,"enemies":"3 Darklings","floor":35.0,"turns":6.0},{"damage":4,"enemies":"3 Shapes","floor":37,"turns":2},{"damage":1,"enemies":"Sphere and 2 Shapes","floor":38,"turns":4},{"damage":4,"enemies":"Spire Growth","floor":40,"turns":3},{"damage":0,"enemies":"Transient","floor":42,"turns":5},{"damage":4,"enemies":"Maw","floor":44,"turns":6},{"damage":1,"enemies":"Jaw Worm Horde","floor":48,"turns":3},{"damage":72,"enemies":"Time Eater","floor":50,"turns":10}],"seed_played":"-2081900155862825998","potions_obtained":[{"floor":6.0,"key":"hermit:Eclipse"},{"floor":11.0,"key":"Doom Potion"},{"floor":12.0,"key":"EssenceOfSteel"},{"floor":16.0,"key":"Venom Potion"},{"floor":31.0,"key":"BlessingOfTheForge"}],"is_trial":false,"path_per_floor":["M","?","?","?","M","E","M","?","T","R","?","M","$","M","R","B",null,"M","M","?","?","$","E","?","R","T","M","?","R","M","M","R","B",null,"M","$","M","M","?","M","R","M","T","M","?","R","T","M","R","B",null],"character_chosen":"HERMIT","items_purchased":["Membership Card","Onion Ring","hermit:NoHoldsBarred"],"campfire_rested":3,"item_purchase_floors":[13,13,22],"current_hp_per_floor":[75,64,64,64,62,41,41,41,41,41,41,29,29,29,66,44,75,58,52,52,52,52,39,39,75,75,63,63,63,53,53,53,48,75,56,56,52,51,51,47,47,47,47,43,43,43,43,42,75,3],"gold":704,"neow_bonus":"BOSS_RELIC","is_daily":false,"chose_seed":false,"campfire_upgraded":5,"win_rate":0.0,"timestamp":1613861484,"path_taken":["M","?","?","?","?","E","M","?","T","R","?","M","$","M","R","BOSS","M","M","?","?","$","E","?","R","T","M","?","R","?","M","R","BOSS","M","$","?","M","?","M","R","M","T","?","?","R","?","M","R","BOSS"],"items_purchased_type":["Relic","Relic","Card"],"build_version":"2020-12-22","purchased_purges":2,"victory":true,"max_hp_per_floor":[75,75,75,75,75,75,75,75,75,75,75,75,75,75,75,75,75,75,75,75,75,75,75,75,75,75,75,75,75,75,75,75,75,75,75,75,75,75,75,75,75,75,75,75,75,75,75,75,75,75],"card_choices":[{"not_picked":["hermit:TrackingShot","hermit:Coalescence"],"picked":"hermit:Combo","floor":1.0},{"not_picked":["hermit:FlashPowder","hermit:WideOpen"],"picked":"hermit:Headshot","floor":5.0},{"not_picked":["hermit:GhostlyPresence","hermit:Quickdraw","hermit:Horror"],"picked":"SKIP","floor":6.0},{"not_picked":["hermit:ShadowCloak","hermit:GoldenBullet","hermit:WideOpen"],"picked":"SKIP","floor":7.0},{"not_picked":["hermit:LowProfile","hermit:Dive","hermit:Misfire"],"picked":"SKIP","floor":12.0},{"not_picked":["hermit:Magnum","hermit:CalledShot"],"picked":"hermit:ItchyTrigger","floor":14.0},{"not_picked":["hermit:BlackWind","hermit:Dissolve"],"picked":"hermit:HeroicBravado","floor":16.0},{"not_picked":["hermit:EyeOfTheStorm","hermit:Virtue"],"picked":"hermit:Maintenance","floor":18.0},{"not_picked":["hermit:GoldenBullet+1","hermit:HoleUp","hermit:Enervate"],"picked":"SKIP","floor":19.0},{"not_picked":["hermit:Glare","hermit:Enervate","hermit:Coalescence"],"picked":"SKIP","floor":23.0},{"not_picked":["hermit:CalledShot+1","hermit:Headshot"],"picked":"hermit:Roulette","floor":24.0},{"not_picked":["hermit:Coalescence","hermit:Deadeye"],"picked":"hermit:Enervate+1","floor":24.0},{"not_picked":["hermit:Quickdraw+1","hermit:Scavenge+1"],"picked":"hermit:Manifest","floor":27.0},{"not_picked":["hermit:CalledShot","hermit:Coalescence"],"picked":"hermit:ItchyTrigger","floor":30.0},{"not_picked":["hermit:Gestalt","hermit:GhostlyPresence"],"picked":"hermit:TakeAim","floor":31.0},{"not_picked":["hermit:Gambit","hermit:Dissolve"],"picked":"hermit:HighNoon","floor":33.0},{"not_picked":["hermit:Misfire","hermit:Headshot"],"picked":"hermit:Manifest","floor":35.0},{"not_picked":["hermit:Ricochet+1","hermit:Dive"],"picked":"hermit:WideOpen+1","floor":37},{"not_picked":["hermit:SprayPray+1","hermit:FinalCanter"],"picked":"hermit:FlashPowder","floor":38},{"not_picked":["hermit:BodyArmor+1","hermit:HighCaliber+1"],"picked":"hermit:Vantage+1","floor":40},{"not_picked":["hermit:BodyArmor","hermit:LowProfile+1","hermit:GhostlyPresence"],"picked":"SKIP","floor":42},{"not_picked":["hermit:HighCaliber+1","hermit:Deadeye+1","hermit:Spite+1"],"picked":"SKIP","floor":44},{"not_picked":["hermit:WideOpen+1","hermit:LowProfile+1","hermit:Spite"],"picked":"SKIP","floor":48}],"player_experience":259077,"relics_obtained":[{"floor":6.0,"key":"Regal Pillow"},{"floor":9.0,"key":"Replay:Bottled Steam"},{"floor":23.0,"key":"CeramicFish"},{"floor":24.0,"key":"hermit:RyeStalk"},{"floor":26.0,"key":"Replay:Bottled Eggs"},{"floor":47,"key":"Art of War"}],"event_choices":[{"damage_healed":0.0,"max_hp_gain":0.0,"max_hp_loss":0.0,"gold_gain":75.0,"event_name":"World of Goop","player_choice":"Gather Gold","floor":2.0,"gold_loss":0.0,"damage_taken":11.0},{"cards_removed":["hermit:Strike_Hermit"],"damage_healed":0.0,"max_hp_gain":0.0,"max_hp_loss":0.0,"gold_gain":0.0,"event_name":"The Cleric","player_choice":"Card Removal","floor":3.0,"gold_loss":50.0,"damage_taken":0.0},{"cards_removed":["hermit:Strike_Hermit"],"damage_healed":0.0,"max_hp_gain":0.0,"max_hp_loss":0.0,"gold_gain":0.0,"event_name":"Bonfire Elementals","player_choice":"Offered Basic","floor":4.0,"gold_loss":0.0,"damage_taken":0.0},{"damage_healed":0.0,"max_hp_gain":0.0,"max_hp_loss":0.0,"gold_gain":56.0,"event_name":"Golden Wing","player_choice":"Gained Gold","floor":8.0,"gold_loss":0.0,"damage_taken":0.0},{"damage_healed":0.0,"max_hp_gain":0.0,"max_hp_loss":0.0,"gold_gain":0.0,"event_name":"The Woman in Blue","player_choice":"Bought 1 Potion","floor":11.0,"gold_loss":0.0,"damage_taken":0.0},{"damage_healed":0.0,"max_hp_gain":0.0,"max_hp_loss":0.0,"gold_gain":0.0,"cards_transformed":["hermit:Strike_Hermit","hermit:Defend_Hermit"],"event_name":"Drug Dealer","player_choice":"Became Test Subject","floor":21.0,"gold_loss":0.0,"damage_taken":0.0,"cards_obtained":["hermit:Dive","hermit:Roughhouse"]},{"damage_healed":0.0,"max_hp_gain":0.0,"max_hp_loss":0.0,"gold_gain":0.0,"event_name":"NoteForYourself","player_choice":"Ignored","floor":28.0,"gold_loss":0.0,"damage_taken":0.0},{"cards_removed":["hermit:Maintenance"],"damage_healed":0,"gold_gain":0,"player_choice":"Purged","damage_taken":0,"max_hp_gain":0,"max_hp_loss":0,"event_name":"Purifier","floor":39,"gold_loss":0},{"cards_removed":["hermit:FlashPowder"],"damage_healed":0,"gold_gain":0,"player_choice":"Removed Skill","damage_taken":0,"max_hp_gain":0,"max_hp_loss":0,"event_name":"Falling","floor":45,"gold_loss":0}],"is_beta":false,"boss_relics":[{"not_picked":["SacredBark","Velvet Choker"],"picked":"bronze:MakeshiftBattery"},{"not_picked":["ReplayTheSpireMod:DimensionalGlitch","Cursed Key"],"picked":"Replay:Grab Bag"},{"not_picked":["ChewingGum","Painkiller Herb"],"picked":"Replay:Wanted Poster"},{"not_picked":["ReplayTheSpireMod:Onyx Gauntlets","Fusion Hammer"],"picked":"Sozu"},{"not_picked":["Replay:Drink Me","Empty Cage"],"picked":"Astrolabe"}],"items_purged_floors":[13,22],"is_endless":false,"potions_floor_spawned":[6,12,16,18,31,35,44],"ascension_level":0}}