{"host":"1lxw72ckkilnkgp7","time":1613851084,"event":{"mods":["ATMod(阿瑾Mod)","BaseMod","BetterRewards","Custom Start","Marisa（F雨　魔理沙）","Minty Spire (QoL Compilation)","Quick Restart","Replay The Spire","Shop Mod","StSLib","The Servant 0.9.4","[功能]功能增强和修复MOD","【功能Mod】聪明的最终Boss"],"gold_per_floor":[11,11,23,23,43,43,377,394,394,529,529,544,563,718,718,1253,1253,1265,1046,1057,905,919,1051,1051,1051,1051,1185,1201,1327,1183,1183,1183,1710,1710,1722,1737,1787,1852,1862,1862,1989,1682,1707,1833,1833,1833,1963,1975,1975,2175,2175,2175,2064,2295,2395],"floor_reached":56,"language":"ZHS","playtime":3606,"items_purged":["Strike_R","Strike_R","Defend_R","Defend_R","Defend_R","Strike_R","Strike_R","Strike_R","Defend_R","Hemokinesis","Sword Boomerang"],"score":3006,"play_id":"e892f756-2f0c-4e7a-b78b-7d43e5cc60e2","local_time":"20210221035804","is_ascension_mode":true,"campfire_choices":[{"data":"AT_FamilyPortrait","floor":6.0,"key":"SMITH"},{"data":"Feed","floor":15.0,"key":"SMITH"},{"data":"Dark Embrace","floor":24.0,"key":"SMITH"},{"floor":32.0,"key":"REST"},{"floor":40,"key":"RECALL"},{"data":"Heavy Blade","floor":46,"key":"SMITH"},{"floor":49,"key":"DIG"}],"circlet_count":0,"master_deck":["AscendersBane","Bash+1","AT_FamilyPortrait+1","Rupture+1","Armaments+1","Shrug It Off+1","AT_ShrugMaster+1","AT_CaressingTears+1","ReplayTheSpireMod:Stacked+1","Bloodletting+1","Feed+1","Heavy Blade+1","Burning Pact+1","Limit Break+1","Offering+1","Offering+1","Feed+1","Impervious+1","Enlightenment+1","Feel No Pain+1","Dark Embrace+1","Dual Wield+1","Barricade+1","Reaper+1","AT_IchimonjiDouble+1","Power Through+1","Evolve+1"],"relics":["Burning Blood","AT_ATBox","AT_ChloranthyRing","AT_TheCollector","BargainBundle","Medical Kit","Toxic Egg 2","FossilizedHelix","TheAbacus","Sundial","PreservedInsect","Replay:Kaleidoscope","Turnip","Ancient Tea Set","Chameleon Ring","Champion Belt","Golden Egg","Electric Blood","Toy Ornithopter","Sling","Omamori","Guide Book","AT_SeraphEmbrace","Gremlin Food","Charon\u0027s Ashes","Kunai","CaptainsWheel","Incense Burner","StoneCalendar","Replay:Grab Bag","ChewingGum","Philosopher\u0027s Stone","Runic Cube","Mango","Red Skull","AT_BellDemon","Lizard Tail","Strawberry","Toolbox","Replay:Wax Seal","Replay:Bottled Flurry","Pen Nib","ReplayTheSpireMod:Spearhead","Vajra","King of Hearts","Mirror","Quantum Egg"],"acts_visited":["Exordium","TheCity","TheBeyond","TheEnding"],"potions_floor_usage":[50],"damage_taken":[{"damage":0.0,"enemies":"Cultist","floor":1.0,"turns":2.0},{"damage":7.0,"enemies":"2 Louse","floor":3.0,"turns":3.0},{"damage":13.0,"enemies":"Small Slimes","floor":5.0,"turns":5.0},{"damage":2.0,"enemies":"3 Sentries","floor":7.0,"turns":4.0},{"damage":3.0,"enemies":"Exordium Thugs","floor":8.0,"turns":4.0},{"damage":0.0,"enemies":"Lagavulin","floor":10.0,"turns":4.0},{"damage":19.0,"enemies":"2 Fungi Beasts","floor":12.0,"turns":4.0},{"damage":0.0,"enemies":"3 Louse","floor":13.0,"turns":3.0},{"damage":10.0,"enemies":"Gremlin Nob","floor":14.0,"turns":3.0},{"damage":26.0,"enemies":"Hexaghost","floor":16.0,"turns":7.0},{"damage":33.0,"enemies":"3 Byrds","floor":18.0,"turns":3.0},{"damage":31.0,"enemies":"2 Thieves","floor":20.0,"turns":3.0},{"damage":28.0,"enemies":"Snake Plant","floor":22.0,"turns":3.0},{"damage":18.0,"enemies":"Slavers","floor":23.0,"turns":3.0},{"damage":14.0,"enemies":"Book of Stabbing","floor":27.0,"turns":3.0},{"damage":18.0,"enemies":"Shelled Parasite and Fungi","floor":28.0,"turns":4.0},{"damage":19.0,"enemies":"Replay:Snechameleon","floor":29.0,"turns":3.0},{"damage":55.0,"enemies":"Automaton","floor":33.0,"turns":5.0},{"damage":19.0,"enemies":"Orb Walker","floor":35.0,"turns":2.0},{"damage":22.0,"enemies":"3 Shapes","floor":36.0,"turns":2.0},{"damage":36,"enemies":"Mind Bloom Boss Battle","floor":37,"turns":4},{"damage":34,"enemies":"Sphere and 2 Shapes","floor":39,"turns":2},{"damage":38,"enemies":"R_Hoarder","floor":41,"turns":6},{"damage":26,"enemies":"Reptomancer","floor":44,"turns":3},{"damage":23,"enemies":"Giant Head","floor":47,"turns":1},{"damage":20,"enemies":"3 Darklings","floor":48,"turns":1},{"damage":68,"enemies":"Donu and Deca","floor":50,"turns":5},{"damage":30,"enemies":"Shield and Spear","floor":54,"turns":1},{"damage":54,"enemies":"The Heart","floor":55,"turns":4}],"seed_played":"8671773538128455362","potions_obtained":[{"floor":3.0,"key":"LifebloodPotion"},{"floor":5.0,"key":"Weak Potion"},{"floor":10.0,"key":"Fruit Juice"},{"floor":12.0,"key":"SpeedPotion"},{"floor":16.0,"key":"FearPotion"},{"floor":22.0,"key":"Weak Potion"},{"floor":27.0,"key":"PowerPotion"},{"floor":28.0,"key":"Block Potion"},{"floor":28.0,"key":"Toxic Potion"},{"floor":33.0,"key":"FearPotion"},{"floor":35.0,"key":"BloodPotion"},{"floor":38,"key":"PowerPotion"},{"floor":52,"key":"Flashbang"}],"is_trial":false,"path_per_floor":["M","?","M","?","M","R","E","M","T","E","?","M","M","E","R","B",null,"M","$","M","$","M","E","R","?","T","E","M","E","$","?","R","B",null,"M","M","?","?","M","R","E","$","T","E","?","R","E","M","R","B",null,"R","$","E","B",null],"character_chosen":"IRONCLAD","items_purchased":["AT_ChloranthyRing","AT_TheCollector","BargainBundle","Rupture","Medical Kit","Toxic Egg 2","Armaments+1","Shrug It Off+1","FossilizedHelix","TheAbacus","AT_ShrugMaster","Sundial","PreservedInsect","Explosive Potion","Toy Ornithopter","Sling","Enlightenment+1","Omamori","Guide Book","CaptainsWheel","Lizard Tail","Strawberry","Toolbox","King of Hearts","Evolve"],"campfire_rested":1,"item_purchase_floors":[0,0,0,0,0,0,0,0,0,0,0,0,0,0,19,19,19,21,21,30,42,42,42,53,53],"current_hp_per_floor":[30,30,29,29,22,22,38,41,41,52,95,86,95,91,91,73,95,76,76,59,59,46,48,48,48,48,44,45,36,36,36,78,43,120,121,123,129,129,137,137,192,199,199,211,211,211,198,219,219,201,215,215,215,223,227],"gold":2395,"neow_bonus":"","is_daily":false,"chose_seed":false,"campfire_upgraded":4,"win_rate":0.0,"timestamp":1613851084,"path_taken":["M","?","M","?","M","R","E","M","T","E","?","M","M","E","R","BOSS","M","$","M","$","M","E","R","?","T","E","M","E","$","?","R","BOSS","M","M","?","?","M","R","E","$","T","E","?","R","E","M","R","BOSS","R","$","E","BOSS"],"items_purchased_type":["Relic","Relic","Relic","Card","Relic","Relic","Card","Card","Relic","Relic","Card","Relic","Relic","Potion","Relic","Relic","Card","Relic","Relic","Relic","Relic","Relic","Relic","Relic","Card"],"build_version":"2020-12-22","purchased_purges":11,"victory":true,"max_hp_per_floor":[80,80,80,80,80,80,80,80,80,85,95,99,102,102,102,102,102,110,110,118,118,122,126,126,126,126,130,138,142,142,142,142,146,146,150,158,188,188,196,196,200,207,207,211,211,211,215,219,219,219,219,219,219,223,227],"card_choices":[{"not_picked":["Twin Strike","Iron Wave"],"picked":"Hemokinesis","floor":1.0},{"not_picked":["Headbutt","Clothesline"],"picked":"AT_CaressingTears+1","floor":1.0},{"not_picked":["Massacre","Anger"],"picked":"ReplayTheSpireMod:Stacked+1","floor":3.0},{"not_picked":["Replay:Undeath\u0027s Touch","Rupture","Havoc+1"],"picked":"SKIP","floor":3.0},{"not_picked":["Armaments+1","Warcry+1"],"picked":"Bloodletting+1","floor":5.0},{"not_picked":["Iron Wave","Disarm+1"],"picked":"Sword Boomerang","floor":5.0},{"not_picked":["Run Through","Shrug It Off+1"],"picked":"AT_Dispersion","floor":7.0},{"not_picked":["Thunderclap","Cleave"],"picked":"Feed","floor":8.0},{"not_picked":["Replay:Undeath\u0027s Touch","ReplayTheSpireMod:Strike From Hell","AT_DrawKnifeCut"],"picked":"SKIP","floor":8.0},{"not_picked":["Body Slam","Carnage"],"picked":"Heavy Blade","floor":10.0},{"not_picked":["Replay:Undeath\u0027s Touch","Massacre","Ghostly Armor+1"],"picked":"SKIP","floor":12.0},{"not_picked":["Dropkick","Abandon+1","Shrug It Off+1"],"picked":"SKIP","floor":12.0},{"not_picked":["Anger","Sword Boomerang"],"picked":"Burning Pact+1","floor":13.0},{"not_picked":["ReplayTheSpireMod:Strike From Hell","Demon Form","Intimidate+1"],"picked":"SKIP","floor":13.0},{"not_picked":["Flame Barrier+1","Carnage"],"picked":"Limit Break+1","floor":14.0},{"not_picked":["Double Tap+1","AT_Dispersion"],"picked":"Offering+1","floor":16.0},{"not_picked":["Corruption","Exhume+1"],"picked":"Offering+1","floor":16.0},{"not_picked":["Corruption","AT_Dispersion"],"picked":"Feed","floor":16.0},{"not_picked":["Demon Form","AT_Dispersion"],"picked":"Impervious+1","floor":16.0},{"not_picked":["Run Through","Replay:Undeath\u0027s Touch","Clothesline"],"picked":"SKIP","floor":18.0},{"not_picked":["Pommel Strike","Dropkick","Body Slam"],"picked":"SKIP","floor":18.0},{"not_picked":["AT_DrawKnifeCut","Life Link"],"picked":"Feel No Pain","floor":20.0},{"not_picked":["Carnage+1","Body Slam","Sword Boomerang"],"picked":"SKIP","floor":20.0},{"not_picked":["AT_ShrugMaster","Run Through"],"picked":"Dark Embrace","floor":22.0},{"not_picked":["Metallicize","Dropkick","ReplayTheSpireMod:Strike From Hell"],"picked":"SKIP","floor":22.0},{"not_picked":["Limit Break+1","Shrug It Off+1","Flame Barrier+1"],"picked":"SKIP","floor":23.0},{"not_picked":["Demonic Infusion+1","Iron Wave"],"picked":"Dual Wield+1","floor":27.0},{"not_picked":["Dark Embrace","Carnage","Replay:Undeath\u0027s Touch"],"picked":"SKIP","floor":28.0},{"not_picked":["Run Through","Clothesline","Dark Embrace"],"picked":"SKIP","floor":28.0},{"not_picked":["Blood for Blood","Body Slam","Clothesline"],"picked":"SKIP","floor":29.0},{"not_picked":["Fiend Fire","Brutality"],"picked":"Barricade","floor":33.0},{"not_picked":["Eclipse+1","Impervious+1"],"picked":"Reaper","floor":33.0},{"not_picked":["Sword Boomerang","Twin Strike+1"],"picked":"AT_IchimonjiDouble+1","floor":35.0},{"not_picked":["Sever Soul","Thunderclap","Replay:Undeath\u0027s Touch"],"picked":"SKIP","floor":35.0},{"not_picked":["Body Slam","AT_IchimonjiDouble","AT_ShrugMaster"],"picked":"SKIP","floor":36.0},{"not_picked":["Heavy Blade+1","Warcry+1","Perfected Strike"],"picked":"SKIP","floor":36.0},{"not_picked":["Inflame","Headbutt","Replay:Undeath\u0027s Touch"],"picked":"SKIP","floor":39},{"not_picked":["Warcry+1","Reckless Charge+1","Iron Wave"],"picked":"SKIP","floor":39},{"not_picked":["Massacre","Dark Embrace","Bloodletting+1"],"picked":"SKIP","floor":41},{"not_picked":["Corruption","AT_GerminateFire+1","Flex+1"],"picked":"SKIP","floor":44},{"not_picked":["Rage+1","Carnage"],"picked":"Power Through+1","floor":47},{"not_picked":["Twin Strike+1","AT_DiedThrough+1","Run Through"],"picked":"SKIP","floor":48},{"not_picked":["Thunderclap","Armaments+1","ReplayTheSpireMod:Muscle Training+1"],"picked":"SKIP","floor":48},{"not_picked":["AT_BodySlamDance+1","Demon Form","AT_IchimonjiDouble"],"picked":"SKIP","floor":54}],"player_experience":132702,"relics_obtained":[{"floor":7.0,"key":"Replay:Kaleidoscope"},{"floor":9.0,"key":"Turnip"},{"floor":10.0,"key":"Ancient Tea Set"},{"floor":14.0,"key":"Chameleon Ring"},{"floor":16.0,"key":"Champion Belt"},{"floor":16.0,"key":"Golden Egg"},{"floor":23.0,"key":"AT_ArchangelStaff"},{"floor":26.0,"key":"Gremlin Food"},{"floor":27.0,"key":"Charon\u0027s Ashes"},{"floor":29.0,"key":"Kunai"},{"floor":33.0,"key":"Incense Burner"},{"floor":33.0,"key":"StoneCalendar"},{"floor":37,"key":"Mango"},{"floor":38,"key":"Red Skull"},{"floor":41,"key":"AT_BellDemon"},{"floor":44,"key":"Replay:Wax Seal"},{"floor":47,"key":"Replay:Bottled Flurry"},{"floor":47,"key":"Pen Nib"},{"floor":48,"key":"ReplayTheSpireMod:Spearhead"},{"floor":49,"key":"Vajra"},{"floor":54,"key":"Mirror"},{"floor":54,"key":"Quantum Egg"}],"event_choices":[{"cards_removed":["AT_Dispersion"],"damage_healed":33.0,"max_hp_gain":10.0,"max_hp_loss":0.0,"gold_gain":0.0,"event_name":"Bonfire Elementals","player_choice":"Offered Rare","floor":11.0,"gold_loss":0.0,"damage_taken":0.0},{"damage_healed":0.0,"max_hp_gain":0.0,"max_hp_loss":0.0,"gold_gain":0.0,"event_name":"Beggar","player_choice":"Ignored","floor":25.0,"gold_loss":0.0,"damage_taken":0.0},{"damage_healed":0.0,"max_hp_gain":0.0,"max_hp_loss":0.0,"gold_gain":0.0,"event_name":"Forgotten Altar","player_choice":"Smashed Altar","floor":31.0,"gold_loss":0.0,"damage_taken":0.0,"cards_obtained":["Decay"]},{"damage_healed":0,"gold_gain":0,"player_choice":"Fight","damage_taken":0,"max_hp_gain":0,"max_hp_loss":0,"event_name":"MindBloom","floor":37,"gold_loss":0},{"damage_healed":0,"gold_gain":0,"player_choice":"Ignored","damage_taken":0,"max_hp_gain":0,"max_hp_loss":0,"event_name":"Tomb of Lord Red Mask","floor":45,"gold_loss":0}],"is_beta":false,"boss_relics":[{"not_picked":["Runic Pyramid","Replay:Ancient Bell"],"picked":"Electric Blood"},{"not_picked":["Replay:Drink Me","Honey Jar"],"picked":"Replay:Grab Bag"},{"not_picked":["Runic Dome","Sozu"],"picked":"ChewingGum"},{"not_picked":["SlaversCollar","Ooze Armor"],"picked":"Philosopher\u0027s Stone"},{"not_picked":["Pandora\u0027s Box","Astrolabe"],"picked":"Runic Cube"}],"items_purged_floors":[0,0,0,0,0,19,19,19,19,19,42],"is_endless":false,"potions_floor_spawned":[3,5,5,7,10,10,10,12,13,16,20,22,22,27,28,28,33,35,36,37,39,41,48,54],"ascension_level":12}}