{"host":"dkr0dog13pegamnp","time":1613817234,"event":{"mods":["AchievementEnabler","BaseMod","Minty Spire (QoL Compilation)","Rare Cards Sparkle","StSLib","SuperFastMode","everything is the same but u backflip on backflip"],"gold_per_floor":[109,109,109,59,79,79,110,110,110,135,135,135,179,210,222,363,375,400,425,437,449,11,44,44,68,68,68,91,111,142,142,142,142,142],"floor_reached":33,"language":"KOR","playtime":862,"items_purged":[],"score":535,"play_id":"522e20f0-5bb8-434a-a3da-8731000e4272","local_time":"20210220193354","is_ascension_mode":true,"campfire_choices":[{"data":"Neutralize","floor":6.0,"key":"SMITH"},{"data":"Footwork","floor":8.0,"key":"SMITH"},{"data":"Noxious Fumes","floor":12.0,"key":"SMITH"},{"data":"Acrobatics","floor":15.0,"key":"SMITH"},{"data":"Noxious Fumes","floor":24,"key":"SMITH"},{"data":"Bouncing Flask","floor":27,"key":"SMITH"},{"data":"Burst","floor":32,"key":"SMITH"}],"circlet_count":0,"master_deck":["AscendersBane","Strike_G","Strike_G","Defend_G","Defend_G","Defend_G","Defend_G","Defend_G","Survivor","Neutralize+1","Acrobatics+1","Footwork+1","Noxious Fumes+1","Burst+1","PiercingWail+1","Noxious Fumes+1","Bouncing Flask+1","Acrobatics","Outmaneuver+1","Flying Knee","Venomology"],"relics":["Ring of the Snake","NeowsBlessing","Ginger","Golden Idol","Eternal Feather","StoneCalendar","MawBank","Sozu","Oddly Smooth Stone","Lee\u0027s Waffle","MealTicket","Toy Ornithopter","Kunai","Nunchaku"],"acts_visited":["Exordium","TheCity"],"potions_floor_usage":[30],"damage_taken":[{"damage":0.0,"enemies":"Jaw Worm","floor":1.0,"turns":1.0},{"damage":0.0,"enemies":"2 Louse","floor":5.0,"turns":1.0},{"damage":0.0,"enemies":"3 Sentries","floor":7.0,"turns":1.0},{"damage":0.0,"enemies":"Small Slimes","floor":10.0,"turns":4.0},{"damage":0.0,"enemies":"Exordium Thugs","floor":11.0,"turns":1.0},{"damage":0.0,"enemies":"Lagavulin","floor":13.0,"turns":7.0},{"damage":11.0,"enemies":"3 Louse","floor":14.0,"turns":4.0},{"damage":13.0,"enemies":"Hexaghost","floor":16.0,"turns":12.0},{"damage":6,"enemies":"Chosen","floor":18,"turns":7},{"damage":0,"enemies":"Shell Parasite","floor":19,"turns":7},{"damage":24,"enemies":"Gremlin Leader","floor":23,"turns":7},{"damage":12,"enemies":"3 Cultists","floor":25,"turns":5},{"damage":17,"enemies":"Chosen and Byrds","floor":28,"turns":6},{"damage":0,"enemies":"Snake Plant","floor":29,"turns":5},{"damage":24,"enemies":"Book of Stabbing","floor":30,"turns":7},{"damage":32,"enemies":"Collector","floor":33,"turns":5}],"seed_played":"4063704055315594615","potions_obtained":[{"floor":1.0,"key":"EntropicBrew"},{"floor":7.0,"key":"Poison Potion"},{"floor":10.0,"key":"EntropicBrew"},{"floor":13.0,"key":"BlessingOfTheForge"}],"is_trial":false,"path_per_floor":["M","?","?","?","M","R","E","R","T","M","M","R","E","M","R","B",null,"M","M","?","?","$","E","R","M","T","R","M","M","E","?","R","B"],"character_chosen":"THE_SILENT","items_purchased":["Oddly Smooth Stone","Lee\u0027s Waffle","MealTicket"],"campfire_rested":0,"item_purchase_floors":[22,22,22],"current_hp_per_floor":[63,45,45,45,45,45,45,51,51,51,51,60,60,49,58,45,60,54,54,54,54,72,48,57,45,45,54,37,37,18,18,30,0,0],"gold":142,"neow_bonus":"THREE_ENEMY_KILL","is_daily":false,"chose_seed":false,"campfire_upgraded":7,"win_rate":0.0,"timestamp":1613817234,"path_taken":["M","?","?","?","M","R","E","R","T","M","?","R","E","M","R","BOSS","M","M","?","?","$","E","R","M","T","R","M","M","E","?","R","BOSS"],"items_purchased_type":["Relic","Relic","Relic"],"build_version":"2020-12-22","purchased_purges":0,"victory":false,"max_hp_per_floor":[70,70,65,65,65,65,65,65,65,65,65,65,65,65,65,65,65,65,65,65,65,72,72,72,72,72,72,72,72,72,72,72,72,72],"card_choices":[{"not_picked":["Accuracy","Finisher","Dodge and Roll"],"picked":"SKIP","floor":1.0},{"not_picked":["Skewer","Underhanded Strike"],"picked":"Acrobatics","floor":5.0},{"not_picked":["Endless Agony","Flying Knee"],"picked":"Footwork","floor":7.0},{"not_picked":["Blade Dance","Dagger Throw"],"picked":"Noxious Fumes","floor":10.0},{"not_picked":["Dash","Leg Sweep","Envenom"],"picked":"SKIP","floor":13.0},{"not_picked":["Underhanded Strike","Quick Slash","Bane"],"picked":"SKIP","floor":14.0},{"not_picked":["Phantasmal Killer","Night Terror"],"picked":"Burst","floor":16.0},{"not_picked":["Flying Knee+1","Predator"],"picked":"PiercingWail+1","floor":18},{"not_picked":["Choke","Flying Knee","Dagger Throw"],"picked":"SKIP","floor":19},{"not_picked":["Endless Agony","Backflip"],"picked":"Bouncing Flask","floor":23},{"not_picked":["Dodge and Roll","Bane+1","Flying Knee"],"picked":"SKIP","floor":25},{"not_picked":["Dodge and Roll","Dagger Throw"],"picked":"Acrobatics","floor":28},{"not_picked":["Outmaneuver+1","Dodge and Roll+1","Cloak And Dagger"],"picked":"SKIP","floor":29},{"not_picked":["Dodge and Roll+1","Cloak And Dagger"],"picked":"Outmaneuver+1","floor":29},{"not_picked":["Acrobatics+1","Slice","Storm of Steel"],"picked":"SKIP","floor":30}],"player_experience":69713,"relics_obtained":[{"floor":7.0,"key":"Eternal Feather"},{"floor":9.0,"key":"StoneCalendar"},{"floor":13.0,"key":"MawBank"},{"floor":23,"key":"Toy Ornithopter"},{"floor":26,"key":"Kunai"},{"floor":30,"key":"Nunchaku"}],"event_choices":[{"damage_healed":0.0,"max_hp_gain":0.0,"max_hp_loss":0.0,"gold_gain":0.0,"event_name":"Scrap Ooze","player_choice":"Success","floor":2.0,"gold_loss":0.0,"damage_taken":18.0,"relics_obtained":["Ginger"]},{"damage_healed":0.0,"max_hp_gain":0.0,"max_hp_loss":5.0,"gold_gain":0.0,"event_name":"Golden Idol","player_choice":"Lose Max HP","floor":3.0,"gold_loss":0.0,"damage_taken":0.0,"relics_obtained":["Golden Idol"]},{"cards_removed":["Strike_G"],"damage_healed":0.0,"max_hp_gain":0.0,"max_hp_loss":0.0,"gold_gain":0.0,"event_name":"The Cleric","player_choice":"Card Removal","floor":4.0,"gold_loss":50.0,"damage_taken":0.0},{"damage_healed":0,"gold_gain":0,"player_choice":"Read","damage_taken":0,"max_hp_gain":0,"max_hp_loss":0,"event_name":"The Library","floor":20,"gold_loss":0,"cards_obtained":["Noxious Fumes"]},{"damage_healed":0,"gold_gain":0,"player_choice":"Ignored","damage_taken":0,"max_hp_gain":0,"max_hp_loss":0,"event_name":"Vampires","floor":21,"gold_loss":0},{"damage_healed":0,"gold_gain":0,"cards_transformed":["Strike_G","Strike_G"],"player_choice":"Became Test Subject","damage_taken":0,"max_hp_gain":0,"max_hp_loss":0,"event_name":"Drug Dealer","floor":31,"gold_loss":0,"cards_obtained":["Flying Knee","Venomology"]}],"is_beta":false,"boss_relics":[{"not_picked":["Astrolabe","Cursed Key"],"picked":"Sozu"}],"items_purged_floors":[],"is_endless":false,"potions_floor_spawned":[1,7,10,13,18,19,28],"killed_by":"Collector","ascension_level":11}}