{"host":"zs3tguvuxkh90jf4","time":1613839993,"event":{"mods":["AchievementEnabler","BaseMod","Better Silent Start","Better-Laid Plans","BetterRewards","Block Reminder","Colored Map","Colored Powertips","Gold Saver","Minty Spire (QoL Compilation)","Shop Mod","StSLib","Transform Curses"],"gold_per_floor":[2030,2045,2045,1052,932,962,977,1007,1007,1007,1037,343,293,308,308,408,408,423,423,423,101,116,146,1780,1795,1795,1810,1810,1840,1855,1870,1870,1970,1970,1985,1258,1273,1273,1273,1273,696,696,721,736,766,766,781,796,796,796],"floor_reached":51,"language":"ENG","playtime":2332,"items_purged":["Brutality","Corruption","Fission","Meteor Strike","Berserk"],"score":885,"play_id":"d966f2e9-8829-4c25-8c70-5451d12a603a","local_time":"20210220085313","daily_mods":["Shiny","Red Cards","DeadlyEvents"],"is_ascension_mode":false,"campfire_choices":[{"data":"Seek","floor":10.0,"key":"SMITH"},{"data":"Storm","floor":15.0,"key":"SMITH"},{"data":"Seeing Red","floor":28,"key":"SMITH"},{"data":"Barricade","floor":32,"key":"SMITH"},{"data":"Body Slam","floor":40,"key":"SMITH"},{"data":"Limit Break","floor":46,"key":"SMITH"},{"data":"Capacitor","floor":49,"key":"SMITH"}],"circlet_count":0,"master_deck":["Double Tap","Demon Form","Bludgeon","Feed","Limit Break+1","Barricade+1","Fiend Fire+1","Impervious","Juggernaut","Reaper","Exhume","Offering","Immolate","Multi-Cast","Hyperbeam","Thunder Strike","Machine Learning","Electrodynamics","Buffer","Seek+1","Echo Form","All For One+1","Reboot","Amplify","Core Surge","Cold Snap","Entrench","Coolheaded","Violence","Loop","Secret Technique","Storm+1","Buffer","Seeing Red+1","Necronomicurse","BootSequence","Redo","Body Slam+1","Entrench+1","Aggregate+1","Capacitor+1"],"relics":["Cracked Core","Nunchaku","Singing Bowl","MerchantsRug","Anchor","Gambling Chip","Oddly Smooth Stone","Bird Faced Urn","Necronomicon","MutagenicStrength","Chemical X","Shuriken","Mercury Hourglass","Bronze Scales","Incense Burner","OrangePellets","Matryoshka","Letter Opener","Busted Crown","Kunai","Meat on the Bone","Membership Card","Toxic Egg 2","Calipers","Ornamental Fan","Centennial Puzzle","MealTicket"],"acts_visited":["Exordium","TheCity","TheBeyond"],"potions_floor_usage":[33,33],"damage_taken":[{"damage":0.0,"enemies":"Cultist","floor":1.0,"turns":2.0},{"damage":13.0,"enemies":"Jaw Worm","floor":2.0,"turns":3.0},{"damage":0.0,"enemies":"3 Sentries","floor":6.0,"turns":2.0},{"damage":0.0,"enemies":"Small Slimes","floor":7.0,"turns":2.0},{"damage":16.0,"enemies":"Gremlin Nob","floor":8.0,"turns":3.0},{"damage":18.0,"enemies":"3 Sentries","floor":11.0,"turns":4.0},{"damage":0.0,"enemies":"Looter","floor":14.0,"turns":2.0},{"damage":15.0,"enemies":"Hexaghost","floor":16.0,"turns":6.0},{"damage":6.0,"enemies":"Spheric Guardian","floor":18.0,"turns":3.0},{"damage":0.0,"enemies":"Chosen","floor":22.0,"turns":3.0},{"damage":42.0,"enemies":"Slavers","floor":23.0,"turns":4.0},{"damage":0,"enemies":"Snecko","floor":25,"turns":3},{"damage":0,"enemies":"Snake Plant","floor":27,"turns":2},{"damage":10,"enemies":"Gremlin Leader","floor":29,"turns":5},{"damage":1,"enemies":"Cultist and Chosen","floor":30,"turns":3},{"damage":0,"enemies":"Centurion and Healer","floor":31,"turns":4},{"damage":24,"enemies":"Collector","floor":33,"turns":6},{"damage":0,"enemies":"3 Shapes","floor":35,"turns":1},{"damage":11,"enemies":"Orb Walker","floor":37,"turns":3},{"damage":10,"enemies":"Writhing Mass","floor":44,"turns":3},{"damage":8,"enemies":"Nemesis","floor":45,"turns":3},{"damage":0,"enemies":"Maw","floor":47,"turns":6},{"damage":0,"enemies":"Jaw Worm Horde","floor":48,"turns":1},{"damage":24,"enemies":"Time Eater","floor":50,"turns":6}],"seed_played":"3618718455484561711","potions_obtained":[{"floor":11.0,"key":"CultistPotion"},{"floor":16.0,"key":"SkillPotion"},{"floor":18.0,"key":"CultistPotion"},{"floor":29,"key":"DuplicationPotion"}],"is_trial":false,"path_per_floor":["M","M","?","$","?","E","M","E","T","R","E","$","?","M","R","B",null,"M","?","?","$","M","E","$","M","T","M","R","E","M","M","R","B",null,"M","$","M","?","?","R","$","?","T","M","E","R","M","M","R","B",null],"character_chosen":"DEFECT","items_purchased":["Nunchaku","Singing Bowl","Coolheaded","MerchantsRug","SneckoOil","AttackPotion","Violence","Bird Faced Urn","BlessingOfTheForge","Fire Potion","Secret Technique","Chemical X","Shuriken","Bronze Scales","Incense Burner","OrangePellets","Kunai","Body Slam","FocusPotion","Meat on the Bone","Membership Card","Toxic Egg 2","Calipers","Entrench+1","SkillPotion"],"campfire_rested":0,"item_purchase_floors":[4,4,4,4,4,4,4,12,12,12,12,21,21,24,24,24,36,36,36,36,41,41,41,41,41],"current_hp_per_floor":[75,65,65,65,65,67,72,58,58,58,55,55,55,61,61,60,94,91,75,75,75,83,49,49,71,71,77,77,89,99,105,105,101,109,111,111,102,102,102,102,102,102,102,94,98,98,111,111,111,99],"gold":796,"neow_bonus":"","is_daily":true,"chose_seed":false,"campfire_upgraded":7,"win_rate":0.0,"timestamp":1613839993,"path_taken":["M","M","?","$","?","E","M","?","T","R","?","$","?","M","R","BOSS","M","?","?","$","M","E","?","M","T","?","R","E","M","M","R","BOSS","M","$","M","?","?","R","$","?","T","M","?","R","M","M","R","BOSS"],"items_purchased_type":["Relic","Relic","Card","Relic","Potion","Potion","Card","Relic","Potion","Potion","Card","Relic","Relic","Relic","Relic","Relic","Relic","Card","Potion","Relic","Relic","Relic","Relic","Card","Potion"],"build_version":"2020-12-22","purchased_purges":5,"victory":true,"max_hp_per_floor":[75,78,78,78,78,80,85,87,87,87,94,94,94,94,94,94,94,97,97,97,97,99,99,99,101,101,103,103,105,107,107,107,109,109,111,111,113,113,107,107,107,107,107,107,109,109,111,111,111,111],"card_choices":[{"not_picked":["Gash","Intimidate"],"picked":"Cold Snap","floor":1.0},{"not_picked":["Clothesline","Dual Wield"],"picked":"Entrench","floor":2.0},{"not_picked":["Heatsinks","FTL","Dark Embrace"],"picked":"Singing Bowl","floor":6.0},{"not_picked":["Sword Boomerang","True Grit","Intimidate"],"picked":"Singing Bowl","floor":7.0},{"not_picked":["Biased Cognition","Dual Wield","Conserve Battery"],"picked":"Singing Bowl","floor":8.0},{"not_picked":["Doom and Gloom","Pommel Strike"],"picked":"Loop","floor":11.0},{"not_picked":["Reinforced Body","Heavy Blade"],"picked":"Storm","floor":14.0},{"not_picked":["Double Tap","Juggernaut"],"picked":"Buffer","floor":16.0},{"not_picked":["Beam Cell","Battle Trance+1"],"picked":"Seeing Red","floor":18.0},{"not_picked":["Cleave","Shrug It Off","Beam Cell"],"picked":"Singing Bowl","floor":22.0},{"not_picked":["Havoc+1","Force Field"],"picked":"BootSequence","floor":23.0},{"not_picked":["Blizzard","Steam","Barrage+1"],"picked":"Singing Bowl","floor":25},{"not_picked":["Headbutt","Battle Trance","Blizzard"],"picked":"Singing Bowl","floor":27},{"not_picked":["Heavy Blade","Warcry","Rainbow"],"picked":"Singing Bowl","floor":29},{"not_picked":["Rebound","Reckless Charge+1","Anger"],"picked":"Singing Bowl","floor":30},{"not_picked":["Hologram","Twin Strike"],"picked":"Redo","floor":31},{"not_picked":["Feed","Fission","Juggernaut"],"picked":"Singing Bowl","floor":33},{"not_picked":["Twin Strike"],"picked":"Singing Bowl","floor":35},{"not_picked":["Rupture"],"picked":"Singing Bowl","floor":37},{"not_picked":[],"picked":"Aggregate+1","floor":44},{"not_picked":["Searing Blow+1"],"picked":"Singing Bowl","floor":45},{"not_picked":["Cleave+1"],"picked":"Singing Bowl","floor":47},{"not_picked":[],"picked":"Capacitor","floor":48}],"player_experience":600795,"relics_obtained":[{"floor":6.0,"key":"Gambling Chip"},{"floor":8.0,"key":"Oddly Smooth Stone"},{"floor":9.0,"key":"Whetstone"},{"floor":11.0,"key":"Strawberry"},{"floor":19.0,"key":"Necronomicon"},{"floor":23.0,"key":"Mercury Hourglass"},{"floor":26,"key":"Matryoshka"},{"floor":29,"key":"Letter Opener"},{"floor":43,"key":"Ornamental Fan"},{"floor":43,"key":"Centennial Puzzle"},{"floor":45,"key":"MealTicket"}],"event_choices":[{"damage_healed":0.0,"max_hp_gain":0.0,"max_hp_loss":0.0,"gold_gain":0.0,"event_name":"Liars Game","player_choice":"Ignored","floor":3.0,"gold_loss":0.0,"damage_taken":0.0},{"damage_healed":0.0,"max_hp_gain":0.0,"max_hp_loss":0.0,"gold_gain":0.0,"event_name":"WeMeetAgain","player_choice":"Paid Gold","floor":5.0,"gold_loss":120.0,"damage_taken":0.0,"relics_obtained":["Anchor"]},{"damage_healed":0.0,"max_hp_gain":0.0,"max_hp_loss":0.0,"gold_gain":0.0,"event_name":"World of Goop","player_choice":"Left Gold","floor":13.0,"gold_loss":50.0,"damage_taken":0.0},{"damage_healed":0.0,"max_hp_gain":0.0,"max_hp_loss":0.0,"gold_gain":0.0,"event_name":"Cursed Tome","player_choice":"Obtained Book","floor":19.0,"gold_loss":0.0,"damage_taken":16.0},{"damage_healed":0.0,"max_hp_gain":0.0,"max_hp_loss":0.0,"gold_gain":0.0,"event_name":"Drug Dealer","player_choice":"Inject Mutagens","floor":20.0,"gold_loss":0.0,"damage_taken":0.0,"relics_obtained":["MutagenicStrength"]},{"damage_healed":0,"gold_gain":0,"player_choice":"Ignored","damage_taken":0,"max_hp_gain":0,"max_hp_loss":0,"event_name":"Mysterious Sphere","floor":38,"gold_loss":0},{"damage_healed":0,"gold_gain":0,"player_choice":"Max HP","damage_taken":0,"max_hp_gain":0,"max_hp_loss":6,"event_name":"Winding Halls","floor":39,"gold_loss":0},{"cards_removed":["Rainbow"],"damage_healed":0,"gold_gain":0,"player_choice":"Removed Skill","damage_taken":0,"max_hp_gain":0,"max_hp_loss":0,"event_name":"Falling","floor":42,"gold_loss":0}],"is_beta":false,"boss_relics":[{"not_picked":["Tiny House","Runic Dome"],"picked":"Empty Cage"},{"not_picked":["Astrolabe","Cursed Key"],"picked":"Busted Crown"}],"items_purged_floors":[4,12,24,36,41],"is_endless":false,"potions_floor_spawned":[11,14,16,18,29,30,44,45],"ascension_level":0}}