{"host":"d6oxvn0vsgxeumax","time":1613779543,"event":{"mods":["BaseMod","Better Altar","Better Match","Better Note","Better Sensory Stone","Better Skull","Better Third Choice","BetterRewards","Bossed Relics","Colored Map","Colored Powertips","Defuse TimeMaze Blight","Downfall","Hubris","Infinite Spire","Minty Spire (QoL Compilation)","Relic Sorter","Replay The Spire","Shop Mod","Spicy Shops","Spire Arcade","StSLib","The Bug Knight","Uncapped"],"gold_per_floor":[99,119,119,269,289,189,189,209,309,209,222,251,275,305,320,417,417,317,335,335,335,335,363,363,374,13,13,13,13,54,54,80,286,286,286,308,308,308,328,317,317,342,221,221,256,225,225,197,180,290,290,290,290],"floor_reached":51,"language":"ENG","playtime":2735,"items_purged":["Regret","Regret"],"score":863,"play_id":"a62ce5dd-2215-4ce1-a820-6c1415811082","local_time":"20210219180543","is_ascension_mode":true,"campfire_choices":[{"floor":1.0,"key":"RECALL"},{"data":"hexamod:Float","floor":6.0,"key":"SMITH"},{"data":"hexamod:Incineration","floor":10.0,"key":"SMITH"},{"data":"hexamod:SearingWound","floor":18.0,"key":"SMITH"},{"data":"hexamod:WildfireWeapon","floor":27.0,"key":"SMITH"},{"data":"hexamod:TimeOfNeed","floor":29.0,"key":"SMITH"},{"data":"hexamod:FlameSwitch","floor":35.0,"key":"SMITH"},{"floor":47.0,"key":"REST"}],"circlet_count":0,"master_deck":["Backflip+1","hexamod:Strike+1","hexamod:Strike+1","hexamod:Defend","hexamod:Defend+1","hexamod:Defend","hexamod:Sear","hexamod:Float+1","hexamod:ApocalypseNow+1","hexamod:NightmareStrike+1","hexamod:Incineration+1","hexamod:PhantomFireball+1","hexamod:NightmareStrike","hexamod:SearingWound+1","hexamod:WildfireWeapon+1","hexamod:FlamesFromBeyond+1","infinitespire:Fortify+1","hexamod:ThirdSeal","hexamod:SecondSeal","ReplayTheSpireMod:Book of Names+1","hexamod:TimeOfNeed+1","hexamod:SixthSeal","hexamod:Incineration+1","hexamod:FlameSwitch+1","hexamod:SearingWound+1","hexamod:UnleashSpirits+1","hexamod:RainOfEmbers+1","hexamod:FourthSeal","hexamod:Toasty+1"],"relics":["hexamod:SpiritBrand","hubris:Icosahedron","Ancient Tea Set","downfall:HeartBlessingRed","downfall:HeartBlessingBlue","Replay:Mystery Machine","HollowMod:StagPassRelic","hexamod:IceCube","downfall:HeartBlessingGreen","hexamod:UnbrokenSoul","Replay:PocketPolymizer","Singing Bowl","Pantograph","hubris:GlazedTorus","MerchantsRug","Juzu Bracelet","sneckomod:SneckoTalon","infinitespire:CursedDice","Frozen Egg 2","Membership Card","Guide Book","sneckomod:BlankCard","hubris:Zylophone","Slimebound:PreparedRelic","hubris:HollowSoul"],"acts_visited":["Exordium","TheCity","TheBeyond"],"potions_floor_usage":[50,50],"damage_taken":[{"damage":0.0,"enemies":"2 Louse","floor":2.0,"turns":2.0},{"damage":2.0,"enemies":"Jaw Worm","floor":5.0,"turns":3.0},{"damage":0.0,"enemies":"Cultist","floor":8.0,"turns":2.0},{"damage":0.0,"enemies":"downfall:LooterAlt","floor":11.0,"turns":2.0},{"damage":4.0,"enemies":"Gremlin Nob","floor":12.0,"turns":3.0},{"damage":17.0,"enemies":"3 Sentries","floor":14.0,"turns":5.0},{"damage":2.0,"enemies":"Blue Slaver","floor":15.0,"turns":3.0},{"damage":10.0,"enemies":"SI_SHIV_ARCHETYPE","floor":16.0,"turns":5.0},{"damage":2.0,"enemies":"Shell Parasite","floor":19.0,"turns":2.0},{"damage":0.0,"enemies":"downfall:FleeingMerchant","floor":21.0,"turns":1.0},{"damage":39.0,"enemies":"Slavers","floor":23.0,"turns":4.0},{"damage":0.0,"enemies":"Chosen","floor":25.0,"turns":3.0},{"damage":8.0,"enemies":"downfall:FleeingMerchant","floor":26.0,"turns":4.0},{"damage":9.0,"enemies":"Nightmare","floor":30.0,"turns":4.0},{"damage":20.0,"enemies":"Sentry and Sphere","floor":32.0,"turns":4.0},{"damage":28.0,"enemies":"WA_ARCHETYPE_CALM","floor":33.0,"turns":7.0},{"damage":37.0,"enemies":"3 Shapes","floor":36.0,"turns":3.0},{"damage":31.0,"enemies":"3 Darklings","floor":39.0,"turns":4.0},{"damage":29.0,"enemies":"R_Hoarder","floor":40.0,"turns":6.0},{"damage":27.0,"enemies":"Spire Growth","floor":42.0,"turns":5.0},{"damage":0.0,"enemies":"downfall:FleeingMerchant","floor":43.0,"turns":4.0},{"damage":24.0,"enemies":"Nemesis","floor":45.0,"turns":5.0},{"damage":0.0,"enemies":"Jaw Worm Horde","floor":46.0,"turns":4.0},{"damage":0.0,"enemies":"Writhing Mass","floor":48.0,"turns":3.0},{"damage":10.0,"enemies":"Maw","floor":49.0,"turns":6.0},{"damage":78,"enemies":"DF_ARCHETYPE_ORBS","floor":50,"turns":6}],"seed_played":"1288705075721932220","potions_obtained":[{"floor":2.0,"key":"Fire Potion"},{"floor":5.0,"key":"Adrenaline Potion"},{"floor":11.0,"key":"Swift Potion"},{"floor":19.0,"key":"FearPotion"},{"floor":30.0,"key":"infinitespire:BlackPotion"},{"floor":43.0,"key":"Weak Potion"},{"floor":45.0,"key":"sneckomod:MuddlingPotion"},{"floor":45.0,"key":"Guardian:BlockOnCardUsePotion"},{"floor":48.0,"key":"Flashbang"},{"floor":49.0,"key":"infinitespire:BlackPotion"},{"floor":50,"key":"LiquidBronze"},{"floor":50,"key":"SpeedPotion"}],"is_trial":false,"path_per_floor":["R","M","?","?","M","R","T","M","?","R","M","E","T","E","M","B",null,"R","M","AVR","$","?","E","T","M","$","R","?","R","NM","?","M","B",null,"R","M","?","?","M","E","T","M","$","?","E","M","R","M","M","B",null],"character_chosen":"THE_SPIRIT","items_purchased":["hubris:GlazedTorus","Lee\u0027s Waffle","MerchantsRug","Membership Card","Guide Book","sneckomod:BlankCard","hubris:Zylophone"],"campfire_rested":1,"item_purchase_floors":[26,26,26,43,43,43,43],"current_hp_per_floor":[70,70,70,70,68,68,68,68,68,78,78,74,74,57,55,45,80,80,78,78,78,78,41,41,41,89,89,89,89,82,82,64,61,93,93,58,95,95,68,43,43,18,22,26,6,10,46,48,42,80,80,80,80],"gold":290,"neow_bonus":"ONE_RANDOM_RARE_CARD","is_daily":false,"chose_seed":false,"campfire_upgraded":6,"win_rate":0.0,"timestamp":1613779543,"path_taken":["R","M","?","?","M","R","T","M","?","R","M","E","?","E","M","BOSS","R","M","AVR","?","?","E","T","?","$","R","?","R","NM","?","M","BOSS","R","M","?","?","M","E","T","M","$","?","E","M","R","M","M","BOSS"],"items_purchased_type":["Relic","Relic","Relic","Relic","Relic","Relic","Relic"],"build_version":"2020-12-22","purchased_purges":2,"victory":false,"max_hp_per_floor":[70,70,70,70,70,70,70,70,70,80,80,80,80,80,80,80,80,80,80,80,80,80,82,82,82,89,89,89,89,91,91,93,93,93,93,95,95,95,99,103,103,105,109,113,117,121,121,123,127,131,131,131,131],"card_choices":[{"not_picked":["hexamod:Hexaguard","hexamod:Again","hexamod:GhostOfSpirePast"],"picked":"SKIP","floor":2.0},{"not_picked":["hexamod:AdvancingGuard","hexamod:FastForward"],"picked":"hexamod:NightmareStrike","floor":5.0},{"not_picked":["hexamod:NightmareStrike","hexamod:SwordOfDarkness"],"picked":"hexamod:Incineration","floor":8.0},{"not_picked":["hexamod:GhostOfSpirePast","hexamod:AdvancingGuard"],"picked":"hexamod:PhantomFireball","floor":11.0},{"not_picked":["hexamod:Rewind","hexamod:RecurringNightmare"],"picked":"hexamod:NightmareStrike","floor":12.0},{"not_picked":["hexamod:BacktrackSmack","hexamod:Hexaguard"],"picked":"hexamod:SearingWound","floor":14.0},{"not_picked":["hexamod:SuperheatedStrike","hexamod:PhantomFireball","hexamod:FastForward"],"picked":"SKIP","floor":15.0},{"not_picked":["hexamod:VolcanoVisage","hexamod:ParanormalForm"],"picked":"hexamod:WildfireWeapon","floor":16.0},{"not_picked":["hexamod:GhostShield","hexamod:InspiringFlames"],"picked":"hexamod:FlamesFromBeyond","floor":19.0},{"not_picked":["hexamod:BurningTouch","hexamod:FastForward","hexamod:StepThrough+1"],"picked":"Singing Bowl","floor":23.0},{"not_picked":["hexamod:NightmareStrike","hexamod:SpectersWail"],"picked":"hexamod:ThirdSeal","floor":25.0},{"not_picked":["hexamod:GhostOfSpirePast+1","hexamod:ThermalTransfer"],"picked":"hexamod:SecondSeal","floor":26.0},{"not_picked":["hexamod:FlamesFromBeyond","hexamod:Haunt","hexamod:GhostOfSpireFuture+1"],"picked":"Singing Bowl","floor":30.0},{"not_picked":["hexamod:GhostOfSpirePresent","hexamod:FlamesFromBeyond"],"picked":"hexamod:SixthSeal","floor":30.0},{"not_picked":["hexamod:InspiringFlames","hexamod:NightmareGuise"],"picked":"hexamod:Incineration","floor":32.0},{"not_picked":["hexamod:ChargedBarrage","hexamod:AdvancingGuard","hexamod:RetreatToShadows"],"picked":"Singing Bowl","floor":32.0},{"not_picked":["hexamod:GhostflameInferno","hexamod:WildfireWeapon"],"picked":"hexamod:FlameSwitch","floor":33.0},{"not_picked":["hexamod:GhostflameInferno","hexamod:ApocalypticArmor"],"picked":"hexamod:SearingWound","floor":33.0},{"not_picked":["hexamod:ExtraCrispy","hexamod:InspiringFlames"],"picked":"hexamod:RainOfEmbers","floor":36.0},{"not_picked":["hexamod:SpectersWail+1","hexamod:HeatMetal+1","hexamod:ExtraCrispy"],"picked":"Singing Bowl","floor":36.0},{"not_picked":["hexamod:InspiringFlames","hexamod:FastForward+1","hexamod:SuperheatedStrike"],"picked":"Singing Bowl","floor":39.0},{"not_picked":["hexamod:ShieldOfDarkness+1","hexamod:StepThrough","hexamod:BurningTouch"],"picked":"Singing Bowl","floor":39.0},{"not_picked":["hexamod:TimeWarp","hexamod:Hexaguard","hexamod:BacktrackSmack"],"picked":"Singing Bowl","floor":40.0},{"not_picked":["hexamod:Haunt+1","hexamod:RainOfEmbers+1","hexamod:RadiantFlame"],"picked":"Singing Bowl","floor":40.0},{"not_picked":["hexamod:NightmareStrike","hexamod:GhostLash+1"],"picked":"hexamod:FourthSeal","floor":42.0},{"not_picked":["hexamod:ThermalTransfer+1","hexamod:PowerFromBeyond+1","hexamod:InspiringFlames+1"],"picked":"Singing Bowl","floor":42.0},{"not_picked":["hexamod:Hexaguard","hexamod:SwordOfDarkness+1","hexamod:FastForward"],"picked":"Singing Bowl","floor":43.0},{"not_picked":["hexamod:FastForward","hexamod:NightmareGuise+1","hexamod:HexaLevel+1"],"picked":"Singing Bowl","floor":43.0},{"not_picked":["Enlightenment","hubris:Ssssneak","Purity"],"picked":"Singing Bowl","floor":44.0},{"not_picked":["Replay:Sssssssssstrike","Replay:Sssssssssshield","hubris:Ssssneak"],"picked":"Singing Bowl","floor":44.0},{"not_picked":["hexamod:Rewind+1","hexamod:Again","hexamod:AdvancingGuard+1"],"picked":"Singing Bowl","floor":45.0},{"not_picked":["hexamod:PhantomCloak+1","hexamod:AdvancingGuard","hexamod:ShieldOfDarkness"],"picked":"Singing Bowl","floor":45.0},{"not_picked":["hexamod:DynamicBlow+1","hexamod:Rewind","hexamod:ChargedBarrage+1"],"picked":"Singing Bowl","floor":46.0},{"not_picked":["hexamod:HauntingEcho","hexamod:SecondSeal","hexamod:ChargedBarrage+1"],"picked":"Singing Bowl","floor":46.0},{"not_picked":["hexamod:PhantomCloak+1","hexamod:HeatCrush+1","hexamod:SkipABeat+1"],"picked":"Singing Bowl","floor":48.0},{"not_picked":["hexamod:FlamesFromBeyond+1","hexamod:PhantomFireball","hexamod:ThermalTransfer"],"picked":"Singing Bowl","floor":49.0},{"not_picked":["hexamod:ExtraCrispy+1","hexamod:GhostOfSpireFuture+1","hexamod:TimeOfNeed"],"picked":"Singing Bowl","floor":49.0},{"not_picked":["hexamod:FlameSwitch","hexamod:WildfireWeapon+1","hexamod:ApocalypticArmor+1"],"picked":"Singing Bowl","floor":50},{"not_picked":["hexamod:GhostOfSpirePresent+1","hexamod:HexaLevel+1","hexamod:ParanormalForm+1"],"picked":"Singing Bowl","floor":50}],"player_experience":1128579,"relics_obtained":[{"floor":12.0,"key":"Centennial Puzzle"},{"floor":13.0,"key":"Replay:Mystery Machine"},{"floor":14.0,"key":"HollowMod:StagPassRelic"},{"floor":22.0,"key":"Singing Bowl"},{"floor":23.0,"key":"Whetstone"},{"floor":24.0,"key":"Pantograph"},{"floor":30.0,"key":"Juzu Bracelet"},{"floor":40.0,"key":"infinitespire:CursedDice"},{"floor":41.0,"key":"Frozen Egg 2"},{"floor":45.0,"key":"Slimebound:PreparedRelic"}],"event_choices":[{"damage_healed":0.0,"max_hp_gain":0.0,"max_hp_loss":0.0,"gold_gain":0.0,"event_name":"Big Fish","player_choice":"Box","floor":3.0,"gold_loss":0.0,"damage_taken":0.0,"relics_obtained":["Ancient Tea Set"],"cards_obtained":["Regret"]},{"damage_healed":0.0,"max_hp_gain":0.0,"max_hp_loss":0.0,"gold_gain":0.0,"event_name":"Big Fish","player_choice":"Box","floor":21.0,"gold_loss":0.0,"damage_taken":0.0,"relics_obtained":["Simple Rune"],"cards_obtained":["Regret"]},{"damage_healed":0.0,"max_hp_gain":0.0,"max_hp_loss":0.0,"gold_gain":0.0,"event_name":"Wheel of Change","player_choice":"Relic","floor":22.0,"gold_loss":0.0,"damage_taken":0.0},{"cards_removed":["ReplayTheSpireMod:Book of Names"],"damage_healed":0.0,"max_hp_gain":0.0,"max_hp_loss":0.0,"gold_gain":0.0,"event_name":"betterNote:BetterNote","player_choice":"Take \u0026 Give","floor":28.0,"gold_loss":0.0,"damage_taken":0.0,"cards_obtained":["ReplayTheSpireMod:Book of Names"]},{"damage_healed":37.0,"max_hp_gain":0.0,"max_hp_loss":0.0,"gold_gain":0.0,"event_name":"Wheel of Change","player_choice":"Full Heal","floor":37.0,"gold_loss":0.0,"damage_taken":0.0},{"damage_healed":0.0,"max_hp_gain":0.0,"max_hp_loss":0.0,"gold_gain":3.0,"event_name":"betterStone:BetterStone","player_choice":"1","floor":44.0,"gold_loss":0.0,"damage_taken":0.0}],"is_beta":false,"boss_relics":[{"not_picked":["Busted Crown","SacredBark"],"picked":"hexamod:IceCube"},{"not_picked":["expansioncontent:StudyCardRelic","hubris:Stopwatch"],"picked":"sneckomod:SneckoTalon"},{"not_picked":["bronze:MakeshiftBattery","Black Star"],"picked":"hubris:HollowSoul"}],"items_purged_floors":[20,26],"is_endless":true,"potions_floor_spawned":[2,5,11,19,30,32,33,39,40,45,48,50],"ascension_level":1}}