{"host":"bx8ylsmj2ob6hd5u","time":1613802456,"event":{"mods":["AchievementEnabler","Act Like it!","Aspiration","BaseMod","Colored Map","Downfall","Duelist Mod","Friendly Minions","Gensokyo","GifTheSpireLib","Hallownest","Hermit","HololiveMod","Hubris","Infinite Spire","Jorbs\u0027s Wanderer Trilogy","KinomotoSakuraMod(????)","Kiyohime????","Koishi","KomeijiMod","Lobotomy","LobotomyExtend","Marisa????????","Minty Spire (QoL Compilation)","Prisma Mod","Rare Cards Sparkle","Reimu??????","Remilia??????","Replay The Spire","StSLib","Td1madao Mod","The Administrix","The Animator","The Bug Knight","The Construct","The Cursed","The Disciple","The Hierophant","The Necromancer","The Poker Player","The Runesmith","The Senshi","The Servant 0.9.4","WarShipGirlsR/????R mod"],"gold_per_floor":[170,187,198,198,305,322,322,334,405,419,87,100,100,110,110,206,206,206,223,223,238,256,256,269,280,280,299,312,312,312,10,10,110,110,124,140,157,157,157,157,175,195,222,222,253,13,13,26,26,26],"floor_reached":51,"language":"ENG","playtime":4055,"items_purged":[],"score":677,"play_id":"b060709f-057b-4b13-9d7c-8413f6b84f09","local_time":"20210220082736","is_ascension_mode":false,"campfire_choices":[{"data":"BadLadyScramble","floor":7.0,"key":"SMITH"},{"data":"Mayhem","floor":13.0,"key":"SMITH"},{"data":"QueenOfMidnight","floor":15.0,"key":"SMITH"},{"data":"ThirstForBlood","floor":23.0,"key":"SMITH"},{"floor":30.0,"key":"REST"},{"floor":32.0,"key":"REST"},{"data":"PartStrengthen","floor":40.0,"key":"SMITH"},{"floor":44,"key":"REST"},{"data":"FateSonata","floor":47,"key":"SMITH"},{"floor":49,"key":"REST"}],"circlet_count":0,"master_deck":["Strike_Remiria","Strike_Remiria","Strike_Remiria","Strike_Remiria","Defend_Remirira","Defend_Remirira","Defend_Remirira","Defend_Remirira","Absorbed","Scratch","Flash of Steel","SeparateFleshBlood","RemiliaStalker+1","FateMeister","BadLadyScramble+1","BathedInBlood","ThirstForBlood+1","CruelSlaughter","StigmaNizer","QueenOfMidnight+1","Mayhem+1","ChainGang","FateConcerto","Cripple","DemonLordWalk+1","DemonsDinnerFork_Remiria+1","PartStrengthen+1","VampireClaw","ScarletNetherworld","CurseofVladTepes+1","FateSonata+1","BloodPact+1","SealingFear","TricksterDevil+1","NaturallyHealing+1","Impregnable","DamonLordCradle_Remiria","PartStrengthen+1"],"relics":["ThirstyCrossSpe","LetterFromLob","InkBottle","Pen Nib","bronze:MakeshiftBattery","Frozen Egg 2","ChewingGum","Hololive_LightStick","aspiration:Nostalgia","KSMOD_SealedWand","infinitespire:PuzzleCube","SlaversCollar","Bronze Scales","Gremlin Horn","infinitespire:BottledMercury"],"acts_visited":["Exordium","TheCity","TheCity"],"potions_floor_usage":[45],"damage_taken":[{"damage":0.0,"enemies":"Hallownest:monsterHuskWarrior","floor":1.0,"turns":3.0},{"damage":2.0,"enemies":"Hallownest:monsterHuskGuard","floor":2.0,"turns":4.0},{"damage":0.0,"enemies":"Hallownest:2_MossCreeps","floor":3.0,"turns":4.0},{"damage":24.0,"enemies":"Hallownest:monsterFoolEater","floor":6.0,"turns":5.0},{"damage":11.0,"enemies":"Hallownest:MossCreep_and_Mosskin","floor":8.0,"turns":6.0},{"damage":0.0,"enemies":"Hallownest:monsterAspidMother","floor":10.0,"turns":4.0},{"damage":0.0,"enemies":"Hallownest:monsterMossCharger","floor":12.0,"turns":5.0},{"damage":16.0,"enemies":"Hallownest:Wandering_and_Horned","floor":14.0,"turns":4.0},{"damage":18.0,"enemies":"Hallownest:BossBrokenVessel","floor":16.0,"turns":7.0},{"damage":11.0,"enemies":"Shell Parasite","floor":19.0,"turns":5.0},{"damage":1.0,"enemies":"Chosen","floor":21.0,"turns":4.0},{"damage":18.0,"enemies":"Centurion and Healer","floor":22.0,"turns":5.0},{"damage":3.0,"enemies":"Snecko","floor":24.0,"turns":4.0},{"damage":18.0,"enemies":"Shelled Parasite and Fungi","floor":25.0,"turns":2.0},{"damage":21.0,"enemies":"Snake Plant","floor":27.0,"turns":5.0},{"damage":12.0,"enemies":"3 Cultists","floor":28.0,"turns":4.0},{"damage":11.0,"enemies":"Collector","floor":33.0,"turns":6.0},{"damage":0.0,"enemies":"Hallownest:2_Littles","floor":35.0,"turns":2.0},{"damage":15.0,"enemies":"Hallownest:3_Siblings","floor":36.0,"turns":6.0},{"damage":2.0,"enemies":"Hallownest:Shield_Sturdy","floor":37.0,"turns":5.0},{"damage":17,"enemies":"Hallownest:monsterPrimalAspid","floor":41,"turns":4},{"damage":27,"enemies":"Hallownest:Xero_Hu_Marmu","floor":42,"turns":10},{"damage":5,"enemies":"Hallownest:eliteHiveKnight","floor":45,"turns":5},{"damage":35,"enemies":"Hallownest:2_Wing_and_1_Kings","floor":48,"turns":6},{"damage":51,"enemies":"Hallownest:BossHollowKnight","floor":50,"turns":9}],"seed_played":"334628958167239174","potions_obtained":[{"floor":1.0,"key":"BlessingOfTheForge"},{"floor":3.0,"key":"champ:CounterPotion"},{"floor":8.0,"key":"UndeadPotion"},{"floor":10.0,"key":"ColorlessPotion"},{"floor":19.0,"key":"DistilledChaos"},{"floor":24.0,"key":"Death Potion"},{"floor":25.0,"key":"BlessingOfTheForge"},{"floor":27.0,"key":"Death Potion"},{"floor":35.0,"key":"LifebloodPotion"},{"floor":42,"key":"bronze:BurnAndBuffPotion"}],"is_trial":false,"path_per_floor":["M","M","M","?","?","M","R","M","T","M","$","M","R","M","R","B",null,"M","M","?","M","M","R","M","M","T","M","M","AVR","R","$","R","B",null,"M","M","M","?","?","R","M","M","T","R","E","$","R","M","R","B",null],"character_chosen":"RemiriaScarlet","items_purchased":["Mayhem","Pen Nib","aspiration:Nostalgia","infinitespire:PuzzleCube","infinitespire:BottledMercury"],"campfire_rested":4,"item_purchase_floors":[11,11,31,31,46],"current_hp_per_floor":[100,98,98,98,73,49,49,38,38,38,38,38,38,23,23,17,100,100,89,89,88,70,70,67,49,49,28,16,16,46,46,76,73,100,100,88,86,86,95,95,79,52,52,80,79,79,79,51,79,46],"gold":26,"neow_bonus":"RANDOM_COLORLESS","is_daily":false,"chose_seed":false,"campfire_upgraded":6,"win_rate":0.0,"timestamp":1613802456,"path_taken":["M","?","M","?","?","M","R","?","T","M","?","M","R","M","R","BOSS","M","M","?","M","M","R","M","M","T","?","M","AVR","R","$","R","BOSS","M","?","M","?","?","R","M","M","T","R","E","$","R","?","R","BOSS"],"items_purchased_type":["Card","Relic","Relic","Relic","Relic"],"build_version":"2020-12-22","purchased_purges":0,"victory":true,"max_hp_per_floor":[100,100,100,100,100,100,100,100,100,100,100,100,100,100,100,100,100,100,100,100,100,100,100,100,100,100,100,100,100,100,100,100,100,100,100,100,100,95,95,95,95,95,95,95,95,95,95,95,95,95],"card_choices":[{"not_picked":["Purity","GradualImprovement"],"picked":"Flash of Steel","floor":0.0},{"not_picked":["DoubleEdge","FastHealing"],"picked":"SeparateFleshBlood","floor":1.0},{"not_picked":["BodyStrengthen","Warpath"],"picked":"RemiliaStalker","floor":2.0},{"not_picked":["ScarletNetherworld","FierceSweep"],"picked":"FateMeister","floor":3.0},{"not_picked":["FierceSweep","Culling"],"picked":"BadLadyScramble","floor":5.0},{"not_picked":["ThePrice","BloodySuit"],"picked":"BathedInBlood","floor":5.0},{"not_picked":["BloodCollect","ScarletNetherworld"],"picked":"ThirstForBlood","floor":5.0},{"not_picked":["BloodCollect","BloodCleaner"],"picked":"CruelSlaughter","floor":6.0},{"not_picked":["Paradox","FierceSweep"],"picked":"StigmaNizer","floor":8.0},{"not_picked":["TricksterDevil","YoungDemonLord"],"picked":"QueenOfMidnight","floor":10.0},{"not_picked":["Tearing","ServantFlier"],"picked":"ChainGang","floor":12.0},{"not_picked":["ServantFlier","RocketKickup"],"picked":"FateCollect","floor":14.0},{"not_picked":["BombardNight","QueenOfMidnight"],"picked":"FateConcerto","floor":16.0},{"not_picked":["LifeBreak","BloodyMagicSquare"],"picked":"Cripple","floor":19.0},{"not_picked":["SeparateFleshBlood+1","LifeBreak"],"picked":"DemonLordWalk+1","floor":21.0},{"not_picked":["Cripple+1","DoubleEdge"],"picked":"DemonsDinnerFork_Remiria+1","floor":22.0},{"not_picked":["ServantFlier","BloodCollect+1"],"picked":"PartStrengthen","floor":24.0},{"not_picked":["FateMeister","BloodCollect+1"],"picked":"VampireClaw","floor":25.0},{"not_picked":["ThirstForBlood","BloodySuit"],"picked":"ScarletNetherworld","floor":27.0},{"not_picked":["DemonsDinnerFork_Remiria+1","BodyStrengthen"],"picked":"CurseofVladTepes+1","floor":28.0},{"not_picked":["HeartBreak_Remiria","RedtheNightlessCastle"],"picked":"FateSonata","floor":33.0},{"not_picked":["CruelSlaughter+1","SeparateFleshBlood+1"],"picked":"BloodPact+1","floor":35.0},{"not_picked":["Feint","CruelSlaughter"],"picked":"SealingFear","floor":36.0},{"not_picked":["Culling+1","BloodySuit"],"picked":"TricksterDevil+1","floor":37.0},{"not_picked":["FateMeister+1","BloodCleaner"],"picked":"NaturallyHealing+1","floor":41},{"not_picked":["NightDance","Warpath"],"picked":"Impregnable","floor":42},{"not_picked":["FastHealing+1","NightDance"],"picked":"DamonLordCradle_Remiria","floor":45},{"not_picked":["DoubleEdge","BloodCollect"],"picked":"PartStrengthen+1","floor":48}],"player_experience":1596172,"relics_obtained":[{"floor":1.0,"key":"LetterFromLob"},{"floor":9.0,"key":"InkBottle"},{"floor":26.0,"key":"Frozen Egg 2"},{"floor":43,"key":"Bronze Scales"},{"floor":45,"key":"Gremlin Horn"}],"event_choices":[{"cards_removed":["FateCollect"],"damage_healed":0.0,"max_hp_gain":0.0,"max_hp_loss":0.0,"gold_gain":0.0,"event_name":"Purifier","player_choice":"Purged","floor":20.0,"gold_loss":0.0,"damage_taken":0.0}],"is_beta":false,"boss_relics":[{"not_picked":["hubris:HollowSoul","aspiration:RunicSpoon"],"picked":"bronze:MakeshiftBattery"},{"not_picked":["construct:WeddingRing","aspiration:MobileForge"],"picked":"SlaversCollar"}],"items_purged_floors":[],"is_endless":false,"potions_floor_spawned":[1,3,8,10,19,24,25,27,35,42],"ascension_level":0}}