{"host":"s41rn2jhghpwfrvz","time":1613826512,"event":{"mods":["BaseMod","Minty Spire (QoL Compilation)","Quick Restart","Relic Stats","SuperFastMode"],"gold_per_floor":[116,41,55,55,66,93,108,141,164,196,233,258,270,116,116,190,190,208,223,148,162,162,189,217,251,276,304,304,332,332,345,345,421,421,440,458,56,67,67,95,95,125,149,182,182,200,211,240,240,240,240,240,240,25,60,60],"floor_reached":57,"language":"ENG","playtime":2003,"items_purged":["Blade Dance+1","Acrobatics"],"score":3930,"play_id":"bf10112f-73f9-480e-b730-9b8c34f69e65","local_time":"20210220150832","daily_mods":["SealedDeck","Diverse","DeadlyEvents"],"is_ascension_mode":true,"campfire_choices":[{"data":"Recycle","floor":13,"key":"SMITH"},{"data":"Blade Dance","floor":15,"key":"SMITH"},{"floor":28,"key":"RECALL"},{"data":"Shrug It Off","floor":32,"key":"SMITH"},{"data":"Grand Finale","floor":45,"key":"SMITH"},{"data":"Skim","floor":49,"key":"SMITH"},{"data":"Footwork","floor":53,"key":"SMITH"}],"circlet_count":0,"master_deck":["AscendersBane","Reinforced Body","Sweeping Beam+1","Shrug It Off+1","Footwork+1","Escape Plan","Inflame","Recycle+1","Grand Finale+1","Skim+1","Berserk+1"],"relics":["Burning Blood","Red Skull","Whetstone","MawBank","Bag of Marbles","OrangePellets","Runic Pyramid","MutagenicStrength","Champion Belt","Turnip","Art of War","Frozen Egg 2","Runic Dome","Mummified Hand","MealTicket","Happy Flower","Bag of Preparation","Smiling Mask","Sundial","TheAbacus","Vajra"],"acts_visited":["Exordium","TheCity","TheBeyond","TheEnding"],"potions_floor_usage":[6,8,56,56],"damage_taken":[{"damage":0,"enemies":"Cultist","floor":1,"turns":3},{"damage":5,"enemies":"2 Louse","floor":3,"turns":2},{"damage":0,"enemies":"Small Slimes","floor":5,"turns":3},{"damage":10,"enemies":"Lagavulin","floor":6,"turns":6},{"damage":4,"enemies":"Blue Slaver","floor":7,"turns":4},{"damage":40,"enemies":"3 Sentries","floor":8,"turns":8},{"damage":6,"enemies":"Red Slaver","floor":10,"turns":2},{"damage":10,"enemies":"Lagavulin","floor":11,"turns":5},{"damage":0,"enemies":"2 Fungi Beasts","floor":12,"turns":2},{"damage":24,"enemies":"Hexaghost","floor":16,"turns":10},{"damage":0,"enemies":"Spheric Guardian","floor":18,"turns":3},{"damage":0,"enemies":"Chosen","floor":19,"turns":2},{"damage":0,"enemies":"Snecko","floor":21,"turns":2},{"damage":0,"enemies":"Slavers","floor":23,"turns":1},{"damage":0,"enemies":"Book of Stabbing","floor":24,"turns":3},{"damage":0,"enemies":"Gremlin Leader","floor":25,"turns":3},{"damage":0,"enemies":"Book of Stabbing","floor":27,"turns":2},{"damage":3,"enemies":"Slavers","floor":29,"turns":2},{"damage":0,"enemies":"Snake Plant","floor":31,"turns":3},{"damage":0,"enemies":"Collector","floor":33,"turns":3},{"damage":14,"enemies":"3 Shapes","floor":35,"turns":2},{"damage":0,"enemies":"Orb Walker","floor":36,"turns":2},{"damage":0,"enemies":"Writhing Mass","floor":38,"turns":2},{"damage":0,"enemies":"Giant Head","floor":40,"turns":3},{"damage":0,"enemies":"Nemesis","floor":42,"turns":1},{"damage":0,"enemies":"Giant Head","floor":44,"turns":2},{"damage":0,"enemies":"3 Darklings","floor":46,"turns":1},{"damage":0,"enemies":"Spire Growth","floor":47,"turns":1},{"damage":0,"enemies":"Reptomancer","floor":48,"turns":1},{"damage":0,"enemies":"Awakened One","floor":50,"turns":2},{"damage":0,"enemies":"Donu and Deca","floor":51,"turns":1},{"damage":0,"enemies":"Shield and Spear","floor":55,"turns":1},{"damage":0,"enemies":"The Heart","floor":56,"turns":5}],"seed_played":"-5874195221369141108","potions_obtained":[{"floor":5,"key":"Energy Potion"},{"floor":6,"key":"Explosive Potion"},{"floor":11,"key":"Dexterity Potion"},{"floor":12,"key":"Ancient Potion"},{"floor":21,"key":"SpeedPotion"}],"is_trial":true,"path_per_floor":["M","?","M","?","M","E","M","E","T","M","E","M","R","$","R","B",null,"M","M","?","M","?","E","E","E","T","E","R","E","T","M","R","B",null,"M","M","$","M","?","E","$","E","T","E","R","M","M","E","R","B","B",null,"R","$","E","B",null],"character_chosen":"IRONCLAD","items_purchased":["OrangePellets","SpeedPotion","Mummified Hand","TheAbacus"],"campfire_rested":0,"item_purchase_floors":[14,37,37,54],"current_hp_per_floor":[74,74,75,75,75,71,73,39,39,39,35,41,41,41,41,23,62,68,74,74,75,75,75,75,75,75,75,75,75,75,75,75,75,75,67,73,73,75,75,75,75,75,75,75,75,75,75,75,75,75,75,75,75,75,75,75],"gold":60,"neow_bonus":"","is_daily":false,"chose_seed":false,"campfire_upgraded":6,"win_rate":0.0,"timestamp":1613826512,"path_taken":["M","?","M","?","?","E","M","E","T","M","E","M","R","$","R","BOSS","M","M","?","M","?","E","?","E","T","?","R","E","?","M","R","BOSS","M","?","$","M","?","E","$","E","T","E","R","M","M","?","R","BOSS","BOSS","R","$","E","BOSS"],"items_purchased_type":["Relic","Potion","Relic","Relic"],"build_version":"2020-12-22","purchased_purges":2,"victory":true,"max_hp_per_floor":[75,75,75,75,75,75,75,75,75,75,75,75,75,75,75,75,75,75,75,75,75,75,75,75,75,75,75,75,75,75,75,75,75,75,75,75,75,75,75,75,75,75,75,75,75,75,75,75,75,75,75,75,75,75,75,75],"relic_stats":{"Happy Flower":[4],"counters":[33,93],"Bag of Preparation":[16],"Whetstone":["Quick Slash","Sweeping Beam"],"MawBank":60,"Smiling Mask":50,"Burning Blood":84,"OrangePellets":[19],"TheAbacus":[162],"Mummified Hand":[18],"Sundial":[32],"MealTicket":0,"Turnip":[2],"Art of War":[2],"Champion Belt":[28],"obtain_stats":[{"Happy Flower":42,"Vajra":55,"Bag of Preparation":43,"Whetstone":8,"Frozen Egg 2":30,"MawBank":9,"Smiling Mask":44,"Burning Blood":0,"OrangePellets":14,"Runic Dome":34,"TheAbacus":54,"Mummified Hand":37,"Sundial":48,"MutagenicStrength":22,"MealTicket":40,"Turnip":27,"Bag of Marbles":11,"Art of War":29,"Champion Belt":24,"Red Skull":6,"Runic Pyramid":17},{"Happy Flower":25,"Vajra":32,"Bag of Preparation":25,"Whetstone":6,"Frozen Egg 2":18,"MawBank":6,"Smiling Mask":26,"Burning Blood":0,"OrangePellets":9,"Runic Dome":20,"TheAbacus":31,"Mummified Hand":22,"Sundial":29,"MutagenicStrength":13,"MealTicket":24,"Turnip":17,"Bag of Marbles":8,"Art of War":18,"Champion Belt":15,"Red Skull":4,"Runic Pyramid":10},{"Happy Flower":79,"Vajra":88,"Bag of Preparation":79,"Whetstone":26,"Frozen Egg 2":63,"MawBank":26,"Smiling Mask":81,"Burning Blood":0,"OrangePellets":35,"Runic Dome":69,"TheAbacus":87,"Mummified Hand":73,"Sundial":84,"MutagenicStrength":52,"MealTicket":78,"Turnip":61,"Bag of Marbles":33,"Art of War":63,"Champion Belt":56,"Red Skull":14,"Runic Pyramid":45}]},"card_choices":[{"not_picked":["Dagger Spray","Rip and Tear","Pray"],"picked":"SKIP","floor":1},{"not_picked":["Cleave","Consecrate","Crescendo"],"picked":"SKIP","floor":3},{"not_picked":["Lockon","Uppercut","SashWhip"],"picked":"SKIP","floor":5},{"not_picked":["Thunder Strike","Study","LikeWater"],"picked":"SKIP","floor":6},{"not_picked":["Stack","ReachHeaven","Evaluate"],"picked":"SKIP","floor":7},{"not_picked":["CutThroughFate","Terror","Indignation"],"picked":"SKIP","floor":8},{"not_picked":["BowlingBash","Bloodletting"],"picked":"Inflame","floor":10},{"not_picked":["Thunderclap","Whirlwind"],"picked":"Recycle","floor":11},{"not_picked":["Dodge and Roll","Slice","Unload"],"picked":"SKIP","floor":12},{"not_picked":["Vault","Fiend Fire"],"picked":"Grand Finale","floor":16},{"not_picked":["Underhanded Strike","Sword Boomerang+1","SignatureMove"],"picked":"SKIP","floor":18},{"not_picked":["Dagger Throw","Streamline","Metallicize"],"picked":"SKIP","floor":19},{"not_picked":["Wild Strike","Escape Plan","Pray"],"picked":"SKIP","floor":21},{"not_picked":["Body Slam+1","Twin Strike","Slice"],"picked":"SKIP","floor":23},{"not_picked":["FlyingSleeves","Warcry+1","Metallicize"],"picked":"SKIP","floor":24},{"not_picked":["Prostrate+1","Deflect","Outmaneuver"],"picked":"SKIP","floor":25},{"not_picked":["Skim","Rip and Tear","Flex"],"picked":"SKIP","floor":27},{"not_picked":["Flying Knee","Reboot","CrushJoints"],"picked":"SKIP","floor":29},{"not_picked":["Gash","BowlingBash","Hemokinesis"],"picked":"SKIP","floor":31},{"not_picked":["Slice+1","Force Field+1","Twin Strike+1"],"picked":"SKIP","floor":35},{"not_picked":["Redo","Capacitor+1","Recycle+1"],"picked":"SKIP","floor":36},{"not_picked":["Underhanded Strike+1","Gash","Genetic Algorithm"],"picked":"SKIP","floor":38},{"not_picked":["Storm+1","MasterReality+1","Gash"],"picked":"SKIP","floor":40},{"not_picked":["Body Slam+1","Steam Power","Leap"],"picked":"SKIP","floor":42},{"not_picked":["Skim","Go for the Eyes+1","Wireheading+1"],"picked":"SKIP","floor":44},{"not_picked":["Go for the Eyes+1","Wireheading+1"],"picked":"Skim","floor":44},{"not_picked":["Leap+1","Self Repair+1","Undo+1"],"picked":"SKIP","floor":46},{"not_picked":["Iron Wave+1","Coolheaded","PathToVictory"],"picked":"SKIP","floor":47},{"not_picked":["Prepared","Turbo","Leap"],"picked":"SKIP","floor":48},{"not_picked":["Meditate","SignatureMove"],"picked":"Berserk+1","floor":55}],"player_experience":1966565,"relics_obtained":[{"floor":6,"key":"Red Skull"},{"floor":8,"key":"Whetstone"},{"floor":9,"key":"MawBank"},{"floor":11,"key":"Bag of Marbles"},{"floor":24,"key":"Champion Belt"},{"floor":27,"key":"Turnip"},{"floor":29,"key":"Art of War"},{"floor":30,"key":"Frozen Egg 2"},{"floor":40,"key":"MealTicket"},{"floor":42,"key":"Happy Flower"},{"floor":43,"key":"Bag of Preparation"},{"floor":44,"key":"Smiling Mask"},{"floor":48,"key":"Sundial"},{"floor":55,"key":"Vajra"}],"event_choices":[{"cards_removed":["Quick Slash"],"damage_healed":0,"gold_gain":0,"player_choice":"Card Removal","damage_taken":0,"max_hp_gain":0,"max_hp_loss":0,"event_name":"The Cleric","floor":2,"gold_loss":75},{"cards_removed":["Go for the Eyes"],"damage_healed":5,"gold_gain":0,"player_choice":"Offered Common","damage_taken":0,"max_hp_gain":0,"max_hp_loss":0,"event_name":"Bonfire Elementals","floor":4,"gold_loss":0},{"cards_removed":["Go for the Eyes"],"damage_healed":5,"gold_gain":0,"player_choice":"Offered Special","damage_taken":0,"max_hp_gain":0,"max_hp_loss":0,"event_name":"Bonfire Elementals","floor":4,"gold_loss":0},{"cards_removed":["Quick Slash"],"damage_healed":0,"gold_gain":0,"player_choice":"Gave Gold","damage_taken":0,"max_hp_gain":0,"max_hp_loss":0,"event_name":"Beggar","floor":20,"gold_loss":75},{"damage_healed":0,"gold_gain":0,"player_choice":"Inject Mutagens","damage_taken":0,"relics_obtained":["MutagenicStrength"],"max_hp_gain":0,"max_hp_loss":0,"event_name":"Drug Dealer","floor":22,"gold_loss":0},{"damage_healed":0,"gold_gain":0,"player_choice":"0 cards matched","damage_taken":0,"max_hp_gain":0,"max_hp_loss":0,"event_name":"Match and Keep!","floor":39,"gold_loss":0,"cards_obtained":[]}],"is_beta":false,"boss_relics":[{"not_picked":["Calling Bell","Black Blood"],"picked":"Runic Pyramid"},{"not_picked":["Sozu","Snecko Eye"],"picked":"Runic Dome"}],"items_purged_floors":[37,54],"is_endless":false,"potions_floor_spawned":[5,6,11,12,21,23,25,27,29,36,38,42,46,55],"ascension_level":20}}