{"host":"kh6fvhxn285ncg0o","time":1613814909,"event":{"mods":["Act Like it!","BaseMod","Colored Map","Friendly Minions","Keyboard Shortcuts","Minty Spire (QoL Compilation)","Quick Restart","Relic Stats","StSLib","SuperFastMode","UnlockEverythingMod"],"gold_per_floor":[137,137,190,23,60,60,85,128,128,181,10,41,41,85,85,195,222,234,234,243,243,243,327,368,368,368,412,453,453,520,573,573,671,671,711,76,56,116,160,217,228,315,315,382,427,477,477,521,521,546,621,621,621,14,42,42,42],"floor_reached":56,"language":"KOR","playtime":2383,"items_purged":["Strike_R","Anger+1","Clash+1"],"score":2334,"play_id":"f6ed65bc-3010-4cf1-8524-71b6765a08e8","local_time":"20210220185509","is_ascension_mode":true,"campfire_choices":[{"data":"HandOfGreed","floor":6.0,"key":"SMITH"},{"data":"Rage","floor":13.0,"key":"SMITH"},{"data":"Fire Breathing","floor":15.0,"key":"SMITH"},{"floor":25.0,"key":"REST"},{"floor":29.0,"key":"REST"},{"data":"Burning Pact","floor":32.0,"key":"SMITH"},{"data":"Apotheosis","floor":47.0,"key":"SMITH"},{"floor":49.0,"key":"RECALL"},{"data":"Offering","floor":53.0,"key":"SMITH"}],"circlet_count":0,"master_deck":["AscendersBane","Defend_R","Defend_R","Defend_R","Defend_R","Bash","HandOfGreed+1","Headbutt","Fire Breathing+1","Feel No Pain","Second Wind","Burning Pact+1","Seeing Red","Shockwave","Rage+1","Impervious","Offering+1","Pummel+1","Battle Trance","True Grit+1","Dropkick+1","Dark Embrace","Evolve","Apotheosis+1","Purity","Body Slam","Parasite","Flash of Steel","Dual Wield"],"relics":["Burning Blood","Orrery","Letter Opener","InkBottle","Oddly Smooth Stone","CeramicFish","Astrolabe","MealTicket","Singing Bowl","Orichalcum","Kunai","Philosopher\u0027s Stone","TheAbacus","Strawberry","Vajra","The Courier","Toolbox","Art of War","StrikeDummy"],"acts_visited":["Exordium","TheCity","TheBeyond","TheEnding"],"potions_floor_usage":[54,55,55,56],"damage_taken":[{"damage":7.0,"enemies":"Cultist","floor":1.0,"turns":4.0},{"damage":12.0,"enemies":"2 Louse","floor":3.0,"turns":4.0},{"damage":13.0,"enemies":"Jaw Worm","floor":5.0,"turns":4.0},{"damage":44.0,"enemies":"Lagavulin","floor":7.0,"turns":7.0},{"damage":7.0,"enemies":"Looter","floor":8.0,"turns":4.0},{"damage":0.0,"enemies":"3 Sentries","floor":10.0,"turns":5.0},{"damage":23.0,"enemies":"Lagavulin","floor":12.0,"turns":7.0},{"damage":0.0,"enemies":"2 Fungi Beasts","floor":14.0,"turns":3.0},{"damage":20.0,"enemies":"Hexaghost","floor":16.0,"turns":9.0},{"damage":9.0,"enemies":"Shell Parasite","floor":18.0,"turns":7.0},{"damage":18.0,"enemies":"Slavers","floor":23.0,"turns":5.0},{"damage":12.0,"enemies":"Spheric Guardian","floor":24.0,"turns":5.0},{"damage":6.0,"enemies":"Snake Plant","floor":27.0,"turns":3.0},{"damage":16.0,"enemies":"Book of Stabbing","floor":28.0,"turns":6.0},{"damage":6.0,"enemies":"Gremlin Leader","floor":30.0,"turns":5.0},{"damage":6.0,"enemies":"Snecko","floor":31.0,"turns":5.0},{"damage":47.0,"enemies":"Automaton","floor":33.0,"turns":12.0},{"damage":10.0,"enemies":"Orb Walker","floor":35.0,"turns":4.0},{"damage":6.0,"enemies":"3 Shapes","floor":38.0,"turns":3.0},{"damage":6.0,"enemies":"3 Darklings","floor":39.0,"turns":6.0},{"damage":29.0,"enemies":"Reptomancer","floor":40.0,"turns":6.0},{"damage":0.0,"enemies":"Spire Growth","floor":41.0,"turns":4.0},{"damage":9.0,"enemies":"Jaw Worm Horde","floor":42.0,"turns":5.0},{"damage":0.0,"enemies":"Nemesis","floor":44.0,"turns":5.0},{"damage":19.0,"enemies":"3 Darklings","floor":45.0,"turns":3.0},{"damage":0.0,"enemies":"Giant Head","floor":46.0,"turns":5.0},{"damage":0.0,"enemies":"Writhing Mass","floor":48.0,"turns":4.0},{"damage":39.0,"enemies":"Time Eater","floor":50.0,"turns":5.0},{"damage":25.0,"enemies":"Awakened One","floor":51.0,"turns":7.0},{"damage":62,"enemies":"Shield and Spear","floor":55,"turns":3},{"damage":53,"enemies":"The Heart","floor":56,"turns":2}],"seed_played":"-8297076019573312172","potions_obtained":[{"floor":3.0,"key":"BloodPotion"},{"floor":5.0,"key":"Regen Potion"},{"floor":8.0,"key":"Swift Potion"},{"floor":16.0,"key":"Swift Potion"},{"floor":23.0,"key":"GamblersBrew"},{"floor":27.0,"key":"LiquidMemories"},{"floor":30.0,"key":"ElixirPotion"},{"floor":31.0,"key":"LiquidMemories"},{"floor":35.0,"key":"ColorlessPotion"},{"floor":37.0,"key":"Fruit Juice"},{"floor":38.0,"key":"Energy Potion"},{"floor":40.0,"key":"BloodPotion"},{"floor":45.0,"key":"SkillPotion"},{"floor":48.0,"key":"LiquidMemories"},{"floor":55,"key":"SpeedPotion"}],"is_trial":false,"path_per_floor":["M","?","M","$","M","R","E","M","T","E","$","E","R","M","R","B",null,"M","?","?","?","?","E","M","R","T","M","E","R","E","M","R","B",null,"M","$","?","M","M","E","M","M","T","E","M","E","R","M","R","B","B",null,"R","$","E","B"],"character_chosen":"IRONCLAD","items_purchased":["Orrery","FearPotion","Rage","TheAbacus","Evolve","Apotheosis","Purity","Flash of Steel","Dual Wield","ElixirPotion","Toolbox","Block Potion","Art of War"],"campfire_rested":2,"item_purchase_floors":[4,11,11,36,36,36,36,54,54,54,54,54,54],"current_hp_per_floor":[67,60,54,54,47,47,24,23,23,29,29,12,12,18,18,17,55,52,52,52,52,33,21,15,36,36,38,28,50,50,50,50,11,61,59,74,74,81,83,69,77,76,76,82,71,79,79,87,87,54,35,89,89,107,53,0,0],"gold":42,"neow_bonus":"RANDOM_COLORLESS_2","is_daily":false,"chose_seed":false,"campfire_upgraded":6,"win_rate":0.0,"timestamp":1613814909,"path_taken":["M","?","M","$","M","R","E","M","T","E","$","E","R","M","R","BOSS","M","?","?","?","?","E","M","R","T","M","E","R","E","M","R","BOSS","M","$","?","M","?","E","M","M","T","E","M","E","R","M","R","BOSS","BOSS","R","$","E","BOSS"],"items_purchased_type":["Relic","Potion","Card","Relic","Card","Card","Card","Card","Card","Potion","Relic","Potion","Relic"],"build_version":"2020-12-22","purchased_purges":3,"victory":false,"max_hp_per_floor":[68,68,68,68,68,68,68,68,68,68,68,68,68,68,68,68,68,68,68,68,68,73,73,73,73,73,75,75,75,75,75,75,77,77,79,79,79,86,88,97,99,101,101,101,103,105,105,107,107,107,107,107,107,107,109,109,109],"relic_stats":{"Singing Bowl":24,"counters":[31,157],"CeramicFish":144,"Astrolabe":["Anger","Clash","Pummel"],"Letter Opener":[578],"Orichalcum":[48],"Burning Blood":180,"TheAbacus":[552],"MealTicket":30,"Art of War":[2],"Kunai":[31],"obtain_stats":[{"Singing Bowl":26,"CeramicFish":12,"Astrolabe":17,"Oddly Smooth Stone":10,"Vajra":44,"The Courier":46,"Letter Opener":7,"Orichalcum":28,"Burning Blood":0,"TheAbacus":36,"Strawberry":40,"Orrery":4,"Toolbox":54,"MealTicket":23,"Philosopher\u0027s Stone":34,"Art of War":54,"Kunai":30,"StrikeDummy":55,"InkBottle":9},{"Singing Bowl":12,"CeramicFish":7,"Astrolabe":9,"Oddly Smooth Stone":6,"Vajra":24,"The Courier":26,"Letter Opener":4,"Orichalcum":14,"Burning Blood":0,"TheAbacus":18,"Strawberry":21,"Orrery":2,"Toolbox":29,"MealTicket":11,"Philosopher\u0027s Stone":17,"Art of War":29,"Kunai":15,"StrikeDummy":30,"InkBottle":5},{"Singing Bowl":64,"CeramicFish":35,"Astrolabe":47,"Oddly Smooth Stone":28,"Vajra":128,"The Courier":136,"Letter Opener":19,"Orichalcum":73,"Burning Blood":0,"TheAbacus":99,"Strawberry":114,"Orrery":8,"Toolbox":152,"MealTicket":59,"Philosopher\u0027s Stone":95,"Art of War":152,"Kunai":78,"StrikeDummy":155,"InkBottle":23}],"InkBottle":[53]},"card_choices":[{"not_picked":["Thinking Ahead","Apotheosis"],"picked":"HandOfGreed","floor":0.0},{"not_picked":["Thunderclap","Clothesline"],"picked":"Headbutt","floor":1.0},{"not_picked":["Clothesline","Reaper"],"picked":"Fire Breathing","floor":4.0},{"not_picked":["Corruption","Sword Boomerang"],"picked":"Feel No Pain","floor":4.0},{"not_picked":["Fire Breathing","Iron Wave"],"picked":"Second Wind","floor":4.0},{"not_picked":["Whirlwind","Intimidate"],"picked":"Burning Pact","floor":5.0},{"not_picked":["Flex","Rupture","Twin Strike"],"picked":"SKIP","floor":7.0},{"not_picked":["Cleave","Warcry"],"picked":"Seeing Red","floor":8.0},{"not_picked":["Ghostly Armor","Sever Soul"],"picked":"Shockwave","floor":10.0},{"not_picked":["Armaments","Sword Boomerang","Sever Soul"],"picked":"SKIP","floor":12.0},{"not_picked":["Clothesline","Rampage"],"picked":"Impervious","floor":14.0},{"not_picked":["Limit Break","Reaper"],"picked":"Offering","floor":16.0},{"not_picked":["Anger+1","Uppercut+1","Clothesline"],"picked":"SKIP","floor":18.0},{"not_picked":["Wild Strike","Dual Wield","Shrug It Off"],"picked":"SKIP","floor":23.0},{"not_picked":["Thunderclap","Blood for Blood","Wild Strike"],"picked":"SKIP","floor":24.0},{"not_picked":["Anger","Brutality","Wild Strike"],"picked":"Singing Bowl","floor":27.0},{"not_picked":["Sword Boomerang","Rage"],"picked":"True Grit+1","floor":28.0},{"not_picked":["Demon Form","Cleave"],"picked":"Dropkick+1","floor":30.0},{"not_picked":["Perfected Strike","Warcry"],"picked":"Dark Embrace","floor":31.0},{"not_picked":["Limit Break","Brutality","Offering"],"picked":"Singing Bowl","floor":33.0},{"not_picked":["Clothesline","Twin Strike","Thunderclap"],"picked":"Singing Bowl","floor":35.0},{"not_picked":["Anger","Clothesline","Rage"],"picked":"Singing Bowl","floor":38.0},{"not_picked":["Headbutt","Impervious","Sentinel"],"picked":"Singing Bowl","floor":39.0},{"not_picked":["Clash","Havoc","Bloodletting"],"picked":"Singing Bowl","floor":40.0},{"not_picked":["Rage+1","Sword Boomerang+1","Clothesline+1"],"picked":"Singing Bowl","floor":41.0},{"not_picked":["Thunderclap","Wild Strike","Ghostly Armor+1"],"picked":"Singing Bowl","floor":42.0},{"not_picked":["Uppercut+1","Wild Strike+1"],"picked":"Body Slam","floor":44.0},{"not_picked":["Clash","Brutality","Heavy Blade"],"picked":"Singing Bowl","floor":45.0},{"not_picked":["Wild Strike","Havoc+1","Burning Pact"],"picked":"Singing Bowl","floor":46.0},{"not_picked":["Evolve","Sever Soul","Carnage+1"],"picked":"Singing Bowl","floor":48.0},{"not_picked":["Ghostly Armor","Shockwave","Havoc"],"picked":"Singing Bowl","floor":55}],"player_experience":1482473,"relics_obtained":[{"floor":7.0,"key":"Letter Opener"},{"floor":9.0,"key":"InkBottle"},{"floor":10.0,"key":"Oddly Smooth Stone"},{"floor":12.0,"key":"CeramicFish"},{"floor":23.0,"key":"MealTicket"},{"floor":26.0,"key":"Singing Bowl"},{"floor":28.0,"key":"Orichalcum"},{"floor":30.0,"key":"Kunai"},{"floor":40.0,"key":"Strawberry"},{"floor":44.0,"key":"Vajra"},{"floor":46.0,"key":"The Courier"},{"floor":55,"key":"StrikeDummy"}],"event_choices":[{"cards_removed":["Strike_R"],"damage_healed":0.0,"max_hp_gain":0.0,"max_hp_loss":0.0,"gold_gain":0.0,"event_name":"Golden Wing","player_choice":"Card Removal","floor":2.0,"gold_loss":0.0,"damage_taken":7.0},{"damage_healed":0.0,"max_hp_gain":0.0,"max_hp_loss":0.0,"gold_gain":0.0,"event_name":"Ghosts","player_choice":"Ignored","floor":19.0,"gold_loss":0.0,"damage_taken":0.0},{"damage_healed":0.0,"max_hp_gain":0.0,"max_hp_loss":0.0,"gold_gain":0.0,"event_name":"The Library","player_choice":"Read","floor":20.0,"gold_loss":0.0,"damage_taken":0.0,"cards_obtained":["Battle Trance"]},{"damage_healed":0.0,"max_hp_gain":0.0,"max_hp_loss":0.0,"gold_gain":0.0,"event_name":"The Mausoleum","player_choice":"Ignored","floor":21.0,"gold_loss":0.0,"damage_taken":0.0},{"damage_healed":0.0,"max_hp_gain":5.0,"max_hp_loss":0.0,"gold_gain":0.0,"event_name":"Forgotten Altar","player_choice":"Shed Blood","floor":22.0,"gold_loss":0.0,"damage_taken":24.0},{"damage_healed":0.0,"max_hp_gain":0.0,"max_hp_loss":0.0,"gold_gain":0.0,"event_name":"The Woman in Blue","player_choice":"Bought 1 Potion","floor":37.0,"gold_loss":0.0,"damage_taken":0.0}],"is_beta":false,"boss_relics":[{"not_picked":["Fusion Hammer","Cursed Key"],"picked":"Astrolabe"},{"not_picked":["Snecko Eye","Busted Crown"],"picked":"Philosopher\u0027s Stone"}],"items_purged_floors":[11,36,54],"is_endless":false,"potions_floor_spawned":[3,5,8,16,23,27,30,31,35,38,40,45,48,55],"killed_by":"The Heart","ascension_level":20}}