{"host":"qc268ltokmxwqyrx","time":1613853453,"event":{"mods":["BaseMod","Colored Map","Minty Spire (QoL Compilation)","Relic Stats","Slay the Relics Exporter","StSLib","ojb\u0027s Info Mod"],"gold_per_floor":[115,115,129,142,155,180,190,225,252,271,271,271,271,288,288,364,364,382,83,160,196,196,196,251,296,366,400,400,400,452,485,485,586,586,678,251,296,337,408,408,465,465,492,229,289,64,97,142,142,217,242,242,242,68,103,103,103],"floor_reached":56,"language":"ENG","playtime":5500,"items_purged":["Strike_G","Strike_G","Strike_G","Strike_G"],"score":2428,"play_id":"d8cbbdc7-e3a9-4fdc-b305-f5b48a9ab492","local_time":"20210220143733","is_ascension_mode":true,"campfire_choices":[{"floor":11.0,"key":"REST"},{"data":"Footwork","floor":13.0,"key":"SMITH"},{"data":"Acrobatics","floor":15.0,"key":"SMITH"},{"data":"Wraith Form v2","floor":23.0,"key":"SMITH"},{"data":"Ghostly","floor":28.0,"key":"SMITH"},{"data":"HandOfGreed","floor":32.0,"key":"SMITH"},{"data":"Well Laid Plans","floor":40.0,"key":"SMITH"},{"data":"Wraith Form v2","floor":42.0,"key":"SMITH"},{"floor":49.0,"key":"RECALL"},{"data":"Wraith Form v2","floor":53,"key":"SMITH"}],"circlet_count":0,"master_deck":["AscendersBane","Strike_G","Defend_G","Defend_G","Defend_G","Defend_G","Defend_G","Survivor","Neutralize","Underhanded Strike+1","Footwork+1","All Out Attack","Well Laid Plans+1","Cloak And Dagger","Backstab","Deadly Poison+1","Acrobatics+1","Backflip","Wraith Form v2+1","Acrobatics+1","Infinite Blades","HandOfGreed+1","Underhanded Strike+1","Ghostly+1","Ghostly","Ghostly","Acrobatics+1","Acrobatics","Night Terror","Wraith Form v2+1","Wraith Form v2+1","Wraith Form v2+1","Accuracy","Prepared","Noxious Fumes+1","Catalyst","Wraith Form v2+1","PiercingWail","Self Repair+1"],"relics":["Black Star","Bag of Preparation","Kunai","Strawberry","Orichalcum","Snake Skull","Pen Nib","HoveringKite","StrikeDummy","War Paint","Blood Vial","Bottled Lightning","Philosopher\u0027s Stone","DollysMirror","Bronze Scales","Thread and Needle","Singing Bowl","White Beast Statue","Nunchaku","Blue Candle","Frozen Egg 2","Membership Card","Oddly Smooth Stone","InkBottle","PrismaticShard","FossilizedHelix","Akabeko"],"acts_visited":["Exordium","TheCity","TheBeyond","TheEnding"],"potions_floor_usage":[56,56,56,56],"damage_taken":[{"damage":9.0,"enemies":"Cultist","floor":1.0,"turns":5.0},{"damage":1.0,"enemies":"2 Louse","floor":3.0,"turns":3.0},{"damage":0.0,"enemies":"Small Slimes","floor":4.0,"turns":4.0},{"damage":12.0,"enemies":"Exordium Wildlife","floor":5.0,"turns":6.0},{"damage":26.0,"enemies":"Gremlin Nob","floor":6.0,"turns":5.0},{"damage":0.0,"enemies":"Blue Slaver","floor":7.0,"turns":5.0},{"damage":2.0,"enemies":"3 Sentries","floor":8.0,"turns":6.0},{"damage":0.0,"enemies":"2 Fungi Beasts","floor":10.0,"turns":3.0},{"damage":0.0,"enemies":"Exordium Wildlife","floor":14.0,"turns":8.0},{"damage":6.0,"enemies":"The Guardian","floor":16.0,"turns":12.0},{"damage":3.0,"enemies":"Chosen","floor":18.0,"turns":5.0},{"damage":3.0,"enemies":"3 Byrds","floor":20.0,"turns":8.0},{"damage":13.0,"enemies":"Shelled Parasite and Fungi","floor":21.0,"turns":7.0},{"damage":3.0,"enemies":"Chosen and Byrds","floor":24.0,"turns":8.0},{"damage":0.0,"enemies":"Book of Stabbing","floor":25.0,"turns":8.0},{"damage":0.0,"enemies":"Slavers","floor":27.0,"turns":7.0},{"damage":3.0,"enemies":"Centurion and Healer","floor":30.0,"turns":7.0},{"damage":0.0,"enemies":"Snake Plant","floor":31.0,"turns":4.0},{"damage":8.0,"enemies":"Collector","floor":33.0,"turns":11.0},{"damage":2.0,"enemies":"3 Shapes","floor":35.0,"turns":8.0},{"damage":0.0,"enemies":"3 Darklings","floor":37.0,"turns":7.0},{"damage":0.0,"enemies":"Maw","floor":38.0,"turns":10.0},{"damage":0.0,"enemies":"2 Orb Walkers","floor":39.0,"turns":9.0},{"damage":0.0,"enemies":"Reptomancer","floor":41.0,"turns":9.0},{"damage":20.0,"enemies":"Giant Head","floor":45.0,"turns":10.0},{"damage":0.0,"enemies":"Reptomancer","floor":47.0,"turns":6.0},{"damage":0.0,"enemies":"Spire Growth","floor":48.0,"turns":6.0},{"damage":19,"enemies":"Awakened One","floor":50,"turns":17},{"damage":0,"enemies":"Time Eater","floor":51,"turns":15},{"damage":0,"enemies":"Shield and Spear","floor":55,"turns":13},{"damage":36,"enemies":"The Heart","floor":56,"turns":9}],"seed_played":"1825456589041064333","potions_obtained":[{"floor":1.0,"key":"DistilledChaos"},{"floor":5.0,"key":"Ancient Potion"},{"floor":6.0,"key":"BlessingOfTheForge"},{"floor":14.0,"key":"Dexterity Potion"},{"floor":18.0,"key":"PowerPotion"},{"floor":25.0,"key":"Weak Potion"},{"floor":29.0,"key":"Strength Potion"},{"floor":30.0,"key":"Dexterity Potion"},{"floor":31.0,"key":"FearPotion"},{"floor":35.0,"key":"Strength Potion"},{"floor":39.0,"key":"GhostInAJar"},{"floor":45.0,"key":"BlessingOfTheForge"},{"floor":55,"key":"EntropicBrew"}],"is_trial":false,"path_per_floor":["M","?","M","M","M","E","M","E","T","M","R","T","R","M","R","B",null,"M","$","M","M","?","R","M","E","T","E","R","?","M","M","R","B",null,"M","$","M","M","?","R","E","R","T","$","E","$","E","M","R","B","B",null,"R","$","E","B"],"character_chosen":"THE_SILENT","items_purchased":["Infinite Blades","HandOfGreed","DollysMirror","Bronze Scales","Accuracy","Prepared","Membership Card","Noxious Fumes+1","Catalyst","PiercingWail","PrismaticShard"],"campfire_rested":1,"item_purchase_floors":[19,19,36,36,44,44,46,46,46,54,54],"current_hp_per_floor":[50,50,49,49,37,11,11,16,16,16,37,37,37,37,37,31,63,60,60,57,44,36,36,33,33,33,33,33,33,32,34,34,28,34,34,34,36,36,36,36,36,36,36,36,18,18,20,24,24,7,9,32,32,32,34,0,0],"gold":103,"neow_bonus":"BOSS_RELIC","is_daily":false,"chose_seed":false,"campfire_upgraded":8,"win_rate":0.0,"timestamp":1613853453,"path_taken":["M","?","?","?","M","E","M","E","T","M","R","?","R","M","R","BOSS","M","$","M","M","?","R","M","E","T","E","R","?","M","M","R","BOSS","M","?","M","M","?","R","E","R","T","$","E","$","E","M","R","BOSS","BOSS","R","$","E","BOSS"],"items_purchased_type":["Card","Card","Relic","Relic","Card","Card","Relic","Card","Card","Card","Relic"],"build_version":"2020-12-22","purchased_purges":4,"victory":false,"max_hp_per_floor":[66,66,66,66,66,66,66,73,73,73,73,73,73,73,73,73,73,73,73,73,73,36,36,36,36,36,36,36,36,36,36,36,36,36,36,36,36,36,36,36,36,36,36,36,38,38,38,40,40,40,40,40,40,40,40,40,40],"relic_stats":{"Singing Bowl":4,"counters":[31,241],"Blue Candle":[0],"HoveringKite":[125],"Snake Skull":[83],"Pen Nib":[40],"Bag of Preparation":[52],"Orichalcum":[714],"War Paint":["Acrobatics","Deadly Poison"],"Blood Vial":22,"Nunchaku":[15],"Bronze Scales":[615],"Black Star":8,"Kunai":[83],"obtain_stats":[{"Singing Bowl":41,"HoveringKite":17,"Snake Skull":9,"Bag of Preparation":6,"PrismaticShard":54,"Blood Vial":27,"Nunchaku":43,"DollysMirror":36,"Strawberry":8,"Philosopher\u0027s Stone":34,"Kunai":6,"InkBottle":47,"Ring of the Snake":0,"Blue Candle":45,"Oddly Smooth Stone":47,"Thread and Needle":39,"Pen Nib":12,"Orichalcum":8,"War Paint":25,"Frozen Egg 2":45,"White Beast Statue":41,"Akabeko":55,"Bronze Scales":36,"Black Star":0,"Bottled Lightning":27,"Membership Card":46,"StrikeDummy":25,"FossilizedHelix":55},{"Singing Bowl":24,"HoveringKite":10,"Snake Skull":7,"Bag of Preparation":5,"PrismaticShard":29,"Blood Vial":16,"Nunchaku":24,"DollysMirror":20,"Strawberry":7,"Philosopher\u0027s Stone":19,"Kunai":5,"InkBottle":26,"Ring of the Snake":0,"Blue Candle":25,"Oddly Smooth Stone":26,"Thread and Needle":23,"Pen Nib":8,"Orichalcum":7,"War Paint":15,"Frozen Egg 2":25,"White Beast Statue":24,"Akabeko":30,"Bronze Scales":20,"Black Star":0,"Bottled Lightning":16,"Membership Card":25,"StrikeDummy":15,"FossilizedHelix":30},{"Singing Bowl":165,"HoveringKite":57,"Snake Skull":34,"Bag of Preparation":23,"PrismaticShard":219,"Blood Vial":100,"Nunchaku":165,"DollysMirror":130,"Strawberry":34,"Philosopher\u0027s Stone":122,"Kunai":23,"InkBottle":181,"Ring of the Snake":0,"Blue Candle":175,"Oddly Smooth Stone":181,"Thread and Needle":156,"Pen Nib":37,"Orichalcum":34,"War Paint":93,"Frozen Egg 2":175,"White Beast Statue":165,"Akabeko":232,"Bronze Scales":130,"Black Star":0,"Bottled Lightning":100,"Membership Card":175,"StrikeDummy":93,"FossilizedHelix":232}],"InkBottle":[30]},"card_choices":[{"not_picked":["Well Laid Plans","Acrobatics"],"picked":"Underhanded Strike","floor":1.0},{"not_picked":["Reflex","Dagger Spray"],"picked":"Footwork","floor":3.0},{"not_picked":["Bane","Escape Plan"],"picked":"All Out Attack","floor":4.0},{"not_picked":["Blur","Flying Knee"],"picked":"Well Laid Plans","floor":5.0},{"not_picked":["Poisoned Stab","Footwork"],"picked":"Cloak And Dagger","floor":6.0},{"not_picked":["Expertise","Finisher"],"picked":"Backstab","floor":7.0},{"not_picked":["Burst","Quick Slash"],"picked":"Deadly Poison","floor":8.0},{"not_picked":["Poisoned Stab","Deadly Poison"],"picked":"Acrobatics","floor":10.0},{"not_picked":["Underhanded Strike","Concentrate"],"picked":"Backflip","floor":14.0},{"not_picked":["Burst","Storm of Steel"],"picked":"Wraith Form v2","floor":16.0},{"not_picked":["Backflip","Accuracy"],"picked":"Acrobatics","floor":18.0},{"not_picked":["Dagger Spray","Caltrops"],"picked":"Underhanded Strike+1","floor":20.0},{"not_picked":["Cloak And Dagger","Poisoned Stab","Outmaneuver"],"picked":"SKIP","floor":21.0},{"not_picked":["Noxious Fumes","Slice","Quick Slash"],"picked":"SKIP","floor":24.0},{"not_picked":["Finisher","Dagger Spray","A Thousand Cuts"],"picked":"SKIP","floor":25.0},{"not_picked":["Cloak And Dagger","Escape Plan"],"picked":"Acrobatics+1","floor":27.0},{"not_picked":["Footwork","Quick Slash"],"picked":"Acrobatics","floor":30.0},{"not_picked":["Quick Slash","Backstab","Underhanded Strike"],"picked":"SKIP","floor":31.0},{"not_picked":["Glass Knife","Corpse Explosion"],"picked":"Night Terror","floor":33.0},{"not_picked":["Deadly Poison","All Out Attack","Infinite Blades"],"picked":"SKIP","floor":35.0},{"not_picked":["Dagger Throw","Endless Agony","Flying Knee+1"],"picked":"SKIP","floor":37.0},{"not_picked":["Tactician","Blade Dance"],"picked":"Wraith Form v2","floor":38.0},{"not_picked":["Underhanded Strike+1","Dagger Throw+1"],"picked":"Wraith Form v2","floor":41.0},{"not_picked":["Quick Slash","Unload","Well Laid Plans+1"],"picked":"Singing Bowl","floor":45.0},{"not_picked":["Sucker Punch","Cloak And Dagger"],"picked":"Wraith Form v2+1","floor":47.0},{"not_picked":["Underhanded Strike","Blade Dance","Flechettes"],"picked":"Singing Bowl","floor":48.0},{"not_picked":["CrushJoints","Deadly Poison"],"picked":"Self Repair+1","floor":55}],"player_experience":1883846,"relics_obtained":[{"floor":6.0,"key":"Bag of Preparation"},{"floor":6.0,"key":"Kunai"},{"floor":8.0,"key":"Strawberry"},{"floor":8.0,"key":"Orichalcum"},{"floor":9.0,"key":"Snake Skull"},{"floor":12.0,"key":"Pen Nib"},{"floor":25.0,"key":"StrikeDummy"},{"floor":25.0,"key":"War Paint"},{"floor":27.0,"key":"Blood Vial"},{"floor":27.0,"key":"Bottled Lightning"},{"floor":39.0,"key":"Thread and Needle"},{"floor":41.0,"key":"Singing Bowl"},{"floor":41.0,"key":"White Beast Statue"},{"floor":43.0,"key":"Nunchaku"},{"floor":45.0,"key":"Blue Candle"},{"floor":45.0,"key":"Frozen Egg 2"},{"floor":47.0,"key":"Oddly Smooth Stone"},{"floor":47.0,"key":"InkBottle"},{"floor":55,"key":"FossilizedHelix"},{"floor":55,"key":"Akabeko"}],"event_choices":[{"damage_healed":0.0,"max_hp_gain":0.0,"max_hp_loss":0.0,"gold_gain":0.0,"event_name":"Upgrade Shrine","player_choice":"Upgraded","floor":2.0,"gold_loss":0.0,"damage_taken":0.0,"cards_upgraded":["Underhanded Strike"]},{"damage_healed":0.0,"max_hp_gain":0.0,"max_hp_loss":37.0,"gold_gain":0.0,"event_name":"Ghosts","player_choice":"Became a Ghost","floor":22.0,"gold_loss":0.0,"damage_taken":0.0,"cards_obtained":["Ghostly","Ghostly","Ghostly"]},{"damage_healed":0.0,"max_hp_gain":0.0,"max_hp_loss":0.0,"gold_gain":0.0,"event_name":"Lab","player_choice":"Got Potions","floor":29.0,"gold_loss":0.0,"damage_taken":0.0},{"damage_healed":0.0,"max_hp_gain":0.0,"max_hp_loss":0.0,"gold_gain":0.0,"event_name":"Mysterious Sphere","player_choice":"Fight","floor":39.0,"gold_loss":0.0,"damage_taken":0.0}],"is_beta":false,"boss_relics":[{"not_picked":["WristBlade","Pandora\u0027s Box"],"picked":"HoveringKite"},{"not_picked":["Busted Crown","Velvet Choker"],"picked":"Philosopher\u0027s Stone"}],"items_purged_floors":[19,36,44,54],"is_endless":false,"potions_floor_spawned":[1,5,6,14,18,20,25,30,31,35,39,45,47,48,55],"killed_by":"The Heart","ascension_level":20}}