{"host":"08xvxt5w1s7zc7e5","time":1613814416,"event":{"mods":["AchievementEnabler","BaseMod","DeckTracker","Minty Spire (QoL Compilation)","Quick Restart","StSLib","SuperFastMode"],"gold_per_floor":[115,132,147,67,67,67,67,43,120,120,149,99,118,118,118,215,215,231,146,146,146,164,164,183,197,220,248,248,264,27,60,60,160,160,171,221,240,10,10,10,26,26,75,89,121,21,36,51,51,51],"floor_reached":51,"language":"KOR","playtime":12819,"items_purged":["Strike_G","Defend_G"],"score":1001,"play_id":"d7dedc3b-ad3f-4c0c-a7d4-3b604f23ab7b","local_time":"20210220184656","is_ascension_mode":true,"campfire_choices":[{"data":"Neutralize","floor":6.0,"key":"SMITH"},{"data":"Cloak And Dagger","floor":10.0,"key":"SMITH"},{"data":"Accuracy","floor":15.0,"key":"SMITH"},{"data":"Cloak And Dagger","floor":23.0,"key":"SMITH"},{"data":"Burst","floor":32.0,"key":"SMITH"},{"data":"Apotheosis","floor":40.0,"key":"SMITH"},{"data":"Strike_G","floor":42.0,"key":"PURGE"},{"data":"Defend_G","floor":49.0,"key":"PURGE"}],"circlet_count":0,"master_deck":["Strike_G","Strike_G","Defend_G","Defend_G","Survivor","Neutralize+1","Blade Dance","Cloak And Dagger+1","Poisoned Stab","Tactician+1","Tools of the Trade","Blade Dance","Tactician+1","Accuracy+1","Adrenaline","Terror","Cloak And Dagger+1","Blade Dance+1","Blur","Burst+1","Adrenaline","Apotheosis+1","Prepared+1","Wraith Form v2","Adrenaline","Footwork","Calculated Gamble+1"],"relics":["Ring of the Snake","NeowsBlessing","Sundial","Pear","White Beast Statue","Philosopher\u0027s Stone","Blood Vial","Matryoshka","Bird Faced Urn","Toy Ornithopter","War Paint","Bottled Tornado","Lantern","Busted Crown","Peace Pipe","Vajra","Darkstone Periapt"],"acts_visited":["Exordium","TheCity","TheBeyond"],"potions_floor_usage":[50],"damage_taken":[{"damage":0.0,"enemies":"2 Louse","floor":1.0,"turns":1.0},{"damage":0.0,"enemies":"Small Slimes","floor":2.0,"turns":1.0},{"damage":0.0,"enemies":"Jaw Worm","floor":3.0,"turns":1.0},{"damage":17.0,"enemies":"Lagavulin","floor":11.0,"turns":6.0},{"damage":8.0,"enemies":"Looter","floor":13.0,"turns":3.0},{"damage":18.0,"enemies":"Hexaghost","floor":16.0,"turns":8.0},{"damage":4.0,"enemies":"3 Byrds","floor":18.0,"turns":4.0},{"damage":7.0,"enemies":"Spheric Guardian","floor":22.0,"turns":3.0},{"damage":11.0,"enemies":"Snake Plant","floor":24.0,"turns":4.0},{"damage":1.0,"enemies":"Centurion and Healer","floor":25.0,"turns":4.0},{"damage":13.0,"enemies":"Gremlin Leader","floor":27.0,"turns":4.0},{"damage":0.0,"enemies":"Snecko","floor":29.0,"turns":3.0},{"damage":0.0,"enemies":"Slavers","floor":31.0,"turns":3.0},{"damage":12.0,"enemies":"Champ","floor":33.0,"turns":6.0},{"damage":0.0,"enemies":"Orb Walker","floor":35.0,"turns":3.0},{"damage":0.0,"enemies":"Mind Bloom Boss Battle","floor":36.0,"turns":5.0},{"damage":0.0,"enemies":"3 Shapes","floor":37.0,"turns":1.0},{"damage":3.0,"enemies":"Writhing Mass","floor":41.0,"turns":8.0},{"damage":15.0,"enemies":"Spire Growth","floor":44.0,"turns":4.0},{"damage":4.0,"enemies":"Giant Head","floor":45.0,"turns":4.0},{"damage":0.0,"enemies":"3 Darklings","floor":47.0,"turns":4.0},{"damage":5.0,"enemies":"4 Shapes","floor":48.0,"turns":4.0},{"damage":22,"enemies":"Donu and Deca","floor":50,"turns":7}],"seed_played":"5576799805760244876","potions_obtained":[{"floor":11.0,"key":"EssenceOfSteel"},{"floor":13.0,"key":"SpeedPotion"},{"floor":16.0,"key":"PowerPotion"},{"floor":18.0,"key":"Block Potion"},{"floor":22.0,"key":"CunningPotion"},{"floor":24.0,"key":"LiquidBronze"},{"floor":27.0,"key":"Swift Potion"},{"floor":31.0,"key":"CultistPotion"},{"floor":33.0,"key":"Regen Potion"},{"floor":35.0,"key":"CunningPotion"},{"floor":37.0,"key":"EntropicBrew"},{"floor":39.0,"key":"Ancient Potion"},{"floor":48.0,"key":"Swift Potion"}],"is_trial":false,"path_per_floor":["M","M","M","$","?","R","?","$","T","R","E","?","M","?","R","B",null,"M","?","?","?","M","R","M","M","T","E","?","M","$","E","R","B",null,"M","?","M","$","?","R","M","R","T","M","E","$","M","M","R","B",null],"character_chosen":"THE_SILENT","items_purchased":["Tactician","Blade Dance","Apotheosis","Adrenaline","Footwork"],"campfire_rested":0,"item_purchase_floors":[4,8,30,38,38],"current_hp_per_floor":[63,63,63,63,45,45,45,45,55,55,38,38,30,30,30,12,63,59,59,59,59,58,58,53,58,58,56,56,62,62,68,68,69,77,80,80,80,80,80,80,80,80,80,69,73,73,80,77,77,61],"gold":51,"neow_bonus":"THREE_ENEMY_KILL","is_daily":false,"chose_seed":false,"campfire_upgraded":6,"win_rate":0.0,"timestamp":1613814416,"path_taken":["M","M","M","$","?","R","?","$","T","R","E","?","M","?","R","BOSS","M","?","?","?","M","R","M","?","T","E","?","M","$","E","R","BOSS","M","?","M","$","?","R","M","R","T","M","E","$","M","M","R","BOSS"],"items_purchased_type":["Card","Card","Card","Card","Card"],"build_version":"2020-12-22","purchased_purges":2,"victory":true,"max_hp_per_floor":[70,70,70,70,70,70,70,70,80,80,80,80,80,80,80,80,80,80,80,80,80,80,80,80,80,80,80,80,80,80,80,80,80,80,80,80,80,80,80,80,80,80,80,80,80,80,80,80,80,80],"card_choices":[{"not_picked":["Deflect","Riddle With Holes"],"picked":"Blade Dance","floor":1.0},{"not_picked":["Outmaneuver","Backflip"],"picked":"Cloak And Dagger","floor":2.0},{"not_picked":["Blade Dance","Expertise"],"picked":"Poisoned Stab","floor":3.0},{"not_picked":["Catalyst","Predator"],"picked":"Tactician","floor":11.0},{"not_picked":["Bane","Deflect"],"picked":"Accuracy","floor":13.0},{"not_picked":["Doppelganger","Venomology"],"picked":"Adrenaline","floor":16.0},{"not_picked":["Choke","Riddle With Holes"],"picked":"Terror","floor":18.0},{"not_picked":["Distraction","Deflect+1"],"picked":"Cloak And Dagger","floor":22.0},{"not_picked":["Blur","Catalyst"],"picked":"Blade Dance+1","floor":24.0},{"not_picked":["Outmaneuver","Riddle With Holes","Cloak And Dagger"],"picked":"SKIP","floor":25.0},{"not_picked":["Bane","Slice"],"picked":"Blur","floor":27.0},{"not_picked":["Quick Slash","Backstab"],"picked":"Adrenaline","floor":29.0},{"not_picked":["Expertise","Outmaneuver"],"picked":"Prepared+1","floor":31.0},{"not_picked":["Unload","Glass Knife"],"picked":"Wraith Form v2","floor":33.0},{"not_picked":["Slice"],"picked":"SKIP","floor":35.0},{"not_picked":["Deflect"],"picked":"SKIP","floor":37.0},{"not_picked":["Deadly Poison+1"],"picked":"SKIP","floor":41.0},{"not_picked":["All Out Attack+1"],"picked":"SKIP","floor":44.0},{"not_picked":[],"picked":"Calculated Gamble+1","floor":45.0},{"not_picked":["Doppelganger"],"picked":"SKIP","floor":47.0},{"not_picked":["Dagger Spray"],"picked":"SKIP","floor":48.0}],"player_experience":397386,"relics_obtained":[{"floor":9.0,"key":"Pear"},{"floor":11.0,"key":"White Beast Statue"},{"floor":26.0,"key":"Toy Ornithopter"},{"floor":26.0,"key":"War Paint"},{"floor":27.0,"key":"Bottled Tornado"},{"floor":31.0,"key":"Lantern"},{"floor":36.0,"key":"Peace Pipe"},{"floor":43.0,"key":"Vajra"},{"floor":45.0,"key":"Darkstone Periapt"}],"event_choices":[{"damage_healed":0.0,"max_hp_gain":0.0,"max_hp_loss":0.0,"gold_gain":0.0,"event_name":"Scrap Ooze","player_choice":"Success","floor":5.0,"gold_loss":0.0,"damage_taken":18.0,"relics_obtained":["Sundial"]},{"damage_healed":0.0,"max_hp_gain":0.0,"max_hp_loss":0.0,"gold_gain":0.0,"cards_transformed":["Strike_G"],"event_name":"Living Wall","player_choice":"Change","floor":7.0,"gold_loss":0.0,"damage_taken":0.0,"cards_obtained":["Tools of the Trade"]},{"cards_removed":["Defend_G"],"damage_healed":0.0,"max_hp_gain":0.0,"max_hp_loss":0.0,"gold_gain":0.0,"event_name":"The Cleric","player_choice":"Card Removal","floor":12.0,"gold_loss":50.0,"damage_taken":0.0},{"damage_healed":0.0,"max_hp_gain":0.0,"max_hp_loss":0.0,"gold_gain":0.0,"event_name":"Liars Game","player_choice":"Ignored","floor":14.0,"gold_loss":0.0,"damage_taken":0.0},{"damage_healed":0.0,"max_hp_gain":0.0,"max_hp_loss":0.0,"gold_gain":0.0,"event_name":"Addict","player_choice":"Obtained Relic","floor":19.0,"gold_loss":85.0,"damage_taken":0.0,"relics_obtained":["Blood Vial"]},{"damage_healed":0.0,"max_hp_gain":0.0,"max_hp_loss":0.0,"gold_gain":0.0,"event_name":"The Mausoleum","player_choice":"Opened","floor":20.0,"gold_loss":0.0,"damage_taken":0.0,"relics_obtained":["Matryoshka"]},{"damage_healed":0.0,"max_hp_gain":0.0,"max_hp_loss":0.0,"gold_gain":0.0,"event_name":"WeMeetAgain","player_choice":"Gave Potion","floor":21.0,"gold_loss":0.0,"damage_taken":0.0,"relics_obtained":["Bird Faced Urn"]},{"damage_healed":0.0,"max_hp_gain":0.0,"max_hp_loss":0.0,"gold_gain":0.0,"event_name":"The Library","player_choice":"Read","floor":28.0,"gold_loss":0.0,"damage_taken":0.0,"cards_obtained":["Burst"]},{"damage_healed":0.0,"max_hp_gain":0.0,"max_hp_loss":0.0,"gold_gain":0.0,"event_name":"MindBloom","player_choice":"Fight","floor":36.0,"gold_loss":0.0,"damage_taken":0.0},{"damage_healed":0.0,"max_hp_gain":0.0,"max_hp_loss":0.0,"gold_gain":0.0,"event_name":"Lab","player_choice":"Got Potions","floor":39.0,"gold_loss":0.0,"damage_taken":0.0}],"is_beta":false,"boss_relics":[{"not_picked":["Ring of the Serpent","SlaversCollar"],"picked":"Philosopher\u0027s Stone"},{"not_picked":["Astrolabe","Runic Pyramid"],"picked":"Busted Crown"}],"items_purged_floors":[30,46],"is_endless":false,"potions_floor_spawned":[11,13,16,18,22,24,25,27,29,31,33,35,36,37,41,44,45,47,48],"ascension_level":8}}