{"host":"rg29p8m4aqjozpzt","time":1613842689,"event":{"mods":["100% Spire Juice","Aspiration","Bartender","BaseMod","Beaked The Cultist","Better Altar","Better Match","Better Sensory Stone","Better Skull","Better Third Choice","BetterRewards","Chen","Colored Powertips","Conspire","Downfall","Friendly Minions","Hermit","Hubris","JesterMod","Magitek Elite","Minty Spire (QoL Compilation)","Permanent Neow","Prisma Mod","QueenMod","Quick Restart","Relic Filter","Reorder Act Four","Shade Mod","StSLib","SuperFastMode","The Alterego","The Marked","The Runesmith","Unceasing Turn Reminder"],"gold_per_floor":[117,192,192,192,205,205,220,230,230,259,269,286,286,309,309,405,405,421,432,449,465,479,479,508,508,534,534,551,751,139,154,154,256,256,268,268,286,286,286,302,29,39,39,39,56,56,69,79,79,79],"floor_reached":51,"language":"ENG","playtime":3106,"items_purged":["hexamod:Defend","hexamod:Strike","hexamod:Strike"],"score":730,"play_id":"670114fb-ede6-44f3-8888-c73f84300a59","local_time":"20210220183809","is_ascension_mode":false,"campfire_choices":[{"data":"hexamod:Again","floor":6,"key":"SMITH"},{"data":"hexamod:CatchUp","floor":13,"key":"SMITH"},{"data":"hexamod:Incineration","floor":15,"key":"SMITH"},{"data":"hexamod:Float","floor":23,"key":"SMITH"},{"data":"hexamod:FastForward","floor":25,"key":"SMITH"},{"floor":27,"key":"RECALL"},{"data":"hexamod:PhantomCloak","floor":32,"key":"SMITH"},{"data":"hexamod:Hexaguard","floor":44,"key":"SMITH"},{"data":"Panache","floor":49,"key":"SMITH"}],"circlet_count":0,"master_deck":["hexamod:Strike+1","hexamod:Defend+1","hexamod:Defend+1","hexamod:Defend+1","hexamod:Sear+1","hexamod:Float+1","hexamod:ShieldOfDarkness+1","hexamod:FirstSeal","hexamod:Incineration+1","hexamod:Again+1","hexamod:Hexaguard+1","hexamod:CatchUp+1","hexamod:ThermalTransfer+1","hexamod:TimeWarp+1","hexamod:ForkedFlame+1","hexamod:GhostflameBarrier+1","hexamod:ShieldOfDarkness+1","hexamod:FastForward+1","hexamod:SixthSeal","hexamod:PhantomCloak+1","hexamod:FirstSeal","hexamod:RainOfEmbers+1","Flash of Steel+1","hexamod:SwordOfDarkness+1","hexamod:ForkedFlame+1","Panache+1","Flash of Steel+1","hexamod:RainOfEmbers+1","hexamod:GhostOfSpireFuture+1","Finesse+1","hexamod:TimeWarp+1","hexamod:Rewind+1"],"relics":["hexamod:SpiritBrand","Question Card","Anchor","conspire:TreasureMap","Runesmith:Nanobots","WarpedTongs","Molten Egg 2","Lantern","Odd Mushroom","Empty Cage","aspiration:HatOfInfinitePower","Bottled Tornado","Cursed Key","Medical Kit"],"acts_visited":["Exordium","TheCity","TheBeyond"],"potions_floor_usage":[10,10,19,20,33,33,40,50,50],"damage_taken":[{"damage":0,"enemies":"Jaw Worm","floor":1,"turns":3},{"damage":1,"enemies":"Small Slimes","floor":5,"turns":3},{"damage":2,"enemies":"Cultist","floor":7,"turns":3},{"damage":3,"enemies":"Blue Slaver","floor":8,"turns":3},{"damage":3,"enemies":"Gremlin Nob","floor":10,"turns":3},{"damage":10,"enemies":"Looter","floor":11,"turns":3},{"damage":1,"enemies":"Exordium Wildlife","floor":12,"turns":3},{"damage":18,"enemies":"The Mushroom Lair","floor":14,"turns":5},{"damage":10,"enemies":"Slime Boss","floor":16,"turns":7},{"damage":3,"enemies":"Shell Parasite","floor":18,"turns":3},{"damage":2,"enemies":"2 Thieves","floor":19,"turns":3},{"damage":3,"enemies":"Sentry and Sphere","floor":20,"turns":5},{"damage":0,"enemies":"Snecko","floor":21,"turns":4},{"damage":3,"enemies":"Snake Plant","floor":22,"turns":3},{"damage":14,"enemies":"conspire:MimicChest","floor":24,"turns":5},{"damage":3,"enemies":"Shelled Parasite and Fungi","floor":28,"turns":5},{"damage":2,"enemies":"3 Cultists","floor":31,"turns":5},{"damage":0,"enemies":"conspire:MysteriousRune","floor":33,"turns":8},{"damage":10,"enemies":"3 Shapes","floor":35,"turns":3},{"damage":3,"enemies":"3 Darklings","floor":37,"turns":5},{"damage":0,"enemies":"Transient","floor":40,"turns":5},{"damage":0,"enemies":"Maw","floor":42,"turns":6},{"damage":0,"enemies":"3 Darklings","floor":45,"turns":3},{"damage":43,"enemies":"Transient","floor":47,"turns":5},{"damage":0,"enemies":"Maw","floor":48,"turns":6},{"damage":25,"enemies":"Time Eater","floor":50,"turns":12}],"seed_played":"-520639152286847057","potions_obtained":[{"floor":1,"key":"BlessingOfTheForge"},{"floor":7,"key":"hexamod:SoulburnPotion"},{"floor":8,"key":"SpeedPotion"},{"floor":12,"key":"Explosive Potion"},{"floor":19,"key":"Regen Potion"},{"floor":28,"key":"sneckomod:MuddlingPotion"},{"floor":31,"key":"Ancient Potion"},{"floor":33,"key":"Fire Potion"},{"floor":35,"key":"SmokeBomb"},{"floor":42,"key":"Energy Potion"},{"floor":45,"key":"Ancient Potion"}],"is_trial":false,"path_per_floor":["M","?","T","?","M","R","M","M","T","E","M","M","R","?","R","B",null,"M","M","M","M","M","R","?","R","T","R","M","?","$","M","R","B",null,"M","?","M","?","?","M","$","M","T","R","M","?","M","M","R","B",null],"character_chosen":"THE_SPIRIT","items_purchased":["hexamod:ShieldOfDarkness","Question Card","hexamod:FirstSeal","Anchor","conspire:TreasureMap","Bottled Tornado","hexamod:FirstSeal","hexamod:RainOfEmbers+1","Flash of Steel+1","Medical Kit","hexamod:GhostOfSpireFuture","Finesse"],"campfire_rested":0,"item_purchase_floors":[0,0,0,0,0,30,30,30,30,41,41,41],"current_hp_per_floor":[45,34,34,34,40,40,45,49,49,53,50,49,49,38,38,28,70,70,68,65,70,67,67,60,60,60,60,64,64,64,70,70,70,70,70,70,70,70,70,70,70,70,70,70,70,70,41,55,55,59],"gold":79,"neow_bonus":"","is_daily":false,"chose_seed":false,"campfire_upgraded":8,"win_rate":0.0,"timestamp":1613842689,"path_taken":["M","?","?","?","?","R","M","M","T","E","M","M","R","?","R","BOSS","M","M","M","M","M","R","?","R","T","R","M","?","$","?","R","BOSS","M","?","M","?","?","?","$","M","T","R","M","?","M","M","R","BOSS"],"items_purchased_type":["Card","Relic","Card","Relic","Relic","Relic","Card","Card","Card","Relic","Card","Card"],"build_version":"2020-12-22","purchased_purges":3,"victory":true,"max_hp_per_floor":[70,70,70,70,70,70,70,70,70,70,70,70,70,70,70,70,70,70,70,70,70,70,70,70,70,70,70,70,70,70,70,70,70,70,70,70,70,70,70,70,70,70,70,70,70,70,70,70,70,70],"card_choices":[{"not_picked":["hexamod:InspiringFlames","hexamod:EtherealExpedition","hexamod:BurningTouch"],"picked":"hexamod:Incineration","floor":1},{"not_picked":["hexamod:BurningTouch","hexamod:AdvancingGuard","hexamod:InspiringFlames"],"picked":"hexamod:Again","floor":5},{"not_picked":["hexamod:Firestarter","hexamod:BurningTouch","hexamod:NightmareStrike"],"picked":"hexamod:Hexaguard","floor":7},{"not_picked":["hexamod:NightmareStrike","hexamod:NecessarySacrifice","hexamod:RadiantFlame"],"picked":"hexamod:CatchUp","floor":8},{"not_picked":["hexamod:FastForward","hexamod:BurningTouch","hexamod:ParanormalForm"],"picked":"hexamod:ThermalTransfer+1","floor":10},{"not_picked":["hexamod:HeatMetal+1","hexamod:Firestarter+1","hexamod:Haunt","hexamod:AdvancingGuard"],"picked":"SKIP","floor":11},{"not_picked":["hexamod:Firestarter+1","hexamod:NightmareStrike+1","hexamod:HeatShield","hexamod:SoulSteal"],"picked":"SKIP","floor":12},{"not_picked":["hexamod:SecondSeal","hexamod:ThermalTransfer+1","hexamod:Firestarter+1"],"picked":"hexamod:TimeWarp+1","floor":14},{"not_picked":["hexamod:SearingWound","hexamod:ParanormalForm","hexamod:GhostOfSpirePresent"],"picked":"hexamod:ForkedFlame+1","floor":16},{"not_picked":["hexamod:NightmareGuise","hexamod:Again+1","hexamod:BacktrackSmack+1"],"picked":"hexamod:GhostflameBarrier","floor":18},{"not_picked":["hexamod:SoulSteal","hexamod:AdvancingGuard","hexamod:RetreatToShadows","hexamod:InspiringFlames"],"picked":"SKIP","floor":19},{"not_picked":["hexamod:Firestarter+1","hexamod:CatchUp","hexamod:InspiringFlames"],"picked":"hexamod:ShieldOfDarkness+1","floor":20},{"not_picked":["hexamod:NightmareGuise","hexamod:Firestarter+1","hexamod:ThermalTransfer+1","hexamod:BacktrackSmack+1"],"picked":"SKIP","floor":21},{"not_picked":["hexamod:ThermalTransfer+1","hexamod:SpectersWail+1","hexamod:InspiringFlames"],"picked":"hexamod:FastForward","floor":22},{"not_picked":["hexamod:SecondSeal","hexamod:SkipABeat+1","hexamod:SpectralAdrenaline"],"picked":"hexamod:SixthSeal","floor":24},{"not_picked":["hexamod:ShieldOfDarkness","hexamod:EmpoweredFlame","hexamod:FastForward"],"picked":"hexamod:PhantomCloak","floor":28},{"not_picked":["hexamod:RetreatToShadows","hexamod:Again","hexamod:HeatMetal+1"],"picked":"hexamod:SwordOfDarkness+1","floor":31},{"not_picked":["hexamod:WildfireWeapon","hexamod:TimeWarp+1","hexamod:SixthSeal"],"picked":"hexamod:ForkedFlame+1","floor":33},{"not_picked":["hexamod:ExtraCrispy","hexamod:SwordOfDarkness+1","hexamod:Incineration+1","hexamod:InspiringFlames+1"],"picked":"SKIP","floor":35},{"not_picked":["Forethought","Transmutation","Secret Weapon"],"picked":"Panache","floor":36},{"not_picked":["Swift Strike+1","Madness","hubris:EnhanceAbility"],"picked":"Flash of Steel+1","floor":36},{"not_picked":["hexamod:BurningTouch","hexamod:Hexaguard","hexamod:InspiringFlames+1","hexamod:GhostLash+1"],"picked":"SKIP","floor":37},{"not_picked":["hexamod:Firestarter+1","hexamod:AdvancingGuard","hexamod:NightmareStrike+1"],"picked":"hexamod:RainOfEmbers+1","floor":40},{"not_picked":["hexamod:SwordOfDarkness+1","hexamod:FastForward","hexamod:RadiantFlame"],"picked":"hexamod:TimeWarp+1","floor":42},{"not_picked":["hexamod:SwordOfDarkness+1","hexamod:HeatMetal+1","hexamod:SpectersWail+1"],"picked":"hexamod:Rewind","floor":45},{"not_picked":["hexamod:ShieldOfDarkness","hexamod:EtherealExpedition","hexamod:GhostShield","hexamod:FastForward+1"],"picked":"SKIP","floor":47},{"not_picked":["hexamod:ShieldOfDarkness","hexamod:AdvancingGuard+1","hexamod:ThirdSeal","hexamod:ThermalTransfer+1"],"picked":"SKIP","floor":48}],"player_experience":1561886,"relics_obtained":[{"floor":3,"key":"Runesmith:Nanobots"},{"floor":9,"key":"Molten Egg 2"},{"floor":10,"key":"Lantern"},{"floor":14,"key":"Odd Mushroom"},{"floor":24,"key":"aspiration:HatOfInfinitePower"}],"event_choices":[{"damage_healed":0,"gold_gain":75,"player_choice":"Gold","damage_taken":11,"max_hp_gain":0,"max_hp_loss":0,"event_name":"betterThird:BetterGoop","floor":2,"gold_loss":0},{"damage_healed":0,"gold_gain":0,"player_choice":"Rummage","damage_taken":0,"relics_obtained":["WarpedTongs"],"max_hp_gain":0,"max_hp_loss":0,"event_name":"Accursed Blacksmith","floor":4,"gold_loss":0,"cards_obtained":["Pain"]},{"damage_healed":0,"gold_gain":0,"player_choice":"Fought Mushrooms","damage_taken":0,"max_hp_gain":0,"max_hp_loss":0,"event_name":"Mushrooms","floor":14,"gold_loss":0},{"damage_healed":0,"gold_gain":250,"player_choice":"Bet on Owner","damage_taken":0,"max_hp_gain":0,"max_hp_loss":0,"event_name":"The Joust","floor":29,"gold_loss":50},{"damage_healed":0,"gold_gain":3,"player_choice":"1","damage_taken":0,"max_hp_gain":0,"max_hp_loss":0,"event_name":"betterStone:BetterStone","floor":36,"gold_loss":0},{"damage_healed":0,"gold_gain":0,"player_choice":"Ignored","damage_taken":0,"max_hp_gain":0,"max_hp_loss":0,"event_name":"Tomb of Lord Red Mask","floor":38,"gold_loss":0}],"is_beta":false,"boss_relics":[{"not_picked":["Silver_Glasses","conspire:SpecialSausage"],"picked":"Empty Cage"},{"not_picked":["hexamod:UnbrokenSoul","Pandora\u0027s Box"],"picked":"Cursed Key"}],"items_purged_floors":[0,0,30],"is_endless":false,"potions_floor_spawned":[1,7,8,12,19,28,31,33,35,42,45,48],"ascension_level":0}}