{"host":"kerxro2ytzukjey9","time":1613801426,"event":{"mods":["BaseMod","Colored Map","Downfall","Minty Spire (QoL Compilation)","Permanent Neow","StSLib"],"gold_per_floor":[99,111,111,111,20,20,47,60,0,32,32,84,84,146,188,313,313,213,263,309,31,43,107,132,172,172,172,232,232,432,496,543,675,675,575,575,622,665,714,622,622,447,507,552,452,509,509,573,613,643,643,670,37,37,37,37],"floor_reached":57,"language":"ENG","playtime":6860,"items_purged":["downfall:Malfunctioning","sneckomod:Strike","sneckomod:Strike+1","sneckomod:Strike+1"],"score":1467,"play_id":"0885fff8-081a-43c6-a070-2f251e632c1e","local_time":"20210220011026","is_ascension_mode":true,"campfire_choices":[{"floor":1.0,"key":"RECALL"},{"data":"sneckomod:WideSting","floor":6.0,"key":"SMITH"},{"data":"Wish","floor":18,"key":"SMITH"},{"floor":27,"key":"REST"},{"data":"sneckomod:SoulDraw","floor":45,"key":"SMITH"},{"data":"sneckomod:QuickBite","floor":47,"key":"SMITH"}],"circlet_count":0,"master_deck":["sneckomod:Defend+1","sneckomod:Defend+1","sneckomod:Defend+1","sneckomod:TailWhip+1","sneckomod:SnekBite+1","sneckomod:Cheat+1","sneckomod:UnknownClassPURPLE","sneckomod:DefensiveFlair+1","sneckomod:WideSting+1","sneckomod:Unknown1Cost+1","sneckomod:SoulCleanse+1","sneckomod:RainOfDice+1","Wish+1","sneckomod:UnendingSupply+1","Headbutt+1","sneckomod:QuickBite+1","hexamod:SixthSeal","sneckomod:UnlimitedRolls+1","sneckomod:QuickMove+1","sneckomod:UnknownDexterity","sneckomod:DefensiveFlair+1","sneckomod:SlitherStrike+1","bronze:Break+1","sneckomod:RainOfDice+1","sneckomod:RainOfDice+1","Pride","sneckomod:UnknownUncommonSkill","sneckomod:Restock+1","Guardian:FierceBash+1","sneckomod:UnknownUncommonAttack+1","sneckomod:UnknownColorless+1","expansioncontent:DashGenerateEvil+1","sneckomod:SoulDraw+1","sneckomod:UnknownStrength+1","Parasite","sneckomod:Restock","sneckomod:UnknownClassRED+1","sneckomod:ImprovisedGuard","sneckomod:QuickBite+1","sneckomod:UnknownWeak+1","Magnetism","Skim+1"],"relics":["sneckomod:SneckoSoul","War Paint","Du-Vu Doll","Bronze Scales","Art of War","Sozu","downfall:HeartBlessingRed","hexamod:BolsterEngine","Whetstone","Centennial Puzzle","Potion Belt","Mercury Hourglass","Matryoshka","SlaversCollar","downfall:HeartBlessingGreen","Lee\u0027s Waffle","Guardian:PocketSentry","Dream Catcher","Boot","downfall:HeartBlessingBlue","Omamori","Mummified Hand","Blood Vial","Orichalcum","Guardian:BottledAnomaly"],"acts_visited":["Exordium","TheCity","TheBeyond","TheEnding"],"potions_floor_usage":[16,37,56,56],"damage_taken":[{"damage":0.0,"enemies":"Cultist","floor":2.0,"turns":2.0},{"damage":2.0,"enemies":"downfall:FleeingMerchant","floor":5.0,"turns":4.0},{"damage":0.0,"enemies":"Jaw Worm","floor":8.0,"turns":2.0},{"damage":2.0,"enemies":"downfall:FleeingMerchant","floor":9.0,"turns":4.0},{"damage":12.0,"enemies":"Gremlin Nob","floor":10.0,"turns":3.0},{"damage":24.0,"enemies":"Lagavulin","floor":12.0,"turns":8.0},{"damage":15,"enemies":"3 Sentries","floor":14,"turns":6},{"damage":0,"enemies":"2 Louse","floor":15,"turns":5},{"damage":15,"enemies":"SI_SHIV_ARCHETYPE","floor":16,"turns":7},{"damage":24,"enemies":"Shell Parasite","floor":19,"turns":6},{"damage":12,"enemies":"3 Byrds","floor":20,"turns":4},{"damage":0,"enemies":"downfall:FleeingMerchant","floor":21,"turns":4},{"damage":0,"enemies":"Cultist and Chosen","floor":22,"turns":4},{"damage":6,"enemies":"Book of Stabbing","floor":23,"turns":5},{"damage":14,"enemies":"Sentry and Sphere","floor":25,"turns":4},{"damage":8,"enemies":"Gremlin Leader","floor":28,"turns":7},{"damage":11,"enemies":"Book of Stabbing","floor":31,"turns":4},{"damage":10,"enemies":"3 Cultists","floor":32,"turns":4},{"damage":26,"enemies":"WA_ARCHETYPE_CALM","floor":33,"turns":8},{"damage":10,"enemies":"Orb Walker","floor":37,"turns":3},{"damage":9,"enemies":"3 Darklings","floor":38,"turns":5},{"damage":32,"enemies":"4 Shapes","floor":39,"turns":5},{"damage":14,"enemies":"downfall:FleeingMerchant","floor":40,"turns":4},{"damage":31,"enemies":"Reptomancer","floor":43,"turns":6},{"damage":1,"enemies":"Writhing Mass","floor":44,"turns":5},{"damage":24,"enemies":"Nemesis","floor":46,"turns":4},{"damage":23,"enemies":"Reptomancer","floor":48,"turns":4},{"damage":0,"enemies":"Transient","floor":49,"turns":5},{"damage":53,"enemies":"DF_ARCHETYPE_ORBS","floor":50,"turns":7},{"damage":23,"enemies":"downfall:CharBossMerchant","floor":52,"turns":5},{"damage":0,"enemies":"downfall:NeowBoss","floor":55,"turns":10},{"damage":95,"enemies":"downfall:NeowBossFinal","floor":56,"turns":6}],"seed_played":"-884653443149926287","potions_obtained":[{"floor":2.0,"key":"FearPotion"},{"floor":10.0,"key":"SkillPotion"},{"floor":12.0,"key":"PowerPotion"},{"floor":15,"key":"Strength Potion"},{"floor":16,"key":"LiquidMemories"}],"is_trial":false,"path_per_floor":["R","M","?","?","$","R","T","M","$","E","R","E","R","E","M","B",null,"R","M","M","$","M","E","T","M","?","R","E","?","?","E","M","B",null,"R","?","M","M","M","$","T","$","E","M","R","E","R","E","M","B",null,"E","$","R","B","B",null],"character_chosen":"THE_SNECKO","items_purchased":["sneckomod:WideSting","sneckomod:RainOfDice","sneckomod:SlitherStrike","hexamod:BolsterEngine","Lee\u0027s Waffle","Guardian:PocketSentry","expansioncontent:DashGenerateEvil","sneckomod:SoulDraw","Orichalcum","Guardian:BottledAnomaly","Magnetism"],"campfire_rested":1,"item_purchase_floors":[5,9,21,21,40,40,40,42,53,53,53],"current_hp_per_floor":[90,90,90,95,93,93,93,93,91,79,79,55,55,40,40,25,95,95,71,59,59,59,53,53,39,39,67,59,59,59,48,38,12,95,95,95,85,76,44,102,102,102,86,85,95,71,71,63,63,10,112,89,89,89,91,4],"gold":37,"neow_bonus":"ONE_RANDOM_RARE_CARD","is_daily":false,"chose_seed":false,"campfire_upgraded":4,"win_rate":0.0,"timestamp":1613801426,"path_taken":["R","M","?","?","$","R","T","M","$","E","R","E","R","E","M","BOSS","R","M","M","$","M","E","T","M","?","R","E","?","?","E","M","BOSS","R","?","M","M","M","$","T","$","E","?","R","E","R","E","M","BOSS","E","$","R","BOSS","BOSS"],"items_purchased_type":["Card","Card","Card","Relic","Relic","Relic","Card","Card","Relic","Relic","Card"],"build_version":"2020-12-22","purchased_purges":4,"victory":true,"max_hp_per_floor":[90,90,90,95,95,95,95,95,95,95,95,95,95,95,95,95,95,95,95,95,95,95,95,95,95,95,95,95,95,95,95,95,95,95,95,95,95,95,95,102,102,102,102,102,112,112,112,112,112,112,112,112,112,112,112,112],"card_choices":[{"not_picked":["sneckomod:UnknownClassTHE_CHAMP_GRAY","sneckomod:UnknownX"],"picked":"sneckomod:UnknownClassPURPLE","floor":2.0},{"not_picked":["sneckomod:UnknownClassRED","sneckomod:UnknownCommonAttack"],"picked":"sneckomod:DefensiveFlair","floor":5.0},{"not_picked":["sneckomod:IronFang","sneckomod:DiceBlock"],"picked":"sneckomod:Unknown1Cost","floor":8.0},{"not_picked":["sneckomod:TrashToTreasure","sneckomod:DiceBlock"],"picked":"sneckomod:SoulCleanse","floor":9.0},{"not_picked":["sneckomod:Unknown0Cost","sneckomod:SnekBeam"],"picked":"sneckomod:Unknown1Cost","floor":10.0},{"not_picked":["sneckomod:DiceCrush","sneckomod:DefensiveFlair"],"picked":"sneckomod:UnendingSupply","floor":12.0},{"not_picked":["sneckomod:UnknownDraw","sneckomod:UnknownClassPURPLE"],"picked":"sneckomod:Unknown3Cost","floor":14},{"not_picked":["sneckomod:UnknownClassGUARDIAN","sneckomod:DefensiveFlair"],"picked":"sneckomod:QuickBite","floor":15},{"not_picked":["hexamod:SecondSeal","hexamod:FirstSeal"],"picked":"hexamod:SixthSeal","floor":16},{"not_picked":["sneckomod:UnknownRareAttack","sneckomod:Mudshield"],"picked":"sneckomod:UnlimitedRolls","floor":16},{"not_picked":["sneckomod:DiceCrush","sneckomod:UnknownClassSLIMEBOUND+1"],"picked":"sneckomod:QuickMove","floor":19},{"not_picked":["sneckomod:UnknownUncommonSkill+1","sneckomod:UnknownCommonAttack"],"picked":"sneckomod:UnknownDexterity","floor":20},{"not_picked":["sneckomod:SnakeSap","sneckomod:DiceCrush"],"picked":"sneckomod:DefensiveFlair+1","floor":21},{"not_picked":["sneckomod:UnknownClassTHE_BRONZE_AUTOMATON+1","sneckomod:UnknownCommonAttack+1"],"picked":"sneckomod:Memorize","floor":22},{"not_picked":["sneckomod:UnknownClassGUARDIAN","sneckomod:IronFang","sneckomod:UnknownExhaust+1"],"picked":"SKIP","floor":23},{"not_picked":["sneckomod:UnknownWeak","sneckomod:UnknownClassGREEN"],"picked":"sneckomod:RainOfDice+1","floor":25},{"not_picked":["sneckomod:PureSnecko","sneckomod:UnknownClassRED"],"picked":"sneckomod:RainOfDice","floor":28},{"not_picked":["sneckomod:QuickMove","sneckomod:UnlimitedRolls"],"picked":"sneckomod:UnknownUncommonSkill","floor":31},{"not_picked":["sneckomod:UnknownClassBLUE","sneckomod:UnknownCommonAttack","sneckomod:CheapStock+1"],"picked":"SKIP","floor":32},{"not_picked":["sneckomod:MorePower","sneckomod:UnlimitedRolls"],"picked":"sneckomod:Restock","floor":33},{"not_picked":["sneckomod:UnknownExhaust+1","sneckomod:UnknownClassSLIMEBOUND+1"],"picked":"sneckomod:UnknownDraw+1","floor":37},{"not_picked":["sneckomod:DiceCrush+1","sneckomod:UnknownCommonSkill"],"picked":"sneckomod:UnknownUncommonAttack+1","floor":38},{"not_picked":["sneckomod:UnknownDexterity","sneckomod:PureSnecko+1"],"picked":"sneckomod:UnknownColorless+1","floor":39},{"not_picked":["sneckomod:PureSnecko","sneckomod:UnknownClassTHE_CHAMP_GRAY","sneckomod:SoulRoll+1"],"picked":"SKIP","floor":40},{"not_picked":["sneckomod:Unknown0Cost+1","sneckomod:UnknownClassSLIMEBOUND+1"],"picked":"sneckomod:UnknownStrength","floor":43},{"not_picked":["sneckomod:RainOfDice+1","sneckomod:UnknownCommonSkill"],"picked":"sneckomod:Restock","floor":44},{"not_picked":["sneckomod:DefensiveFlair+1","sneckomod:SoulRoll"],"picked":"sneckomod:UnknownClassRED+1","floor":46},{"not_picked":["sneckomod:UnknownClassTHE_BRONZE_AUTOMATON","sneckomod:UnknownClassPURPLE"],"picked":"sneckomod:ImprovisedGuard","floor":48},{"not_picked":["sneckomod:Memorize+1","sneckomod:UnknownClassTHE_BRONZE_AUTOMATON+1"],"picked":"sneckomod:QuickBite+1","floor":49},{"not_picked":["sneckomod:UnknownClassTHE_BRONZE_AUTOMATON","sneckomod:ImprovisedAttack+1"],"picked":"sneckomod:UnknownWeak+1","floor":52}],"player_experience":791581,"relics_obtained":[{"floor":7.0,"key":"War Paint"},{"floor":10.0,"key":"Du-Vu Doll"},{"floor":12.0,"key":"Bronze Scales"},{"floor":14,"key":"Art of War"},{"floor":23,"key":"Whetstone"},{"floor":24,"key":"Centennial Puzzle"},{"floor":28,"key":"Potion Belt"},{"floor":31,"key":"Matryoshka"},{"floor":41,"key":"Dream Catcher"},{"floor":43,"key":"Boot"},{"floor":46,"key":"Omamori"},{"floor":48,"key":"Mummified Hand"},{"floor":52,"key":"Blood Vial"}],"event_choices":[{"damage_healed":0.0,"max_hp_gain":5.0,"max_hp_loss":0.0,"gold_gain":0.0,"event_name":"Big Fish","player_choice":"Donut","floor":4.0,"gold_loss":0.0,"damage_taken":0.0},{"damage_healed":0,"gold_gain":0,"player_choice":"Ignored","damage_taken":0,"max_hp_gain":0,"max_hp_loss":0,"event_name":"Vampires","floor":26,"gold_loss":0},{"damage_healed":0,"gold_gain":0,"player_choice":"Stole Relic","damage_taken":0,"relics_obtained":["Mercury Hourglass"],"max_hp_gain":0,"max_hp_loss":0,"event_name":"Addict","floor":29,"gold_loss":0,"cards_obtained":["Pride"]},{"damage_healed":0,"gold_gain":200,"player_choice":"Gold","damage_taken":0,"max_hp_gain":0,"max_hp_loss":0,"event_name":"Wheel of Change","floor":30,"gold_loss":0},{"damage_healed":0,"gold_gain":0,"player_choice":"Got Potions","damage_taken":0,"max_hp_gain":0,"max_hp_loss":0,"event_name":"Lab","floor":36,"gold_loss":0}],"is_beta":false,"boss_relics":[{"not_picked":["Tiny House","Empty Cage"],"picked":"Sozu"},{"not_picked":["sneckomod:SneckoTalon","Runic Dome"],"picked":"SlaversCollar"}],"items_purged_floors":[5,21,42,53],"is_endless":false,"potions_floor_spawned":[2,10,12,15,16,23,25,28,33,37,43,48],"ascension_level":1}}