{"host":"°¶±ßÂ¶°é","time":1613815429,"event":{"mods":["AchievementEnabler","BaseMod","Downfall","Marisa£¨ìFÓê¡¡Ä§ÀíÉ³£©","Minty Spire (QoL Compilation)","StSLib","The Servant 0.9.4"],"gold_per_floor":[99,118,132,132,145,55,79,79,79,91,76,86,86,99,112,112,112,112],"floor_reached":16,"language":"ZHS","playtime":1620,"items_purged":["champ:Strike"],"score":94,"play_id":"3a282443-180f-4b31-bd80-32194cc86cdc","local_time":"20210220180349","is_ascension_mode":false,"campfire_choices":[{"data":"champ:Taunt","floor":1,"key":"SMITH"},{"data":"champ:EnragedBash","floor":9,"key":"SMITH"}],"circlet_count":0,"master_deck":["champ:Strike","champ:Strike","champ:Strike","champ:Defend+1","champ:Defend+1","champ:Defend","champ:Defend","champ:Execute","champ:Taunt+1","champ:EnragedBash+1","champ:Backstep","champ:BringItOn","champ:Duel"],"relics":["champ:ChampionCrown","Ancient Tea Set","War Paint"],"acts_visited":["Exordium"],"potions_floor_usage":[],"damage_taken":[{"damage":15,"enemies":"2 Louse","floor":2,"turns":3},{"damage":25,"enemies":"Cultist","floor":3,"turns":4},{"damage":25,"enemies":"Jaw Worm","floor":5,"turns":4},{"damage":30,"enemies":"downfall:FleeingMerchant","floor":6,"turns":4},{"damage":27,"enemies":"Exordium Wildlife","floor":10,"turns":3},{"damage":25,"enemies":"downfall:FleeingMerchant","floor":11,"turns":4},{"damage":30,"enemies":"Large Slime","floor":12,"turns":5},{"damage":15,"enemies":"Blue Slaver","floor":14,"turns":4},{"damage":20,"enemies":"downfall:LooterAlt","floor":15,"turns":3},{"damage":100,"enemies":"IC_STATUS_ARCHETYPE","floor":16,"turns":10}],"seed_played":"46878580030633249","potions_obtained":[{"floor":5,"key":"champ:CounterPotion"},{"floor":10,"key":"champ:UltimateStancePotion"},{"floor":14,"key":"SkillPotion"}],"is_trial":false,"path_per_floor":["R","M","M","?","M","$","T","?","R","M","$","M","?","M","M","B"],"character_chosen":"THE_CHAMP","items_purchased":[],"campfire_rested":0,"item_purchase_floors":[],"current_hp_per_floor":[99,99,99,84,84,84,84,84,84,82,82,82,70,70,70,0,0,0],"gold":112,"neow_bonus":"TEN_PERCENT_HP_BONUS","is_daily":false,"chose_seed":false,"campfire_upgraded":2,"win_rate":0.0,"timestamp":1613815429,"path_taken":["R","M","M","?","?","?","T","?","R","M","$","M","?","?","M","BOSS"],"items_purchased_type":[],"build_version":"2020-12-18","purchased_purges":1,"victory":false,"max_hp_per_floor":[99,99,99,99,99,99,99,99,99,99,99,99,99,99,99,99,99,99],"card_choices":[{"not_picked":["champ:PerfectedStrike","champ:FocusedDefense"],"picked":"champ:EnragedBash","floor":2},{"not_picked":["champ:CrownThrow","champ:AdrenalArmor"],"picked":"champ:Backstep","floor":3},{"not_picked":["champ:CalledShot","champ:FlashCut"],"picked":"champ:BringItOn","floor":5},{"not_picked":["champ:TornadoPunch","champ:Backstep","champ:Parry"],"picked":"SKIP","floor":6},{"not_picked":["champ:EnragedBash","champ:TornadoPunch","champ:AdrenalArmor"],"picked":"SKIP","floor":10},{"not_picked":["champ:Shatter","champ:DefensiveShout"],"picked":"champ:Duel","floor":11},{"not_picked":["champ:BringItOn","champ:TornadoPunch","champ:DefensiveShout"],"picked":"SKIP","floor":12},{"not_picked":["champ:Duel","champ:AdrenalArmor","champ:EnGarde"],"picked":"SKIP","floor":14},{"not_picked":["champ:Haymaker","champ:IgnorePain","champ:Lariat"],"picked":"SKIP","floor":15}],"player_experience":845279,"relics_obtained":[{"floor":7,"key":"Ancient Tea Set"}],"event_choices":[{"damage_healed":0,"gold_gain":0,"player_choice":"Success","damage_taken":12,"relics_obtained":["War Paint"],"max_hp_gain":0,"max_hp_loss":0,"event_name":"Scrap Ooze","floor":13,"gold_loss":0}],"is_beta":true,"boss_relics":[],"items_purged_floors":[6],"is_endless":false,"potions_floor_spawned":[5,10,14],"killed_by":"IC_STATUS_ARCHETYPE","ascension_level":0}}