{"host":"to2s10i0cynxbiqz","time":1613831301,"event":{"mods":["BaseMod","Colored Powertips","Highlight Path","Minty Spire (QoL Compilation)","Quick Restart","StSLib","slay the spire mod where everything is the same but ironclad has a cowboy hat"],"gold_per_floor":[114,134,147,163,178,213,213,173,200,221,257,281,281,301,301,427,427,447,470,199,220,76,76,115,131,155,155,155,194,229,229,229],"floor_reached":31,"language":"ZHS","playtime":1159,"items_purged":["Normality"],"score":441,"play_id":"0d778d7d-8e19-4d00-acc7-e292872257a1","local_time":"20210220222821","is_ascension_mode":true,"campfire_choices":[{"data":"Rampage","floor":15.0,"key":"SMITH"},{"data":"Armaments","floor":23.0,"key":"SMITH"},{"floor":28.0,"key":"REST"}],"circlet_count":0,"master_deck":["Strike_R","Strike_R","Strike_R","Strike_R","Defend_R","Defend_R","Defend_R","Defend_R","Bash","Clash","Rage","Second Wind+1","Rampage","Rampage+1","Juggernaut","Whirlwind","Shrug It Off","Impervious","Armaments+1","Prostrate","Decay","Streamline","Clash"],"relics":["Cursed Key","Art of War","Golden Idol","Regal Pillow","Bronze Scales","Runic Pyramid","PrismaticShard","TheAbacus","Orichalcum","Dream Catcher","Red Mask"],"acts_visited":["Exordium","TheCity"],"potions_floor_usage":[29],"damage_taken":[{"damage":8.0,"enemies":"Small Slimes","floor":1.0,"turns":3.0},{"damage":0.0,"enemies":"Cultist","floor":2.0,"turns":2.0},{"damage":2.0,"enemies":"2 Louse","floor":3.0,"turns":2.0},{"damage":4.0,"enemies":"Exordium Thugs","floor":4.0,"turns":3.0},{"damage":1.0,"enemies":"Large Slime","floor":5.0,"turns":5.0},{"damage":9.0,"enemies":"Lagavulin","floor":6.0,"turns":5.0},{"damage":4.0,"enemies":"Looter","floor":10.0,"turns":3.0},{"damage":0.0,"enemies":"Gremlin Nob","floor":11.0,"turns":3.0},{"damage":0.0,"enemies":"2 Fungi Beasts","floor":12.0,"turns":3.0},{"damage":0.0,"enemies":"3 Louse","floor":14.0,"turns":1.0},{"damage":6.0,"enemies":"Hexaghost","floor":16.0,"turns":8.0},{"damage":4.0,"enemies":"Spheric Guardian","floor":18.0,"turns":5.0},{"damage":12.0,"enemies":"Chosen","floor":19.0,"turns":6.0},{"damage":2.0,"enemies":"Snake Plant","floor":21.0,"turns":4.0},{"damage":0.0,"enemies":"Gremlin Leader","floor":24.0,"turns":7.0},{"damage":12.0,"enemies":"Shelled Parasite and Fungi","floor":25.0,"turns":5.0},{"damage":31,"enemies":"Slavers","floor":29,"turns":5},{"damage":50,"enemies":"Masked Bandits","floor":30,"turns":5},{"damage":0,"enemies":"Book of Stabbing","floor":31,"turns":1}],"seed_played":"-4041472865428305694","potions_obtained":[{"floor":1.0,"key":"CultistPotion"},{"floor":2.0,"key":"Fire Potion"},{"floor":3.0,"key":"Fruit Juice"},{"floor":8.0,"key":"Fruit Juice"},{"floor":8.0,"key":"Block Potion"},{"floor":8.0,"key":"FearPotion"},{"floor":14.0,"key":"DuplicationPotion"},{"floor":16.0,"key":"Block Potion"},{"floor":19.0,"key":"DistilledChaos"},{"floor":25.0,"key":"BlessingOfTheForge"}],"is_trial":false,"path_per_floor":["M","M","M","M","M","E","?","?","T","M","E","M","?","M","R","B",null,"M","M","$","M","$","R","E","M","T","?","R","E","?","E"],"character_chosen":"IRONCLAD","items_purchased":["PrismaticShard","Armaments","TheAbacus"],"campfire_rested":1,"item_purchase_floors":[20,20,22],"current_hp_per_floor":[64,64,62,63,62,53,53,58,58,54,54,54,54,54,54,48,75,71,59,59,57,57,57,57,45,45,45,84,53,3,3,3],"gold":229,"neow_bonus":"BOSS_RELIC","is_daily":false,"chose_seed":false,"campfire_upgraded":2,"win_rate":0.0,"timestamp":1613831301,"path_taken":["M","M","M","M","M","E","?","?","T","M","E","?","?","M","R","BOSS","M","M","$","M","$","R","E","M","T","?","R","E","?","E"],"items_purchased_type":["Relic","Card","Relic"],"build_version":"2020-12-22","purchased_purges":1,"victory":false,"max_hp_per_floor":[80,80,80,85,85,85,79,84,84,84,84,84,84,84,84,84,84,84,84,84,84,84,84,84,84,84,84,84,84,84,84,84],"card_choices":[{"not_picked":["Reckless Charge","Flex"],"picked":"Clash","floor":1.0},{"not_picked":["Cleave","Perfected Strike"],"picked":"Rage","floor":2.0},{"not_picked":["Body Slam","Thunderclap"],"picked":"Second Wind","floor":3.0},{"not_picked":["Flex","Ghostly Armor"],"picked":"Rampage","floor":4.0},{"not_picked":["Perfected Strike","Dark Embrace"],"picked":"Rampage","floor":5.0},{"not_picked":["Wild Strike","Iron Wave","Sever Soul"],"picked":"SKIP","floor":6.0},{"not_picked":["Thunderclap","Havoc"],"picked":"Juggernaut","floor":10.0},{"not_picked":["Perfected Strike","Sword Boomerang","Headbutt"],"picked":"SKIP","floor":11.0},{"not_picked":["Heavy Blade","Warcry"],"picked":"Whirlwind","floor":12.0},{"not_picked":["Dual Wield","True Grit"],"picked":"Shrug It Off","floor":14.0},{"not_picked":["Exhume","Limit Break"],"picked":"Impervious","floor":16.0},{"not_picked":["True Grit","Heavy Blade","Warcry"],"picked":"SKIP","floor":18.0},{"not_picked":["Rupture+1","Flex","Warcry"],"picked":"SKIP","floor":19.0},{"not_picked":["Deadly Poison","Malaise","JustLucky+1"],"picked":"SKIP","floor":21.0},{"not_picked":["Uppercut","CrushJoints","Chaos"],"picked":"SKIP","floor":24.0},{"not_picked":["Choke+1","SashWhip"],"picked":"Prostrate","floor":25.0},{"not_picked":["Stack","Pommel Strike"],"picked":"Streamline","floor":29},{"not_picked":["Blade Dance","EmptyFist"],"picked":"Clash","floor":30}],"player_experience":264894,"relics_obtained":[{"floor":6.0,"key":"Art of War"},{"floor":9.0,"key":"Regal Pillow"},{"floor":11.0,"key":"Bronze Scales"},{"floor":24.0,"key":"Orichalcum"},{"floor":29,"key":"Dream Catcher"},{"floor":30,"key":"Red Mask"}],"event_choices":[{"damage_healed":0.0,"max_hp_gain":0.0,"max_hp_loss":6.0,"gold_gain":0.0,"event_name":"Golden Idol","player_choice":"Lose Max HP","floor":7.0,"gold_loss":0.0,"damage_taken":0.0,"relics_obtained":["Golden Idol"]},{"damage_healed":0.0,"max_hp_gain":0.0,"max_hp_loss":0.0,"gold_gain":0.0,"event_name":"The Woman in Blue","player_choice":"Bought 3 Potions","floor":8.0,"gold_loss":0.0,"damage_taken":0.0},{"damage_healed":0.0,"max_hp_gain":0.0,"max_hp_loss":0.0,"gold_gain":0.0,"event_name":"Upgrade Shrine","player_choice":"Upgraded","floor":13.0,"gold_loss":0.0,"damage_taken":0.0,"cards_upgraded":["Second Wind"]},{"cards_removed":["Strike_R"],"damage_healed":0.0,"max_hp_gain":0.0,"max_hp_loss":0.0,"gold_gain":0.0,"event_name":"Back to Basics","player_choice":"Elegance","floor":27.0,"gold_loss":0.0,"damage_taken":0.0},{"damage_healed":0,"gold_gain":0,"player_choice":"Fought Bandits","damage_taken":0,"max_hp_gain":0,"max_hp_loss":0,"event_name":"Masked Bandits","floor":30,"gold_loss":0}],"is_beta":false,"boss_relics":[{"not_picked":["Tiny House","Coffee Dripper"],"picked":"Runic Pyramid"}],"items_purged_floors":[20],"is_endless":false,"potions_floor_spawned":[1,2,3,14,16,19,25],"killed_by":"Book of Stabbing","ascension_level":6}}