{"host":"we8ay8el3o9pwc2d","time":1613849357,"event":{"mods":["Act Like it!","Aspiration","BaseMod","BetterRewards","Colored Map","Conspire","Elementarium","GungeonMod","Minty Spire (QoL Compilation)","Robot Space Explorer","StSLib","The Jungle","The Marked","Waifu the Spire"],"gold_per_floor":[110,110,110,128,146,179,179,254,254,254,265,265,293,293,293,389,389,406,221,221,239,239,239,539,558,558,558,558,573,573,573,573,671,671,691,691,691,691,691,691,691,387,463,79,99,99,99,99,99,99,99,99,47,76,76],"floor_reached":56,"language":"ENG","playtime":2750,"items_purged":["Normality"],"score":1485,"play_id":"c8a6f97a-8e2c-42db-b254-21e5aa79f296","local_time":"20210220122917","is_ascension_mode":false,"campfire_choices":[{"floor":10,"key":"RECALL"},{"floor":15,"key":"REST"},{"data":"Glass Knife","floor":27,"key":"SMITH"},{"floor":32,"key":"REST"},{"floor":40,"key":"DIG"},{"floor":49,"key":"DIG"},{"floor":52,"key":"DIG"}],"circlet_count":0,"master_deck":["Strike_G","Strike_G","Strike_G","Strike_G","Defend_G+1","Defend_G","Defend_G","Defend_G","Defend_G","Survivor+1","Neutralize","Poisoned Stab","Dagger Throw","Noxious Fumes+1","Flying Knee","Slice","Bane","A Thousand Cuts+1","Glass Knife+1","Underhanded Strike+1","Deflect+1","Iron Wave","Poisoned Stab+1","Deadly Poison+1","Catalyst+1","Envenom+1","Quick Slash+1"],"relics":["Ring of the Snake","WingedGreaves","Shovel","Medical Kit","Happy Flower","Juzu Bracelet","Lee\u0027s Waffle","Cursed Key","Pocketwatch","Mummified Hand","Prayer Wheel","aspiration:PoetsPen_weak","theJungle:Creamberry","theJungle:WildStrawberry","DemoMod:RiddleOfLead","Pantograph","Matryoshka","DemoMod:ClearGuonStone","War Paint","Regal Pillow","Shuriken","DemoMod:Orange","Boot","DemoMod:JetPack","Mercury Hourglass","Snake Skull"],"acts_visited":["Exordium","theJungle:Jungle","TheBeyond","TheEnding"],"potions_floor_usage":[13,16,16,33,55,55,55],"damage_taken":[{"damage":1,"enemies":"Jaw Worm","floor":1,"turns":3},{"damage":0,"enemies":"Cultist","floor":4,"turns":2},{"damage":0,"enemies":"conspire:RoseBush","floor":5,"turns":2},{"damage":28,"enemies":"Gremlin Nob","floor":6,"turns":4},{"damage":0,"enemies":"Large Slime","floor":11,"turns":5},{"damage":11,"enemies":"conspire:MimicChest","floor":13,"turns":5},{"damage":25,"enemies":"Hexaghost","floor":16,"turns":7},{"damage":2,"enemies":"theJungle:MUSHROOMGANG","floor":18,"turns":3},{"damage":17,"enemies":"theJungle:Flameango_and_Byrd","floor":21,"turns":3},{"damage":4,"enemies":"theJungle:2_Snecko_Cultists","floor":25,"turns":3},{"damage":0,"enemies":"theJungle:Lyon","floor":29,"turns":2},{"damage":15,"enemies":"theJungle:FunGuy","floor":33,"turns":7},{"damage":0,"enemies":"Orb Walker","floor":35,"turns":1},{"damage":8,"enemies":"3 Shapes","floor":45,"turns":2},{"damage":73,"enemies":"Awakened One","floor":50,"turns":8},{"damage":18,"enemies":"Shield and Spear","floor":54,"turns":4},{"damage":84,"enemies":"The Heart","floor":55,"turns":5}],"seed_played":"-3980952884750552694","potions_obtained":[{"floor":1,"key":"DuplicationPotion"},{"floor":6,"key":"PowerPotion"},{"floor":11,"key":"DistilledChaos"},{"floor":29,"key":"conspire:TimeTravelPotion"},{"floor":30,"key":"CultistPotion"},{"floor":30,"key":"Regen Potion"},{"floor":30,"key":"DemoMod:BlankPotion"},{"floor":33,"key":"SpeedPotion"}],"is_trial":false,"path_per_floor":["M","?","?","M","M","E","?","?","T","R","M","?","?","?","R","B",null,"M","?","?","M","?","$","?","M","T","R","?","M","?","?","R","B",null,"M","?","?","?","T","R","?","$","T","$","M","?","?","$","R","B",null,"R","$","E","B",null],"character_chosen":"THE_SILENT","items_purchased":["Shovel","Poisoned Stab","Medical Kit","Happy Flower","Noxious Fumes","Lee\u0027s Waffle","DemoMod:ClearGuonStone","War Paint","DemoMod:Orange","PowerPotion"],"campfire_rested":2,"item_purchase_floors":[0,0,0,0,0,0,42,42,44,53],"current_hp_per_floor":[76,76,76,76,76,48,48,37,37,37,37,30,19,19,42,17,77,75,75,68,51,51,51,51,47,47,47,37,37,37,37,62,61,94,94,94,94,94,94,94,94,94,94,106,98,98,98,98,98,33,106,106,106,88,22],"gold":76,"neow_bonus":"","is_daily":false,"chose_seed":false,"campfire_upgraded":1,"win_rate":0.0,"timestamp":1613849357,"path_taken":["M","?","?","M","M","E","?","?","T","R","M","?","?","?","R","BOSS","M","?","?","M","?","?","?","M","T","R","?","M","?","?","R","BOSS","M","?","?","?","?","R","?","$","T","$","M","?","?","?","R","BOSS","R","$","E","BOSS"],"items_purchased_type":["Relic","Card","Relic","Relic","Card","Relic","Relic","Relic","Relic","Potion"],"build_version":"2020-12-22","purchased_purges":1,"victory":true,"max_hp_per_floor":[77,77,77,77,77,77,77,77,77,77,77,77,77,77,77,77,77,77,77,84,84,84,84,84,84,84,84,84,84,84,84,84,84,94,94,94,94,94,94,94,94,94,94,106,106,106,106,106,106,106,106,106,106,106,106],"card_choices":[{"not_picked":["Underhanded Strike","PiercingWail"],"picked":"Flying Knee","floor":1},{"not_picked":["PiercingWail","Dagger Throw"],"picked":"Slice","floor":4},{"not_picked":["Dagger Spray","Concentrate"],"picked":"Bane","floor":5},{"not_picked":["Finisher","Infinite Blades"],"picked":"Deflect","floor":6},{"not_picked":["Deadly Poison","Dagger Throw"],"picked":"A Thousand Cuts","floor":11},{"not_picked":["Wraith Form v2","Doppelganger"],"picked":"Glass Knife","floor":16},{"not_picked":["Outmaneuver+1","Flying Knee"],"picked":"Underhanded Strike+1","floor":18},{"not_picked":["Well Laid Plans","Leg Sweep","Slice"],"picked":"SKIP","floor":18},{"not_picked":["Dodge and Roll","Prepared"],"picked":"Deflect+1","floor":21},{"not_picked":["Blade Dance","Underhanded Strike","Deflect"],"picked":"SKIP","floor":21},{"not_picked":["All Out Attack+1","Well Laid Plans+1"],"picked":"Poisoned Stab+1","floor":25},{"not_picked":["Backflip","Night Terror+1","Deflect"],"picked":"SKIP","floor":25},{"not_picked":["Deflect","Cloak And Dagger"],"picked":"Deadly Poison+1","floor":29},{"not_picked":["PiercingWail+1","Accuracy+1"],"picked":"Catalyst+1","floor":29},{"not_picked":["Night Terror+1","Grand Finale+1"],"picked":"Envenom+1","floor":33},{"not_picked":["Flying Knee","Reflex+1"],"picked":"Quick Slash+1","floor":35},{"not_picked":["Prepared+1","Sucker Punch+1","Tactician+1"],"picked":"SKIP","floor":35},{"not_picked":["Choke+1","Deflect","Endless Agony+1"],"picked":"SKIP","floor":45},{"not_picked":["PiercingWail+1","Setup+1","Riddle With Holes+1"],"picked":"SKIP","floor":45},{"not_picked":["Underhanded Strike+1","Dodge and Roll","Dagger Throw"],"picked":"SKIP","floor":54}],"player_experience":1823978,"relics_obtained":[{"floor":6,"key":"Pocketwatch"},{"floor":9,"key":"Mummified Hand"},{"floor":13,"key":"Prayer Wheel"},{"floor":39,"key":"Pantograph"},{"floor":40,"key":"Matryoshka"},{"floor":43,"key":"Regal Pillow"},{"floor":43,"key":"Shuriken"},{"floor":49,"key":"DemoMod:JetPack"},{"floor":52,"key":"Mercury Hourglass"},{"floor":54,"key":"Snake Skull"}],"event_choices":[{"damage_healed":0,"gold_gain":0,"player_choice":"Grow","damage_taken":0,"max_hp_gain":0,"max_hp_loss":0,"event_name":"Living Wall","floor":2,"gold_loss":0,"cards_upgraded":["Noxious Fumes"]},{"cards_removed":["Strike_G"],"damage_healed":0,"gold_gain":0,"player_choice":"Offered Basic","damage_taken":0,"max_hp_gain":0,"max_hp_loss":0,"event_name":"Bonfire Elementals","floor":3,"gold_loss":0},{"damage_healed":0,"gold_gain":0,"player_choice":"Ignored","damage_taken":0,"max_hp_gain":0,"max_hp_loss":0,"event_name":"Liars Game","floor":7,"gold_loss":0},{"damage_healed":0,"gold_gain":75,"player_choice":"Gather Gold","damage_taken":11,"max_hp_gain":0,"max_hp_loss":0,"event_name":"World of Goop","floor":8,"gold_loss":0},{"cards_removed":["Decay"],"damage_healed":0,"gold_gain":0,"player_choice":"Card Removal","damage_taken":7,"max_hp_gain":0,"max_hp_loss":0,"event_name":"Golden Wing","floor":12,"gold_loss":0},{"damage_healed":0,"gold_gain":0,"player_choice":"Leave","damage_taken":0,"max_hp_gain":0,"max_hp_loss":0,"event_name":"conspire:Investor","floor":14,"gold_loss":0},{"cards_removed":["Deflect"],"damage_healed":0,"gold_gain":0,"player_choice":"Took Card","damage_taken":0,"max_hp_gain":0,"max_hp_loss":0,"event_name":"NoteForYourself","floor":22,"gold_loss":0,"cards_obtained":["Iron Wave"]},{"damage_healed":0,"gold_gain":0,"player_choice":"Got Potions","damage_taken":0,"max_hp_gain":0,"max_hp_loss":0,"event_name":"Lab","floor":30,"gold_loss":0},{"damage_healed":0,"gold_gain":0,"player_choice":"Ignored","damage_taken":0,"max_hp_gain":0,"max_hp_loss":0,"event_name":"Tomb of Lord Red Mask","floor":36,"gold_loss":0},{"damage_healed":0,"gold_gain":0,"player_choice":"Upgraded","damage_taken":0,"max_hp_gain":0,"max_hp_loss":0,"event_name":"Upgrade Shrine","floor":37,"gold_loss":0,"cards_upgraded":["A Thousand Cuts"]},{"cards_removed":["Elementarium:StickyTar"],"damage_healed":0,"gold_gain":0,"player_choice":"Removed Curses","damage_taken":0,"max_hp_gain":0,"max_hp_loss":0,"event_name":"Fountain of Cleansing","floor":38,"gold_loss":0},{"cards_removed":["Shame"],"damage_healed":0,"gold_gain":0,"player_choice":"Card Removal","damage_taken":0,"max_hp_gain":0,"max_hp_loss":0,"event_name":"Wheel of Change","floor":41,"gold_loss":0},{"damage_healed":0,"gold_gain":0,"player_choice":"Ignored","damage_taken":0,"max_hp_gain":0,"max_hp_loss":0,"event_name":"SecretPortal","floor":46,"gold_loss":0},{"damage_healed":0,"gold_gain":0,"player_choice":"Gave Potion","damage_taken":0,"relics_obtained":["Boot"],"max_hp_gain":0,"max_hp_loss":0,"event_name":"WeMeetAgain","floor":47,"gold_loss":0}],"is_beta":false,"boss_relics":[{"not_picked":["Ectoplasm","WristBlade"],"picked":"aspiration:PoetsPen_weak"},{"not_picked":["conspire:RoyalGoblet","Runic Dome"],"picked":"DemoMod:RiddleOfLead"}],"items_purged_floors":[44],"is_endless":false,"potions_floor_spawned":[1,6,11,29,33],"ascension_level":0}}