{"host":"nxnzcl474ro3ewbj","time":1613798367,"event":{"mods":["2.2 Compatiblity","Act Like it!","BaseMod","Better Third Choice","Better-Laid Plans","Colored Map","Custom Start","Highlight Path","Keyboard Shortcuts","Minty Spire (QoL Compilation)","Quick Restart","Rare Cards Sparkle","Relic Stats","Shop Mod","Slay the Relics Exporter","StSLib","SuperFastMode"],"gold_per_floor":[112,112,125,125,143,143,176,176,176,194,206,222,236,249,249,323,323,342,99,119,99,109,109,123,136,136,150,167,167,167],"floor_reached":29,"language":"KOR","playtime":831,"items_purged":["Strike_R"],"score":485,"play_id":"7e79c0d6-82d9-4940-8526-fc14abff057e","local_time":"20210220141927","is_ascension_mode":true,"campfire_choices":[{"data":"Feed","floor":6.0,"key":"SMITH"},{"data":"Flex","floor":8.0,"key":"SMITH"},{"data":"Barricade","floor":15.0,"key":"SMITH"},{"data":"Shrug It Off","floor":23.0,"key":"SMITH"}],"circlet_count":0,"master_deck":["AscendersBane","Strike_R","Defend_R","Defend_R","Defend_R+1","Defend_R+1","Bash","Flex+1","Feed+1","Flex+1","Anger","Carnage","Barricade+1","Fiend Fire","Sword Boomerang+1","Shrug It Off+1","Sword Boomerang+1","Shrug It Off+1","Shrug It Off+1","Shrug It Off"],"relics":["Burning Blood","NeowsBlessing","Pear","Bronze Scales","Astrolabe","DollysMirror","Ornamental Fan"],"acts_visited":["Exordium","TheCity"],"potions_floor_usage":[29],"damage_taken":[{"damage":0.0,"enemies":"Small Slimes","floor":1.0,"turns":1.0},{"damage":0.0,"enemies":"2 Louse","floor":3.0,"turns":1.0},{"damage":0.0,"enemies":"Jaw Worm","floor":5.0,"turns":1.0},{"damage":38.0,"enemies":"3 Sentries","floor":7.0,"turns":13.0},{"damage":15.0,"enemies":"Gremlin Gang","floor":10.0,"turns":4.0},{"damage":3.0,"enemies":"Looter","floor":11.0,"turns":3.0},{"damage":5.0,"enemies":"Exordium Thugs","floor":12.0,"turns":4.0},{"damage":4.0,"enemies":"3 Louse","floor":13.0,"turns":3.0},{"damage":0.0,"enemies":"Large Slime","floor":14.0,"turns":3.0},{"damage":47.0,"enemies":"The Guardian","floor":16.0,"turns":13.0},{"damage":13.0,"enemies":"Spheric Guardian","floor":18.0,"turns":4.0},{"damage":18.0,"enemies":"2 Thieves","floor":20.0,"turns":3.0},{"damage":15.0,"enemies":"Chosen and Byrds","floor":22.0,"turns":6.0},{"damage":13.0,"enemies":"Snake Plant","floor":24.0,"turns":6.0},{"damage":19.0,"enemies":"Cultist and Chosen","floor":25.0,"turns":8.0},{"damage":30.0,"enemies":"Centurion and Healer","floor":27.0,"turns":8.0},{"damage":27.0,"enemies":"Shelled Parasite and Fungi","floor":28.0,"turns":7.0},{"damage":19,"enemies":"Book of Stabbing","floor":29,"turns":4}],"seed_played":"-2554378614294331969","potions_obtained":[{"floor":7.0,"key":"Strength Potion"},{"floor":11.0,"key":"Block Potion"},{"floor":12.0,"key":"BloodPotion"},{"floor":20.0,"key":"FearPotion"},{"floor":21.0,"key":"Swift Potion"},{"floor":24.0,"key":"ElixirPotion"},{"floor":27.0,"key":"PowerPotion"},{"floor":28.0,"key":"Fire Potion"}],"is_trial":false,"path_per_floor":["M","?","M","?","M","R","E","R","T","M","M","M","M","M","R","B",null,"M","$","M","?","M","R","M","M","T","M","M","E"],"character_chosen":"IRONCLAD","items_purchased":["DollysMirror"],"campfire_rested":0,"item_purchase_floors":[19],"current_hp_per_floor":[74,74,75,52,58,58,40,40,40,35,38,43,49,59,59,18,83,76,76,64,85,76,76,69,60,60,36,15,0,0],"gold":167,"neow_bonus":"THREE_ENEMY_KILL","is_daily":false,"chose_seed":false,"campfire_upgraded":4,"win_rate":0.0,"timestamp":1613798367,"path_taken":["M","?","M","?","M","R","E","R","T","M","?","M","M","M","R","BOSS","M","$","?","?","?","R","M","M","T","M","M","E"],"items_purchased_type":["Relic"],"build_version":"2020-12-22","purchased_purges":1,"victory":false,"max_hp_per_floor":[75,75,75,75,75,75,89,89,89,93,93,97,101,105,105,105,105,105,105,105,105,105,105,105,109,109,109,109,109,109],"relic_stats":{"counters":[18,92],"Ornamental Fan":[4],"Bronze Scales":[254],"Astrolabe":["Sword Boomerang","Shrug It Off","Sword Boomerang"],"obtain_stats":[{"Pear":7,"NeowsBlessing":0,"DollysMirror":19,"Ornamental Fan":26,"Bronze Scales":9,"Astrolabe":17,"Burning Blood":0},{"Pear":4,"NeowsBlessing":0,"DollysMirror":11,"Ornamental Fan":15,"Bronze Scales":4,"Astrolabe":10,"Burning Blood":0},{"Pear":16,"NeowsBlessing":0,"DollysMirror":50,"Ornamental Fan":73,"Bronze Scales":16,"Astrolabe":46,"Burning Blood":0}],"Burning Blood":97},"card_choices":[{"not_picked":["Armaments","Twin Strike"],"picked":"Flex","floor":1.0},{"not_picked":["Iron Wave","Sentinel","Havoc"],"picked":"SKIP","floor":3.0},{"not_picked":["Havoc","Twin Strike"],"picked":"Feed","floor":5.0},{"not_picked":["Second Wind","Armaments"],"picked":"Flex","floor":7.0},{"not_picked":["Havoc","Fire Breathing"],"picked":"Anger","floor":10.0},{"not_picked":["Wild Strike","Clothesline"],"picked":"Carnage","floor":11.0},{"not_picked":["Inflame","Clothesline"],"picked":"Barricade","floor":12.0},{"not_picked":["Headbutt","Clash","Shockwave"],"picked":"SKIP","floor":13.0},{"not_picked":["Flex","Clash","Dual Wield"],"picked":"SKIP","floor":14.0},{"not_picked":["Barricade","Feed"],"picked":"Fiend Fire","floor":16.0},{"not_picked":["True Grit+1","Thunderclap"],"picked":"Shrug It Off","floor":18.0},{"not_picked":["Wild Strike","Flex","Clash"],"picked":"SKIP","floor":20.0},{"not_picked":["Clothesline","Flex","Thunderclap"],"picked":"SKIP","floor":22.0},{"not_picked":["Intimidate","Barricade"],"picked":"Shrug It Off","floor":24.0},{"not_picked":["Power Through","Second Wind","Twin Strike"],"picked":"SKIP","floor":25.0},{"not_picked":["Flex","Reckless Charge","True Grit"],"picked":"SKIP","floor":27.0},{"not_picked":["Wild Strike","Armaments","Sever Soul"],"picked":"SKIP","floor":28.0}],"player_experience":84752,"relics_obtained":[{"floor":7.0,"key":"Pear"},{"floor":9.0,"key":"Bronze Scales"},{"floor":26.0,"key":"Ornamental Fan"}],"event_choices":[{"damage_healed":0.0,"max_hp_gain":0.0,"max_hp_loss":0.0,"gold_gain":0.0,"event_name":"Living Wall","player_choice":"Grow","floor":2.0,"gold_loss":0.0,"damage_taken":0.0,"cards_upgraded":["Flex"]},{"damage_healed":75.0,"max_hp_gain":0.0,"max_hp_loss":75.0,"gold_gain":0.0,"event_name":"betterThird:BetterShining","player_choice":"Upgrade","floor":4.0,"gold_loss":0.0,"damage_taken":23.0,"cards_upgraded":["Defend_R","Defend_R"]},{"damage_healed":0.0,"max_hp_gain":0.0,"max_hp_loss":0.0,"gold_gain":0.0,"event_name":"The Woman in Blue","player_choice":"Bought 1 Potion","floor":21.0,"gold_loss":0.0,"damage_taken":0.0}],"is_beta":false,"boss_relics":[{"not_picked":["Mark of Pain","Calling Bell"],"picked":"Astrolabe"}],"items_purged_floors":[19],"is_endless":false,"potions_floor_spawned":[7,11,12,13,20,24,27,28],"killed_by":"Book of Stabbing","ascension_level":17}}