{"host":"i0m6ffz3lpe3z1ky","time":1613854697,"event":{"mods":["Aspiration","BaseMod","Bestiary","BetterRewards","Colored Map","Conspire","Energized Spire","Highlight Path","Hubris","Ironclad Rager","Minty Spire (QoL Compilation)","Quick Restart","Reliquary","Shop Mod","Spicy Shops","StSLib","Thieving Mod"],"gold_per_floor":[115,134,134,147,159,187,187,216,290,290,290,290,303,322,322,322,322],"floor_reached":16,"language":"KOR","playtime":550,"items_purged":[],"score":251,"play_id":"ee87fc81-f8b5-4754-8aaa-8bcc4ea87e33","local_time":"20210221055817","is_ascension_mode":true,"campfire_choices":[{"floor":7,"key":"REST"},{"data":"Body Slam","floor":11,"key":"SMITH"},{"data":"Bash","floor":15,"key":"SMITH"}],"circlet_count":0,"master_deck":["AscendersBane","Strike_R","Strike_R","Strike_R+1","Strike_R","Strike_R","Defend_R+1","Defend_R","Defend_R","Defend_R","Bash+1","Body Slam+1","Battle Trance","Metallicize+1"],"relics":["Burning Blood","OrangePellets","hubris:TenFootPole","Medical Kit","hubris:SphereOfDissonance","reliquary:Knoch","Turnip","reliquary:Stiletto","Oddly Smooth Stone","hubris:IronBody","Gremlin Horn","Potion Belt","reliquary:IridiumChain","aspiration:FrozenJewel","hubris:Towel"],"acts_visited":["Exordium"],"potions_floor_usage":[6,8,8,16],"damage_taken":[{"damage":2,"enemies":"2 Louse","floor":1,"turns":3},{"damage":0,"enemies":"Small Slimes","floor":2,"turns":3},{"damage":3,"enemies":"Jaw Worm","floor":4,"turns":3},{"damage":7,"enemies":"Looter","floor":5,"turns":3},{"damage":20,"enemies":"Gremlin Nob","floor":6,"turns":4},{"damage":18,"enemies":"3 Sentries","floor":8,"turns":10},{"damage":0,"enemies":"2 Fungi Beasts","floor":13,"turns":4},{"damage":4,"enemies":"3 Louse","floor":14,"turns":4},{"damage":44,"enemies":"Slime Boss","floor":16,"turns":6}],"seed_played":"-6337631535987683935","potions_obtained":[{"floor":4,"key":"Strength Potion"},{"floor":6,"key":"GamblersBrew"},{"floor":13,"key":"ThievingMod:ThievingPotion"}],"is_trial":false,"path_per_floor":["M","M","?","M","M","E","R","E","T","?","R","?","M","M","R","B"],"character_chosen":"IRONCLAD","items_purchased":["OrangePellets","hubris:TenFootPole","Medical Kit","hubris:SphereOfDissonance","reliquary:Knoch","Turnip","reliquary:Stiletto","Oddly Smooth Stone","hubris:IronBody","Gremlin Horn","PowerPotion","Energy Potion"],"campfire_rested":1,"item_purchase_floors":[0,0,0,0,0,0,0,0,0,0,0,0],"current_hp_per_floor":[28,34,26,29,28,14,38,26,26,26,26,26,32,34,34,0,0],"gold":322,"neow_bonus":"","is_daily":false,"chose_seed":false,"campfire_upgraded":2,"win_rate":0.0,"timestamp":1613854697,"path_taken":["M","M","?","M","M","E","R","E","T","?","R","?","M","M","R","BOSS"],"items_purchased_type":["Relic","Relic","Relic","Relic","Relic","Relic","Relic","Relic","Relic","Relic","Potion","Potion"],"build_version":"2020-12-22","purchased_purges":0,"victory":false,"max_hp_per_floor":[80,80,80,80,80,80,80,80,80,80,80,80,80,80,80,80,80],"card_choices":[{"not_picked":["Sever Soul","Sword Boomerang","Feel No Pain"],"picked":"SKIP","floor":1},{"not_picked":["conspire:Charge","Shrug It Off"],"picked":"Body Slam","floor":2},{"not_picked":["Whirlwind","Armaments","Thunderclap"],"picked":"SKIP","floor":4},{"not_picked":["Twin Strike","Disarm","Clash"],"picked":"SKIP","floor":5},{"not_picked":["Clash","Dual Wield"],"picked":"Battle Trance","floor":6},{"not_picked":["Battle Trance","Havoc"],"picked":"Metallicize","floor":8},{"not_picked":["Whirlwind","Flex","Dual Wield"],"picked":"SKIP","floor":13},{"not_picked":["Sword Boomerang","Burning Pact","Havoc"],"picked":"SKIP","floor":14}],"player_experience":421629,"relics_obtained":[{"floor":6,"key":"Potion Belt"},{"floor":8,"key":"reliquary:IridiumChain"},{"floor":9,"key":"aspiration:FrozenJewel"}],"event_choices":[{"damage_healed":0,"gold_gain":0,"player_choice":"Entered Light","damage_taken":16,"max_hp_gain":0,"max_hp_loss":0,"event_name":"Shining Light","floor":3,"gold_loss":0,"cards_upgraded":["Strike_R","Defend_R"]}],"is_beta":false,"boss_relics":[],"items_purged_floors":[],"is_endless":false,"potions_floor_spawned":[1,4,6,13],"killed_by":"Slime Boss","ascension_level":11}}