{"host":"eaiphzh066bwqdh7","time":1613857165,"event":{"mods":["AchievementEnabler","Aspiration","BaseMod","Bestiary","Better Note","Better Third Choice","Colored Powertips","Curses Come First","GifTheSpireLib","Halation","Highlight Path","Hubris","Infinite Spire","Minty Spire (QoL Compilation)","Quick Restart","Reliquary","Replay The Spire","StSLib","Stuff the Spire"],"gold_per_floor":[117,117,117,117,117,145,40,40,40,55,70,83,83,83,83,182,182,197,197,197,214,224,224,242,258,283,283,302,302,328,328,328,328,328],"floor_reached":33,"language":"ENG","playtime":1005,"items_purged":[],"score":378,"play_id":"da16f4ee-9ba9-4349-9bb7-5da6c36400a0","local_time":"20210220163925","is_ascension_mode":true,"campfire_choices":[{"floor":8,"key":"REST"},{"data":"Adrenaline","floor":13,"key":"SMITH"},{"data":"Bane","floor":15,"key":"SMITH"},{"floor":23,"key":"REST"},{"data":"Backstab","floor":27,"key":"SMITH"},{"floor":29,"key":"REST"},{"floor":32,"key":"REST"}],"circlet_count":0,"master_deck":["Strike_G","Strike_G","Strike_G","Strike_G","Defend_G","Defend_G","Defend_G","Defend_G","Survivor","Neutralize","Dash+1","Infinite Blades+1","Deadly Poison+1","Noxious Fumes+1","Adrenaline+1","Bane+1","Blade Dance","Bane+1","Backstab+1","Deflect+1","Slice+1","Envenom"],"relics":["Ring of the Snake","aspiration:Nostalgia","StuffTheSpire:OccultApparatus","Chameleon Ring","Sundial","StuffTheSpire:Barrel","Replay:Bottled Eggs","aspiration:RitualDagger","halation:KoshaPiece","reliquary:RadioactivePellet"],"acts_visited":["Exordium","TheCity"],"potions_floor_usage":[6,11,18,18,24],"damage_taken":[{"damage":0,"enemies":"Jaw Worm","floor":1,"turns":2},{"damage":5,"enemies":"Gremlin Nob","floor":6,"turns":4},{"damage":7,"enemies":"2 Louse","floor":10,"turns":2},{"damage":2,"enemies":"Small Slimes","floor":11,"turns":2},{"damage":0,"enemies":"Looter","floor":12,"turns":2},{"damage":0,"enemies":"Slime Boss","floor":16,"turns":7},{"damage":10,"enemies":"2 Thieves","floor":18,"turns":3},{"damage":21,"enemies":"Spheric Guardian","floor":21,"turns":4},{"damage":33,"enemies":"Chosen and Byrds","floor":22,"turns":6},{"damage":33,"enemies":"Snake Plant","floor":24,"turns":3},{"damage":24,"enemies":"Cultist and Chosen","floor":25,"turns":4},{"damage":36,"enemies":"Centurion and Healer","floor":28,"turns":4},{"damage":61,"enemies":"Slavers","floor":30,"turns":5},{"damage":41,"enemies":"Champ","floor":33,"turns":4}],"seed_played":"6285662791054926939","potions_obtained":[{"floor":1,"key":"Toxic Potion"},{"floor":6,"key":"Swift Potion"},{"floor":11,"key":"CunningPotion"},{"floor":12,"key":"Energy Potion"},{"floor":22,"key":"Explosive Potion"},{"floor":25,"key":"GamblersBrew"}],"is_trial":false,"path_per_floor":["M","?","?","?","$","E","$","R","T","M","M","M","R","?","R","B",null,"M","?","?","M","M","R","M","M","T","R","M","R","E","?","R","B"],"character_chosen":"THE_SILENT","items_purchased":["Deadly Poison+1","Noxious Fumes"],"campfire_rested":4,"item_purchase_floors":[7,7],"current_hp_per_floor":[70,70,60,60,60,55,55,70,70,70,68,68,68,68,68,68,70,60,60,60,39,6,27,70,62,62,62,36,57,9,9,30,0,0],"gold":328,"neow_bonus":"NOSTALGIA","is_daily":false,"chose_seed":false,"campfire_upgraded":3,"win_rate":0.0,"timestamp":1613857165,"path_taken":["M","?","?","?","$","E","$","R","T","M","M","M","R","?","R","BOSS","M","?","?","?","M","R","?","M","T","R","M","R","E","?","R","BOSS"],"items_purchased_type":["Card","Card"],"build_version":"2020-12-22","purchased_purges":0,"victory":false,"max_hp_per_floor":[70,70,70,70,70,70,70,70,70,70,70,70,70,70,70,70,70,70,70,70,70,70,70,70,70,70,70,70,70,70,70,70,70,70],"card_choices":[{"not_picked":["Backflip","PiercingWail","Bane"],"picked":"SKIP","floor":1},{"not_picked":["Finisher","Outmaneuver"],"picked":"Infinite Blades","floor":6},{"not_picked":["Flying Knee","hubris:SlightOfHand","Dodge and Roll"],"picked":"SKIP","floor":10},{"not_picked":["Sucker Punch","Dodge and Roll"],"picked":"Adrenaline","floor":11},{"not_picked":["Quick Slash","All Out Attack"],"picked":"Bane","floor":12},{"not_picked":["Dodge and Roll+1","Hidden Blade"],"picked":"Blade Dance","floor":18},{"not_picked":["Expertise+1","Underhanded Strike"],"picked":"Bane+1","floor":21},{"not_picked":["Acrobatics","Deadly Poison"],"picked":"Backstab","floor":22},{"not_picked":["StuffTheSpire:Python","Outmaneuver+1"],"picked":"Deflect+1","floor":24},{"not_picked":["Draining Mist+1","Dagger Spray"],"picked":"Slice+1","floor":25},{"not_picked":["StuffTheSpire:ClusterCrunch+1","StuffTheSpire:BumpUp","Draining Mist"],"picked":"SKIP","floor":28},{"not_picked":["Dagger Throw","Backflip"],"picked":"Envenom","floor":30}],"player_experience":337193,"relics_obtained":[{"floor":6,"key":"StuffTheSpire:Barrel"},{"floor":9,"key":"Replay:Bottled Eggs"},{"floor":26,"key":"halation:KoshaPiece"},{"floor":30,"key":"reliquary:RadioactivePellet"}],"event_choices":[{"damage_healed":0,"gold_gain":1,"player_choice":"Relic Relic ","damage_taken":10,"max_hp_gain":0,"max_hp_loss":0,"event_name":"betterThird:BetterScrap","floor":3,"gold_loss":0,"cards_obtained":["Corruption"]},{"cards_removed":["Strike_G"],"damage_healed":0,"gold_gain":0,"player_choice":"Purged","damage_taken":0,"max_hp_gain":0,"max_hp_loss":0,"event_name":"Purifier","floor":20,"gold_loss":0}],"is_beta":false,"boss_relics":[{"not_picked":["halation:Risk","reliquary:WritOfMandamus"],"picked":"aspiration:RitualDagger"}],"items_purged_floors":[],"is_endless":false,"potions_floor_spawned":[1,6,11,12,22,25],"killed_by":"Champ","ascension_level":4}}