{"host":"n43wxkei7kulhi8o","time":1613858325,"event":{"mods":["BaseMod","Bestiary","Block Reminder","Colored Map","Colored Powertips","Curses Come First","Custom Start","Dark Map","Highlight Path","Minty Spire (QoL Compilation)","Relic Stats","StSLib"],"gold_per_floor":[109,120,120,136,147,147,189,189,266,293,308,70,127,75,75,180,180,209,409,15,27,36,36,60,60,136,154,178,178,178,32,32,138,138,154,154,6,27,27,27,27,53,106,106,133,133,161,177,177,177],"floor_reached":51,"language":"ENG","playtime":1842,"items_purged":[],"score":674,"play_id":"01b79d70-1703-46a8-b851-7d41afaf7b37","local_time":"20210220165845","is_ascension_mode":false,"campfire_choices":[{"data":"Defragment","floor":6,"key":"SMITH"},{"floor":15,"key":"REST"},{"data":"Capacitor","floor":23,"key":"SMITH"},{"data":"Auto Shields","floor":25,"key":"SMITH"},{"data":"Zap","floor":29,"key":"SMITH"},{"floor":32,"key":"REST"},{"floor":40,"key":"REST"},{"floor":44,"key":"REST"},{"floor":46,"key":"REST"},{"floor":49,"key":"REST"}],"circlet_count":0,"master_deck":["Strike_B","Strike_B","Strike_B","Defend_B","Defend_B","Defend_B","Zap+1","Dualcast","Reboot","Defragment+1","Ball Lightning","Hologram","Reinforced Body","Melter","Cold Snap","Capacitor+1","Defragment+1","Auto Shields+1","Cold Snap","Coolheaded","Electrodynamics","Double Energy+1","Coolheaded+1","Leap","Ball Lightning+1"],"relics":["Cracked Core","Incense Burner","CeramicFish","Ornamental Fan","Question Card","StrikeDummy","Empty Cage","DollysMirror","Shuriken","InkBottle","Oddly Smooth Stone","SlaversCollar","Strawberry","Nunchaku"],"acts_visited":["Exordium","TheCity","TheBeyond"],"potions_floor_usage":[11,16,16,18,33,45,47,50,50],"damage_taken":[{"damage":1,"enemies":"Cultist","floor":1,"turns":4},{"damage":7,"enemies":"Small Slimes","floor":2,"turns":3},{"damage":6,"enemies":"Jaw Worm","floor":4,"turns":3},{"damage":5,"enemies":"Looter","floor":5,"turns":3},{"damage":32,"enemies":"Gremlin Nob","floor":7,"turns":4},{"damage":8,"enemies":"3 Louse","floor":10,"turns":3},{"damage":0,"enemies":"Exordium Thugs","floor":11,"turns":4},{"damage":4,"enemies":"Slime Boss","floor":16,"turns":6},{"damage":4,"enemies":"2 Thieves","floor":18,"turns":3},{"damage":5,"enemies":"Spheric Guardian","floor":21,"turns":3},{"damage":23,"enemies":"Snake Plant","floor":24,"turns":5},{"damage":8,"enemies":"Shelled Parasite and Fungi","floor":27,"turns":7},{"damage":0,"enemies":"Sentry and Sphere","floor":28,"turns":3},{"damage":16,"enemies":"Automaton","floor":33,"turns":11},{"damage":42,"enemies":"3 Shapes","floor":35,"turns":4},{"damage":26,"enemies":"3 Darklings","floor":38,"turns":4},{"damage":28,"enemies":"4 Shapes","floor":42,"turns":4},{"damage":3,"enemies":"Maw","floor":45,"turns":8},{"damage":11,"enemies":"3 Darklings","floor":47,"turns":5},{"damage":0,"enemies":"Sphere and 2 Shapes","floor":48,"turns":3},{"damage":26,"enemies":"Awakened One","floor":50,"turns":19}],"seed_played":"6169009163138417821","potions_obtained":[{"floor":1,"key":"Swift Potion"},{"floor":2,"key":"Strength Potion"},{"floor":10,"key":"LiquidMemories"},{"floor":11,"key":"Ancient Potion"},{"floor":21,"key":"Weak Potion"},{"floor":27,"key":"Energy Potion"},{"floor":33,"key":"CultistPotion"},{"floor":35,"key":"ColorlessPotion"},{"floor":47,"key":"ColorlessPotion"}],"is_trial":false,"path_per_floor":["M","M","?","M","M","R","E","?","T","M","M","$","?","$","R","B",null,"M","?","$","M","?","R","M","R","T","M","M","R","?","$","R","B",null,"M","?","$","M","$","R","$","M","T","R","M","R","M","M","R","B",null],"character_chosen":"DEFECT","items_purchased":["StrikeDummy","PowerPotion","DollysMirror","Shuriken","Oddly Smooth Stone","Strawberry"],"campfire_rested":6,"item_purchase_floors":[12,14,20,20,31,37],"current_hp_per_floor":[74,67,64,58,53,53,21,21,21,13,13,13,13,13,35,31,75,71,71,71,66,66,66,43,43,43,35,35,35,35,35,57,41,75,33,33,40,14,14,38,38,10,10,34,31,55,44,44,68,42],"gold":177,"neow_bonus":"ONE_RANDOM_RARE_CARD","is_daily":false,"chose_seed":false,"campfire_upgraded":4,"win_rate":0.0,"timestamp":1613858325,"path_taken":["M","M","?","M","M","R","E","?","T","M","M","?","?","$","R","BOSS","M","?","?","M","?","R","M","R","T","M","M","R","?","$","R","BOSS","M","?","$","M","?","R","?","M","T","R","M","R","?","M","R","BOSS"],"items_purchased_type":["Relic","Potion","Relic","Relic","Relic","Relic"],"build_version":"2020-12-22","purchased_purges":0,"victory":true,"max_hp_per_floor":[75,75,75,75,75,75,75,75,75,75,75,75,75,75,75,75,75,75,75,75,75,75,75,75,75,75,75,75,75,75,75,75,75,75,75,75,82,82,82,82,82,82,82,82,82,82,82,82,82,82],"relic_stats":{"Nunchaku":[4],"counters":[21,109],"Ornamental Fan":[68],"Shuriken":[12],"CeramicFish":117,"Question Card":15,"obtain_stats":[{"CeramicFish":7,"Oddly Smooth Stone":31,"Incense Burner":3,"Question Card":9,"Empty Cage":17,"SlaversCollar":34,"Nunchaku":43,"Ornamental Fan":8,"DollysMirror":20,"Shuriken":20,"Strawberry":37,"Cracked Core":0,"StrikeDummy":12,"InkBottle":26},{"CeramicFish":5,"Oddly Smooth Stone":13,"Incense Burner":2,"Question Card":5,"Empty Cage":8,"SlaversCollar":14,"Nunchaku":17,"Ornamental Fan":5,"DollysMirror":9,"Shuriken":9,"Strawberry":15,"Cracked Core":0,"StrikeDummy":7,"InkBottle":11},{"CeramicFish":17,"Oddly Smooth Stone":51,"Incense Burner":7,"Question Card":17,"Empty Cage":30,"SlaversCollar":62,"Nunchaku":74,"Ornamental Fan":17,"DollysMirror":33,"Shuriken":33,"Strawberry":66,"Cracked Core":0,"StrikeDummy":24,"InkBottle":41}],"InkBottle":[21]},"card_choices":[{"not_picked":["Tempest","Conserve Battery"],"picked":"Defragment","floor":1},{"not_picked":["Steam","Beam Cell"],"picked":"Ball Lightning","floor":2},{"not_picked":["Steam","White Noise"],"picked":"Hologram","floor":4},{"not_picked":["Rip and Tear","Recycle"],"picked":"Reinforced Body","floor":5},{"not_picked":["Gash","Steam"],"picked":"Melter","floor":7},{"not_picked":["Turbo","Beam Cell","Sweeping Beam"],"picked":"Cold Snap","floor":10},{"not_picked":["FTL","Beam Cell","Doom and Gloom","Streamline"],"picked":"SKIP","floor":11},{"not_picked":["Biased Cognition","Multi-Cast","Hyperbeam"],"picked":"Creative AI","floor":16},{"not_picked":["Defragment","Double Energy","Cold Snap"],"picked":"Capacitor","floor":18},{"not_picked":["Streamline+1","Redo","Steam","Gash+1"],"picked":"SKIP","floor":21},{"not_picked":["Skim","Gash","Barrage"],"picked":"Cold Snap","floor":24},{"not_picked":["Beam Cell","Doom and Gloom","Self Repair","Streamline+1"],"picked":"SKIP","floor":27},{"not_picked":["Loop","Redo","Scrape+1"],"picked":"Coolheaded","floor":28},{"not_picked":["Echo Form","Machine Learning","Creative AI"],"picked":"Electrodynamics","floor":33},{"not_picked":["Heatsinks+1","Hello World","Fusion","Streamline"],"picked":"SKIP","floor":35},{"not_picked":["Undo+1","Heatsinks","Storm"],"picked":"Double Energy+1","floor":38},{"not_picked":["Rebound","FTL+1","Turbo+1"],"picked":"Coolheaded+1","floor":42},{"not_picked":["Conserve Battery","Rebound+1","Turbo+1"],"picked":"Leap","floor":45},{"not_picked":["Conserve Battery","Go for the Eyes","Reprogram+1"],"picked":"Ball Lightning+1","floor":47},{"not_picked":["Chill","Turbo+1","Heatsinks","Undo"],"picked":"SKIP","floor":48}],"player_experience":711046,"relics_obtained":[{"floor":7,"key":"CeramicFish"},{"floor":9,"key":"Question Card"},{"floor":26,"key":"InkBottle"},{"floor":43,"key":"Nunchaku"}],"event_choices":[{"damage_healed":0,"gold_gain":0,"player_choice":"Success","damage_taken":3,"relics_obtained":["Incense Burner"],"max_hp_gain":0,"max_hp_loss":0,"event_name":"Scrap Ooze","floor":3,"gold_loss":0},{"damage_healed":0,"gold_gain":0,"player_choice":"Searched \u00271\u0027 times","damage_taken":0,"relics_obtained":["Ornamental Fan"],"max_hp_gain":0,"max_hp_loss":0,"event_name":"Dead Adventurer","floor":8,"gold_loss":0},{"damage_healed":0,"gold_gain":57,"player_choice":"Gained Gold","damage_taken":0,"max_hp_gain":0,"max_hp_loss":0,"event_name":"Golden Wing","floor":13,"gold_loss":0},{"damage_healed":0,"gold_gain":250,"player_choice":"Bet on Owner","damage_taken":0,"max_hp_gain":0,"max_hp_loss":0,"event_name":"The Joust","floor":19,"gold_loss":50},{"damage_healed":0,"gold_gain":0,"player_choice":"Read","damage_taken":0,"max_hp_gain":0,"max_hp_loss":0,"event_name":"The Library","floor":22,"gold_loss":0,"cards_obtained":["Auto Shields"]},{"damage_healed":0,"gold_gain":0,"player_choice":"Ignored","damage_taken":0,"max_hp_gain":0,"max_hp_loss":0,"event_name":"Ghosts","floor":30,"gold_loss":0},{"cards_removed":["Creative AI"],"damage_healed":0,"gold_gain":0,"player_choice":"Removed Power","damage_taken":0,"max_hp_gain":0,"max_hp_loss":0,"event_name":"Falling","floor":36,"gold_loss":0}],"is_beta":false,"boss_relics":[{"not_picked":["SacredBark","Philosopher\u0027s Stone"],"picked":"Empty Cage"},{"not_picked":["Tiny House","Snecko Eye"],"picked":"SlaversCollar"}],"items_purged_floors":[],"is_endless":false,"potions_floor_spawned":[1,2,10,11,21,27,33,35,47],"ascension_level":0}}