{"host":"31srvgftwd43oumg","time":1613860675,"event":{"mods":["BaseMod","BetterRewards","Card Forge","Downfall","Hubris","Infinite Spire","Koishi","Luminous","Marisa????????","Minty Spire (QoL Compilation)","Remilia??????","Replay The Spire","Shop Mod","StSLib","The Bug Knight","The Cursed","The Death Knight","The Exalted","The Hierophant","The Mystic","The Necromancer"],"gold_per_floor":[114,114,128,3,3,28,28,58,85,100,100,110,185,213,213,213,213],"floor_reached":16,"language":"ENG","playtime":810,"items_purged":[],"score":195,"play_id":"9fa94500-f319-4e33-be7f-dd30620d3c5e","local_time":"20210220163755","is_ascension_mode":true,"campfire_choices":[{"floor":7,"key":"REST"},{"data":"Panic Button","floor":11,"key":"SMITH"},{"floor":15,"key":"REST"}],"circlet_count":0,"master_deck":["AscendersBane","Strike_B","Strike_B","Strike_B","Strike_B","Defend_B","Defend_B","Defend_B","Defend_B","Zap","Dualcast","Neutralize","Defend_P","Seek","Panic Button+1","ReplayTheSpireMod:Chaos Vortex+1","Coolheaded","Defragment"],"relics":["Cracked Core","Hammer of Thor","Seething Fire","Anvil of the Gods","hubris:TenFootPole","infinitespire:Lucky Rock","hubris:OldNail","BranchBurnRelic"],"acts_visited":["Exordium"],"potions_floor_usage":[6,14,14],"damage_taken":[{"damage":1,"enemies":"Jaw Worm","floor":1,"turns":4},{"damage":1,"enemies":"2 Louse","floor":3,"turns":2},{"damage":33,"enemies":"Lagavulin","floor":6,"turns":10},{"damage":7,"enemies":"Gremlin Nob","floor":8,"turns":6},{"damage":0,"enemies":"Cultist","floor":10,"turns":3},{"damage":0,"enemies":"Large Slime","floor":12,"turns":5},{"damage":10,"enemies":"3 Sentries","floor":14,"turns":4},{"damage":63,"enemies":"Hexaghost","floor":16,"turns":16}],"seed_played":"5078872999203933009","potions_obtained":[{"floor":6,"key":"ColorlessPotion"},{"floor":8,"key":"Explosive Potion"}],"is_trial":false,"path_per_floor":["M","?","M","$","?","E","R","E","T","M","R","M","?","E","R","B"],"character_chosen":"DEFECT","items_purchased":["Regen Potion","Coolheaded"],"campfire_rested":2,"item_purchase_floors":[4,4],"current_hp_per_floor":[67,50,49,49,49,31,53,46,46,46,46,46,41,31,53,5,5],"gold":213,"neow_bonus":"THREE_RARE_CARDS","is_daily":false,"chose_seed":false,"campfire_upgraded":1,"win_rate":0.0,"timestamp":1613860675,"path_taken":["M","?","M","$","?","E","R","E","T","?","R","M","?","E","R","BOSS"],"items_purchased_type":["Potion","Card"],"build_version":"2020-12-22","purchased_purges":0,"victory":false,"max_hp_per_floor":[75,75,75,75,75,75,75,75,75,75,75,75,75,75,75,75,75],"card_choices":[{"not_picked":["Reboot","Fission"],"picked":"Seek","floor":0},{"not_picked":["Self Repair","Stack"],"picked":"Panic Button","floor":1},{"not_picked":["infinitespire:DeathsTouch","ReplayTheSpireMod:Book of Names"],"picked":"ReplayTheSpireMod:Chaos Vortex","floor":2},{"not_picked":["Stack","BasicCrystalCard","Doom and Gloom"],"picked":"SKIP","floor":3},{"not_picked":["Sweeping Beam","BasicCrystalCard","ReplaySolidLightProjector"],"picked":"SKIP","floor":6},{"not_picked":["hubris:PowerSurge","hubris:Ukulele","Gash"],"picked":"SKIP","floor":8},{"not_picked":["Go for the Eyes","Redo","Melter"],"picked":"SKIP","floor":10},{"not_picked":["FIFO Queue","BasicCrystalCard","Streamline"],"picked":"SKIP","floor":12},{"not_picked":["Cold Snap","Beam Cell"],"picked":"Defragment","floor":14}],"player_experience":1035179,"relics_obtained":[{"floor":6,"key":"hubris:TenFootPole"},{"floor":8,"key":"Dead Branch"},{"floor":9,"key":"infinitespire:Lucky Rock"},{"floor":14,"key":"hubris:OldNail"}],"event_choices":[{"damage_healed":0,"gold_gain":75,"player_choice":"Gather Gold","damage_taken":11,"max_hp_gain":0,"max_hp_loss":0,"event_name":"World of Goop","floor":13,"gold_loss":0}],"is_beta":false,"boss_relics":[],"items_purged_floors":[],"is_endless":false,"potions_floor_spawned":[6,8],"killed_by":"Hexaghost","ascension_level":13}}