{"host":"s41rn2jhghpwfrvz","time":1613784545,"event":{"mods":["BaseMod","Minty Spire (QoL Compilation)","Quick Restart","Relic Stats","SuperFastMode"],"gold_per_floor":[118,43,56,56,56,87,107,107,107,127,142,156,179,219,219,309,309,325,375,393,318,318,318,354,385,385,420,440,465,465,501,501,596,596,619,638,384,398,436,436,472,496,496,496,535,579,579,613,613,613,613,613,613,116,156,156],"floor_reached":57,"language":"ENG","playtime":1694,"items_purged":["Go for the Eyes","Acrobatics"],"score":3805,"play_id":"f7688204-53cd-4b6e-9fbf-195d702ff303","local_time":"20210220032905","daily_mods":["SealedDeck","Diverse","DeadlyEvents"],"is_ascension_mode":true,"campfire_choices":[{"data":"ForeignInfluence","floor":8,"key":"SMITH"},{"data":"Steam Power","floor":15,"key":"SMITH"},{"data":"Offering","floor":23,"key":"SMITH"},{"floor":32,"key":"RECALL"},{"data":"Rage","floor":40,"key":"SMITH"},{"data":"Inflame","floor":47,"key":"SMITH"},{"data":"Scrape","floor":49,"key":"SMITH"},{"data":"Madness","floor":53,"key":"SMITH"}],"circlet_count":0,"master_deck":["AscendersBane","Scrape+1","Steam Power+1","Inflame+1","Gash","Second Wind","Prostrate+1","Evolve","Offering+1","Rage+1","Madness+1"],"relics":["Burning Blood","Golden Idol","Prayer Wheel","Busted Crown","Strawberry","Pen Nib","StrikeDummy","Pocketwatch","Frozen Egg 2","Mummified Hand","Empty Cage","Lantern","Bag of Preparation","Ancient Tea Set","White Beast Statue","Lizard Tail","Oddly Smooth Stone","Shuriken","OrangePellets","Centennial Puzzle","InkBottle"],"acts_visited":["Exordium","TheCity","TheBeyond","TheEnding"],"potions_floor_usage":[12,56,56],"damage_taken":[{"damage":0,"enemies":"Cultist","floor":1,"turns":3},{"damage":0,"enemies":"Jaw Worm","floor":3,"turns":2},{"damage":11,"enemies":"Lagavulin","floor":6,"turns":3},{"damage":0,"enemies":"2 Louse","floor":7,"turns":2},{"damage":0,"enemies":"Large Slime","floor":10,"turns":3},{"damage":0,"enemies":"Looter","floor":11,"turns":2},{"damage":0,"enemies":"3 Louse","floor":12,"turns":1},{"damage":5,"enemies":"2 Fungi Beasts","floor":13,"turns":3},{"damage":10,"enemies":"Gremlin Nob","floor":14,"turns":3},{"damage":8,"enemies":"The Guardian","floor":16,"turns":3},{"damage":6,"enemies":"2 Thieves","floor":18,"turns":1},{"damage":6,"enemies":"Chosen","floor":20,"turns":1},{"damage":6,"enemies":"Slavers","floor":24,"turns":1},{"damage":16,"enemies":"Book of Stabbing","floor":25,"turns":2},{"damage":6,"enemies":"Gremlin Leader","floor":27,"turns":1},{"damage":6,"enemies":"Centurion and Healer","floor":28,"turns":1},{"damage":6,"enemies":"Snake Plant","floor":29,"turns":2},{"damage":6,"enemies":"Book of Stabbing","floor":31,"turns":1},{"damage":6,"enemies":"Collector","floor":33,"turns":1},{"damage":6,"enemies":"3 Shapes","floor":35,"turns":1},{"damage":6,"enemies":"3 Darklings","floor":36,"turns":1},{"damage":6,"enemies":"4 Shapes","floor":38,"turns":1},{"damage":6,"enemies":"Reptomancer","floor":39,"turns":1},{"damage":0,"enemies":"Nemesis","floor":41,"turns":1},{"damage":6,"enemies":"Transient","floor":42,"turns":1},{"damage":6,"enemies":"Giant Head","floor":45,"turns":1},{"damage":6,"enemies":"Reptomancer","floor":46,"turns":1},{"damage":0,"enemies":"Nemesis","floor":48,"turns":1},{"damage":12,"enemies":"Time Eater","floor":50,"turns":4},{"damage":0,"enemies":"Awakened One","floor":51,"turns":2},{"damage":6,"enemies":"Shield and Spear","floor":55,"turns":1},{"damage":17,"enemies":"The Heart","floor":56,"turns":5}],"seed_played":"2684461344185827832","potions_obtained":[{"floor":1,"key":"BloodPotion"},{"floor":6,"key":"Strength Potion"},{"floor":12,"key":"DuplicationPotion"},{"floor":28,"key":"Dexterity Potion"}],"is_trial":true,"path_per_floor":["M","$","M","?","?","E","M","R","T","M","M","M","M","E","R","B",null,"M","?","M","?","?","R","E","E","T","E","M","M","T","E","R","B",null,"M","M","$","M","E","R","E","M","T","?","E","E","R","E","R","B","B",null,"R","$","E","B",null],"character_chosen":"IRONCLAD","items_purchased":["Lantern","Madness","OrangePellets","Centennial Puzzle","PowerPotion"],"campfire_rested":0,"item_purchase_floors":[37,37,54,54,54],"current_hp_per_floor":[74,74,75,75,49,44,50,50,50,56,62,75,75,71,71,69,74,74,74,74,74,74,74,81,71,71,71,71,71,71,71,71,71,79,79,79,79,79,79,79,82,82,82,82,82,82,82,82,82,76,82,82,82,82,82,71],"gold":156,"neow_bonus":"","is_daily":false,"chose_seed":false,"campfire_upgraded":7,"win_rate":0.0,"timestamp":1613784545,"path_taken":["M","?","M","?","?","E","M","R","T","M","?","M","M","E","R","BOSS","M","?","M","?","?","R","?","E","T","E","M","?","?","E","R","BOSS","M","?","$","?","?","R","E","M","T","?","?","E","R","E","R","BOSS","BOSS","R","$","E","BOSS"],"items_purchased_type":["Relic","Card","Relic","Relic","Potion"],"build_version":"2020-12-22","purchased_purges":2,"victory":true,"max_hp_per_floor":[75,75,75,75,75,75,75,75,75,75,75,75,75,75,75,75,75,75,75,75,75,75,75,82,82,82,82,82,82,82,82,82,82,82,82,82,82,82,82,82,82,82,82,82,82,82,82,82,82,82,82,82,82,82,82,82],"relic_stats":{"counters":[32,57],"Golden Idol":233,"Pen Nib":[25],"Bag of Preparation":[18],"Burning Blood":177,"OrangePellets":[3],"Lizard Tail":0,"Centennial Puzzle":[6],"Busted Crown":54,"Mummified Hand":[27],"Shuriken":[26],"Prayer Wheel":8,"obtain_stats":[{"Lantern":37,"Golden Idol":5,"Oddly Smooth Stone":46,"Pen Nib":25,"Bag of Preparation":39,"Frozen Egg 2":30,"Empty Cage":34,"Ancient Tea Set":41,"Burning Blood":0,"White Beast Statue":43,"OrangePellets":54,"Lizard Tail":45,"Centennial Puzzle":54,"Busted Crown":17,"Mummified Hand":31,"Shuriken":48,"Strawberry":24,"Prayer Wheel":14,"StrikeDummy":26,"InkBottle":55,"Pocketwatch":27},{"Lantern":21,"Golden Idol":2,"Oddly Smooth Stone":27,"Pen Nib":14,"Bag of Preparation":23,"Frozen Egg 2":17,"Empty Cage":19,"Ancient Tea Set":24,"Burning Blood":0,"White Beast Statue":25,"OrangePellets":30,"Lizard Tail":26,"Centennial Puzzle":30,"Busted Crown":10,"Mummified Hand":18,"Shuriken":28,"Strawberry":13,"Prayer Wheel":9,"StrikeDummy":14,"InkBottle":31,"Pocketwatch":15},{"Lantern":38,"Golden Idol":5,"Oddly Smooth Stone":44,"Pen Nib":30,"Bag of Preparation":40,"Frozen Egg 2":34,"Empty Cage":36,"Ancient Tea Set":41,"Burning Blood":0,"White Beast Statue":42,"OrangePellets":51,"Lizard Tail":43,"Centennial Puzzle":51,"Busted Crown":25,"Mummified Hand":35,"Shuriken":45,"Strawberry":28,"Prayer Wheel":22,"StrikeDummy":30,"InkBottle":52,"Pocketwatch":31}],"InkBottle":[7],"Pocketwatch":[0]},"card_choices":[{"not_picked":["Reprogram","Masterful Stab","Pommel Strike"],"picked":"SKIP","floor":1},{"not_picked":["Outmaneuver","Ball Lightning"],"picked":"Acrobatics","floor":3},{"not_picked":["All Out Attack","PathToVictory","Catalyst"],"picked":"SKIP","floor":6},{"not_picked":["Self Repair","Crippling Poison","Streamline"],"picked":"SKIP","floor":7},{"not_picked":["ForeignInfluence","Conclude"],"picked":"Evolve","floor":10},{"not_picked":["Flechettes","Wild Strike","CutThroughFate"],"picked":"SKIP","floor":11},{"not_picked":["Coolheaded","Acrobatics","Perfected Strike"],"picked":"SKIP","floor":12},{"not_picked":["Streamline","Sucker Punch","Heavy Blade"],"picked":"SKIP","floor":13},{"not_picked":["PathToVictory","Thunderclap","Masterful Stab"],"picked":"SKIP","floor":14},{"not_picked":["A Thousand Cuts","Tools of the Trade"],"picked":"Offering","floor":16},{"not_picked":["WheelKick+1"],"picked":"SKIP","floor":18},{"not_picked":["Headbutt"],"picked":"SKIP","floor":18},{"not_picked":["Doom and Gloom"],"picked":"SKIP","floor":20},{"not_picked":["Halt"],"picked":"SKIP","floor":20},{"not_picked":["Metallicize+1"],"picked":"SKIP","floor":24},{"not_picked":["Outmaneuver+1"],"picked":"SKIP","floor":25},{"not_picked":["Worship"],"picked":"SKIP","floor":27},{"not_picked":["Defragment"],"picked":"SKIP","floor":28},{"not_picked":["Headbutt"],"picked":"SKIP","floor":28},{"not_picked":["Auto Shields"],"picked":"SKIP","floor":29},{"not_picked":["Pommel Strike"],"picked":"SKIP","floor":29},{"not_picked":["Ball Lightning"],"picked":"SKIP","floor":31},{"not_picked":[],"picked":"Rage","floor":35},{"not_picked":["Fusion"],"picked":"SKIP","floor":35},{"not_picked":["Genetic Algorithm"],"picked":"SKIP","floor":36},{"not_picked":["Quick Slash"],"picked":"SKIP","floor":36},{"not_picked":["WheelKick"],"picked":"SKIP","floor":38},{"not_picked":["Accuracy+1"],"picked":"SKIP","floor":38},{"not_picked":["Dagger Spray"],"picked":"SKIP","floor":39},{"not_picked":["Conserve Battery"],"picked":"SKIP","floor":41},{"not_picked":["Slice"],"picked":"SKIP","floor":42},{"not_picked":["Go for the Eyes"],"picked":"SKIP","floor":42},{"not_picked":["Vengeance+1"],"picked":"SKIP","floor":45},{"not_picked":["Slice+1"],"picked":"SKIP","floor":46},{"not_picked":["PiercingWail"],"picked":"SKIP","floor":48},{"not_picked":["Stack"],"picked":"SKIP","floor":55}],"player_experience":1942809,"relics_obtained":[{"floor":14,"key":"Prayer Wheel"},{"floor":24,"key":"Strawberry"},{"floor":25,"key":"Pen Nib"},{"floor":26,"key":"StrikeDummy"},{"floor":27,"key":"Pocketwatch"},{"floor":30,"key":"Frozen Egg 2"},{"floor":31,"key":"Mummified Hand"},{"floor":39,"key":"Bag of Preparation"},{"floor":41,"key":"Ancient Tea Set"},{"floor":43,"key":"White Beast Statue"},{"floor":45,"key":"Lizard Tail"},{"floor":46,"key":"Oddly Smooth Stone"},{"floor":48,"key":"Shuriken"},{"floor":55,"key":"InkBottle"}],"event_choices":[{"damage_healed":0,"gold_gain":0,"player_choice":"Ignored","damage_taken":0,"max_hp_gain":0,"max_hp_loss":0,"event_name":"Liars Game","floor":4,"gold_loss":0},{"damage_healed":0,"gold_gain":0,"player_choice":"Take Damage","damage_taken":26,"relics_obtained":["Golden Idol"],"max_hp_gain":0,"max_hp_loss":0,"event_name":"Golden Idol","floor":5,"gold_loss":0},{"damage_healed":0,"gold_gain":50,"player_choice":"Stole From Cult","damage_taken":0,"max_hp_gain":0,"max_hp_loss":0,"event_name":"Nest","floor":19,"gold_loss":0},{"cards_removed":["Conserve Battery"],"damage_healed":0,"gold_gain":0,"player_choice":"Gave Gold","damage_taken":0,"max_hp_gain":0,"max_hp_loss":0,"event_name":"Beggar","floor":21,"gold_loss":75},{"damage_healed":0,"gold_gain":0,"player_choice":"Upgraded","damage_taken":0,"max_hp_gain":0,"max_hp_loss":0,"event_name":"Upgrade Shrine","floor":22,"gold_loss":0,"cards_upgraded":["Prostrate"]},{"damage_healed":0,"gold_gain":0,"player_choice":"Ignored","damage_taken":0,"max_hp_gain":0,"max_hp_loss":0,"event_name":"Tomb of Lord Red Mask","floor":44,"gold_loss":0}],"is_beta":false,"boss_relics":[{"not_picked":["Velvet Choker","Philosopher\u0027s Stone"],"picked":"Busted Crown"},{"not_picked":["Black Blood","Cursed Key"],"picked":"Empty Cage"}],"items_purged_floors":[2,54],"is_endless":false,"potions_floor_spawned":[1,6,10,12,16,20,24,28,31,39,41,45,46,48,55],"ascension_level":20}}