{"host":"2q4w55ev63ot6isg","time":1613828167,"event":{"mods":["Aspiration","BaseMod","Downfall","Hubris","Marisa????????","Minty Spire (QoL Compilation)","Replay The Spire","StSLib","The Cursed","The Jungle","The Servant 0.9.4"],"gold_per_floor":[115,135,25,43,61,61,75,75,75,92,108,119,119,119,119,214,214,231,17,32,232,15,42,42,54,54,68,68,85,85,103,174,174,174],"floor_reached":33,"language":"ENG","playtime":1071,"items_purged":["Strike_B","Injury"],"score":355,"play_id":"a8321191-5eeb-4065-9949-2fcbe9c14b2e","local_time":"20210220053607","is_ascension_mode":true,"campfire_choices":[{"floor":6,"key":"REST"},{"data":"Genetic Algorithm","floor":8,"key":"SMITH"},{"floor":15,"key":"REST"},{"data":"hubris:DoWhile","floor":24,"key":"SMITH"},{"floor":28,"key":"REST"},{"floor":30,"key":"REST"}],"circlet_count":0,"master_deck":["Strike_B","Strike_B","Strike_B","Defend_B","Defend_B","Defend_B","Defend_B","Zap","Dualcast","Genetic Algorithm+1","Streamline","Compile Driver","Core Surge","Hologram","hubris:DoWhile+1","Leap+1","Defragment+1","Cold Snap+1","Hologram+1","Defragment+1","Sweeping Beam+1","Turbo+1","ReplayTheSpireMod:GoodbyeWorld+1"],"relics":["Cracked Core","aspiration:Nostalgia","Replay:M_SmolderingBlood","hubris:TenFootPole","Frozen Egg 2","Counterbalance","Painkiller Herb","Runic Capacitor","Kunai","Darkstone Periapt"],"acts_visited":["Exordium","TheCity"],"potions_floor_usage":[12,16,16,16,33,33,33],"damage_taken":[{"damage":12,"enemies":"Small Slimes","floor":1,"turns":4},{"damage":4,"enemies":"2 Louse","floor":2,"turns":4},{"damage":3,"enemies":"Jaw Worm","floor":4,"turns":4},{"damage":32,"enemies":"Lots of Slimes","floor":5,"turns":5},{"damage":7,"enemies":"Looter","floor":7,"turns":4},{"damage":0,"enemies":"3 Louse","floor":10,"turns":3},{"damage":3,"enemies":"Blue Slaver","floor":11,"turns":4},{"damage":5,"enemies":"Lots of Slimes","floor":12,"turns":6},{"damage":9,"enemies":"Hexaghost","floor":16,"turns":10},{"damage":8,"enemies":"Chosen","floor":18,"turns":5},{"damage":3,"enemies":"Shell Parasite","floor":20,"turns":8},{"damage":13,"enemies":"Gremlin Leader","floor":23,"turns":6},{"damage":15,"enemies":"Sentry and Sphere","floor":25,"turns":4},{"damage":6,"enemies":"Snecko","floor":27,"turns":4},{"damage":5,"enemies":"3 Cultists","floor":29,"turns":5},{"damage":44,"enemies":"Sentry and Sphere","floor":31,"turns":6},{"damage":28,"enemies":"Collector","floor":33,"turns":8}],"seed_played":"-6935202695700879296","potions_obtained":[{"floor":2,"key":"Flashbang"},{"floor":4,"key":"Dexterity Potion"},{"floor":7,"key":"SteroidPotion"},{"floor":11,"key":"Guardian:BlockOnCardUsePotion"},{"floor":12,"key":"DistilledChaos"},{"floor":25,"key":"SteroidPotion"},{"floor":29,"key":"Flashbang"},{"floor":31,"key":"Dexterity Potion"}],"is_trial":false,"path_per_floor":["M","M","$","M","M","R","M","R","T","M","M","M","?","?","R","B",null,"?","T","?","?","T","E","T","?","T","?","T","?","T","?","T","B"],"character_chosen":"DEFECT","items_purchased":["Genetic Algorithm","Defragment+1","Cold Snap+1","Runic Capacitor","Defragment+1"],"campfire_rested":4,"item_purchase_floors":[3,19,19,22,22],"current_hp_per_floor":[56,52,52,49,17,39,32,32,32,32,29,24,24,19,41,32,64,56,56,53,53,53,40,40,25,25,19,41,36,58,14,14,0,0],"gold":174,"neow_bonus":"NOSTALGIA","is_daily":false,"chose_seed":false,"campfire_upgraded":2,"win_rate":0.0,"timestamp":1613828167,"path_taken":["M","M","$","M","M","R","M","R","T","M","M","M","?","?","R","BOSS","?","T","?","?","T","E","T","?","T","?","T","?","T","?","T","BOSS"],"items_purchased_type":["Card","Card","Card","Relic","Card"],"build_version":"2020-12-22","purchased_purges":2,"victory":false,"max_hp_per_floor":[75,75,75,75,75,75,75,75,75,75,75,75,75,75,75,75,75,75,75,75,75,75,75,75,75,75,75,75,75,75,75,75,75,75],"card_choices":[{"not_picked":["Clash","FollowUp","Redo"],"picked":"SKIP","floor":1},{"not_picked":["Panic Button","Barrage","FollowUp"],"picked":"SKIP","floor":2},{"not_picked":["Steam","hubris:Prefetch"],"picked":"Streamline","floor":4},{"not_picked":["ReplayGash","Crescendo","Stack"],"picked":"SKIP","floor":5},{"not_picked":["Panic Button","FlyingSleeves"],"picked":"Compile Driver","floor":7},{"not_picked":["Headbutt","BowlingBash","Steam"],"picked":"SKIP","floor":10},{"not_picked":["hubris:PowerSurge","Go for the Eyes"],"picked":"Core Surge","floor":11},{"not_picked":["Rebound","Time Bomb"],"picked":"Hologram","floor":12},{"not_picked":["Bludgeon","Rainbow"],"picked":"hubris:DoWhile","floor":16},{"not_picked":["Cold Snap","Skim"],"picked":"Leap+1","floor":18},{"not_picked":["Aggregate","BasicCrystalCard+1"],"picked":"Hologram+1","floor":20},{"not_picked":["FTL","Hologram"],"picked":"Sweeping Beam+1","floor":23},{"not_picked":["BasicCrystalCard","Leap","Go for the Eyes"],"picked":"SKIP","floor":25},{"not_picked":["Compile Driver","Multi-Cast"],"picked":"Turbo+1","floor":27},{"not_picked":["Compile Driver","Gash","Turbo"],"picked":"SKIP","floor":29},{"not_picked":["Cold Snap","Skim"],"picked":"ReplayTheSpireMod:GoodbyeWorld+1","floor":31}],"player_experience":261943,"relics_obtained":[{"floor":9,"key":"hubris:TenFootPole"},{"floor":23,"key":"Kunai"},{"floor":26,"key":"Darkstone Periapt"}],"event_choices":[{"damage_healed":0,"gold_gain":0,"player_choice":"Success","damage_taken":12,"relics_obtained":["Counterbalance"],"max_hp_gain":0,"max_hp_loss":0,"event_name":"Scrap Ooze","floor":14,"gold_loss":0},{"damage_healed":0,"gold_gain":200,"player_choice":"Gold","damage_taken":0,"max_hp_gain":0,"max_hp_loss":0,"event_name":"Wheel of Change","floor":21,"gold_loss":0}],"is_beta":false,"boss_relics":[{"not_picked":["aspiration:FutureDiary","Cursed Key"],"picked":"Painkiller Herb"}],"items_purged_floors":[3,19],"is_endless":false,"potions_floor_spawned":[2,4,7,11,12,25,29,31],"killed_by":"Collector","ascension_level":7}}