{"host":"e7sl0pd4xxdbbdh2","time":1613854319,"event":{"mods":["AchievementEnabler","BaseMod","Better Third Choice","Colored Map","Colored Powertips","Minty Spire (QoL Compilation)","StSLib"],"gold_per_floor":[113,128,146,106,121,121,147,147,147,147,177,20,46,64,64,141,141,152,152,167,182,8,8,40,40,119,138,166,166,200,210,210,288,288,300,312,332,65,1064,1064,1064,1064,1064,1089,1105,1105,1125,1125,1125,1125,1125,1125,1125,34,62,62],"floor_reached":57,"language":"SPA","playtime":6058,"items_purged":["Strike_G","Riddle With Holes"],"score":2845,"play_id":"8b2383a4-c09c-471a-916e-98d1b2f4ffd8","local_time":"20210220175159","is_ascension_mode":true,"campfire_choices":[{"data":"Predator","floor":6.0,"key":"SMITH"},{"data":"Neutralize","floor":8.0,"key":"SMITH"},{"floor":10.0,"key":"REST"},{"data":"Noxious Fumes","floor":15.0,"key":"SMITH"},{"floor":23.0,"key":"REST"},{"floor":25.0,"key":"REST"},{"floor":32,"key":"REST"},{"floor":40,"key":"REST"},{"floor":42,"key":"RECALL"},{"floor":46,"key":"REST"},{"floor":49,"key":"REST"},{"floor":53,"key":"REST"}],"circlet_count":0,"master_deck":["AscendersBane","Survivor","Neutralize+1","Blade Dance","Quick Slash","Predator+1","Calculated Gamble","Noxious Fumes+1","Footwork","Acrobatics","After Image+1","Tools of the Trade","Backflip","Concentrate+1","Well Laid Plans","Reflex","Infinite Blades+1","Infinite Blades+1","Skewer","Envenom","Acrobatics","Quick Slash","Bane","Bullet Time","Dagger Spray","Leg Sweep","Backflip","Blade Dance","Accuracy","Cloak And Dagger+1","Leg Sweep","PiercingWail","Night Terror","Tactician","Cloak And Dagger","PiercingWail","Malaise","Prepared","Calculated Gamble","Deflect","Prepared","DeusExMachina"],"relics":["Ring of the Snake","Ninja Scroll","The Courier","Kunai","Strawberry","Fusion Hammer","PreservedInsect","Toy Ornithopter","Paper Crane","Sundial","Omamori","Unceasing Top","Pandora\u0027s Box","Chemical X","Darkstone Periapt","PrismaticShard","Pen Nib","Bag of Marbles","Orichalcum","White Beast Statue"],"acts_visited":["Exordium","TheCity","TheBeyond","TheEnding"],"potions_floor_usage":[30,33,44,44,51,56,56],"damage_taken":[{"damage":4.0,"enemies":"Jaw Worm","floor":1.0,"turns":6.0},{"damage":1.0,"enemies":"Cultist","floor":2.0,"turns":4.0},{"damage":0.0,"enemies":"2 Louse","floor":3.0,"turns":2.0},{"damage":1.0,"enemies":"2 Fungi Beasts","floor":5.0,"turns":4.0},{"damage":12.0,"enemies":"3 Sentries","floor":7.0,"turns":6.0},{"damage":0.0,"enemies":"Lagavulin","floor":11.0,"turns":2.0},{"damage":14.0,"enemies":"3 Sentries","floor":13.0,"turns":8.0},{"damage":5.0,"enemies":"Exordium Thugs","floor":14.0,"turns":5.0},{"damage":0.0,"enemies":"The Guardian","floor":16.0,"turns":11.0},{"damage":9.0,"enemies":"Chosen","floor":18.0,"turns":6.0},{"damage":0.0,"enemies":"3 Byrds","floor":20.0,"turns":3.0},{"damage":19.0,"enemies":"Sentry and Sphere","floor":21.0,"turns":7.0},{"damage":10.0,"enemies":"Slavers","floor":24.0,"turns":12.0},{"damage":9,"enemies":"Cultist and Chosen","floor":27,"turns":7},{"damage":24,"enemies":"Book of Stabbing","floor":28,"turns":6},{"damage":2,"enemies":"Slavers","floor":30,"turns":5},{"damage":21,"enemies":"Shelled Parasite and Fungi","floor":31,"turns":6},{"damage":38,"enemies":"Collector","floor":33,"turns":13},{"damage":0,"enemies":"3 Shapes","floor":35,"turns":3},{"damage":9,"enemies":"Orb Walker","floor":36,"turns":4},{"damage":27,"enemies":"Spire Growth","floor":37,"turns":4},{"damage":16,"enemies":"Reptomancer","floor":44,"turns":7},{"damage":10,"enemies":"Jaw Worm Horde","floor":45,"turns":7},{"damage":15,"enemies":"3 Darklings","floor":47,"turns":6},{"damage":32,"enemies":"Time Eater","floor":50,"turns":14},{"damage":45,"enemies":"Donu and Deca","floor":51,"turns":16},{"damage":13,"enemies":"Shield and Spear","floor":55,"turns":8},{"damage":55,"enemies":"The Heart","floor":56,"turns":14}],"seed_played":"3072970649918836924","potions_obtained":[{"floor":4.0,"key":"SteroidPotion"},{"floor":4.0,"key":"AttackPotion"},{"floor":7.0,"key":"SteroidPotion"},{"floor":13.0,"key":"DuplicationPotion"},{"floor":16.0,"key":"LiquidBronze"},{"floor":20.0,"key":"SpeedPotion"},{"floor":21.0,"key":"Explosive Potion"},{"floor":27,"key":"Fire Potion"},{"floor":28,"key":"Strength Potion"},{"floor":36,"key":"ColorlessPotion"},{"floor":37,"key":"Weak Potion"},{"floor":41,"key":"Swift Potion"},{"floor":41,"key":"LiquidMemories"},{"floor":47,"key":"AttackPotion"}],"is_trial":false,"path_per_floor":["M","M","M","?","M","R","E","R","T","R","E","$","E","M","R","B",null,"M","?","M","M","$","R","E","R","T","M","E","?","E","M","R","B",null,"M","M","M","$","?","R","?","R","T","E","M","R","M","?","R","B","B",null,"R","$","E","B",null],"character_chosen":"THE_SILENT","items_purchased":["Noxious Fumes","Footwork","PreservedInsect","SteroidPotion","PiercingWail","Chemical X","Night Terror","GhostInAJar","PrismaticShard","Pen Nib","Bag of Marbles","PiercingWail","Malaise","EssenceOfSteel","Prepared","Calculated Gamble","Deflect","Prepared","Orichalcum"],"campfire_rested":8,"item_purchase_floors":[12,12,22,22,38,38,38,54,54,54,54,54,54,54,54,54,54,54,54],"current_hp_per_floor":[52,51,51,51,50,50,38,38,38,61,61,61,54,49,49,49,76,67,42,42,23,23,50,40,67,67,58,34,34,37,16,43,10,70,70,61,34,34,34,61,61,61,61,55,45,72,57,57,84,52,12,71,90,90,77,32],"gold":62,"neow_bonus":"TWENTY_PERCENT_HP_BONUS","is_daily":false,"chose_seed":false,"campfire_upgraded":3,"win_rate":0.0,"timestamp":1613854319,"path_taken":["M","M","M","?","M","R","E","R","T","R","E","?","E","?","R","BOSS","M","?","M","M","$","R","E","R","T","M","E","?","E","?","R","BOSS","M","?","M","$","?","R","?","R","T","E","M","R","?","?","R","BOSS","BOSS","R","$","E","BOSS"],"items_purchased_type":["Card","Card","Relic","Potion","Card","Relic","Card","Potion","Relic","Relic","Relic","Card","Card","Potion","Card","Card","Card","Card","Relic"],"build_version":"2020-12-22","purchased_purges":2,"victory":true,"max_hp_per_floor":[78,78,78,78,78,78,78,78,78,78,78,78,85,85,85,85,85,85,90,90,90,90,90,90,90,90,90,90,90,90,90,90,90,90,90,90,90,90,90,90,90,90,90,90,90,90,90,90,90,90,90,90,90,90,90,90],"card_choices":[{"not_picked":["Cloak And Dagger","Choke"],"picked":"Blade Dance","floor":1.0},{"not_picked":["Outmaneuver","Underhanded Strike"],"picked":"Quick Slash","floor":2.0},{"not_picked":["Dodge and Roll","Prepared"],"picked":"Riddle With Holes","floor":3.0},{"not_picked":["Choke","Poisoned Stab"],"picked":"Predator","floor":5.0},{"not_picked":["Deflect","Eviscerate"],"picked":"Calculated Gamble","floor":7.0},{"not_picked":["Distraction","Concentrate"],"picked":"Footwork","floor":11.0},{"not_picked":["Slice","Terror"],"picked":"Acrobatics","floor":13.0},{"not_picked":["Concentrate","PiercingWail"],"picked":"After Image","floor":14.0},{"not_picked":["Venomology","Burst"],"picked":"Tools of the Trade","floor":16.0},{"not_picked":["Blade Dance","Dodge and Roll"],"picked":"Backflip","floor":18.0},{"not_picked":["Heel Hook","Outmaneuver"],"picked":"Concentrate+1","floor":20.0},{"not_picked":["Blade Dance","Crippling Poison"],"picked":"Well Laid Plans","floor":21.0},{"not_picked":["Skewer+1","Catalyst"],"picked":"Reflex","floor":24.0},{"not_picked":["Quick Slash","Acrobatics"],"picked":"Infinite Blades+1","floor":27},{"not_picked":["Catalyst","Poisoned Stab","Bane"],"picked":"SKIP","floor":28},{"not_picked":["Sucker Punch","Dagger Spray"],"picked":"Infinite Blades+1","floor":30},{"not_picked":["Outmaneuver+1","Flying Knee"],"picked":"Skewer","floor":31},{"not_picked":["Grand Finale","Corpse Explosion"],"picked":"Envenom","floor":33},{"not_picked":["Caltrops","Deflect+1"],"picked":"Cloak And Dagger+1","floor":35},{"not_picked":["Backstab","Prepared","Slice"],"picked":"SKIP","floor":36},{"not_picked":["Acrobatics","Predator"],"picked":"Leg Sweep","floor":37},{"not_picked":["Sucker Punch","Acrobatics"],"picked":"Tactician","floor":44},{"not_picked":["Sucker Punch","Setup"],"picked":"Cloak And Dagger","floor":45},{"not_picked":["Slice","Poisoned Stab","Catalyst"],"picked":"SKIP","floor":47},{"not_picked":["EmptyBody","Impatience"],"picked":"DeusExMachina","floor":55}],"player_experience":1682218,"relics_obtained":[{"floor":7.0,"key":"Ninja Scroll"},{"floor":9.0,"key":"The Courier"},{"floor":11.0,"key":"Kunai"},{"floor":13.0,"key":"Strawberry"},{"floor":24.0,"key":"Toy Ornithopter"},{"floor":26.0,"key":"Paper Crane"},{"floor":28,"key":"Sundial"},{"floor":30,"key":"Unceasing Top"},{"floor":44,"key":"Darkstone Periapt"},{"floor":55,"key":"White Beast Statue"}],"event_choices":[{"damage_healed":0.0,"max_hp_gain":0.0,"max_hp_loss":0.0,"gold_gain":0.0,"event_name":"The Woman in Blue","player_choice":"Bought 3 Potions","floor":4.0,"gold_loss":0.0,"damage_taken":0.0},{"damage_healed":0.0,"max_hp_gain":5.0,"max_hp_loss":0.0,"gold_gain":0.0,"event_name":"Forgotten Altar","player_choice":"Shed Blood","floor":19.0,"gold_loss":0.0,"damage_taken":30.0},{"cards_removed":["Footwork"],"damage_healed":0,"gold_gain":0,"player_choice":"Gave Card","damage_taken":0,"relics_obtained":["Omamori"],"max_hp_gain":0,"max_hp_loss":0,"event_name":"WeMeetAgain","floor":29,"gold_loss":0},{"damage_healed":0,"gold_gain":999,"player_choice":"Gold","damage_taken":0,"max_hp_gain":0,"max_hp_loss":0,"event_name":"MindBloom","floor":39,"gold_loss":0,"cards_obtained":["Normality","Normality"]},{"damage_healed":0,"gold_gain":0,"player_choice":"Got Potions","damage_taken":0,"max_hp_gain":0,"max_hp_loss":0,"event_name":"Lab","floor":41,"gold_loss":0},{"damage_healed":0,"gold_gain":0,"player_choice":"Upgraded","damage_taken":0,"max_hp_gain":0,"max_hp_loss":0,"event_name":"Upgrade Shrine","floor":48,"gold_loss":0,"cards_upgraded":["After Image"]}],"is_beta":false,"boss_relics":[{"not_picked":["SlaversCollar","Astrolabe"],"picked":"Fusion Hammer"},{"not_picked":["Velvet Choker","Sozu"],"picked":"Pandora\u0027s Box"}],"items_purged_floors":[12,54],"is_endless":false,"potions_floor_spawned":[7,13,16,20,21,27,28,36,37,47,55],"ascension_level":20}}