{"host":"v9ordiuf4xzdpttp","time":1613865541,"event":{"mods":["AchievementEnabler","Act Like it!","Aspiration","Bartender","BaseMod","Better Third Choice","Better Vampires","CCEM2","Colored Map","Gold Saver","Halation","Hermit","Hubris","Infinite Spire","Ironclad Rager","Jedi Mod","Marked Mod","Melee Mod","Minty Spire (QoL Compilation)","Quick Restart","Reliquary","Remove Card Discount Mod","Replay The Spire","SOS???????","Shop Mod","Small Relic Pack","Spicy Shops","StSLib","The Construct","The Death Knight","The Hierophant","The Runesmith","The Senshi","The Servant 0.9.4","The Showman","??????REMEMod"],"gold_per_floor":[1192,21,40,40,65,65,92,109,109,134,144,63,11,22,22,120,120,134,134,154,173,191,225,225,238,238,268,112,112,112,112,112,212,212,228,255,255,255],"floor_reached":37,"language":"ENG","playtime":2531,"items_purged":["Regret","DeathKnight:Strike_DeathKnight","DeathKnight:Strike_DeathKnight","DeathKnight:Defend_DeathKnight","Sickly"],"score":513,"play_id":"92378cba-ba50-479b-8c18-0b69221ea0ff","local_time":"20210220185901","is_ascension_mode":true,"campfire_choices":[{"floor":6.0,"key":"REST"},{"floor":15,"key":"DIG"},{"floor":24,"key":"REST"},{"floor":32,"key":"REST"}],"circlet_count":0,"master_deck":["DeathKnight:Strike_DeathKnight","DeathKnight:Strike_DeathKnight","DeathKnight:Strike_DeathKnight","DeathKnight:Defend_DeathKnight","DeathKnight:Defend_DeathKnight","DeathKnight:Defend_DeathKnight","DeathKnight:Defend_DeathKnight","DeathKnight:RuneTap","DeathKnight:RuneStrike","hermit:OverwhelmingPower","DeathKnight:Contagion","Specialist","DeathKnight:MutagenicPlague","DeathKnight:BladedArmor","REME_AllRoundStrike","DeathKnight:UnholyPresence","infinitespire:NeuralNetwork","DeathKnight:FoulBulwark","DeathKnight:WraithWalk","DeathKnight:BludPresence","DeathKnight:PlagueStrike","DeathKnight:BloodTap","DeathKnight:AntiMagicShell","DeathKnight:Razorice","CurseOfTheBell","DeathKnight:MindFreeze","DeathKnight:Hysteria","DeathKnight:DeathRune+1","DeathKnight:BladedArmor","DeathKnight:AntiMagicShell","infinitespire:Punishment","DeathKnight:Pestilence+1","DeathKnight:FrosPresence","Clumsy","DeathKnight:Defile","DeathKnight:RuneShock+1","relicPack:TruthCard"],"relics":["DeathKnight:BrokenRuneblade","REME_ComplimentaryCards","CCEMRelics:SoftDrink","hubris:OldNail","MerchantsRug","MealTicket","ReplayTheSpireMod:Lightbulb","theSenshi:SailorFukuRelic","hubris:CuriousFeather","reliquary:Sod","ReplayTheSpireMod:Shallot","aspiration:FetidBarrel","Cursed Key","REME_HandOfSuture","reliquary:GummyVitamins","reliquary:OuijaBoard","Smiling Mask","jedi:Pinwheel","halation:AfternoonTea","Pantograph","Tiny Chest","aspiration:Stabinomicon","halation:EternalFortune","aspiration:HummingbirdHeart","CCEMRelics:DefectiveTurbocharger","Protect_Vest"],"acts_visited":["Exordium","TheCity","TheBeyond"],"potions_floor_usage":[14,16,16,23,27,27],"damage_taken":[{"damage":7.0,"enemies":"Cultist","floor":1.0,"turns":4.0},{"damage":18.0,"enemies":"2 Louse","floor":3.0,"turns":2.0},{"damage":49.0,"enemies":"3 Sentries","floor":7.0,"turns":6.0},{"damage":6.0,"enemies":"Jaw Worm","floor":8.0,"turns":3.0},{"damage":2,"enemies":"Lagavulin","floor":10,"turns":3},{"damage":0,"enemies":"Blue Slaver","floor":11,"turns":4},{"damage":2,"enemies":"Exordium Wildlife","floor":14,"turns":4},{"damage":14,"enemies":"Hexaghost","floor":16,"turns":6},{"damage":6,"enemies":"Shell Parasite","floor":18,"turns":2},{"damage":17,"enemies":"3 Byrds","floor":20,"turns":3},{"damage":8,"enemies":"Cultist and Chosen","floor":21,"turns":1},{"damage":7,"enemies":"Snake Plant","floor":22,"turns":3},{"damage":13,"enemies":"Replay:Snechameleon","floor":23,"turns":3},{"damage":0,"enemies":"3 Cultists","floor":25,"turns":3},{"damage":14,"enemies":"Nightmare","floor":27,"turns":6},{"damage":26,"enemies":"hubris:MusketHawk","floor":33,"turns":5},{"damage":18,"enemies":"3 Shapes","floor":35,"turns":5},{"damage":0,"enemies":"3 Darklings","floor":37,"turns":1}],"seed_played":"-5867873868587149883","potions_obtained":[{"floor":8.0,"key":"Venom Potion"},{"floor":10,"key":"DeathKnight:RimePotion"},{"floor":11,"key":"LifebloodPotion"},{"floor":16,"key":"Regen Potion"},{"floor":20,"key":"Block Potion"},{"floor":21,"key":"Swift Potion"},{"floor":22,"key":"Adrenaline Potion"},{"floor":33,"key":"Languid Potion"}],"is_trial":false,"path_per_floor":["M","$","M","?","T","R","E","M","T","E","M","$","$","M","R_BF","B",null,"M","?","M","M","M","E","R","M","T","NM","$","?","?","T","R","B",null,"M","T","M"],"character_chosen":"DEATH_KNIGHT","items_purchased":["Specialist","DeathKnight:MutagenicPlague","DeathKnight:BladedArmor","REME_AllRoundStrike","CCEMRelics:SoftDrink","hubris:OldNail","MerchantsRug","MealTicket","ReplayTheSpireMod:Lightbulb","DeathKnight:PlagueStrike","DeathKnight:BloodTap","DeathKnight:FrosPresence","Pantograph","Tiny Chest"],"campfire_rested":3,"item_purchase_floors":[2,2,2,2,2,2,2,2,2,12,13,28,28,28],"current_hp_per_floor":[75,75,57,38,38,62,13,7,7,5,5,20,35,33,33,19,82,76,76,59,51,44,31,55,55,55,56,71,55,58,58,83,68,85,67,67,67,67],"gold":255,"neow_bonus":"TEN_PERCENT_HP_BONUS","is_daily":false,"chose_seed":false,"campfire_upgraded":0,"win_rate":0.0,"timestamp":1613865541,"path_taken":["M","?","?","?","?","R","E","?","T","E","M","?","$","M","R_BF","BOSS","M","?","M","M","?","E","R","M","T","NM","$","?","?","?","R","BOSS","M","?","M"],"items_purchased_type":["Card","Card","Card","Card","Relic","Relic","Relic","Relic","Relic","Card","Card","Card","Relic","Relic"],"build_version":"2020-12-22","purchased_purges":5,"victory":false,"max_hp_per_floor":[82,82,82,82,82,82,82,82,82,82,82,82,82,82,82,82,82,82,82,82,82,82,82,82,82,82,82,82,82,85,85,85,85,85,85,85,85,85],"card_choices":[{"not_picked":["DeathKnight:ThirstingStrike","DeathKnight:DeathsAdvance"],"picked":"DeathKnight:Contagion","floor":1.0},{"not_picked":["DeathKnight:Runeguard","DeathKnight:BladedArmor"],"picked":"DeathKnight:UnholyPresence","floor":3.0},{"not_picked":["infinitespire:Gouge","infinitespire:Oblivion"],"picked":"infinitespire:NeuralNetwork","floor":4.0},{"not_picked":["DeathKnight:DreadStrike","DeathKnight:BloodTap"],"picked":"DeathKnight:FoulBulwark","floor":7.0},{"not_picked":["DeathKnight:Culling","DeathKnight:DreadStrike"],"picked":"DeathKnight:WraithWalk","floor":8.0},{"not_picked":["DeathKnight:IceboundArmor","DeathKnight:UnholyExperiment","DeathKnight:BloodTap"],"picked":"SKIP","floor":10},{"not_picked":["DeathKnight:BloodTap","DeathKnight:BoneSpear"],"picked":"DeathKnight:BludPresence","floor":11},{"not_picked":["DeathKnight:HartStrike","DeathKnight:UnholyFrenzy"],"picked":"DeathKnight:AntiMagicShell","floor":14},{"not_picked":["DeathKnight:ReapingStrike","DeathKnight:RunicDetonation"],"picked":"DeathKnight:Razorice","floor":16},{"not_picked":["DeathKnight:RuneShock+1","DeathKnight:IcyTouch"],"picked":"DeathKnight:MindFreeze","floor":18},{"not_picked":["DeathKnight:FrostStrike","DeathKnight:DeathAndDecay"],"picked":"DeathKnight:DeathRune+1","floor":20},{"not_picked":["DeathKnight:HartStrike+1","DeathKnight:DeathAndDecay"],"picked":"DeathKnight:BladedArmor","floor":21},{"not_picked":["DeathKnight:RunicCorruption","DeathKnight:ShatteringStrikes+1"],"picked":"DeathKnight:AntiMagicShell","floor":22},{"not_picked":["DeathKnight:BoneSpear","DeathKnight:ThirstingStrike","DeathKnight:UnholyExperiment"],"picked":"SKIP","floor":23},{"not_picked":["DeathKnight:UnholyAssault","DeathKnight:HornOfWinter","DeathKnight:Runeguard"],"picked":"SKIP","floor":25},{"not_picked":["infinitespire:Oblivion","hubris:Rewind"],"picked":"infinitespire:Punishment","floor":27},{"not_picked":["DeathKnight:DreadStrike","DeathKnight:DeathStrike"],"picked":"DeathKnight:Pestilence+1","floor":27},{"not_picked":["DeathKnight:ReapingStrike","DeathKnight:RunicDetonation"],"picked":"DeathKnight:Defile","floor":33},{"not_picked":["DeathKnight:UnholyFrenzy+1","DeathKnight:Parry+1"],"picked":"DeathKnight:RuneShock+1","floor":35}],"player_experience":340301,"relics_obtained":[{"floor":5.0,"key":"theSenshi:SailorFukuRelic"},{"floor":7.0,"key":"hubris:CuriousFeather"},{"floor":9.0,"key":"reliquary:Sod"},{"floor":10,"key":"ReplayTheSpireMod:Shallot"},{"floor":15,"key":"aspiration:FetidBarrel"},{"floor":17,"key":"REME_HandOfSuture"},{"floor":17,"key":"reliquary:GummyVitamins"},{"floor":17,"key":"reliquary:OuijaBoard"},{"floor":23,"key":"Smiling Mask"},{"floor":26,"key":"jedi:Pinwheel"},{"floor":27,"key":"halation:AfternoonTea"},{"floor":29,"key":"aspiration:Stabinomicon"},{"floor":31,"key":"aspiration:HummingbirdHeart"},{"floor":36,"key":"Protect_Vest"}],"event_choices":[{"damage_healed":0,"gold_gain":0,"player_choice":"Read","damage_taken":0,"max_hp_gain":0,"max_hp_loss":0,"event_name":"The Library","floor":19,"gold_loss":0,"cards_obtained":["DeathKnight:Hysteria"]},{"damage_healed":0,"gold_gain":0,"player_choice":"Obtained Book","damage_taken":16,"max_hp_gain":0,"max_hp_loss":0,"event_name":"Cursed Tome","floor":29,"gold_loss":0}],"is_beta":false,"boss_relics":[{"not_picked":["halation:Prosthetics","REME_DemonsWealth"],"picked":"Replay:Grab Bag"},{"not_picked":["Runic Dome","ReplayTheSpireMod:DimensionalGlitch"],"picked":"reliquary:Craggleroot"},{"not_picked":["hubris:CrackedHourglass","Painkiller Herb"],"picked":"Cursed Key"},{"not_picked":["Runic Pyramid","REME_ChargedStone"],"picked":"Calling Bell"},{"not_picked":["halation:MonkeysPaw","halation:Yufonium"],"picked":"CCEMRelics:DefectiveTurbocharger"}],"items_purged_floors":[2,12,12,12,28],"is_endless":true,"potions_floor_spawned":[8,10,11,16,20,21,22,33],"killed_by":"3 Darklings","ascension_level":1}}