{"host":"p9fmk1zxjhqthrxg","time":1613847656,"event":{"mods":["BaseMod","Bestiary","Colored Map","Colored Powertips","Highlight Path","Minty Spire (QoL Compilation)","Random Character Button","Rare Cards Sparkle","StSLib"],"gold_per_floor":[114,129,304,3,18,18,18,48,48,78,153,9,9,24,24,124,174,189,189,189,22,37,37,37],"floor_reached":23,"language":"ENG","playtime":1383,"items_purged":[],"score":272,"play_id":"ffb27bc6-7977-467b-adca-94dc1f7dfb07","local_time":"20210220130056","daily_mods":["Shiny","Red Cards","DeadlyEvents"],"is_ascension_mode":false,"campfire_choices":[{"floor":6,"key":"REST"},{"floor":13,"key":"REST"},{"floor":15,"key":"REST"}],"circlet_count":0,"master_deck":["Double Tap","Demon Form","Bludgeon","Feed","Limit Break","Corruption","Barricade","Fiend Fire","Berserk","Impervious","Juggernaut","Brutality","Reaper","Exhume","Offering","Immolate","Multi-Cast","Hyperbeam","Thunder Strike","Biased Cognition","Machine Learning","Electrodynamics+1","Buffer","Rainbow","Seek","Meteor Strike","Echo Form","All For One","Reboot","Amplify","Creative AI","Fission","Core Surge","Gash","Dual Wield","Doubt","Rupture","Compile Driver","Coolheaded","Leap","Finisher","Meditate","Enlightenment","Conserve Battery","Deadly Poison","A Thousand Cuts","Swivel","Blur","Necronomicurse","Panache","Hello World"],"relics":["Cracked Core","PrismaticShard","Anchor","Oddly Smooth Stone","Mercury Hourglass","Gambling Chip","Tiny House","Necronomicon","MutagenicStrength"],"acts_visited":["Exordium","TheCity"],"potions_floor_usage":[16],"damage_taken":[{"damage":7,"enemies":"Cultist","floor":1,"turns":2},{"damage":26,"enemies":"Jaw Worm","floor":2,"turns":6},{"damage":4,"enemies":"Small Slimes","floor":5,"turns":2},{"damage":2,"enemies":"3 Sentries","floor":8,"turns":3},{"damage":34,"enemies":"Gremlin Nob","floor":10,"turns":5},{"damage":15,"enemies":"Looter","floor":14,"turns":3},{"damage":31,"enemies":"Hexaghost","floor":16,"turns":7},{"damage":54,"enemies":"Spheric Guardian","floor":18,"turns":6},{"damage":9,"enemies":"Chosen","floor":22,"turns":4},{"damage":9,"enemies":"Slavers","floor":23,"turns":1}],"seed_played":"3618718455484561711","potions_obtained":[{"floor":14,"key":"BlessingOfTheForge"},{"floor":16,"key":"GamblersBrew"},{"floor":17,"key":"CultistPotion"},{"floor":22,"key":"CultistPotion"}],"is_trial":false,"path_per_floor":["M","M","?","$","M","R","T","E","T","E","?","$","R","M","R","B",null,"M","?","?","$","M","E"],"character_chosen":"DEFECT","items_purchased":["PrismaticShard","Rupture","Compile Driver","Coolheaded","Enlightenment","Conserve Battery","Panache"],"campfire_rested":3,"item_purchase_floors":[4,4,4,4,12,12,21],"current_hp_per_floor":[68,46,46,46,42,64,64,62,62,28,17,17,39,24,46,30,83,29,13,13,13,4,0,0],"gold":37,"neow_bonus":"","is_daily":true,"chose_seed":false,"campfire_upgraded":0,"win_rate":0.0,"timestamp":1613847656,"path_taken":["M","M","?","$","M","R","?","?","T","?","?","$","R","M","R","BOSS","M","?","?","$","M","E"],"items_purchased_type":["Relic","Card","Card","Card","Card","Card","Card"],"build_version":"2020-12-22","purchased_purges":0,"victory":false,"max_hp_per_floor":[75,75,75,75,75,75,75,75,75,75,75,75,75,75,75,78,83,83,83,83,83,83,83,83],"card_choices":[{"not_picked":["Cold Snap","Intimidate"],"picked":"Gash","floor":1},{"not_picked":["Clothesline","Entrench"],"picked":"Dual Wield","floor":2},{"not_picked":["Warcry","Crescendo"],"picked":"Leap","floor":5},{"not_picked":["All Out Attack","Brutality"],"picked":"Finisher","floor":8},{"not_picked":["Redo","Panacea"],"picked":"Meditate","floor":10},{"not_picked":["Armaments","Clash"],"picked":"Deadly Poison","floor":14},{"not_picked":["Seek","Exhume"],"picked":"A Thousand Cuts","floor":16},{"not_picked":["Clash","Underhanded Strike"],"picked":"Swivel","floor":17},{"not_picked":["Gash","Clash"],"picked":"Blur","floor":18},{"not_picked":["Pommel Strike","Madness"],"picked":"Hello World","floor":22}],"player_experience":138145,"relics_obtained":[{"floor":7,"key":"Anchor"},{"floor":8,"key":"Oddly Smooth Stone"},{"floor":9,"key":"Mercury Hourglass"},{"floor":10,"key":"Gambling Chip"},{"floor":19,"key":"Necronomicon"}],"event_choices":[{"damage_healed":0,"gold_gain":175,"player_choice":"AGREE","damage_taken":0,"max_hp_gain":0,"max_hp_loss":0,"event_name":"Liars Game","floor":3,"gold_loss":0,"cards_obtained":["Doubt"]},{"damage_healed":0,"gold_gain":75,"player_choice":"Gather Gold","damage_taken":11,"max_hp_gain":0,"max_hp_loss":0,"event_name":"World of Goop","floor":11,"gold_loss":0},{"damage_healed":0,"gold_gain":0,"player_choice":"Obtained Book","damage_taken":16,"max_hp_gain":0,"max_hp_loss":0,"event_name":"Cursed Tome","floor":19,"gold_loss":0},{"damage_healed":0,"gold_gain":0,"player_choice":"Inject Mutagens","damage_taken":0,"relics_obtained":["MutagenicStrength"],"max_hp_gain":0,"max_hp_loss":0,"event_name":"Drug Dealer","floor":20,"gold_loss":0}],"is_beta":false,"boss_relics":[{"not_picked":["Runic Dome","Empty Cage"],"picked":"Tiny House"}],"items_purged_floors":[],"is_endless":false,"potions_floor_spawned":[14,16,22],"killed_by":"Slavers","ascension_level":0}}