{"host":"8d3fefv2347kqkpz","time":1613809332,"event":{"mods":["AchievementEnabler","BaseMod","Better Vampires","BetterRewards","Colored Map","Colored Powertips","Downfall","Emptier Cage","Highlight Path","Marked Mod","Minty Spire (QoL Compilation)","Permanent Neow","Quick Restart","Rare Cards Sparkle","Relic Stats","Say the Spire","Spicy Shops","StSLib","Waifu the Spire"],"gold_per_floor":[0,10,10,23,23,23,23,53,63,63,75,109,136,153,169,266,266,66,86,101,119,137,37,37,37,37,57,90,90,124,139,155,254,254,254,268,284,304,319,335,335,348,177,212,230,244,244,255,273,273,273,298,12,12,12,12,12,12],"floor_reached":56,"language":"ZHS","playtime":5816,"items_purged":["champ:Defend","Clumsy","champ:CheapShot"],"score":1066,"play_id":"56ce6a75-27dd-45c1-993d-b56a42ceb16d","local_time":"20210220162212","is_ascension_mode":false,"campfire_choices":[{"data":"champ:Taunt","floor":1.0,"key":"SMITH"},{"data":"champ:ShieldSlam","floor":6.0,"key":"SMITH"},{"data":"champ:Backstep","floor":10.0,"key":"SMITH"},{"floor":18.0,"key":"RECALL"},{"data":"champ:Devastate","floor":23.0,"key":"SMITH"},{"data":"champ:GladiatorForm","floor":35.0,"key":"SMITH"},{"data":"champ:CalledShot","floor":54.0,"key":"SMITH"}],"circlet_count":0,"master_deck":["champ:Execute","champ:Taunt+1","champ:ShieldSlam+1","champ:CalledShot","champ:Backstep+1","champ:CrookedStrike+1","champ:Devastate+1","champ:CalledShot+1","champ:StanceDance","champ:GladiatorForm+1","champ:ShieldSlam+1"],"relics":["champ:ChampionCrown","champ:SpectersHand","Darkstone Periapt","Dream Catcher","Empty Cage","downfall:HeartBlessingGreen","downfall:HeartBlessingBlue","downfall:HeartBlessingRed","hexamod:CandleOfCauterizing","Blood Vial","Art of War","Runic Pyramid","Ancient Tea Set","Blue Candle","Anchor","champ:FightingForDummies","Pen Nib","DollysMirror"],"acts_visited":["TheCity","TheBeyond","TheEnding"],"potions_floor_usage":[56],"damage_taken":[{"damage":20.0,"enemies":"Cultist","floor":2.0,"turns":4.0},{"damage":10.0,"enemies":"Small Slimes","floor":4.0,"turns":3.0},{"damage":82.0,"enemies":"Lagavulin","floor":8.0,"turns":11.0},{"damage":10.0,"enemies":"Jaw Worm","floor":9.0,"turns":4.0},{"damage":10.0,"enemies":"2 Fungi Beasts","floor":11.0,"turns":4.0},{"damage":41.0,"enemies":"3 Sentries","floor":12.0,"turns":12.0},{"damage":21.0,"enemies":"3 Louse","floor":14.0,"turns":4.0},{"damage":10.0,"enemies":"downfall:LooterAlt","floor":15.0,"turns":4.0},{"damage":40.0,"enemies":"IC_STATUS_ARCHETYPE","floor":16.0,"turns":9.0},{"damage":34.0,"enemies":"downfall:LooterAlt2","floor":19.0,"turns":4.0},{"damage":30.0,"enemies":"3 Byrds","floor":20.0,"turns":3.0},{"damage":30.0,"enemies":"3 Cultists","floor":21.0,"turns":5.0},{"damage":38.0,"enemies":"Centurion and Healer","floor":22.0,"turns":6.0},{"damage":20.0,"enemies":"Snake Plant","floor":27.0,"turns":3.0},{"damage":38.0,"enemies":"Slavers","floor":28.0,"turns":6.0},{"damage":20.0,"enemies":"Gremlin Leader","floor":30.0,"turns":6.0},{"damage":20.0,"enemies":"Shelled Parasite and Fungi","floor":31.0,"turns":3.0},{"damage":20.0,"enemies":"3 Cultists","floor":32.0,"turns":4.0},{"damage":20.0,"enemies":"DF_ARCHETYPE_CLAW","floor":33.0,"turns":7.0},{"damage":10.0,"enemies":"3 Shapes","floor":36.0,"turns":4.0},{"damage":20.0,"enemies":"3 Darklings","floor":37.0,"turns":4.0},{"damage":15.0,"enemies":"4 Shapes","floor":38.0,"turns":3.0},{"damage":30.0,"enemies":"Sphere and 2 Shapes","floor":39.0,"turns":4.0},{"damage":20.0,"enemies":"Jaw Worm Horde","floor":40.0,"turns":3.0},{"damage":14.0,"enemies":"Spire Growth","floor":42.0,"turns":4.0},{"damage":30.0,"enemies":"downfall:FleeingMerchant","floor":43.0,"turns":5.0},{"damage":40.0,"enemies":"Nemesis","floor":44.0,"turns":6.0},{"damage":20.0,"enemies":"3 Darklings","floor":45.0,"turns":3.0},{"damage":30.0,"enemies":"Transient","floor":46.0,"turns":5.0},{"damage":30.0,"enemies":"Maw","floor":48.0,"turns":5.0},{"damage":30.0,"enemies":"Sphere and 2 Shapes","floor":49.0,"turns":3.0},{"damage":50.0,"enemies":"WA_ARCHETYPE_DIVINITY","floor":50.0,"turns":6.0},{"damage":50.0,"enemies":"downfall:CharBossMerchant","floor":52.0,"turns":4.0},{"damage":105.0,"enemies":"downfall:NeowBoss","floor":55.0,"turns":19.0},{"damage":156,"enemies":"downfall:NeowBossFinal","floor":56,"turns":8}],"seed_played":"-1323422661776355930","potions_obtained":[{"floor":2.0,"key":"Block Potion"},{"floor":8.0,"key":"Dexterity Potion"},{"floor":11.0,"key":"Dexterity Potion"},{"floor":14.0,"key":"Fire Potion"},{"floor":19.0,"key":"bronze:BurnAndBuffPotion"},{"floor":26.0,"key":"CultistPotion"},{"floor":30.0,"key":"FairyPotion"},{"floor":46.0,"key":"Fruit Juice"},{"floor":48.0,"key":"Swift Potion"}],"is_trial":false,"path_per_floor":["R","M","?","M","?","R","T","E","M","R","M","E","T","M","M","B",null,"R","M","M","M","M","R","T","?","?","M","E","?","E","M","M","B",null,"R","M","M","M","M","M","T","M","$","E","M","M","?","M","M","B",null,"E","$","R","B","B"],"character_chosen":"THE_CHAMP","items_purchased":["Blue Candle","Anchor","DollysMirror"],"campfire_rested":0,"item_purchase_floors":[43,43,53],"current_hp_per_floor":[90,90,90,90,90,90,90,68,68,68,68,67,67,66,66,66,90,100,86,86,86,78,78,78,78,78,78,70,70,72,74,76,78,100,100,100,100,95,97,99,99,96,98,100,100,105,105,105,105,105,105,105,111,111,106,0,0,0],"gold":12,"neow_bonus":"TRANSFORM_TWO_CARDS","is_daily":false,"chose_seed":false,"campfire_upgraded":6,"win_rate":0.0,"timestamp":1613809332,"path_taken":["R","M","?","M","?","R","T","E","M","R","M","E","?","M","M","BOSS","R","M","M","M","M","R","T","?","?","M","E","?","E","M","M","BOSS","R","M","M","M","?","M","T","M","$","E","M","M","?","M","M","BOSS","E","$","R","BOSS","BOSS"],"items_purchased_type":["Relic","Relic","Relic"],"build_version":"2020-12-22","purchased_purges":3,"victory":false,"max_hp_per_floor":[90,90,90,90,90,90,90,90,90,90,90,90,90,90,90,90,90,100,100,100,100,100,100,100,100,100,100,100,100,100,100,100,100,100,100,100,100,100,100,100,100,100,100,100,100,105,105,105,105,105,105,105,111,111,111,111,111,111],"relic_stats":{"Darkstone Periapt":6,"Blood Vial":19,"Dream Catcher":0,"counters":[35,188],"Blue Candle":[6],"Pen Nib":[6],"Art of War":[3],"obtain_stats":[{"Darkstone Periapt":12,"hexamod:CandleOfCauterizing":24,"downfall:HeartBlessingRed":23,"Blue Candle":43,"champ:ChampionCrown":0,"downfall:HeartBlessingGreen":18,"Pen Nib":52,"Empty Cage":17,"Ancient Tea Set":41,"Blood Vial":28,"Dream Catcher":13,"Anchor":43,"downfall:HeartBlessingBlue":18,"DollysMirror":53,"Art of War":30,"champ:FightingForDummies":44,"champ:SpectersHand":8,"Runic Pyramid":34},{"Darkstone Periapt":6,"hexamod:CandleOfCauterizing":13,"downfall:HeartBlessingRed":13,"Blue Candle":26,"champ:ChampionCrown":0,"downfall:HeartBlessingGreen":9,"Pen Nib":33,"Empty Cage":9,"Ancient Tea Set":24,"Blood Vial":15,"Dream Catcher":6,"Anchor":26,"downfall:HeartBlessingBlue":9,"DollysMirror":33,"Art of War":16,"champ:FightingForDummies":27,"champ:SpectersHand":3,"Runic Pyramid":19},{"Darkstone Periapt":38,"hexamod:CandleOfCauterizing":73,"downfall:HeartBlessingRed":73,"Blue Candle":129,"champ:ChampionCrown":0,"downfall:HeartBlessingGreen":55,"Pen Nib":161,"Empty Cage":55,"Ancient Tea Set":120,"Blood Vial":82,"Dream Catcher":38,"Anchor":129,"downfall:HeartBlessingBlue":55,"DollysMirror":161,"Art of War":88,"champ:FightingForDummies":135,"champ:SpectersHand":18,"Runic Pyramid":102}]},"card_choices":[{"not_picked":["champ:BladeFlurry","champ:PreciseThrust","champ:FlashCut"],"picked":"SKIP","floor":2.0},{"not_picked":["champ:SkillfulDodge","champ:BringItOn"],"picked":"champ:CalledShot","floor":4.0},{"not_picked":["champ:DefensiveShout","champ:Encircle"],"picked":"champ:Backstep","floor":8.0},{"not_picked":["champ:Backstep","champ:RisingSlash","champ:RapidStrikes"],"picked":"SKIP","floor":9.0},{"not_picked":["champ:AdrenalArmor","champ:ShieldSigil","champ:Shatter"],"picked":"SKIP","floor":11.0},{"not_picked":["champ:EndlessRage","champ:BerserkersShout"],"picked":"champ:CrookedStrike","floor":12.0},{"not_picked":["champ:HeartStrike","champ:ShieldWall","champ:Parry"],"picked":"SKIP","floor":14.0},{"not_picked":["champ:TornadoPunch","champ:GutPunch","champ:BringItOn"],"picked":"SKIP","floor":15.0},{"not_picked":["champ:EnchantShield","champ:SteelEdge"],"picked":"champ:Devastate","floor":16.0},{"not_picked":["champ:DefensiveShout+1","champ:FlashCut","champ:BringItOn"],"picked":"SKIP","floor":19.0},{"not_picked":["champ:FlashCut","champ:DefensiveShout","champ:BringItOn"],"picked":"SKIP","floor":20.0},{"not_picked":["champ:PerfectedStrike","champ:EnGarde"],"picked":"champ:CalledShot","floor":21.0},{"not_picked":["champ:BerserkerStyle","champ:EnragedBash","champ:HeartStrike"],"picked":"SKIP","floor":22.0},{"not_picked":["champ:ShieldSigil+1","champ:GladiatorStyle","champ:AdrenalArmor+1"],"picked":"SKIP","floor":27.0},{"not_picked":["champ:PerfectedStrike","champ:PreciseThrust","champ:RecklessLeap+1"],"picked":"SKIP","floor":28.0},{"not_picked":["champ:PreemptiveStrike","champ:SetATrap"],"picked":"champ:CheapShot","floor":30.0},{"not_picked":["champ:PerfectedStrike","champ:Circumvent","champ:StanceDance"],"picked":"SKIP","floor":31.0},{"not_picked":["champ:PerfectedStrike","champ:Circumvent"],"picked":"champ:StanceDance","floor":31.0},{"not_picked":["champ:Endure","champ:GutPunch+1","champ:Encircle"],"picked":"SKIP","floor":32.0},{"not_picked":["champ:StrikeOfGenius","champ:HoldFirm"],"picked":"champ:GladiatorForm","floor":33.0},{"not_picked":["champ:FancyFootwork","champ:RisingSlash+1","champ:IronFortress+1"],"picked":"SKIP","floor":36.0},{"not_picked":["champ:FlashCut+1","champ:Shatter+1","champ:BerserkerStyle"],"picked":"SKIP","floor":37.0},{"not_picked":["champ:EnGarde","champ:SetATrap+1","champ:BerserkerStyle"],"picked":"SKIP","floor":38.0},{"not_picked":["champ:DeathBlow","champ:FlashCut","champ:PreciseThrust+1"],"picked":"SKIP","floor":39.0},{"not_picked":["champ:FlashCut+1","champ:ShieldSigil","champ:BladeFlurry+1"],"picked":"SKIP","floor":40.0},{"not_picked":["champ:DefensiveShout","champ:RisingSlash+1","champ:Devastate"],"picked":"SKIP","floor":42.0},{"not_picked":["champ:StanceDance","champ:ShieldSigil+1","champ:LastStand"],"picked":"SKIP","floor":43.0},{"not_picked":["champ:CrookedStrike+1","champ:CalledShot","champ:StanceDance+1"],"picked":"SKIP","floor":44.0},{"not_picked":["champ:Backstep+1","champ:AdrenalArmor","champ:BerserkerStyle"],"picked":"SKIP","floor":45.0},{"not_picked":["champ:PerfectedStrike","champ:AdrenalArmor+1","champ:Shatter+1"],"picked":"SKIP","floor":46.0},{"not_picked":["champ:BringItOn+1","champ:Backstep","champ:DefensiveStyle"],"picked":"SKIP","floor":48.0},{"not_picked":["champ:SetATrap+1","champ:CrownThrow","champ:StanceDance"],"picked":"SKIP","floor":49.0},{"not_picked":["champ:FaceSlap+1","champ:PreciseThrust","champ:BladeFlurry"],"picked":"SKIP","floor":52.0}],"player_experience":489311,"relics_obtained":[{"floor":8.0,"key":"champ:SpectersHand"},{"floor":12.0,"key":"Darkstone Periapt"},{"floor":13.0,"key":"Dream Catcher"},{"floor":24.0,"key":"hexamod:CandleOfCauterizing"},{"floor":28.0,"key":"Blood Vial"},{"floor":30.0,"key":"Art of War"},{"floor":41.0,"key":"Ancient Tea Set"},{"floor":44.0,"key":"champ:FightingForDummies"},{"floor":52.0,"key":"Pen Nib"}],"event_choices":[{"cards_removed":["champ:Strike"],"damage_healed":0.0,"max_hp_gain":0.0,"max_hp_loss":0.0,"gold_gain":0.0,"event_name":"The Cleric","player_choice":"Card Removal","floor":3.0,"gold_loss":0.0,"damage_taken":0.0},{"cards_removed":["champ:ShieldSigil"],"damage_healed":0.0,"max_hp_gain":0.0,"max_hp_loss":0.0,"gold_gain":0.0,"event_name":"Living Wall","player_choice":"Forget","floor":5.0,"gold_loss":0.0,"damage_taken":0.0},{"cards_removed":["champ:Strike"],"damage_healed":0.0,"max_hp_gain":0.0,"max_hp_loss":0.0,"gold_gain":0.0,"event_name":"Bonfire Elementals","player_choice":"Offered Basic","floor":29.0,"gold_loss":0.0,"damage_taken":0.0},{"damage_healed":0.0,"max_hp_gain":0.0,"max_hp_loss":0.0,"gold_gain":0.0,"event_name":"Accursed Blacksmith","player_choice":"Forge","floor":47.0,"gold_loss":0.0,"damage_taken":0.0,"cards_upgraded":["champ:CrookedStrike"]}],"is_beta":false,"boss_relics":[{"not_picked":["champ:PowerArmor","Sozu"],"picked":"Empty Cage"},{"not_picked":["Tiny House","Runic Dome"],"picked":"Runic Pyramid"}],"items_purged_floors":[43,53,53],"is_endless":false,"potions_floor_spawned":[2,8,11,14,19,21,27,28,30,39,40,44,46,48,49],"killed_by":"downfall:NeowBossFinal","ascension_level":0}}