{"host":"f76wcztdlwlduum6","time":1613861678,"event":{"mods":["BaseMod","BetterRewards","Colored Powertips","Minty Spire (QoL Compilation)","Quick Restart","Rare Cards Sparkle","Relic Stats","StSLib","SuperFastMode","everything is the same but u backflip on backflip"],"gold_per_floor":[110,121,134,134,71,71,71],"floor_reached":6,"language":"ENG","playtime":162,"items_purged":[],"score":72,"play_id":"d8c02c86-b581-4af6-a168-1501e7c78f3c","local_time":"20210220165438","is_ascension_mode":true,"campfire_choices":[],"circlet_count":0,"master_deck":["AscendersBane","Strike_R","Strike_R","Strike_R","Strike_R","Strike_R","Defend_R","Defend_R","Defend_R","Defend_R","Bash","Feel No Pain","Burning Pact","Whirlwind"],"relics":["Burning Blood","Golden Idol","The Courier"],"acts_visited":["Exordium"],"potions_floor_usage":[],"damage_taken":[{"damage":12,"enemies":"Cultist","floor":1,"turns":4},{"damage":21,"enemies":"Jaw Worm","floor":2,"turns":6},{"damage":13,"enemies":"Small Slimes","floor":3,"turns":7},{"damage":30,"enemies":"Lagavulin","floor":6,"turns":5}],"seed_played":"-7182682361453399762","potions_obtained":[],"is_trial":false,"path_per_floor":["M","M","M","?","?","E"],"character_chosen":"IRONCLAD","items_purchased":[],"campfire_rested":0,"item_purchase_floors":[],"current_hp_per_floor":[69,54,47,47,47,17,17],"gold":71,"neow_bonus":"TEN_PERCENT_HP_BONUS","is_daily":false,"chose_seed":false,"campfire_upgraded":0,"win_rate":0.0,"timestamp":1613861678,"path_taken":["M","M","?","?","?","E"],"items_purchased_type":[],"build_version":"2020-12-22","purchased_purges":0,"victory":false,"max_hp_per_floor":[82,82,82,74,74,74,74],"relic_stats":{"counters":[4,22],"Golden Idol":0,"obtain_stats":[{"Golden Idol":4,"The Courier":5,"Burning Blood":0},{"Golden Idol":3,"The Courier":3,"Burning Blood":0},{"Golden Idol":17,"The Courier":17,"Burning Blood":0}],"Burning Blood":18},"card_choices":[{"not_picked":["Wild Strike","Body Slam"],"picked":"Feel No Pain","floor":1},{"not_picked":["Pummel","Hemokinesis"],"picked":"Burning Pact","floor":2},{"not_picked":["True Grit","Sword Boomerang"],"picked":"Whirlwind","floor":3}],"player_experience":365141,"relics_obtained":[],"event_choices":[{"damage_healed":0,"gold_gain":0,"player_choice":"Lose Max HP","damage_taken":0,"relics_obtained":["Golden Idol"],"max_hp_gain":0,"max_hp_loss":8,"event_name":"Golden Idol","floor":4,"gold_loss":0},{"damage_healed":0,"gold_gain":0,"player_choice":"Paid Gold","damage_taken":0,"relics_obtained":["The Courier"],"max_hp_gain":0,"max_hp_loss":0,"event_name":"WeMeetAgain","floor":5,"gold_loss":63}],"is_beta":false,"boss_relics":[],"items_purged_floors":[],"is_endless":false,"potions_floor_spawned":[],"killed_by":"Lagavulin","ascension_level":20}}