{"host":"dwyzfvnzfcqffr30","time":1613854931,"event":{"mods":["2.2 Compatiblity","Act Like it!","Aspiration","BaseMod","Beaked The Cultist","Better Altar","Better Match","Better Note","Better Sensory Stone","Better Skull","Better Third Choice","Clockwork Mod","Colored Map","Colored Powertips","Conspire","Downfall","Elementarium","GifTheSpireLib","Halation","Hermit","Hubris","Infinite Spire","Ironclad Rager","Jedi Mod","Menagerie","Mimic Mod","Minty Spire (QoL Compilation)","Permanent Neow","Random Character Button","Relic Filter Mod","Reliquary","Replay The Spire","Shapeshifter Mod","Spicy Shops","Spikes Relics","StSLib","Stuff the Spire","The Construct","The Disciple","The Druid","The Marked","TheFirefly","Trackpad","Wandering Minibosses"],"gold_per_floor":[351,400,400,458,493,567,567,645,719,811,886,956,1034,1014,1014,1191,1191,1292,1292,1403,1522,1645,1791,1791,1950,1950,2113,1337,1446,1446,1446,1446,1647,1647,1786,1786,1786,998,1074,1182,1182,1182,1252,1374,1491,1491,1491,1616,1616,1625,1625,1625,1121,1237,1246],"floor_reached":56,"language":"ENG","playtime":4924,"items_purged":["StSShapeShifter:Tortoise_Form+1","Pain","StSShapeShifter:ShapeShifter_Strike+1","Regret"],"score":1668,"play_id":"05e308aa-9513-46e9-9a0f-acca06c4a57e","local_time":"20210220130211","is_ascension_mode":true,"campfire_choices":[{"floor":7,"key":"RECALL"},{"floor":15,"key":"REST"},{"data":"StSShapeShifter:Wildfire2+1","floor":24,"key":"SMITH"},{"floor":32,"key":"REST"},{"floor":42,"key":"REST"},{"floor":47,"key":"REST"},{"floor":49,"key":"REST"},{"data":"StSShapeShifter:UnicornForm+1","floor":52,"key":"SMITH"}],"circlet_count":0,"master_deck":["hermit:Scavenge+2","StSShapeShifter:ShapeShifter_Strike+1","StSShapeShifter:ShapeShifter_Strike+1","StSShapeShifter:ShapeShifter_Strike+1","StSShapeShifter:ShapeShifter_Strike+1","StSShapeShifter:ShapeShifter_Defend+1","StSShapeShifter:ShapeShifter_Defend+1","StSShapeShifter:ShapeShifter_Defend+1","StSShapeShifter:ShapeShifter_Defend+1","StSShapeShifter:ShapeShifter_Defend+1","StSShapeShifter:Winter+1","Apotheosis+1","MasterReality+1","StSShapeShifter:Wildfire2+2","StSShapeShifter:CursedApple+1","StSShapeShifter:ThornToss+2","StSShapeShifter:Garden+1","StSShapeShifter:GoldenBerries+1","StSShapeShifter:Maul+1","StSShapeShifter:UnicornForm+2","StSShapeShifter:Synchronicity+1","StSShapeShifter:Ensconce+1","StSShapeShifter:SunflowerShuriken+2","StSShapeShifter:RitualOfTheElders+2","Madness+1","Madness+1","StSShapeShifter:EmbraceTheCycle+1","Shame"],"relics":["StSShapeShifter:AnimalHeart","StSShapeShifter:TheShapeShiftersMagnolia","Bottled Tornado","halation:Prosthetics","hubris:TinFlute","conspire:InfiniteJournal","infinitespire:EvilPickle","SacredBark","Quantum Egg","Molten Egg 2","Toxic Egg 2","Frozen Egg 2","Smiling Mask","Slimebound:StickyStick","ReplayTheSpireMod:Shallot","Replay:Baseball","betterThird:SlimedRelic","Black Star","reliquary:Vitrine","Ancient Tea Set","reliquary:BallBearing","Potion Belt","Onion Ring","Akabeko","StuffTheSpire:Experiment12","Lee\u0027s Waffle","Question Card","Elementarium:GolemsHeart","hubris:EvacipatedBox","BlackRope","Elementarium:ElementariumTrophy","hubris:Backtick","Mummified Hand","reliquary:ExpiredCoupon","jedi:fakemustache","reliquary:PurpleTingedLeaf","Toolbox","Gremlin Food","trackpad:AdjectivePendant","hubris:MobiusCoin","infinitespire:Lucky Rock","StSShapeShifter:EmeraldPantherFigurine","hubris:EmptyBottle","reliquary:TridentHead","StuffTheSpire:HeavyRock"],"acts_visited":["Exordium","Elementarium:Elementarium","TheBeyond","TheEnding"],"potions_floor_usage":[6,8,16,23,23,25,27,29,33,33,33,35,50,50,50,50,50,50,50,50,50,50,50,54,54,55,55,55,55,55,55],"damage_taken":[{"damage":0,"enemies":"2 Louse","floor":1,"turns":4},{"damage":0,"enemies":"Small Slimes","floor":2,"turns":2},{"damage":0,"enemies":"Jaw Worm","floor":4,"turns":3},{"damage":0,"enemies":"conspire:MimicChest","floor":5,"turns":4},{"damage":0,"enemies":"3 Sentries","floor":6,"turns":5},{"damage":7,"enemies":"Gremlin Nob","floor":8,"turns":3},{"damage":4,"enemies":"3 Sentries","floor":10,"turns":6},{"damage":0,"enemies":"Lots of Slimes","floor":11,"turns":3},{"damage":0,"enemies":"2 Fungi Beasts","floor":12,"turns":3},{"damage":0,"enemies":"3 Louse","floor":13,"turns":3},{"damage":10,"enemies":"The Guardian","floor":16,"turns":7},{"damage":0,"enemies":"Elementarium:Cyclone","floor":18,"turns":5},{"damage":0,"enemies":"Elementarium:2_ELEMENTALS","floor":20,"turns":5},{"damage":26,"enemies":"Elementarium:VoidBeast","floor":21,"turns":5},{"damage":0,"enemies":"Elementarium:VOID_CORRUPTION_AND_ORB_OF_FIRE","floor":22,"turns":3},{"damage":0,"enemies":"Elementarium:WarGolem","floor":23,"turns":4},{"damage":0,"enemies":"Elementarium:FIRE_NOBILITY","floor":25,"turns":6},{"damage":10,"enemies":"Elementarium:WarGolem","floor":27,"turns":6},{"damage":0,"enemies":"Elementarium:STONE_GOLEMS","floor":29,"turns":4},{"damage":0,"enemies":"Elementarium:GoldenDragon","floor":33,"turns":6},{"damage":3,"enemies":"3 Darklings","floor":35,"turns":4},{"damage":24,"enemies":"3 Shapes","floor":39,"turns":3},{"damage":34,"enemies":"Giant Head","floor":40,"turns":6},{"damage":36,"enemies":"R_Hoarder","floor":44,"turns":7},{"damage":6,"enemies":"Jaw Worm Horde","floor":45,"turns":5},{"damage":12,"enemies":"3 Darklings","floor":48,"turns":4},{"damage":3,"enemies":"hubris:GrandSnecko","floor":50,"turns":11},{"damage":61,"enemies":"Shield and Spear","floor":54,"turns":4},{"damage":25,"enemies":"The Heart","floor":55,"turns":6}],"seed_played":"8066851170119744544","potions_obtained":[{"floor":2,"key":"Explosive Potion"},{"floor":6,"key":"Toxic Potion"},{"floor":10,"key":"Toxic Potion"},{"floor":16,"key":"Strength Potion"},{"floor":20,"key":"DuplicationPotion"},{"floor":22,"key":"Energy Potion"},{"floor":23,"key":"Block Potion"},{"floor":25,"key":"SpeedPotion"},{"floor":27,"key":"FearPotion"},{"floor":35,"key":"PowerPotion"},{"floor":40,"key":"jedi:wingpotion"},{"floor":45,"key":"Block Potion"},{"floor":54,"key":"LiquidBronze"}],"is_trial":false,"path_per_floor":["M","M","?","M","?","E","R","E","T","E","M","M","M","?","R","B",null,"M","?","M","M","M","E","R","E","T","E","$","M","?","$","R","B",null,"M","?","?","$","M","E","?","R","T","E","M","?","R","M","R","B",null,"R","$","E","B",null],"character_chosen":"SHAPESHIFTER","items_purchased":["StuffTheSpire:Experiment12","Lee\u0027s Waffle","Question Card","LifebloodPotion","PowerPotion","Dexterity Potion","hubris:EvacipatedBox","BlackRope","reliquary:ExpiredCoupon","jedi:fakemustache","reliquary:PurpleTingedLeaf","Elixir","Toolbox","hubris:EmptyBottle","reliquary:TridentHead","PowerPotion","SkillPotion"],"campfire_rested":5,"item_purchase_floors":[28,28,28,28,28,28,31,31,38,38,38,38,38,53,53,53,53],"current_hp_per_floor":[43,43,46,46,46,46,46,39,39,38,45,45,46,35,46,36,46,46,46,46,29,40,46,46,46,46,36,53,53,53,9,24,38,53,54,54,47,57,36,19,19,38,38,31,40,40,62,69,80,84,84,84,84,33,26],"gold":1246,"neow_bonus":"THREE_RARE_CARDS","is_daily":false,"chose_seed":false,"campfire_upgraded":2,"win_rate":0.0,"timestamp":1613854931,"path_taken":["M","M","?","M","?","E","R","E","T","E","?","?","M","?","R","BOSS","M","?","M","M","M","E","R","E","T","E","$","M","?","?","R","BOSS","M","?","?","$","M","E","?","R","T","E","?","?","R","M","R","BOSS","R","$","E","BOSS"],"items_purchased_type":["Relic","Relic","Relic","Potion","Potion","Potion","Relic","Relic","Relic","Relic","Relic","Potion","Relic","Relic","Relic","Potion","Potion"],"build_version":"2020-12-22","purchased_purges":4,"victory":true,"max_hp_per_floor":[43,43,46,46,46,46,46,46,46,46,46,46,46,46,46,46,46,46,46,46,46,46,46,46,46,46,46,53,53,53,53,53,53,53,57,57,57,57,60,66,66,66,66,69,74,74,74,80,80,84,84,84,84,89,93],"card_choices":[{"not_picked":["StSShapeShifter:MooseForm","StSShapeShifter:Pounce"],"picked":"StSShapeShifter:Winter","floor":0},{"not_picked":["StSShapeShifter:MonkeyForm+1","StSShapeShifter:WolfForm+1"],"picked":"StSShapeShifter:Wildfire2+1","floor":1},{"not_picked":["StSShapeShifter:Hunt+1","StSShapeShifter:HummingbirdForm+1"],"picked":"StSShapeShifter:CursedApple+1","floor":2},{"not_picked":["StSShapeShifter:DeepWound+1","StSShapeShifter:SquirrelForm+1","StSShapeShifter:BulwarkOfDiscovery+1"],"picked":"SKIP","floor":4},{"not_picked":["StSShapeShifter:HummingbirdForm+1","StSShapeShifter:BladeOfGrass+1"],"picked":"StSShapeShifter:ThornToss+1","floor":6},{"not_picked":["StSShapeShifter:BladeOfGrass+1","StSShapeShifter:DeerForm+1"],"picked":"StSShapeShifter:Garden+1","floor":8},{"not_picked":["StSShapeShifter:DragonForm+1","StSShapeShifter:Guard+1"],"picked":"StSShapeShifter:GoldenBerries+1","floor":10},{"not_picked":["StSShapeShifter:Roar+1","StSShapeShifter:DeepWound+1","StSShapeShifter:PorcupineForm+1"],"picked":"SKIP","floor":11},{"not_picked":["StSShapeShifter:PoisonIvy+1","StSShapeShifter:Garden+1","StSShapeShifter:Guard+1"],"picked":"SKIP","floor":12},{"not_picked":["StSShapeShifter:FlowerShield+1","StSShapeShifter:FallingLeaves+1"],"picked":"StSShapeShifter:Maul+1","floor":13},{"not_picked":["StSShapeShifter:MammothForm+1","StSShapeShifter:FullMoon+1"],"picked":"StSShapeShifter:Autumn+1","floor":16},{"not_picked":["StSShapeShifter:AdaptiveStrikes+1","StSShapeShifter:SquirrelForm+1","StSShapeShifter:BarkSkin+1"],"picked":"SKIP","floor":18},{"not_picked":["StSShapeShifter:BladeOfGrass+1","StSShapeShifter:ThornToss+1"],"picked":"StSShapeShifter:Synchronicity+1","floor":20},{"not_picked":["StSShapeShifter:RockSlide+1","StSShapeShifter:BloomingSlash+1"],"picked":"StSShapeShifter:Ensconce+1","floor":21},{"not_picked":["StSShapeShifter:OpportuneSwoop+1","StSShapeShifter:HummingbirdForm+1","StSShapeShifter:MultiSpiritedStrike+1"],"picked":"SKIP","floor":22},{"not_picked":["StSShapeShifter:SkullBash+1","StSShapeShifter:MonkeyForm+1","StSShapeShifter:AdaptiveStrikes+1"],"picked":"SKIP","floor":23},{"not_picked":["StSShapeShifter:BarkSkin+1","StSShapeShifter:Earthquake+1","StSShapeShifter:FallingLeaves+1"],"picked":"SKIP","floor":25},{"not_picked":["StSShapeShifter:PantherForm+1","StSShapeShifter:PoisonIvy+1","StSShapeShifter:EntForm+1"],"picked":"SKIP","floor":27},{"not_picked":["StSShapeShifter:HummingbirdForm+1","StSShapeShifter:Mystical_Branch+1","StSShapeShifter:BarkSkin+1"],"picked":"StSShapeShifter:SunflowerShuriken+1","floor":29},{"not_picked":["StSShapeShifter:Uproot_Redwood+1","StSShapeShifter:HydraForm+1","StSShapeShifter:WolfsBane+1"],"picked":"StSShapeShifter:RitualOfTheElders+1","floor":33},{"not_picked":["StSShapeShifter:SunflowerShuriken+1","StSShapeShifter:Wildfire2+1","StSShapeShifter:Rest+1","StSShapeShifter:BarkSkin+1"],"picked":"SKIP","floor":35},{"not_picked":["StSShapeShifter:FesteringBite+1","StSShapeShifter:Roar+1","StSShapeShifter:Sapling+1"],"picked":"StSShapeShifter:EmbraceTheCycle+1","floor":39},{"not_picked":["StSShapeShifter:SunflowerShuriken+1","StSShapeShifter:Ensconce+1","StSShapeShifter:VineHandcuffs+1","StSShapeShifter:Uproot_Redwood+1"],"picked":"SKIP","floor":40},{"not_picked":["StSShapeShifter:Efflorescence+1","StSShapeShifter:BloomingSlash+1","StSShapeShifter:BulwarkOfDiscovery+1","StSShapeShifter:RockSlide+1"],"picked":"SKIP","floor":44},{"not_picked":["StSShapeShifter:ShiftingStrike+1","StSShapeShifter:FesteringBite+1","StSShapeShifter:BurstingSpore+1","StSShapeShifter:DeerForm+1"],"picked":"SKIP","floor":45},{"not_picked":["StSShapeShifter:ClimbTree+1","StSShapeShifter:ShiftingStrike+1","StSShapeShifter:FlowerShield+1","StSShapeShifter:BloomingSlash+1"],"picked":"SKIP","floor":48},{"not_picked":["StSShapeShifter:CursedApple+1","StSShapeShifter:FesteringBite+1","StSShapeShifter:Maul+1","StSShapeShifter:WolfForm+1"],"picked":"SKIP","floor":54}],"player_experience":3421171,"relics_obtained":[{"floor":5,"key":"Smiling Mask"},{"floor":6,"key":"Slimebound:StickyStick"},{"floor":9,"key":"ReplayTheSpireMod:Shallot"},{"floor":10,"key":"Replay:Baseball"},{"floor":23,"key":"reliquary:Vitrine"},{"floor":23,"key":"Ancient Tea Set"},{"floor":25,"key":"reliquary:BallBearing"},{"floor":25,"key":"Potion Belt"},{"floor":27,"key":"Onion Ring"},{"floor":27,"key":"Akabeko"},{"floor":40,"key":"Gremlin Food"},{"floor":40,"key":"trackpad:AdjectivePendant"},{"floor":43,"key":"hubris:MobiusCoin"},{"floor":44,"key":"infinitespire:Lucky Rock"},{"floor":44,"key":"StSShapeShifter:EmeraldPantherFigurine"},{"floor":54,"key":"StuffTheSpire:HeavyRock"}],"event_choices":[{"damage_healed":0,"gold_gain":0,"player_choice":"Simplicity","damage_taken":0,"max_hp_gain":0,"max_hp_loss":10,"event_name":"betterThird:BetterWriting","floor":0,"gold_loss":0},{"damage_healed":0,"gold_gain":0,"player_choice":"Slimed","damage_taken":11,"max_hp_gain":0,"max_hp_loss":0,"event_name":"betterThird:BetterGoop","floor":14,"gold_loss":20},{"damage_healed":0,"gold_gain":0,"player_choice":"Chest","damage_taken":0,"relics_obtained":["Elementarium:GolemsHeart"],"max_hp_gain":0,"max_hp_loss":0,"event_name":"Elementarium:AbandonedFactory","floor":30,"gold_loss":0,"cards_obtained":["Pain"]},{"damage_healed":0,"gold_gain":0,"player_choice":"Embrace Madness","damage_taken":7,"max_hp_gain":0,"max_hp_loss":0,"event_name":"Winding Halls","floor":37,"gold_loss":0,"cards_obtained":["Madness","Madness"]},{"damage_healed":0,"gold_gain":0,"player_choice":"Ignored","damage_taken":0,"max_hp_gain":0,"max_hp_loss":0,"event_name":"Elementarium:ChestOfTheGoldenMirage","floor":46,"gold_loss":0}],"is_beta":false,"boss_relics":[{"not_picked":["construct:WeddingRing","ReplayTheSpireMod:DimensionalGlitch"],"picked":"Black Star"},{"not_picked":["expansioncontent:StudyCardRelic","Cursed Key","Philosopher\u0027s Stone"],"picked":"hubris:Backtick"}],"items_purged_floors":[28,31,38,53],"is_endless":false,"potions_floor_spawned":[2,5,6,10,16,20,22,23,25,27,35,40,45,54],"ascension_level":3}}