{"host":"Ringo","time":1613820931,"event":{"mods":["BaseMod","Colored Map","Conspire","Dota2Spire","Hubris","Minty Spire (QoL Compilation)","Replay The Spire","StSLib","The Construct","[IsaacMod]ÒÔÈö¼âËþ","¡¾ÒÅÎï¿¨ÅÆ¡¿REMEMod"],"gold_per_floor":[110,110,146,146,162,192,192,192],"floor_reached":7,"language":"ZHS","playtime":234,"items_purged":[],"score":98,"play_id":"5d8419a4-cbac-45c8-9e27-0a7ec86f0e31","local_time":"20210220193531","daily_mods":["SealedDeck","Vintage","Diverse","Colorless Cards","Heirloom","Time Dilation","Flight","DeadlyEvents","Elite Swarm","Lethality","Binary"],"is_ascension_mode":true,"campfire_choices":[],"circlet_count":0,"master_deck":["AscendersBane","Acrobatics","Leg Sweep","construct:Boost","construct:FlakBarrage","construct:SaveState","Finesse","construct:Reinforce","Thunderclap","FlyingSleeves","Rebound","Scrawl+1","Self Repair+1"],"relics":["Busted Crown","HushsDoor","KeepersGift","REME_ComplimentaryCards","replay:Trail_Library","FossilizedHelix","Dota2Spire:EchoSabre","GuppysTail","Iron Core","Pet Ghost","conspire:DeflatedDodgeball"],"acts_visited":["Exordium"],"potions_floor_usage":[],"damage_taken":[{"damage":0,"enemies":"Jaw Worm","floor":1,"turns":1},{"damage":0,"enemies":"conspire:MimicChest","floor":3,"turns":2},{"damage":0,"enemies":"Small Slimes","floor":5,"turns":1},{"damage":12,"enemies":"Replay:BlueRogue","floor":6,"turns":3},{"damage":0,"enemies":"Lagavulin","floor":7,"turns":1}],"seed_played":"-1617565426912825801","potions_obtained":[{"floor":3,"key":"Strength Potion"},{"floor":6,"key":"Adrenaline Potion"}],"is_trial":true,"path_per_floor":["M","?","?","?","M","E","E"],"character_chosen":"IRONCLAD","items_purchased":[],"campfire_rested":0,"item_purchase_floors":[],"current_hp_per_floor":[74,74,75,75,75,73,73,73],"gold":192,"neow_bonus":"","is_daily":false,"chose_seed":false,"campfire_upgraded":0,"win_rate":0.0,"timestamp":1613820931,"path_taken":["M","?","?","?","M","E","?"],"items_purchased_type":[],"build_version":"2020-12-18","purchased_purges":0,"victory":false,"max_hp_per_floor":[75,75,75,75,75,75,75,75],"card_choices":[],"player_experience":726086,"relics_obtained":[{"floor":1,"key":"Dota2Spire:EchoSabre"},{"floor":3,"key":"GuppysTail"},{"floor":5,"key":"Pet Ghost"},{"floor":6,"key":"conspire:DeflatedDodgeball"}],"event_choices":[{"damage_healed":0,"gold_gain":0,"player_choice":"Grow","damage_taken":0,"max_hp_gain":0,"max_hp_loss":0,"event_name":"Living Wall","floor":2,"gold_loss":0,"cards_upgraded":["Scrawl"]}],"is_beta":true,"boss_relics":[],"items_purged_floors":[],"is_endless":false,"potions_floor_spawned":[3,6],"killed_by":"Lagavulin","ascension_level":20}}