{"host":"4gkev1dtxxhiue3x","time":1613817050,"event":{"mods":["AchievementEnabler","BaseMod","Better Altar","Better Match","Better Note","Better Sensory Stone","Better Skull","Better Third Choice","Colored Powertips","Friendly Minions","Hermit","Minty Spire (QoL Compilation)","Relic Stats","Robot Space Explorer","Shop Mod","StSLib","The Disciple","The Hierophant"],"gold_per_floor":[109,122,136,153,103,134,134,134,161,176,190,190,223,240,240,348,348,367,367,277,202,477,477,516,527,550,550,550],"floor_reached":27,"language":"ENG","playtime":4098,"items_purged":["hermit:Maintenance+1"],"score":243,"play_id":"b3d51934-6049-43c6-ab0b-2b361447020a","local_time":"20210220113050","is_ascension_mode":false,"campfire_choices":[{"floor":7,"key":"REST"},{"data":"hermit:Maintenance","floor":12,"key":"SMITH"},{"data":"hermit:Adapt","floor":15,"key":"SMITH"},{"data":"hermit:Determination","floor":23,"key":"SMITH"}],"circlet_count":0,"master_deck":["hermit:Snapshot","hermit:Covet","hermit:WideOpen","hermit:Headshot","hermit:Grudge","hermit:Scavenge","Parasite","hermit:LowProfile","hermit:SprayPray","hermit:Adapt+1","hermit:Misfire+1","hermit:EternalForm","hermit:Horror","hermit:Determination+1","hermit:LuckOfTheDraw","hermit:Grudge","hermit:Desperado","hermit:Purgatory","hermit:Manifest","hermit:LuckOfTheDraw","Regret","hermit:TakeAim","hermit:Enervate"],"relics":["hermit:Momento","NeowsBlessing","PreservedInsect","Art of War","Oddly Smooth Stone","Pandora\u0027s Box","Mercury Hourglass","Orichalcum"],"acts_visited":["Exordium","TheCity"],"potions_floor_usage":[16,27,27],"damage_taken":[{"damage":0,"enemies":"Jaw Worm","floor":1,"turns":1},{"damage":0,"enemies":"2 Louse","floor":2,"turns":1},{"damage":0,"enemies":"Small Slimes","floor":3,"turns":1},{"damage":9,"enemies":"3 Louse","floor":4,"turns":4},{"damage":29,"enemies":"3 Sentries","floor":6,"turns":9},{"damage":8,"enemies":"Large Slime","floor":10,"turns":6},{"damage":0,"enemies":"2 Fungi Beasts","floor":11,"turns":2},{"damage":10,"enemies":"Gremlin Nob","floor":13,"turns":4},{"damage":14,"enemies":"Lots of Slimes","floor":14,"turns":4},{"damage":19,"enemies":"Hexaghost","floor":16,"turns":11},{"damage":10,"enemies":"Chosen","floor":18,"turns":5},{"damage":41,"enemies":"Gremlin Leader","floor":24,"turns":4},{"damage":0,"enemies":"Spheric Guardian","floor":25,"turns":3},{"damage":54,"enemies":"Slavers","floor":27,"turns":3}],"seed_played":"-7847808227778325839","potions_obtained":[{"floor":10,"key":"Dexterity Potion"},{"floor":13,"key":"LiquidBronze"},{"floor":14,"key":"Weak Potion"},{"floor":16,"key":"Regen Potion"},{"floor":25,"key":"EssenceOfSteel"}],"is_trial":false,"path_per_floor":["M","M","M","M","?","E","R","?","T","M","M","R","E","M","R","B",null,"M","?","?","$","?","R","E","M","T","E"],"character_chosen":"HERMIT","items_purchased":[],"campfire_rested":1,"item_purchase_floors":[],"current_hp_per_floor":[75,75,75,66,66,37,59,75,75,67,67,67,57,43,43,24,75,65,65,65,65,65,65,24,24,24,0,0],"gold":550,"neow_bonus":"THREE_ENEMY_KILL","is_daily":false,"chose_seed":false,"campfire_upgraded":3,"win_rate":0.0,"timestamp":1613817050,"path_taken":["M","M","M","M","?","E","R","?","T","M","M","R","E","M","R","BOSS","M","?","?","$","?","R","E","?","T","E"],"items_purchased_type":[],"build_version":"2020-12-22","purchased_purges":1,"victory":false,"max_hp_per_floor":[75,75,75,75,75,75,75,75,75,75,75,75,75,75,75,75,75,75,75,75,75,75,75,75,75,75,75,75],"relic_stats":{"counters":[14,58],"Pandora\u0027s Box":["hermit:Maintenance","hermit:Horror","hermit:Determination","hermit:LuckOfTheDraw","hermit:Grudge","hermit:Desperado","hermit:Purgatory"],"PreservedInsect":107,"Art of War":[3],"Orichalcum":[6],"obtain_stats":[{"NeowsBlessing":0,"Oddly Smooth Stone":13,"Pandora\u0027s Box":17,"PreservedInsect":6,"Art of War":9,"Orichalcum":26,"hermit:Momento":0,"Mercury Hourglass":24},{"NeowsBlessing":0,"Oddly Smooth Stone":8,"Pandora\u0027s Box":10,"PreservedInsect":5,"Art of War":5,"Orichalcum":13,"hermit:Momento":0,"Mercury Hourglass":12},{"NeowsBlessing":0,"Oddly Smooth Stone":28,"Pandora\u0027s Box":43,"PreservedInsect":16,"Art of War":16,"Orichalcum":55,"hermit:Momento":0,"Mercury Hourglass":52}],"Mercury Hourglass":[27]},"card_choices":[{"not_picked":["hermit:Headshot","hermit:Ricochet"],"picked":"hermit:WideOpen","floor":1},{"not_picked":["hermit:Glare","hermit:Quickdraw"],"picked":"hermit:Maintenance","floor":2},{"not_picked":["hermit:Roulette","hermit:SprayPray"],"picked":"hermit:Headshot","floor":3},{"not_picked":["hermit:SprayPray","hermit:Desperado"],"picked":"hermit:Grudge","floor":4},{"not_picked":["hermit:TrackingShot","hermit:NoHoldsBarred"],"picked":"hermit:Scavenge","floor":6},{"not_picked":["hermit:SprayPray","hermit:Manifest"],"picked":"hermit:LowProfile","floor":10},{"not_picked":["hermit:Desperado","hermit:LowProfile"],"picked":"hermit:SprayPray","floor":11},{"not_picked":["hermit:SprayPray","hermit:Malice"],"picked":"hermit:Adapt","floor":13},{"not_picked":["hermit:Quickdraw","hermit:ItchyTrigger"],"picked":"hermit:Misfire","floor":14},{"not_picked":["hermit:Purgatory","hermit:Roughhouse"],"picked":"hermit:EternalForm","floor":16},{"not_picked":["hermit:Enervate","hermit:Virtue"],"picked":"hermit:Manifest","floor":18},{"not_picked":["hermit:Desperado","hermit:Midnight"],"picked":"hermit:TakeAim","floor":24},{"not_picked":["hermit:Desperado","hermit:Roulette"],"picked":"hermit:Enervate","floor":25}],"player_experience":201293,"relics_obtained":[{"floor":6,"key":"PreservedInsect"},{"floor":9,"key":"Art of War"},{"floor":13,"key":"Oddly Smooth Stone"},{"floor":24,"key":"Mercury Hourglass"},{"floor":26,"key":"Orichalcum"}],"event_choices":[{"cards_removed":["hermit:Strike_Hermit"],"damage_healed":0,"gold_gain":0,"player_choice":"Card Removal","damage_taken":0,"max_hp_gain":0,"max_hp_loss":0,"event_name":"The Cleric","floor":5,"gold_loss":50},{"damage_healed":18,"gold_gain":0,"player_choice":"Healed and dodged fight","damage_taken":0,"max_hp_gain":0,"max_hp_loss":0,"event_name":"Mushrooms","floor":8,"gold_loss":0,"cards_obtained":["Parasite"]},{"damage_healed":0,"gold_gain":0,"player_choice":"Copied","damage_taken":0,"max_hp_gain":0,"max_hp_loss":0,"event_name":"Duplicator","floor":19,"gold_loss":0,"cards_obtained":["hermit:LuckOfTheDraw"]},{"cards_removed":["hermit:Maintenance"],"damage_healed":0,"gold_gain":0,"player_choice":"Upgrade and Remove","damage_taken":0,"max_hp_gain":0,"max_hp_loss":0,"event_name":"Designer","floor":20,"gold_loss":90,"cards_upgraded":["hermit:Misfire"]},{"damage_healed":0,"gold_gain":275,"player_choice":"Desecrate","damage_taken":0,"max_hp_gain":0,"max_hp_loss":0,"event_name":"Golden Shrine","floor":22,"gold_loss":0,"cards_obtained":["Regret"]}],"is_beta":false,"boss_relics":[{"not_picked":["Coffee Dripper","hermit:DentedPlate"],"picked":"Pandora\u0027s Box"}],"items_purged_floors":[21],"is_endless":false,"potions_floor_spawned":[10,13,14,16,25],"killed_by":"Slavers","ascension_level":0}}