{"host":"sav7uxregyirlf69","time":1613788731,"event":{"mods":["AchievementEnabler","BaseMod","Colored Map","DeckTracker","Keyboard Shortcuts","Minty Spire (QoL Compilation)","READ ME - Guardian Mod","StSLib","SuperFastMode"],"gold_per_floor":[111,111,111,122,139,139,154,187,487,487,504,504,522,25,25,100,100,119,119,129,143,63,63,63,94,117,132,132,148,148,177,177,250,250,260,260,285,285,185,212,230,230,305,316,316,316],"floor_reached":45,"language":"KOR","playtime":929,"items_purged":["Strike_R","Strike_R"],"score":1016,"play_id":"5de8a586-7b9b-4889-9c83-a0e9becbddfd","local_time":"20210220113851","is_ascension_mode":true,"campfire_choices":[{"data":"Carnage","floor":6,"key":"SMITH"},{"data":"Blood for Blood","floor":10,"key":"SMITH"},{"data":"Dark Embrace","floor":15,"key":"SMITH"},{"data":"Body Slam","floor":23,"key":"SMITH"},{"floor":28,"key":"REST"},{"floor":30,"key":"REST"},{"floor":32,"key":"REST"},{"floor":42,"key":"REST"}],"circlet_count":0,"master_deck":["AscendersBane","Strike_R","Defend_R","Defend_R","Defend_R","Defend_R","Bash","Combust","Demon Form+1","Shrug It Off","Carnage+1","Blood for Blood+1","Reckless Charge","Power Through","Body Slam+1","Dark Embrace+1","Immolate","Seeing Red","Offering","Uppercut+1","Seeing Red","Rupture","Decay","Sentinel","Pommel Strike+1","Barricade+1","Purity","Finesse","Entrench","Havoc+1"],"relics":["Burning Blood","Torii","Old Coin","TheAbacus","SacredBark","Dead Branch","Dream Catcher","Du-Vu Doll","Sozu","Pocketwatch","Potion Belt"],"acts_visited":["Exordium","TheCity","TheBeyond"],"potions_floor_usage":[13,16,18,21,25,31,33],"damage_taken":[{"damage":7,"enemies":"Jaw Worm","floor":1,"turns":3},{"damage":8,"enemies":"2 Louse","floor":4,"turns":4},{"damage":5,"enemies":"Small Slimes","floor":5,"turns":3},{"damage":10,"enemies":"Red Slaver","floor":7,"turns":3},{"damage":31,"enemies":"Gremlin Nob","floor":8,"turns":4},{"damage":6,"enemies":"2 Fungi Beasts","floor":11,"turns":3},{"damage":6,"enemies":"Gremlin Gang","floor":13,"turns":4},{"damage":8,"enemies":"The Guardian","floor":16,"turns":8},{"damage":28,"enemies":"Spheric Guardian","floor":18,"turns":4},{"damage":30,"enemies":"Shell Parasite","floor":20,"turns":4},{"damage":7,"enemies":"3 Cultists","floor":21,"turns":4},{"damage":18,"enemies":"Gremlin Leader","floor":25,"turns":5},{"damage":15,"enemies":"Cultist and Chosen","floor":27,"turns":5},{"damage":21,"enemies":"Chosen and Byrds","floor":29,"turns":5},{"damage":31,"enemies":"Slavers","floor":31,"turns":4},{"damage":30,"enemies":"Automaton","floor":33,"turns":6},{"damage":12,"enemies":"3 Shapes","floor":35,"turns":3},{"damage":6,"enemies":"Mind Bloom Boss Battle","floor":37,"turns":5},{"damage":47,"enemies":"Nemesis","floor":40,"turns":7},{"damage":12,"enemies":"Orb Walker","floor":41,"turns":1},{"damage":14,"enemies":"Writhing Mass","floor":44,"turns":8},{"damage":32,"enemies":"Jaw Worm Horde","floor":45,"turns":3}],"seed_played":"-3251861640919931204","potions_obtained":[{"floor":4,"key":"Regen Potion"},{"floor":11,"key":"FearPotion"},{"floor":13,"key":"BloodPotion"},{"floor":16,"key":"Block Potion"},{"floor":18,"key":"SneckoOil"},{"floor":25,"key":"SpeedPotion"},{"floor":27,"key":"Dexterity Potion"},{"floor":29,"key":"Energy Potion"}],"is_trial":false,"path_per_floor":["M","?","?","M","M","R","M","E","T","R","M","?","M","$","R","B",null,"M","?","M","M","$","R","?","E","T","M","R","M","R","E","R","B",null,"M","?","?","?","$","E","M","R","T","M","M"],"character_chosen":"IRONCLAD","items_purchased":["TheAbacus","Dark Embrace","Immolate","Seeing Red","Rupture"],"campfire_rested":4,"item_purchase_floors":[14,14,14,14,22],"current_hp_per_floor":[74,67,67,65,66,66,62,37,37,37,37,37,51,51,51,49,74,82,58,34,33,33,33,33,21,21,12,38,23,49,24,50,26,72,66,56,56,56,56,15,9,35,35,27,0,0],"gold":316,"neow_bonus":"TEN_PERCENT_HP_BONUS","is_daily":false,"chose_seed":false,"campfire_upgraded":4,"win_rate":0.0,"timestamp":1613788731,"path_taken":["M","?","?","M","M","R","M","E","T","R","M","?","M","$","R","BOSS","M","?","M","M","$","R","?","E","T","M","R","?","R","E","R","BOSS","M","?","?","?","$","E","M","R","T","M","M"],"items_purchased_type":["Relic","Card","Card","Card","Card"],"build_version":"2020-12-22","purchased_purges":2,"victory":false,"max_hp_per_floor":[82,82,82,82,82,82,82,82,82,82,82,82,82,82,82,82,82,82,87,87,87,87,87,87,87,87,87,87,87,87,87,87,87,87,87,87,87,87,87,87,87,87,87,87,87,87],"card_choices":[{"not_picked":["Clothesline","Body Slam"],"picked":"Combust","floor":1},{"not_picked":["Flame Barrier","Whirlwind"],"picked":"Shrug It Off","floor":4},{"not_picked":["Armaments","Perfected Strike"],"picked":"Carnage","floor":5},{"not_picked":["Bloodletting","Pommel Strike"],"picked":"Blood for Blood","floor":7},{"not_picked":["Sever Soul","Rage"],"picked":"Reckless Charge","floor":8},{"not_picked":["Sentinel","Clothesline"],"picked":"Power Through","floor":11},{"not_picked":["Heavy Blade","Metallicize"],"picked":"Body Slam","floor":13},{"not_picked":["Impervious","Limit Break"],"picked":"Offering","floor":16},{"not_picked":["Flex","Blood for Blood+1"],"picked":"Uppercut+1","floor":18},{"not_picked":["Wild Strike","Flex","Clash"],"picked":"SKIP","floor":20},{"not_picked":["Heavy Blade","Shrug It Off"],"picked":"Seeing Red","floor":21},{"not_picked":["Wild Strike","Sword Boomerang","Clash"],"picked":"SKIP","floor":25},{"not_picked":["Exhume","Ghostly Armor"],"picked":"Sentinel","floor":27},{"not_picked":["Iron Wave","Juggernaut"],"picked":"Pommel Strike+1","floor":29},{"not_picked":["Iron Wave","Flex","Anger"],"picked":"SKIP","floor":31},{"not_picked":["Offering","Brutality"],"picked":"Barricade","floor":33},{"not_picked":["Sword Boomerang+1","Wild Strike","Flex"],"picked":"SKIP","floor":35},{"not_picked":["Master of Strategy","Panache"],"picked":"Purity","floor":36},{"not_picked":["Mayhem","Dramatic Entrance"],"picked":"Finesse","floor":36},{"not_picked":["Iron Wave","Body Slam"],"picked":"Entrench","floor":40},{"not_picked":["Cleave","Warcry","Body Slam"],"picked":"SKIP","floor":41},{"not_picked":["Cleave","Rampage"],"picked":"Havoc+1","floor":42},{"not_picked":["Perfected Strike+1","Armaments","Clash"],"picked":"SKIP","floor":44}],"player_experience":1627190,"relics_obtained":[{"floor":8,"key":"Torii"},{"floor":9,"key":"Old Coin"},{"floor":25,"key":"Dead Branch"},{"floor":26,"key":"Dream Catcher"},{"floor":31,"key":"Du-Vu Doll"},{"floor":37,"key":"Pocketwatch"},{"floor":40,"key":"Potion Belt"}],"event_choices":[{"cards_removed":["Strike_R"],"damage_healed":0,"gold_gain":0,"player_choice":"Card Removal","damage_taken":7,"max_hp_gain":0,"max_hp_loss":0,"event_name":"Golden Wing","floor":2,"gold_loss":0},{"damage_healed":0,"gold_gain":0,"cards_transformed":["Strike_R"],"player_choice":"Change","damage_taken":0,"max_hp_gain":0,"max_hp_loss":0,"event_name":"Living Wall","floor":3,"gold_loss":0,"cards_obtained":["Demon Form"]},{"damage_healed":0,"gold_gain":0,"player_choice":"Upgraded","damage_taken":0,"max_hp_gain":0,"max_hp_loss":0,"event_name":"Upgrade Shrine","floor":12,"gold_loss":0,"cards_upgraded":["Demon Form"]},{"damage_healed":0,"gold_gain":0,"player_choice":"Shed Blood","damage_taken":29,"max_hp_gain":5,"max_hp_loss":0,"event_name":"Forgotten Altar","floor":19,"gold_loss":0},{"damage_healed":0,"gold_gain":0,"player_choice":"Cursed","damage_taken":0,"max_hp_gain":0,"max_hp_loss":0,"event_name":"Wheel of Change","floor":24,"gold_loss":0,"cards_obtained":["Decay"]},{"damage_healed":0,"gold_gain":0,"player_choice":"Memory 3","damage_taken":10,"max_hp_gain":0,"max_hp_loss":0,"event_name":"SensoryStone","floor":36,"gold_loss":0},{"damage_healed":0,"gold_gain":0,"player_choice":"Fight","damage_taken":0,"max_hp_gain":0,"max_hp_loss":0,"event_name":"MindBloom","floor":37,"gold_loss":0},{"damage_healed":0,"gold_gain":0,"player_choice":"Upgraded","damage_taken":0,"max_hp_gain":0,"max_hp_loss":0,"event_name":"Upgrade Shrine","floor":38,"gold_loss":0,"cards_upgraded":["Barricade"]}],"is_beta":false,"boss_relics":[{"not_picked":["Tiny House","Black Star"],"picked":"SacredBark"},{"not_picked":["Busted Crown","Velvet Choker"],"picked":"Sozu"}],"items_purged_floors":[14,39],"is_endless":false,"potions_floor_spawned":[4,11,13,16,18,25,27,29,40,41],"killed_by":"Jaw Worm Horde","ascension_level":20}}