{"host":"BaronFel","time":1613860312,"event":{"mods":["BaseMod","Filter the Spire","Highlight Path","Minty Spire (QoL Compilation)","Relic Stats","ojb\u0027s Info Mod"],"gold_per_floor":[118,138,158,175,250,282,282,310,310,328,328,328,328],"floor_reached":12,"language":"ENG","playtime":786,"items_purged":[],"score":180,"play_id":"d5a6a225-1f07-48b8-8ef9-679c9d0dad57","local_time":"20210220163152","is_ascension_mode":true,"campfire_choices":[{"floor":7.0,"key":"REST"}],"circlet_count":0,"master_deck":["AscendersBane","Strike_P","Strike_P","Strike_P","Strike_P","Defend_P","Defend_P","Defend_P","Defend_P","Eruption","Vigilance","CrushJoints","FlyingSleeves","ReachHeaven","Adaptation","Protect","Doubt","EmptyFist"],"relics":["Cursed Key","Art of War","Yang","TeardropLocket"],"acts_visited":["Exordium"],"potions_floor_usage":[],"damage_taken":[{"damage":0.0,"enemies":"2 Louse","floor":1.0,"turns":2.0},{"damage":0.0,"enemies":"Jaw Worm","floor":2.0,"turns":2.0},{"damage":8.0,"enemies":"Small Slimes","floor":3.0,"turns":3.0},{"damage":6.0,"enemies":"Exordium Thugs","floor":4.0,"turns":4.0},{"damage":8.0,"enemies":"Gremlin Nob","floor":6.0,"turns":3.0},{"damage":22.0,"enemies":"Lagavulin","floor":8.0,"turns":6.0},{"damage":0.0,"enemies":"Large Slime","floor":10.0,"turns":4.0},{"damage":33,"enemies":"3 Sentries","floor":12,"turns":10}],"seed_played":"-8050593177540011915","potions_obtained":[{"floor":3.0,"key":"Fire Potion"},{"floor":4.0,"key":"LiquidBronze"},{"floor":10.0,"key":"PowerPotion"}],"is_trial":false,"path_per_floor":["M","M","M","M","?","E","R","E","T","M","?","E"],"character_chosen":"WATCHER","items_purchased":[],"campfire_rested":1,"item_purchase_floors":[],"current_hp_per_floor":[61,61,53,47,36,28,48,26,26,26,26,0,0],"gold":328,"neow_bonus":"BOSS_RELIC","is_daily":false,"chose_seed":false,"campfire_upgraded":0,"win_rate":0.0,"timestamp":1613860312,"path_taken":["M","M","M","M","?","E","R","E","T","M","?","E"],"items_purchased_type":[],"build_version":"2020-12-18","purchased_purges":0,"victory":false,"max_hp_per_floor":[68,68,68,68,68,68,68,68,68,68,68,68,68],"relic_stats":{"counters":[8,34],"Yang":[25],"Art of War":[3],"Cursed Key":1,"obtain_stats":[{"Yang":8,"Art of War":6,"TeardropLocket":9,"PureWater":0,"Cursed Key":0},{"Yang":6,"Art of War":5,"TeardropLocket":6,"PureWater":0,"Cursed Key":0},{"Yang":20,"Art of War":14,"TeardropLocket":20,"PureWater":0,"Cursed Key":0}]},"card_choices":[{"not_picked":["Protect","BattleHymn"],"picked":"CrushJoints","floor":1.0},{"not_picked":["ThirdEye","Weave"],"picked":"FlyingSleeves","floor":2.0},{"not_picked":["ClearTheMind","Consecrate"],"picked":"ReachHeaven","floor":3.0},{"not_picked":["Sanctity","Consecrate"],"picked":"Adaptation","floor":4.0},{"not_picked":["Consecrate","ConjureBlade","Vengeance"],"picked":"SKIP","floor":6.0},{"not_picked":["ForeignInfluence","ClearTheMind"],"picked":"Protect","floor":8.0},{"not_picked":["BattleHymn","Evaluate"],"picked":"EmptyFist","floor":10.0}],"player_experience":1171804,"relics_obtained":[{"floor":6.0,"key":"Art of War"},{"floor":8.0,"key":"Yang"},{"floor":9.0,"key":"TeardropLocket"}],"event_choices":[{"damage_healed":0.0,"max_hp_gain":0.0,"max_hp_loss":0.0,"gold_gain":75.0,"event_name":"World of Goop","player_choice":"Gather Gold","floor":5.0,"gold_loss":0.0,"damage_taken":11.0},{"damage_healed":0.0,"max_hp_gain":0.0,"max_hp_loss":0.0,"gold_gain":0.0,"event_name":"Shining Light","player_choice":"Ignored","floor":11.0,"gold_loss":0.0,"damage_taken":0.0}],"is_beta":true,"boss_relics":[],"items_purged_floors":[],"is_endless":false,"potions_floor_spawned":[3,4,10],"killed_by":"3 Sentries","ascension_level":20}}