{"host":"tlbbab9afexrkdtf","time":1613781188,"event":{"mods":["2.2 Compatiblity","AchievementEnabler","BaseMod","Colored Map","Colored Powertips","Minty Spire (QoL Compilation)","Rare Cards Sparkle","StSLib"],"gold_per_floor":[112,112,38,50,68,68,99,99,99,176,176,205,222,248,248,350,400,420,420,434,434,73,73,73,73],"floor_reached":24,"language":"ENG","playtime":568,"items_purged":[],"score":265,"play_id":"6f2bf40b-41a8-4ff2-b870-3b2941d41193","local_time":"20210219193308","is_ascension_mode":true,"campfire_choices":[{"floor":6,"key":"REST"},{"floor":8,"key":"REST"},{"floor":15,"key":"REST"},{"floor":23,"key":"REST"}],"circlet_count":0,"master_deck":["Strike_R","Strike_R+1","Strike_R","Strike_R","Strike_R","Defend_R","Defend_R","Defend_R","Defend_R","Bash","Flex","Wild Strike","Wild Strike","Limit Break","Evolve","Pommel Strike","Demon Form","Reckless Charge","Metallicize","Rage","Panache","Flex"],"relics":["SacredBark","InkBottle","Nunchaku","Shuriken","Meat on the Bone","Bottled Flame","Tiny House"],"acts_visited":["Exordium","TheCity"],"potions_floor_usage":[7,12,14,18,20,20,24,24],"damage_taken":[{"damage":9,"enemies":"Small Slimes","floor":1,"turns":4},{"damage":6,"enemies":"Cultist","floor":4,"turns":4},{"damage":0,"enemies":"2 Louse","floor":5,"turns":3},{"damage":36,"enemies":"Gremlin Nob","floor":7,"turns":4},{"damage":35,"enemies":"3 Sentries","floor":12,"turns":7},{"damage":12,"enemies":"2 Fungi Beasts","floor":13,"turns":3},{"damage":39,"enemies":"Lagavulin","floor":14,"turns":5},{"damage":59,"enemies":"Slime Boss","floor":16,"turns":11},{"damage":57,"enemies":"3 Byrds","floor":18,"turns":6},{"damage":25,"enemies":"Shell Parasite","floor":20,"turns":6},{"damage":57,"enemies":"Slavers","floor":24,"turns":3}],"seed_played":"-5037854945007108675","potions_obtained":[{"floor":7,"key":"Regen Potion"},{"floor":13,"key":"BloodPotion"},{"floor":14,"key":"SmokeBomb"},{"floor":17,"key":"CultistPotion"},{"floor":19,"key":"Block Potion"},{"floor":19,"key":"GamblersBrew"},{"floor":19,"key":"BlessingOfTheForge"},{"floor":20,"key":"SpeedPotion"}],"is_trial":false,"path_per_floor":["M","?","$","M","M","R","E","R","T","?","?","E","M","E","R","B",null,"M","?","M","?","$","R","E"],"character_chosen":"IRONCLAD","items_purchased":["Regen Potion","Panache","Flex","Strength Potion","Energy Potion","Energy Potion"],"campfire_rested":4,"item_purchase_floors":[3,22,22,22,22,22],"current_hp_per_floor":[71,71,71,65,65,80,53,77,77,77,82,80,68,63,85,38,78,33,33,20,20,20,47,0,0],"gold":73,"neow_bonus":"BOSS_RELIC","is_daily":false,"chose_seed":false,"campfire_upgraded":0,"win_rate":0.0,"timestamp":1613781188,"path_taken":["M","?","$","?","?","R","E","R","T","?","?","E","M","E","R","BOSS","M","?","?","?","$","R","E"],"items_purchased_type":["Potion","Card","Card","Potion","Potion","Potion"],"build_version":"2020-12-22","purchased_purges":0,"victory":false,"max_hp_per_floor":[80,80,80,80,80,80,80,80,80,80,85,85,85,85,85,85,90,90,90,90,90,90,90,90,90],"card_choices":[{"not_picked":["Body Slam","True Grit"],"picked":"Anger","floor":1},{"not_picked":["Carnage","Thunderclap"],"picked":"Flex","floor":4},{"not_picked":["Dark Embrace","Iron Wave"],"picked":"Wild Strike","floor":5},{"not_picked":["Havoc","Iron Wave"],"picked":"Wild Strike","floor":7},{"not_picked":["True Grit","Carnage"],"picked":"Limit Break","floor":12},{"not_picked":["Sentinel","Iron Wave"],"picked":"Evolve","floor":13},{"not_picked":["Twin Strike","Warcry"],"picked":"Pommel Strike","floor":14},{"not_picked":["Exhume","Double Tap"],"picked":"Demon Form","floor":16},{"not_picked":["Burning Pact","Ghostly Armor"],"picked":"Reckless Charge","floor":17},{"not_picked":["Sword Boomerang","Havoc"],"picked":"Metallicize","floor":18},{"not_picked":["Intimidate+1","Headbutt"],"picked":"Rage","floor":20}],"player_experience":346787,"relics_obtained":[{"floor":7,"key":"Nunchaku"},{"floor":9,"key":"Shuriken"},{"floor":12,"key":"Meat on the Bone"},{"floor":14,"key":"Bottled Flame"}],"event_choices":[{"cards_removed":["Anger"],"damage_healed":0,"gold_gain":0,"player_choice":"Gave Card","damage_taken":0,"relics_obtained":["InkBottle"],"max_hp_gain":0,"max_hp_loss":0,"event_name":"WeMeetAgain","floor":2,"gold_loss":0},{"damage_healed":0,"gold_gain":77,"player_choice":"Gained Gold","damage_taken":0,"max_hp_gain":0,"max_hp_loss":0,"event_name":"Golden Wing","floor":10,"gold_loss":0},{"damage_healed":0,"gold_gain":0,"player_choice":"Donut","damage_taken":0,"max_hp_gain":5,"max_hp_loss":0,"event_name":"Big Fish","floor":11,"gold_loss":0},{"damage_healed":0,"gold_gain":0,"player_choice":"Got Potions","damage_taken":0,"max_hp_gain":0,"max_hp_loss":0,"event_name":"Lab","floor":19,"gold_loss":0},{"damage_healed":0,"gold_gain":0,"player_choice":"Ignored","damage_taken":0,"max_hp_gain":0,"max_hp_loss":0,"event_name":"Ghosts","floor":21,"gold_loss":0}],"is_beta":false,"boss_relics":[{"not_picked":["Snecko Eye","Pandora\u0027s Box"],"picked":"Tiny House"}],"items_purged_floors":[],"is_endless":false,"potions_floor_spawned":[7,13,14,20],"killed_by":"Slavers","ascension_level":5}}