{"host":"lz4xqhdipxskteyg","time":1613781497,"event":{"mods":["2.2 Compatiblity","BaseMod","Bestiary","Colored Map","Colored Powertips","Curses Come First","Highlight Path","Keyboard Shortcuts","Minty Spire (QoL Compilation)","Relic Stats","Slay the Relics Exporter","StSLib","SuperFastMode"],"gold_per_floor":[117,392,405,417,436,436,449,476,476,8,8,8,63,79,79,177,177,188,188,200,214,139,139,45,45,45,65,75,175,63,80,80,80,80],"floor_reached":33,"language":"TUR","playtime":4736,"items_purged":["Regret"],"score":239,"play_id":"a7a4cd19-ab7b-4332-8154-d0d65123ab71","local_time":"20210220033817","is_ascension_mode":false,"campfire_choices":[{"data":"Noxious Fumes","floor":6,"key":"SMITH"},{"floor":12,"key":"REST"},{"floor":15,"key":"REST"},{"floor":23,"key":"REST"},{"floor":25,"key":"REST"},{"floor":32,"key":"REST"}],"circlet_count":0,"master_deck":["Strike_G","Strike_G","Strike_G","Strike_G","Defend_G","Defend_G","Defend_G","Defend_G","Defend_G","Survivor","Neutralize","Dagger Spray","Backflip","Prepared","Noxious Fumes+1","Flechettes","Deflect","Blind","Quick Slash","PiercingWail","A Thousand Cuts","Dagger Throw+1","Infinite Blades","Backstab+1","Dramatic Entrance","Deadly Poison","Well Laid Plans+1","Bane","Bandage Up","Outmaneuver","Poisoned Stab"],"relics":["Ring of the Snake","Potion Belt","Pen Nib","Meat on the Bone","Ornamental Fan","Tiny Chest","Sozu","Frozen Egg 2","The Specimen","Paper Crane"],"acts_visited":["Exordium","TheCity"],"potions_floor_usage":[13,16,16,21],"damage_taken":[{"damage":7,"enemies":"Small Slimes","floor":1,"turns":4},{"damage":7,"enemies":"Cultist","floor":3,"turns":5},{"damage":4,"enemies":"Jaw Worm","floor":4,"turns":4},{"damage":7,"enemies":"2 Fungi Beasts","floor":5,"turns":5},{"damage":4,"enemies":"Exordium Thugs","floor":7,"turns":5},{"damage":9,"enemies":"3 Sentries","floor":13,"turns":6},{"damage":10,"enemies":"Exordium Wildlife","floor":14,"turns":4},{"damage":37,"enemies":"Hexaghost","floor":16,"turns":13},{"damage":31,"enemies":"Spheric Guardian","floor":18,"turns":6},{"damage":4,"enemies":"Shell Parasite","floor":20,"turns":5},{"damage":22,"enemies":"Sentry and Sphere","floor":21,"turns":6},{"damage":14,"enemies":"Shelled Parasite and Fungi","floor":27,"turns":6},{"damage":9,"enemies":"Snake Plant","floor":28,"turns":5},{"damage":12,"enemies":"Colosseum Slavers","floor":29,"turns":4},{"damage":18,"enemies":"Colosseum Nobs","floor":29,"turns":4},{"damage":11,"enemies":"Sentry and Sphere","floor":31,"turns":5},{"damage":72,"enemies":"Collector","floor":33,"turns":6}],"seed_played":"3298039507846552484","potions_obtained":[{"floor":1,"key":"SkillPotion"},{"floor":4,"key":"SkillPotion"},{"floor":7,"key":"CunningPotion"},{"floor":14,"key":"Swift Potion"}],"is_trial":false,"path_per_floor":["M","?","M","M","M","R","M","T","T","$","$","R","?","M","R","B",null,"M","?","M","M","?","R","$","R","T","M","M","?","$","M","R","B"],"character_chosen":"THE_SILENT","items_purchased":["Deflect","Blind","Ornamental Fan","Dramatic Entrance","Bandage Up","Outmaneuver"],"campfire_rested":5,"item_purchase_floors":[10,10,10,24,30,30],"current_hp_per_floor":[63,63,56,52,45,45,41,41,41,41,41,62,53,43,64,39,70,39,39,47,37,37,58,58,70,70,56,47,41,41,46,67,0,0],"gold":80,"neow_bonus":"RANDOM_COMMON_RELIC","is_daily":false,"chose_seed":false,"campfire_upgraded":1,"win_rate":0.0,"timestamp":1613781497,"path_taken":["M","?","M","M","?","R","M","?","T","?","$","R","?","M","R","BOSS","M","?","M","M","?","R","$","R","T","M","M","?","$","M","R","BOSS"],"items_purchased_type":["Card","Card","Relic","Card","Card","Card"],"build_version":"2020-12-22","purchased_purges":1,"victory":false,"max_hp_per_floor":[70,70,70,70,70,70,70,70,70,70,70,70,70,70,70,70,70,70,70,70,70,70,70,70,70,70,70,70,70,70,70,70,70,70],"relic_stats":{"Sozu":3,"counters":[17,93],"Ornamental Fan":[108],"Tiny Chest":0,"Pen Nib":[15],"obtain_stats":[{"Potion Belt":0,"Sozu":17,"The Specimen":29,"Ornamental Fan":10,"Tiny Chest":13,"Pen Nib":8,"Frozen Egg 2":26,"Paper Crane":29,"Ring of the Snake":0,"Meat on the Bone":9},{"Potion Belt":0,"Sozu":8,"The Specimen":15,"Ornamental Fan":5,"Tiny Chest":5,"Pen Nib":5,"Frozen Egg 2":11,"Paper Crane":15,"Ring of the Snake":0,"Meat on the Bone":5},{"Potion Belt":0,"Sozu":46,"The Specimen":82,"Ornamental Fan":23,"Tiny Chest":23,"Pen Nib":23,"Frozen Egg 2":63,"Paper Crane":82,"Ring of the Snake":0,"Meat on the Bone":23}],"Ring of the Snake":[34],"Meat on the Bone":72},"card_choices":[{"not_picked":["Calculated Gamble","Tactician"],"picked":"Dagger Spray","floor":1},{"not_picked":["Blade Dance","Dagger Throw"],"picked":"Backflip","floor":3},{"not_picked":["Skewer","Acrobatics"],"picked":"Prepared","floor":4},{"not_picked":["Underhanded Strike","Slice"],"picked":"Noxious Fumes","floor":5},{"not_picked":["Well Laid Plans","Finisher"],"picked":"Flechettes","floor":7},{"not_picked":["Underhanded Strike","Backflip"],"picked":"Quick Slash","floor":13},{"not_picked":["Unload","Predator"],"picked":"PiercingWail","floor":14},{"not_picked":["Wraith Form v2","Tools of the Trade"],"picked":"A Thousand Cuts","floor":16},{"not_picked":["Slice","PiercingWail"],"picked":"Dagger Throw+1","floor":18},{"not_picked":["Dagger Throw+1","Expertise+1"],"picked":"Infinite Blades","floor":20},{"not_picked":["Blur","PiercingWail"],"picked":"Backstab+1","floor":21},{"not_picked":["Slice+1","Blade Dance"],"picked":"Deadly Poison","floor":27},{"not_picked":["Acrobatics","Sucker Punch"],"picked":"Well Laid Plans+1","floor":28},{"not_picked":["All Out Attack","Terror"],"picked":"Bane","floor":29},{"not_picked":["Burst","Backflip"],"picked":"Poisoned Stab","floor":31}],"player_experience":41044,"relics_obtained":[{"floor":8,"key":"Pen Nib"},{"floor":9,"key":"Meat on the Bone"},{"floor":26,"key":"Frozen Egg 2"},{"floor":29,"key":"The Specimen"},{"floor":29,"key":"Paper Crane"}],"event_choices":[{"damage_healed":0,"gold_gain":275,"player_choice":"Desecrate","damage_taken":0,"max_hp_gain":0,"max_hp_loss":0,"event_name":"Golden Shrine","floor":2,"gold_loss":0,"cards_obtained":["Regret"]},{"damage_healed":0,"gold_gain":30,"player_choice":"Searched \u00273\u0027 times","damage_taken":0,"relics_obtained":["Tiny Chest"],"max_hp_gain":0,"max_hp_loss":0,"event_name":"Dead Adventurer","floor":13,"gold_loss":0},{"damage_healed":0,"gold_gain":0,"player_choice":"Ignored","damage_taken":0,"max_hp_gain":0,"max_hp_loss":0,"event_name":"Vampires","floor":19,"gold_loss":0},{"cards_removed":["Strike_G"],"damage_healed":0,"gold_gain":0,"player_choice":"Gave Gold","damage_taken":0,"max_hp_gain":0,"max_hp_loss":0,"event_name":"Beggar","floor":22,"gold_loss":75},{"damage_healed":0,"gold_gain":0,"player_choice":"Fight","damage_taken":0,"max_hp_gain":0,"max_hp_loss":0,"event_name":"Colosseum","floor":29,"gold_loss":0},{"damage_healed":0,"gold_gain":0,"player_choice":"Fought Nobs","damage_taken":0,"max_hp_gain":0,"max_hp_loss":0,"event_name":"Colosseum","floor":29,"gold_loss":0}],"is_beta":false,"boss_relics":[{"not_picked":["SlaversCollar","Cursed Key"],"picked":"Sozu"}],"items_purged_floors":[10],"is_endless":false,"potions_floor_spawned":[1,4,7,14,21,28,29,31],"killed_by":"Collector","ascension_level":0}}