{"host":"soyfmymeou4emntr","time":1613806257,"event":{"mods":["BaseMod","Minty Spire (QoL Compilation)","Permanent Neow","Relic Sorter","Relic Stats","StSLib"],"gold_per_floor":[111,130,130,130,130,130,130],"floor_reached":6,"language":"ENG","playtime":290,"items_purged":[],"score":68,"play_id":"28b7f3b1-595f-4918-873c-2c905c2b3633","local_time":"20210220003057","is_ascension_mode":true,"campfire_choices":[],"circlet_count":0,"master_deck":["AscendersBane","Strike_G","Strike_G","Strike_G","Strike_G","Defend_G","Defend_G","Defend_G","Defend_G","Defend_G","Survivor","Neutralize","Prepared","Quick Slash","Leg Sweep"],"relics":["Ring of the Snake","CaptainsWheel"],"acts_visited":["Exordium"],"potions_floor_usage":[6],"damage_taken":[{"damage":3.0,"enemies":"Small Slimes","floor":1.0,"turns":7.0},{"damage":4,"enemies":"2 Louse","floor":2,"turns":4},{"damage":63,"enemies":"Gremlin Nob","floor":6,"turns":7}],"seed_played":"822536251572316542","potions_obtained":[{"floor":2,"key":"Swift Potion"}],"is_trial":false,"path_per_floor":["M","M","?","?","?","E"],"character_chosen":"THE_SILENT","items_purchased":[],"campfire_rested":0,"item_purchase_floors":[],"current_hp_per_floor":[56,52,34,56,56,0,0],"gold":130,"neow_bonus":"TRANSFORM_CARD","is_daily":false,"chose_seed":false,"campfire_upgraded":0,"win_rate":0.0,"timestamp":1613806257,"path_taken":["M","M","?","?","?","E"],"items_purchased_type":[],"build_version":"2020-12-22","purchased_purges":0,"victory":false,"max_hp_per_floor":[66,66,66,66,66,66,66],"relic_stats":{"counters":[3,18],"obtain_stats":[{"CaptainsWheel":3,"Ring of the Snake":0},{"CaptainsWheel":2,"Ring of the Snake":0},{"CaptainsWheel":11,"Ring of the Snake":0}],"Ring of the Snake":[6]},"card_choices":[{"not_picked":["Sucker Punch","Acrobatics"],"picked":"Quick Slash","floor":1.0},{"not_picked":["Tactician","Backstab"],"picked":"Leg Sweep","floor":2}],"player_experience":3422661,"relics_obtained":[],"event_choices":[{"damage_healed":0,"gold_gain":0,"player_choice":"Success","damage_taken":18,"relics_obtained":["CaptainsWheel"],"max_hp_gain":0,"max_hp_loss":0,"event_name":"Scrap Ooze","floor":3,"gold_loss":0},{"damage_healed":22,"gold_gain":0,"player_choice":"Banana","damage_taken":0,"max_hp_gain":0,"max_hp_loss":0,"event_name":"Big Fish","floor":4,"gold_loss":0},{"damage_healed":0,"gold_gain":0,"player_choice":"Ignored","damage_taken":0,"max_hp_gain":0,"max_hp_loss":0,"event_name":"Liars Game","floor":5,"gold_loss":0}],"is_beta":false,"boss_relics":[],"items_purged_floors":[],"is_endless":false,"potions_floor_spawned":[2],"killed_by":"Gremlin Nob","ascension_level":20}}