{"host":"qwv9nni2x0umspiu","time":1613813317,"event":{"mods":["BaseMod","Downfall","Minty Spire (QoL Compilation)","Replay The Spire","StSLib","The Hierophant","Wandering Minibosses"],"gold_per_floor":[112,112,37,50,100,135,135,143,212,205,222,240,240,273,273,346,346,358,358,163,78,89,89,116,116,142,192,207,207,25,60,60,212,212,307,404,404,539,50,50,150,240,240,368,64,169,241,331,331,311,301,301,301,13,117,97],"floor_reached":57,"language":"ENG","playtime":2169,"items_purged":["hierophant:Defend_Hierophant","hierophant:Strike_Hierophant","hierophant:Defend_Hierophant","hierophant:Defend_Hierophant","hierophant:Defend_Hierophant","hierophant:Strike_Hierophant+1"],"score":3145,"play_id":"ba63b9e3-f168-462a-a6b0-745718a8468e","local_time":"20210220012837","is_ascension_mode":true,"campfire_choices":[{"data":"hierophant:Punish","floor":7.0,"key":"SMITH"},{"data":"hierophant:ChurchCoffers","floor":13.0,"key":"SMITH"},{"data":"hierophant:Upheaval","floor":15.0,"key":"SMITH"},{"data":"hierophant:HammerAndAnvil","floor":23.0,"key":"SMITH"},{"data":"hierophant:HammerAndAnvil","floor":25.0,"key":"SMITH"},{"data":"hierophant:Alms","floor":29.0,"key":"SMITH"},{"data":"hierophant:BulkyChest","floor":32.0,"key":"SMITH"},{"floor":49,"key":"RECALL"},{"data":"hierophant:Community","floor":53,"key":"SMITH"}],"circlet_count":0,"master_deck":["AscendersBane","hierophant:Strike_Hierophant+1","hierophant:Punish+1","hierophant:ChurchCoffers+1","hierophant:Glossolalia+1","hierophant:Smite","hierophant:Upheaval+1","hierophant:Alms+1","hierophant:HammerAndAnvil+1","hierophant:Zeal","hierophant:SealAway","hierophant:HammerAndAnvil+1","hierophant:ArchangelShield","hierophant:Shelter","hierophant:Racketeering","hierophant:BulkyChest+1","Apotheosis","hierophant:Encroach+1","hierophant:Community+1"],"relics":["hierophant:PropheticMaskRelic","NeowsBlessing","Whetstone","The Courier","wanderingMiniBosses:OtherGremlinHorn","wanderingMiniBosses:OtherGremlinHorn","Matryoshka","ReplayTheSpireMod:DimensionalGlitch","Letter Opener","Thread and Needle","Dream Catcher","Bag of Preparation","Tiny Chest","Replay:Bronze Core","CaptainsWheel","Orrery","Replay:Towering Pillar of Hats","Orichalcum","Molten Egg 2","MealTicket","ClockworkSouvenir","Darkstone Periapt","HandDrill","Simple Rune"],"acts_visited":["Exordium","TheCity","TheBeyond","TheEnding"],"potions_floor_usage":[38,44,56,56],"damage_taken":[{"damage":0.0,"enemies":"Small Slimes","floor":1.0,"turns":1.0},{"damage":0.0,"enemies":"2 Louse","floor":4.0,"turns":1.0},{"damage":0.0,"enemies":"3 Sentries","floor":6.0,"turns":1.0},{"damage":0.0,"enemies":"Cultist","floor":8.0,"turns":2.0},{"damage":19.0,"enemies":"Large Slime","floor":10.0,"turns":5.0},{"damage":19.0,"enemies":"Exordium Wildlife","floor":11.0,"turns":3.0},{"damage":0.0,"enemies":"3 Louse","floor":12.0,"turns":2.0},{"damage":0.0,"enemies":"Lagavulin","floor":14.0,"turns":2.0},{"damage":2.0,"enemies":"Hexaghost","floor":16.0,"turns":3.0},{"damage":0.0,"enemies":"Spheric Guardian","floor":18.0,"turns":1.0},{"damage":0.0,"enemies":"Shell Parasite","floor":22.0,"turns":1.0},{"damage":0.0,"enemies":"Replay:Snechameleon","floor":24.0,"turns":1.0},{"damage":0.0,"enemies":"Cultist and Chosen","floor":28.0,"turns":2.0},{"damage":0.0,"enemies":"Slavers","floor":31.0,"turns":2.0},{"damage":0.0,"enemies":"Pondfish","floor":33.0,"turns":3.0},{"damage":0.0,"enemies":"Orb Walker","floor":35.0,"turns":1.0},{"damage":0.0,"enemies":"3 Darklings","floor":36.0,"turns":1.0},{"damage":7,"enemies":"2 Orb Walkers","floor":38,"turns":2},{"damage":0,"enemies":"Spire Growth","floor":41,"turns":1},{"damage":26,"enemies":"4 Shapes","floor":42,"turns":3},{"damage":0,"enemies":"R_Hoarder","floor":44,"turns":2},{"damage":5,"enemies":"Reptomancer","floor":46,"turns":2},{"damage":0,"enemies":"Transient","floor":47,"turns":2},{"damage":0,"enemies":"Jaw Worm Horde","floor":48,"turns":1},{"damage":0,"enemies":"Awakened One","floor":50,"turns":3},{"damage":0,"enemies":"Replay:Hell Engine","floor":51,"turns":2},{"damage":0,"enemies":"Shield and Spear","floor":55,"turns":2},{"damage":12,"enemies":"The Heart","floor":56,"turns":5}],"seed_played":"3991144729692980090","potions_obtained":[{"floor":4.0,"key":"PowerPotion"},{"floor":6.0,"key":"SteroidPotion"},{"floor":12.0,"key":"Ancient Potion"},{"floor":22.0,"key":"Block Potion"},{"floor":31.0,"key":"Regen Potion"},{"floor":36.0,"key":"Fire Potion"},{"floor":42,"key":"Energy Potion"},{"floor":46,"key":"Weak Potion"},{"floor":48,"key":"ColorlessPotion"}],"is_trial":false,"path_per_floor":["M","?","$","M","?","E","R","M","T","M","M","M","R","E","R","B",null,"M","?","$","?","M","R","E","R","T","?","M","R","$","E","R","B",null,"M","M","?","?","$","T","M","M","T","E","$","E","M","M","R","B","B",null,"R","$","E","B",null],"character_chosen":"HIEROPHANT","items_purchased":["hierophant:HammerAndAnvil","hierophant:ArchangelShield","hierophant:Shelter","hierophant:Racketeering","Orrery","Replay:Towering Pillar of Hats","hierophant:Community","ClockworkSouvenir","HandDrill"],"campfire_rested":0,"item_purchase_floors":[20,20,30,30,39,39,45,45,54],"current_hp_per_floor":[68,68,68,68,68,68,68,68,68,49,30,30,30,30,30,28,63,63,63,63,63,63,63,63,63,63,63,63,63,63,63,63,63,72,72,72,72,65,65,65,65,39,39,39,54,49,49,49,49,49,49,69,69,75,75,63],"gold":97,"neow_bonus":"THREE_ENEMY_KILL","is_daily":false,"chose_seed":false,"campfire_upgraded":8,"win_rate":0.0,"timestamp":1613813317,"path_taken":["M","?","$","M","?","E","R","M","T","M","M","?","R","E","R","BOSS","M","?","$","?","M","R","E","R","T","?","M","R","$","E","R","BOSS","M","?","?","?","$","?","M","M","T","E","$","E","M","M","R","BOSS","BOSS","R","$","E","BOSS"],"items_purchased_type":["Card","Card","Card","Card","Relic","Relic","Card","Relic","Relic"],"build_version":"2020-12-22","purchased_purges":6,"victory":true,"max_hp_per_floor":[75,75,75,75,75,75,75,75,75,75,75,75,75,75,75,75,75,75,75,75,75,75,75,75,75,75,75,75,75,75,75,75,75,75,75,75,75,75,75,75,75,75,75,75,75,75,75,75,75,75,75,75,75,75,75,75],"card_choices":[{"not_picked":["hierophant:OrnateBuckler","hierophant:AuricBeam","hierophant:Doubloon"],"picked":"SKIP","floor":1.0},{"not_picked":["hierophant:MirrorShield","hierophant:TollTheBells"],"picked":"hierophant:Smite","floor":4.0},{"not_picked":["hierophant:Cornucopia","hierophant:HammerAndAnvil"],"picked":"hierophant:Upheaval","floor":6.0},{"not_picked":["hierophant:Patience","hierophant:FlamingChariot"],"picked":"hierophant:Alms","floor":8.0},{"not_picked":["hierophant:DisplayOfPower","hierophant:Doubloon"],"picked":"hierophant:HammerAndAnvil","floor":10.0},{"not_picked":["hierophant:EyeForCoin","hierophant:RustyCrate"],"picked":"hierophant:Zeal","floor":11.0},{"not_picked":["hierophant:MorningPrayer","hierophant:ThreeLashes","hierophant:SolarFlare"],"picked":"SKIP","floor":12.0},{"not_picked":["hierophant:AuricShield","hierophant:Anathema"],"picked":"hierophant:SealAway","floor":14.0},{"not_picked":["hierophant:Sermon","hierophant:DisplayOfPower","hierophant:Blessing"],"picked":"SKIP","floor":18.0},{"not_picked":["hierophant:MirrorShield","hierophant:ThreeLashes","hierophant:Sermon"],"picked":"SKIP","floor":22.0},{"not_picked":["hierophant:Dazzle","hierophant:SealAway","hierophant:RepressedViolence"],"picked":"SKIP","floor":24.0},{"not_picked":["hierophant:EyeForCoin","hierophant:Martyrdom","hierophant:FieryStrike"],"picked":"SKIP","floor":28.0},{"not_picked":["hierophant:Remorse","hierophant:Embezzle"],"picked":"hierophant:BulkyChest","floor":31.0},{"not_picked":["hierophant:PristineSoul+1","hierophant:RustyCrate","hierophant:PassingBell"],"picked":"SKIP","floor":35.0},{"not_picked":["hierophant:Embezzle+1","hierophant:SecretStash","hierophant:HolyVerse"],"picked":"SKIP","floor":36.0},{"not_picked":["Purity","Poisoned Strike"],"picked":"Apotheosis","floor":37.0},{"not_picked":["hierophant:Remorse","hierophant:Charity"],"picked":"hierophant:Encroach+1","floor":39},{"not_picked":["hierophant:Charity","hierophant:HolyVerse","hierophant:RustyCrate"],"picked":"SKIP","floor":41},{"not_picked":["hierophant:Zeal+1","hierophant:Smite+1","hierophant:PristineSoul+1"],"picked":"SKIP","floor":42},{"not_picked":["hierophant:Invocation","hierophant:ThreeLashes+1","hierophant:Mercenaries+1"],"picked":"SKIP","floor":44},{"not_picked":["hierophant:WrathOfGod+1","hierophant:Zeal+1","hierophant:SolarFlare+1"],"picked":"SKIP","floor":46},{"not_picked":["hierophant:Purify+1","hierophant:Flagellation","hierophant:PassingBell+1"],"picked":"SKIP","floor":47},{"not_picked":["hierophant:FaithHealing","hierophant:OrnateBuckler","hierophant:FieryStrike+1"],"picked":"SKIP","floor":48},{"not_picked":["hierophant:Repentance","hierophant:RustyCrate","hierophant:FieryStrike+1"],"picked":"SKIP","floor":55}],"player_experience":1374310,"relics_obtained":[{"floor":6.0,"key":"Whetstone"},{"floor":9.0,"key":"The Courier"},{"floor":10.0,"key":"wanderingMiniBosses:OtherGremlinHorn"},{"floor":11.0,"key":"wanderingMiniBosses:OtherGremlinHorn"},{"floor":14.0,"key":"Matryoshka"},{"floor":24.0,"key":"Thread and Needle"},{"floor":26.0,"key":"Dream Catcher"},{"floor":26.0,"key":"Bag of Preparation"},{"floor":31.0,"key":"Tiny Chest"},{"floor":38,"key":"CaptainsWheel"},{"floor":40,"key":"Orichalcum"},{"floor":40,"key":"Molten Egg 2"},{"floor":44,"key":"MealTicket"},{"floor":46,"key":"Darkstone Periapt"},{"floor":55,"key":"Simple Rune"}],"event_choices":[{"damage_healed":0.0,"max_hp_gain":0.0,"max_hp_loss":0.0,"gold_gain":50.0,"event_name":"Golden Shrine","player_choice":"Pray","floor":5.0,"gold_loss":0.0,"damage_taken":0.0},{"damage_healed":0.0,"max_hp_gain":0.0,"max_hp_loss":0.0,"gold_gain":0.0,"event_name":"Vampires","player_choice":"Ignored","floor":19.0,"gold_loss":0.0,"damage_taken":0.0},{"damage_healed":0.0,"max_hp_gain":0.0,"max_hp_loss":0.0,"gold_gain":0.0,"event_name":"Addict","player_choice":"Obtained Relic","floor":21.0,"gold_loss":85.0,"damage_taken":0.0,"relics_obtained":["Letter Opener"]},{"damage_healed":0.0,"max_hp_gain":0.0,"max_hp_loss":0.0,"gold_gain":50.0,"event_name":"Golden Shrine","player_choice":"Pray","floor":27.0,"gold_loss":0.0,"damage_taken":0.0},{"damage_healed":0.0,"max_hp_gain":0.0,"max_hp_loss":0.0,"gold_gain":0.0,"event_name":"SensoryStone","player_choice":"Memory 1","floor":37.0,"gold_loss":0.0,"damage_taken":0.0},{"damage_healed":0,"gold_gain":0,"player_choice":"Fight","damage_taken":0,"max_hp_gain":0,"max_hp_loss":0,"event_name":"Mysterious Sphere","floor":38,"gold_loss":0}],"is_beta":false,"boss_relics":[{"not_picked":["Replay:Wanted Poster","Fusion Hammer"],"picked":"ReplayTheSpireMod:DimensionalGlitch"},{"not_picked":["Calling Bell","Kintsugi"],"picked":"Replay:Bronze Core"}],"items_purged_floors":[3,20,30,39,45,54],"is_endless":false,"potions_floor_spawned":[4,6,8,12,22,31,33,36,42,46,47,48],"ascension_level":20}}