{"host":"a9runo4qrri25m5u","time":1613805604,"event":{"mods":["Act Like it!","Aspiration","Bard","BaseMod","Conspire","Friendly Minions","Gensokyo","Hunter 猎人","KinomotoSakuraMod(木之本樱)","Kiyohime（清姬）","LagranYue(拉格朗・月)","Minty Spire (QoL Compilation)","Quick Restart","Remilia（蕾米莉亚）","StSLib","The Cursed","The Hierophant","The Mystic","The Poker Player","The Senshi","The Servant 0.9.4","Youmu（魂魄妖梦）","Yuri Mod"],"gold_per_floor":[119,119,119,46,64,64,78,78,78,91,66,96,127,140,140,238,238,252,252,252,99,115,115,115],"floor_reached":23,"language":"ZHS","playtime":1246,"items_purged":[],"score":214,"play_id":"e4a0b30d-3cda-4190-9bf0-e7ed8c4ef26b","local_time":"20210220152003","is_ascension_mode":false,"campfire_choices":[{"data":"CutThroughFate","floor":6.0,"key":"SMITH"},{"floor":15.0,"key":"REST"}],"circlet_count":0,"master_deck":["Strike_P","Strike_P","Strike_P","Defend_P","Defend_P","Defend_P","Defend_P","Eruption+1","Vigilance","Consecrate+1","Halt","CutThroughFate+1","FlurryOfBlows","Evaluate","WindmillStrike","Worship","JustLucky","FlyingSleeves","SashWhip","DevaForm","FollowUp","Ghostly","Ghostly","Ghostly","Ghostly","Ghostly","WheelKick+1"],"relics":["PureWater","NeowsBlessing","Shovel","Bottled Flame","Runic Pyramid","Bronze Scales","MealTicket"],"acts_visited":[],"potions_floor_usage":[],"damage_taken":[{"damage":1.0,"enemies":"2 Louse","floor":1.0,"turns":2.0},{"damage":0.0,"enemies":"Jaw Worm","floor":5.0,"turns":1.0},{"damage":0.0,"enemies":"Cultist","floor":7.0,"turns":1.0},{"damage":3.0,"enemies":"Blue Slaver","floor":10.0,"turns":2.0},{"damage":37.0,"enemies":"Gremlin Nob","floor":13.0,"turns":4.0},{"damage":7.0,"enemies":"Exordium Thugs","floor":14.0,"turns":4.0},{"damage":42.0,"enemies":"The Guardian","floor":16.0,"turns":7.0},{"damage":15.0,"enemies":"3 Byrds","floor":18.0,"turns":5.0},{"damage":6,"enemies":"Chosen","floor":22,"turns":5},{"damage":48,"enemies":"Gremlin Leader","floor":23,"turns":4}],"seed_played":"-6802682729374391641","potions_obtained":[{"floor":13.0,"key":"EssenceOfSteel"},{"floor":14.0,"key":"Swift Potion"},{"floor":16.0,"key":"DuplicationPotion"},{"floor":18,"key":"FairyPotion"}],"is_trial":false,"path_per_floor":["M","?","?","$","M","R","M","?","T","M","$","?","E","M","R","B",null,"M","?","?","$","M","E"],"character_chosen":"WATCHER","items_purchased":["Halt","CutThroughFate","JustLucky","MealTicket"],"campfire_rested":1,"item_purchase_floors":[4,4,11,21],"current_hp_per_floor":[71,71,71,71,71,71,71,71,71,68,68,68,31,24,45,3,72,57,57,36,36,30,0,0],"gold":115,"neow_bonus":"THREE_ENEMY_KILL","is_daily":false,"chose_seed":false,"campfire_upgraded":1,"win_rate":0.0,"timestamp":1613805603,"path_taken":["M","?","?","$","?","R","M","?","T","M","?","?","E","M","R","BOSS","M","?","?","?","?","E"],"items_purchased_type":["Card","Card","Card","Relic"],"build_version":"2020-12-22","purchased_purges":0,"victory":false,"max_hp_per_floor":[72,72,72,72,72,72,72,72,72,72,72,72,72,72,72,72,72,72,72,36,36,36,36,36],"card_choices":[{"not_picked":["ReachHeaven","Crescendo"],"picked":"Consecrate","floor":1.0},{"not_picked":["ClearTheMind","ThirdEye"],"picked":"FlurryOfBlows","floor":5.0},{"not_picked":["ThirdEye","TalkToTheHand"],"picked":"Evaluate","floor":7.0},{"not_picked":["Halt","Protect"],"picked":"Worship","floor":10.0},{"not_picked":["EmptyFist","Tantrum"],"picked":"FlyingSleeves","floor":13.0},{"not_picked":["WaveOfTheHand","Omniscience"],"picked":"SashWhip","floor":14.0},{"not_picked":["Omniscience","Establishment"],"picked":"DevaForm","floor":16.0},{"not_picked":["Indignation","WaveOfTheHand"],"picked":"FollowUp","floor":18},{"not_picked":["WreathOfFlame","Conclude"],"picked":"WheelKick+1","floor":22}],"player_experience":119521,"relics_obtained":[{"floor":9.0,"key":"Shovel"},{"floor":13.0,"key":"Bottled Flame"}],"event_choices":[{"damage_healed":0.0,"max_hp_gain":0.0,"max_hp_loss":0.0,"gold_gain":0.0,"event_name":"Living Wall","player_choice":"Grow","floor":2.0,"gold_loss":0.0,"damage_taken":0.0,"cards_upgraded":["Consecrate"]},{"damage_healed":0.0,"max_hp_gain":0.0,"max_hp_loss":0.0,"gold_gain":0.0,"event_name":"Upgrade Shrine","player_choice":"Upgraded","floor":3.0,"gold_loss":0.0,"damage_taken":0.0,"cards_upgraded":["Eruption"]},{"damage_healed":0.0,"max_hp_gain":0.0,"max_hp_loss":0.0,"gold_gain":0.0,"cards_transformed":["Strike_P"],"event_name":"Transmorgrifier","player_choice":"Transformed","floor":8.0,"gold_loss":0.0,"damage_taken":0.0,"cards_obtained":["WindmillStrike"]},{"damage_healed":0.0,"max_hp_gain":0.0,"max_hp_loss":0.0,"gold_gain":30.0,"event_name":"Dead Adventurer","player_choice":"Searched \u00271\u0027 times","floor":12.0,"gold_loss":0.0,"damage_taken":0.0},{"damage_healed":0,"gold_gain":0,"player_choice":"Opened","damage_taken":0,"relics_obtained":["Bronze Scales"],"max_hp_gain":0,"max_hp_loss":0,"event_name":"The Mausoleum","floor":19,"gold_loss":0},{"damage_healed":0,"gold_gain":0,"player_choice":"Became a Ghost","damage_taken":0,"max_hp_gain":0,"max_hp_loss":36,"event_name":"Ghosts","floor":20,"gold_loss":0,"cards_obtained":["Ghostly","Ghostly","Ghostly","Ghostly","Ghostly"]}],"is_beta":false,"boss_relics":[{"not_picked":["Ectoplasm","Fusion Hammer"],"picked":"Runic Pyramid"}],"items_purged_floors":[],"is_endless":false,"potions_floor_spawned":[13,14,16,18],"killed_by":"Gremlin Leader","ascension_level":0}}