{"host":"h5acbxt0wmjo1kpm","time":1613812374,"event":{"mods":["2.2 Compatiblity","Act Like it!","AlwaysNeverKeys","Aspiration","Bard","Bartender","BaseMod","Better Third Choice","Colored Map","Elementarium","Gensokyo","GifTheSpireLib","Hallownest","Marisa????????","Menagerie","Minty Spire (QoL Compilation)","Permanent Neow","Potionbrewer","Quick Restart","Relic Filter","Reliquary","Robot Space Explorer","Ruina","RumiaBox-????????","Shade Mod","Spicy Shops","StSLib","Strawberry Spire","The Blackbeard","The Dragon Tamer","The Gatherer","The Hayseed","The Problem Sleuth","The Servant 0.9.4","Wandering Minibosses","Wide Potions"],"gold_per_floor":[18,37,37,50,62,62,79,113,113,113,131,131,165,192,192,265,265,279,279,55,65,65,65,96,96,96,143,162,185,234,266,266,358,358,388,404,153,193,221,221,256,301,301,301,301,328,369,401,401,416,416,416,56,105,120],"floor_reached":56,"language":"ENG","playtime":5406,"items_purged":["Parasite"],"score":2304,"play_id":"0d6ca9cb-5ee3-460e-a890-3d6a3a660b15","local_time":"20210220011254","is_ascension_mode":true,"campfire_choices":[{"data":"TheSimpletonMod:Swelter","floor":6.0,"key":"SMITH"},{"data":"TheSimpletonMod:ReapAndSow","floor":10.0,"key":"SMITH"},{"data":"TheSimpletonMod:CrackOfDawn","floor":12.0,"key":"SMITH"},{"data":"TheSimpletonMod:ResearchGrant","floor":15.0,"key":"SMITH"},{"data":"Ghostly","floor":23.0,"key":"SMITH"},{"data":"Ghostly","floor":25.0,"key":"SMITH"},{"data":"TheSimpletonMod:VolatileFumes","floor":32.0,"key":"SMITH"},{"data":"TheSimpletonMod:CrackOfDawn","floor":40.0,"key":"SMITH"},{"floor":44,"key":"RECALL"},{"floor":49,"key":"DIG"},{"floor":52,"key":"DIG"}],"circlet_count":0,"master_deck":["AscendersBane","TheSimpletonMod:Defend_TheSimpleton","TheSimpletonMod:Defend_TheSimpleton","TheSimpletonMod:Defend_TheSimpleton","TheSimpletonMod:Haymaker","TheSimpletonMod:ReapAndSow+1","TheSimpletonMod:LandGrant","TheSimpletonMod:CrackOfDawn+1","TheSimpletonMod:CloseScrape","TheSimpletonMod:ControlledBurn","Endless Agony","strawberrySpire:DreamfoilDart","Deflect","TheSimpletonMod:ResearchGrant+1","TheSimpletonMod:Swelter+1","TheSimpletonMod:Coffee","TheSimpletonMod:Pruning+1","TheSimpletonMod:Fertilaser","TheSimpletonMod:Coffee","TheSimpletonMod:FanTheFlames","wanderingMiniBosses:FinaleOfPromise","TheSimpletonMod:Fertilaser+1","Ghostly+1","Ghostly","Ghostly+1","TheSimpletonMod:VolatileFumes+1","TheSimpletonMod:Potatoes","TheSimpletonMod:SpiceUp+1","TheSimpletonMod:CrackOfDawn+1","TheSimpletonMod:Sunchoke+1","TheSimpletonMod:Swelter+1","Ghostly+1","TheSimpletonMod:HitTheSack","Sadistic Nature","TheSimpletonMod:ToughenUp","TheSimpletonMod:SaladShooter"],"relics":["TheSimpletonMod:SpudOfTheInnocent","TheSimpletonMod:NightSoil","TheSimpletonMod:TheHarvester","TheSimpletonMod:Honeycomb","SSSystem","aspiration:RunicSpoon","Membership Card","Anchor","White Beast Statue","TheSimpletonMod:CashCrop","Meat on the Bone","Centennial Puzzle","reliquary:WritOfMandamus","Chemical X","Ice Cream","Shovel","strawberrySpire:ThornyGelberry","strawberrySpire:Treaders","potionbrewer:MortarAndPestle","reliquary:QuartzCube","ZombieArmy","Blood Vial","Frozen Eye","aspiration:SneckoTail"],"acts_visited":["Menagerie:Menagerie","TheCity","TheBeyond","TheEnding"],"potions_floor_usage":[],"damage_taken":[{"damage":5.0,"enemies":"Menagerie:2_RABBITS","floor":1.0,"turns":5.0},{"damage":3.0,"enemies":"Menagerie:WhisperingWraith","floor":2.0,"turns":4.0},{"damage":5.0,"enemies":"Menagerie:StygianBoar","floor":4.0,"turns":3.0},{"damage":9.0,"enemies":"Menagerie:MeltingSalamander","floor":5.0,"turns":9.0},{"damage":6.0,"enemies":"Menagerie:MENAGERIE_WILDLIFE","floor":7.0,"turns":3.0},{"damage":0.0,"enemies":"Menagerie:MaskedSummoner","floor":8.0,"turns":6.0},{"damage":8.0,"enemies":"Menagerie:BEAST_MAGE_AND_PROWLING_AMALGAM","floor":11.0,"turns":4.0},{"damage":10.0,"enemies":"Menagerie:VoidReaper","floor":13.0,"turns":6.0},{"damage":20.0,"enemies":"Menagerie:MOSSY_WILDLIFE","floor":14.0,"turns":6.0},{"damage":30.0,"enemies":"Menagerie:Suneater","floor":16.0,"turns":8.0},{"damage":11.0,"enemies":"Spheric Guardian","floor":18.0,"turns":4.0},{"damage":0.0,"enemies":"2 Thieves","floor":21.0,"turns":3.0},{"damage":0.0,"enemies":"Gremlin Leader","floor":24.0,"turns":1.0},{"damage":1.0,"enemies":"strawberrySpire:AncientClocktower","floor":27.0,"turns":6.0},{"damage":0.0,"enemies":"Snake Plant","floor":28.0,"turns":3.0},{"damage":0.0,"enemies":"Sentry and Sphere","floor":29.0,"turns":3.0},{"damage":2.0,"enemies":"Slavers","floor":30.0,"turns":4.0},{"damage":2.0,"enemies":"Cultist and Chosen","floor":31.0,"turns":5.0},{"damage":5.0,"enemies":"Collector","floor":33.0,"turns":5.0},{"damage":2.0,"enemies":"3 Darklings","floor":35.0,"turns":4.0},{"damage":0.0,"enemies":"Orb Walker","floor":36.0,"turns":2.0},{"damage":1.0,"enemies":"Mind Bloom Boss Battle","floor":38.0,"turns":5.0},{"damage":2.0,"enemies":"Sphere and 2 Shapes","floor":39.0,"turns":5.0},{"damage":1.0,"enemies":"Maw","floor":41.0,"turns":5.0},{"damage":0,"enemies":"Reptomancer","floor":42,"turns":4},{"damage":1,"enemies":"Transient","floor":46,"turns":6},{"damage":1,"enemies":"Giant Head","floor":47,"turns":3},{"damage":2,"enemies":"Writhing Mass","floor":48,"turns":4},{"damage":7,"enemies":"Awakened One","floor":50,"turns":8},{"damage":5,"enemies":"Shield and Spear","floor":54,"turns":4},{"damage":35,"enemies":"The Heart","floor":55,"turns":6}],"seed_played":"-7762365912848732858","potions_obtained":[{"floor":2.0,"key":"LiquidBronze"},{"floor":4.0,"key":"potionbrewer:FreezingPotion"},{"floor":5.0,"key":"Energy Potion"},{"floor":14.0,"key":"Strength Potion"},{"floor":27.0,"key":"potionbrewer:NoxiousPotion"},{"floor":30.0,"key":"potionbrewer:BlacksmithPotion"},{"floor":31.0,"key":"potionbrewer:ToxicPotion"},{"floor":33.0,"key":"potionbrewer:FreezingPotion"},{"floor":42,"key":"potionbrewer:QuicksilverPotion"},{"floor":46,"key":"Explosive Potion"},{"floor":48,"key":"potionbrewer:BoundlessPotion"},{"floor":54,"key":"SmokeBomb"}],"is_trial":false,"path_per_floor":["M","M","?","M","M","R","M","E","T","R","M","R","E","?","R","B",null,"M","?","$","M","?","R","E","R","T","E","M","M","E","M","R","B",null,"M","M","$","?","M","R","M","E","T","R","?","M","E","M","R","B",null,"R","$","E","B",null],"character_chosen":"THE_SIMPLETON","items_purchased":["Membership Card","TheSimpletonMod:VolatileFumes","Chemical X","Ice Cream","Sadistic Nature","TheSimpletonMod:ToughenUp","ZombieArmy","Blood Vial","Frozen Eye"],"campfire_rested":0,"item_purchase_floors":[20,20,37,37,53,53,53,53,53],"current_hp_per_floor":[59,60,60,59,54,54,52,56,56,56,52,52,46,30,30,4,54,47,35,32,32,29,29,29,29,29,28,32,32,30,30,30,25,30,32,32,32,32,31,31,31,31,31,31,19,22,21,23,23,20,29,29,32,27,19],"gold":120,"neow_bonus":"TRANSFORM_TWO_CARDS","is_daily":false,"chose_seed":false,"campfire_upgraded":8,"win_rate":0.0,"timestamp":1613812374,"path_taken":["M","M","?","M","M","R","M","E","T","R","?","R","E","?","R","BOSS","M","?","$","M","?","R","E","R","T","E","M","M","E","M","R","BOSS","M","M","$","?","M","R","M","E","T","R","?","M","E","M","R","BOSS","R","$","E","BOSS"],"items_purchased_type":["Relic","Card","Relic","Relic","Card","Card","Relic","Relic","Relic"],"build_version":"2020-12-22","purchased_purges":1,"victory":true,"max_hp_per_floor":[71,71,71,71,71,71,71,71,71,71,71,71,71,71,71,71,71,71,35,32,32,32,32,32,32,32,32,32,32,32,32,32,32,32,32,32,32,32,32,32,32,32,32,32,32,32,32,32,32,32,32,32,32,32,32],"card_choices":[{"not_picked":["TheSimpletonMod:Ferment","TheSimpletonMod:PestManagement"],"picked":"TheSimpletonMod:CloseScrape","floor":1.0},{"not_picked":["TheSimpletonMod:CropRotation","TheSimpletonMod:Ferment"],"picked":"TheSimpletonMod:ControlledBurn","floor":2.0},{"not_picked":["TheSimpletonMod:SpiceUp","TheSimpletonMod:DoubleBarrel"],"picked":"TheSimpletonMod:ResearchGrant","floor":4.0},{"not_picked":["TheSimpletonMod:StockTheCellar","TheSimpletonMod:CloseScrape"],"picked":"TheSimpletonMod:Swelter","floor":5.0},{"not_picked":["TheSimpletonMod:SpiceUp","TheSimpletonMod:Mulch"],"picked":"TheSimpletonMod:Coffee","floor":7.0},{"not_picked":["TheSimpletonMod:Ferment","TheSimpletonMod:Coffee"],"picked":"TheSimpletonMod:Pruning","floor":8.0},{"not_picked":["TheSimpletonMod:OnionBloom","TheSimpletonMod:DigIn"],"picked":"TheSimpletonMod:Fertilaser","floor":11.0},{"not_picked":["TheSimpletonMod:ControlledBurn","TheSimpletonMod:StockTheCellar"],"picked":"TheSimpletonMod:Coffee","floor":13.0},{"not_picked":["TheSimpletonMod:Surplus","TheSimpletonMod:LandGrant"],"picked":"TheSimpletonMod:FanTheFlames","floor":16.0},{"not_picked":[],"picked":"wanderingMiniBosses:FinaleOfPromise","floor":18.0},{"not_picked":["TheSimpletonMod:Rake+1","TheSimpletonMod:Pruning"],"picked":"TheSimpletonMod:Fertilaser+1","floor":18.0},{"not_picked":["TheSimpletonMod:Ferment","TheSimpletonMod:SlashAndBurn"],"picked":"TheSimpletonMod:Potatoes","floor":21.0},{"not_picked":["TheSimpletonMod:Sunseed","TheSimpletonMod:Pruning"],"picked":"TheSimpletonMod:SpiceUp+1","floor":24.0},{"not_picked":["TheSimpletonMod:BumperCrop","TheSimpletonMod:ControlledBurn","TheSimpletonMod:Mulch+1"],"picked":"SKIP","floor":27.0},{"not_picked":["TheSimpletonMod:RootDown","TheSimpletonMod:OnionBloom","TheSimpletonMod:Potatoes"],"picked":"SKIP","floor":28.0},{"not_picked":["TheSimpletonMod:StockTheCellar","TheSimpletonMod:Pruning","TheSimpletonMod:BumperCrop"],"picked":"SKIP","floor":29.0},{"not_picked":["TheSimpletonMod:CullingStrike","TheSimpletonMod:BumperCrop","TheSimpletonMod:Rototilling"],"picked":"SKIP","floor":30.0},{"not_picked":["TheSimpletonMod:OnionBloom","TheSimpletonMod:ToughenUp+1","TheSimpletonMod:PestManagement"],"picked":"SKIP","floor":31.0},{"not_picked":["TheSimpletonMod:DesperatePlunge","TheSimpletonMod:LandGrant"],"picked":"TheSimpletonMod:CrackOfDawn","floor":33.0},{"not_picked":["TheSimpletonMod:VineRipen","TheSimpletonMod:ControlledBurn"],"picked":"TheSimpletonMod:Sunchoke+1","floor":35.0},{"not_picked":["TheSimpletonMod:OnionBloom","TheSimpletonMod:BumperCrop","TheSimpletonMod:Coffee"],"picked":"SKIP","floor":36.0},{"not_picked":["wanderingMiniBosses:FinaleOfPromise"],"picked":"SKIP","floor":39.0},{"not_picked":["TheSimpletonMod:Coffee","TheSimpletonMod:SeedCoat","TheSimpletonMod:Pruning"],"picked":"SKIP","floor":39.0},{"not_picked":["TheSimpletonMod:Rototilling","TheSimpletonMod:OnionBloom","TheSimpletonMod:ToughenUp"],"picked":"SKIP","floor":41.0},{"not_picked":["TheSimpletonMod:BumperCrop","TheSimpletonMod:Sunseed","TheSimpletonMod:Potatoes"],"picked":"SKIP","floor":42},{"not_picked":["TheSimpletonMod:StockTheCellar","TheSimpletonMod:Potatoes"],"picked":"TheSimpletonMod:HitTheSack","floor":46},{"not_picked":["TheSimpletonMod:Potatoes","TheSimpletonMod:DigIn+1","TheSimpletonMod:ToughenUp+1"],"picked":"SKIP","floor":47},{"not_picked":["TheSimpletonMod:KeenEdge+1","TheSimpletonMod:Potatoes","TheSimpletonMod:Pruning"],"picked":"SKIP","floor":48},{"not_picked":["TheSimpletonMod:HitTheSack","TheSimpletonMod:DigIn"],"picked":"TheSimpletonMod:SaladShooter","floor":54}],"player_experience":2279844,"relics_obtained":[{"floor":9.0,"key":"TheSimpletonMod:Honeycomb"},{"floor":13.0,"key":"SSSystem"},{"floor":24.0,"key":"White Beast Statue"},{"floor":26.0,"key":"TheSimpletonMod:CashCrop"},{"floor":27.0,"key":"Meat on the Bone"},{"floor":30.0,"key":"Centennial Puzzle"},{"floor":38.0,"key":"Shovel"},{"floor":42,"key":"strawberrySpire:ThornyGelberry"},{"floor":47,"key":"strawberrySpire:Treaders"},{"floor":49,"key":"potionbrewer:MortarAndPestle"},{"floor":52,"key":"reliquary:QuartzCube"},{"floor":54,"key":"aspiration:SneckoTail"}],"event_choices":[{"damage_healed":0.0,"max_hp_gain":0.0,"max_hp_loss":0.0,"gold_gain":0.0,"event_name":"Menagerie:MossyPath","player_choice":"Detour","floor":14.0,"gold_loss":0.0,"damage_taken":0.0},{"damage_healed":0.0,"max_hp_gain":0.0,"max_hp_loss":36.0,"gold_gain":0.0,"event_name":"Ghosts","player_choice":"Became a Ghost","floor":19.0,"gold_loss":0.0,"damage_taken":0.0,"cards_obtained":["Ghostly","Ghostly","Ghostly"]},{"damage_healed":0.0,"max_hp_gain":0.0,"max_hp_loss":0.0,"gold_gain":0.0,"event_name":"blackbeard:ShipwreckEvent","player_choice":"Anchor","floor":22.0,"gold_loss":0.0,"damage_taken":0.0,"relics_obtained":["Anchor"]},{"damage_healed":0.0,"max_hp_gain":0.0,"max_hp_loss":0.0,"gold_gain":0.0,"event_name":"MindBloom","player_choice":"Fight","floor":38.0,"gold_loss":0.0,"damage_taken":0.0}],"is_beta":false,"boss_relics":[{"not_picked":["Sozu","aspiration:SilentSkillbook"],"picked":"aspiration:RunicSpoon"},{"not_picked":["Runic Pyramid","aspiration:WatcherSkillbook"],"picked":"reliquary:WritOfMandamus"}],"items_purged_floors":[20],"is_endless":false,"potions_floor_spawned":[2,4,5,7,14,27,28,29,30,31,33,35,36,38,39,41,42,46,47,48,54],"ascension_level":17}}