{"host":"mqhvlr3kpxebko0t","time":1613823777,"event":{"mods":["AchievementEnabler","BaseMod","Colored Map","Colored Powertips","KOR Keyword Fix","Keyboard Shortcuts","Minty Spire (QoL Compilation)","StSLib","SuperFastMode"],"gold_per_floor":[116,41,53,71,121,137,137,212,235,28,28,41,51,67,67,67,67],"floor_reached":16,"language":"KOR","playtime":289,"items_purged":["Strike_G","Strike_G"],"score":174,"play_id":"f2018f52-34fa-4187-926b-74c7994ad0c4","local_time":"20210220212257","is_ascension_mode":true,"campfire_choices":[{"data":"Neutralize","floor":7,"key":"SMITH"},{"floor":11,"key":"REST"},{"data":"Dagger Spray","floor":15,"key":"SMITH"}],"circlet_count":0,"master_deck":["AscendersBane","Strike_G","Strike_G","Strike_G","Defend_G","Defend_G","Defend_G","Defend_G","Defend_G","Survivor","Neutralize+1","Reflex","Flechettes","PiercingWail","Adrenaline","Footwork","Backstab","Dagger Spray+1"],"relics":["Ring of the Snake","Smiling Mask","Bag of Preparation"],"acts_visited":["Exordium"],"potions_floor_usage":[6,6,16],"damage_taken":[{"damage":0.0,"enemies":"2 Louse","floor":1.0,"turns":4.0},{"damage":5.0,"enemies":"Cultist","floor":3.0,"turns":5.0},{"damage":2.0,"enemies":"Jaw Worm","floor":4.0,"turns":6.0},{"damage":13,"enemies":"Large Slime","floor":6,"turns":3},{"damage":5,"enemies":"Exordium Wildlife","floor":12,"turns":6},{"damage":3,"enemies":"Exordium Thugs","floor":13,"turns":7},{"damage":0,"enemies":"Blue Slaver","floor":14,"turns":5},{"damage":52,"enemies":"Slime Boss","floor":16,"turns":6}],"seed_played":"6983434229735604503","potions_obtained":[{"floor":3.0,"key":"LiquidMemories"},{"floor":4.0,"key":"AttackPotion"},{"floor":6,"key":"GamblersBrew"},{"floor":12,"key":"Energy Potion"}],"is_trial":false,"path_per_floor":["M","$","M","M","?","M","R","?","T","$","R","M","M","M","R","B"],"character_chosen":"THE_SILENT","items_purchased":["Bag of Preparation"],"campfire_rested":1,"item_purchase_floors":[10],"current_hp_per_floor":[65,65,60,58,51,38,38,27,27,27,48,43,40,40,40,0,0],"gold":67,"neow_bonus":"TEN_PERCENT_HP_BONUS","is_daily":false,"chose_seed":false,"campfire_upgraded":2,"win_rate":0.0,"timestamp":1613823777,"path_taken":["M","$","M","M","?","?","R","?","T","$","R","M","M","M","R","BOSS"],"items_purchased_type":["Relic"],"build_version":"2020-12-22","purchased_purges":2,"victory":false,"max_hp_per_floor":[72,72,72,72,72,72,72,72,72,72,72,72,72,72,72,72,72],"card_choices":[{"not_picked":["Quick Slash","Prepared"],"picked":"Reflex","floor":1.0},{"not_picked":["Well Laid Plans","Flying Knee"],"picked":"Flechettes","floor":3.0},{"not_picked":["Expertise","Deadly Poison"],"picked":"PiercingWail","floor":4.0},{"not_picked":["Expertise","Acrobatics"],"picked":"Adrenaline","floor":6},{"not_picked":["Bane","Dagger Spray"],"picked":"Footwork","floor":12},{"not_picked":["Bouncing Flask","Endless Agony"],"picked":"Backstab","floor":13},{"not_picked":["Unload","Finisher"],"picked":"Dagger Spray","floor":14}],"player_experience":719701,"relics_obtained":[{"floor":9,"key":"Smiling Mask"}],"event_choices":[{"damage_healed":0,"gold_gain":50,"player_choice":"Touch","damage_taken":7,"max_hp_gain":0,"max_hp_loss":0,"event_name":"FaceTrader","floor":5,"gold_loss":0},{"damage_healed":0,"gold_gain":75,"player_choice":"Gather Gold","damage_taken":11,"max_hp_gain":0,"max_hp_loss":0,"event_name":"World of Goop","floor":8,"gold_loss":0}],"is_beta":false,"boss_relics":[],"items_purged_floors":[2,10],"is_endless":false,"potions_floor_spawned":[3,4,6,12,13],"killed_by":"Slime Boss","ascension_level":17}}