{"host":"udyc8f81k2jocuhg","time":1613831760,"event":{"mods":["2.2 Compatiblity","BaseMod","Better Third Choice","Colored Powertips","Conspire","Custom Start","GifTheSpireLib","Hermit","Minty Spire (QoL Compilation)","Permanent Neow","Quick Restart","Relic Filter","Relic Stats","Replay The Spire","Shop Mod","Spikes Relics","StSLib","Stuff the Spire"],"gold_per_floor":[109,129,145,164,177,212,212,21,71,91,121,121,271,271,271],"floor_reached":14,"language":"ENG","playtime":711,"items_purged":[],"score":204,"play_id":"18813791-703c-4099-beac-885390ec48bd","local_time":"20210220153600","is_ascension_mode":true,"campfire_choices":[{"data":"Coolheaded","floor":7.0,"key":"SMITH"},{"data":"Coolheaded","floor":12.0,"key":"SMITH"}],"circlet_count":0,"master_deck":["AscendersBane","Strike_B","Strike_B","Strike_B","Strike_B","Defend_B","Defend_B","Defend_B","Defend_B","Zap","Dualcast","Coolheaded+1","Coolheaded+1","Cold Snap","Chill","Glacier","Notoriety","Heatsinks","Doubt"],"relics":["Coffee Dripper","CherryCoatedStake","ReplayTheSpireMod:CursedCoin","Bird Faced Urn","Replay:Rubber Ducky","Kunai"],"acts_visited":["Exordium"],"potions_floor_usage":[],"damage_taken":[{"damage":2.0,"enemies":"Jaw Worm","floor":1.0,"turns":4.0},{"damage":3.0,"enemies":"2 Louse","floor":2.0,"turns":4.0},{"damage":2.0,"enemies":"Small Slimes","floor":3.0,"turns":4.0},{"damage":15.0,"enemies":"Exordium Wildlife","floor":4.0,"turns":6.0},{"damage":0.0,"enemies":"Blue Slaver","floor":5.0,"turns":4.0},{"damage":25.0,"enemies":"Lagavulin","floor":6.0,"turns":13.0},{"damage":0.0,"enemies":"3 Louse","floor":10.0,"turns":7.0},{"damage":35.0,"enemies":"Gremlin Nob","floor":11.0,"turns":6.0},{"damage":17,"enemies":"3 Sentries","floor":14,"turns":6}],"seed_played":"4912266763156402013","potions_obtained":[{"floor":1.0,"key":"FearPotion"},{"floor":5.0,"key":"FairyPotion"},{"floor":10.0,"key":"BlessingOfTheForge"}],"is_trial":false,"path_per_floor":["M","M","M","M","M","E","R","$","T","M","E","R","?","E"],"character_chosen":"DEFECT","items_purchased":["ReplayTheSpireMod:CursedCoin","Bird Faced Urn"],"campfire_rested":0,"item_purchase_floors":[8,8],"current_hp_per_floor":[62,59,57,42,42,17,17,17,17,23,15,15,15,0,0],"gold":271,"neow_bonus":"BOSS_RELIC","is_daily":false,"chose_seed":false,"campfire_upgraded":2,"win_rate":0.0,"timestamp":1613831760,"path_taken":["M","M","M","M","M","E","R","$","T","M","E","R","?","E"],"items_purchased_type":["Relic","Relic"],"build_version":"2020-12-22","purchased_purges":0,"victory":false,"max_hp_per_floor":[71,71,71,71,71,71,71,71,71,71,71,71,71,71,71],"relic_stats":{"counters":[9,54],"Bird Faced Urn":[2],"Kunai":[0],"obtain_stats":[{"CherryCoatedStake":6,"ReplayTheSpireMod:CursedCoin":8,"Bird Faced Urn":8,"Coffee Dripper":0,"Kunai":11,"Cracked Core":0,"Replay:Rubber Ducky":9},{"CherryCoatedStake":6,"ReplayTheSpireMod:CursedCoin":6,"Bird Faced Urn":6,"Coffee Dripper":0,"Kunai":8,"Cracked Core":0,"Replay:Rubber Ducky":6},{"CherryCoatedStake":35,"ReplayTheSpireMod:CursedCoin":35,"Bird Faced Urn":35,"Coffee Dripper":0,"Kunai":48,"Cracked Core":0,"Replay:Rubber Ducky":35}]},"card_choices":[{"not_picked":["RefreshScreen","Genetic Algorithm","StuffTheSpire:Plugnplay"],"picked":"SKIP","floor":1.0},{"not_picked":["Panic Button","StuffTheSpire:Plugnplay"],"picked":"Coolheaded","floor":2.0},{"not_picked":["Conserve Battery","Hologram"],"picked":"Coolheaded","floor":3.0},{"not_picked":["Panic Button","Redo"],"picked":"Cold Snap","floor":4.0},{"not_picked":["Panic Button","Rebound"],"picked":"Chill","floor":5.0},{"not_picked":["Hello World","Rebound"],"picked":"Glacier","floor":6.0},{"not_picked":["Beam Cell","StuffTheSpire:Purify","Redo"],"picked":"SKIP","floor":10.0},{"not_picked":["StuffTheSpire:LoadUp","Aggregate"],"picked":"Heatsinks","floor":11.0}],"player_experience":2045427,"relics_obtained":[{"floor":6.0,"key":"CherryCoatedStake"},{"floor":9.0,"key":"Replay:Rubber Ducky"},{"floor":11.0,"key":"Kunai"}],"event_choices":[{"damage_healed":0.0,"max_hp_gain":0.0,"max_hp_loss":0.0,"gold_gain":150.0,"event_name":"betterThird:BetterSerpent","player_choice":"AGREE","floor":13.0,"gold_loss":0.0,"damage_taken":121.0}],"is_beta":false,"boss_relics":[],"items_purged_floors":[],"is_endless":false,"potions_floor_spawned":[1,5,10],"killed_by":"3 Sentries","ascension_level":20}}