{"host":"nug5xkek4sujf8as","time":1613801953,"event":{"mods":["Act Like it!","Aspiration","BaseMod","Booster Modes","CapriCore","Colored Powertips","Conspire","Energized Spire","Gensokyo","Minty Spire (QoL Compilation)","Permanent Neow","Quick Restart","Replay The Spire","Shop Mod","Spicy Shops","StSLib","【功能Mod】混沌之环修复补丁","【遗物卡牌】REMEMod","篝火指南"],"gold_per_floor":[119,130,25,37,37,37,37,37,37,371,391,411,411,440,440,440,440],"floor_reached":16,"language":"ZHS","playtime":624,"items_purged":[],"score":200,"play_id":"6b600906-abd4-48fb-8760-17111bebb413","local_time":"20210220141913","is_ascension_mode":true,"campfire_choices":[{"floor":6.0,"key":"RECALL"},{"floor":15,"key":"REST"}],"circlet_count":0,"master_deck":["AscendersBane","Strike_R+1","Strike_R","Strike_R","Defend_R+1","Bash+1","LessonLearned","Flex+1","Perfected Strike","Draining Mist","Calculated Gamble","Reaper","Inflame+1","Pommel Strike","Sword Boomerang","Power Through"],"relics":["Burning Blood","REME_ComplimentaryCards","aspiration:Nostalgia","PureWater","Gensokyo:PortableGap","Letter Opener","ReplayFunnel","Pantograph","Gremlin Food"],"acts_visited":["Gensokyo:Gensokyo"],"potions_floor_usage":[],"damage_taken":[{"damage":6.0,"enemies":"Gensokyo:3_Fairies","floor":1.0,"turns":5.0},{"damage":6.0,"enemies":"Gensokyo:2_Kodama","floor":2.0,"turns":5.0},{"damage":32.0,"enemies":"Gensokyo:Gryphon","floor":4.0,"turns":5.0},{"damage":28.0,"enemies":"Gensokyo:Mamizou","floor":10.0,"turns":9.0},{"damage":17.0,"enemies":"Gensokyo:Kitsune","floor":11.0,"turns":6.0},{"damage":6.0,"enemies":"Gensokyo:2_Rabbits","floor":12.0,"turns":3.0},{"damage":19.0,"enemies":"Gensokyo:Cirno","floor":14.0,"turns":6.0},{"damage":72,"enemies":"Gensokyo:Yukari","floor":16,"turns":10}],"seed_played":"-5663847345554472737","potions_obtained":[{"floor":2.0,"key":"Fire Potion"},{"floor":10.0,"key":"SkillPotion"},{"floor":12.0,"key":"Fruit Juice"}],"is_trial":false,"path_per_floor":["M","M","COS","M","?","R","?","?","T","E","M","M","?","E","R","B"],"character_chosen":"IRONCLAD","items_purchased":[],"campfire_rested":1,"item_purchase_floors":[],"current_hp_per_floor":[68,68,68,42,42,42,42,42,42,20,17,33,3,19,38,0,0],"gold":440,"neow_bonus":"NOSTALGIA","is_daily":false,"chose_seed":false,"campfire_upgraded":0,"win_rate":0.0,"timestamp":1613801953,"path_taken":["M","?","COS","M","?","R","?","?","T","E","M","?","?","E","R","BOSS"],"items_purchased_type":[],"build_version":"2020-12-22","purchased_purges":0,"victory":false,"max_hp_per_floor":[75,75,75,75,61,61,61,61,61,61,61,61,61,66,66,66,66],"card_choices":[{"not_picked":["Pommel Strike","Wild Strike"],"picked":"Flex","floor":1.0},{"not_picked":["Abandon","Warcry"],"picked":"Perfected Strike","floor":2.0},{"not_picked":["Disarm","Body Slam","REME_FearOfPain"],"picked":"SKIP","floor":4.0},{"not_picked":["REME_ACTH","Juggernaut"],"picked":"Reaper","floor":10.0},{"not_picked":["Shrug It Off","Run Through"],"picked":"Inflame","floor":10.0},{"not_picked":["REME_FearOfPain","Body Slam","Pommel Strike"],"picked":"SKIP","floor":11.0},{"not_picked":["REME_FearOfPain","Body Slam"],"picked":"Pommel Strike","floor":11.0},{"not_picked":["Rupture","Inflame"],"picked":"Sword Boomerang","floor":12.0},{"not_picked":["Barricade","Uppercut"],"picked":"Power Through","floor":14.0}],"player_experience":828314,"relics_obtained":[{"floor":9.0,"key":"Letter Opener"},{"floor":10.0,"key":"Pantograph"},{"floor":14.0,"key":"Gremlin Food"}],"event_choices":[],"is_beta":false,"boss_relics":[],"items_purged_floors":[],"is_endless":false,"potions_floor_spawned":[2,10,12],"killed_by":"Gensokyo:Yukari","ascension_level":20}}