{"host":"or8fr2mp0k3eluj8","time":1613822140,"event":{"mods":["AchievementEnabler","BaseMod","Colored Map","DeckTracker","Keyboard Shortcuts","Minty Spire (QoL Compilation)","StSLib","SuperFastMode","everything is the same but u backflip on backflip"],"gold_per_floor":[111,111,61,61,74,74,87,121,175,209,209,209,209,209,209,340,340,354,354,453,453,453,453],"floor_reached":22,"language":"KOR","playtime":456,"items_purged":[],"score":207,"play_id":"7de77242-7b64-46e1-9c2d-cd1f6269b414","local_time":"20210220205540","is_ascension_mode":true,"campfire_choices":[{"data":"Streamline","floor":6,"key":"SMITH"},{"data":"White Noise","floor":11,"key":"SMITH"},{"data":"Go for the Eyes","floor":15,"key":"SMITH"}],"circlet_count":0,"master_deck":["Strike_B","Strike_B","Strike_B+1","Defend_B","Defend_B","Defend_B+1","Zap","Dualcast","Streamline+1","Conserve Battery","Go for the Eyes+1","Steam","White Noise+1","Hyperbeam","Heatsinks+1"],"relics":["SlaversCollar","DataDisk","Art of War","Nunchaku","MealTicket","Golden Idol","Snecko Eye"],"acts_visited":["Exordium","TheCity"],"potions_floor_usage":[10,10],"damage_taken":[{"damage":4,"enemies":"Jaw Worm","floor":1,"turns":4},{"damage":2,"enemies":"2 Louse","floor":5,"turns":2},{"damage":5,"enemies":"Small Slimes","floor":7,"turns":3},{"damage":9,"enemies":"Lagavulin","floor":8,"turns":6},{"damage":15,"enemies":"3 Sentries","floor":10,"turns":6},{"damage":19,"enemies":"Hexaghost","floor":16,"turns":11},{"damage":26,"enemies":"2 Thieves","floor":18,"turns":3},{"damage":36,"enemies":"3 Byrds","floor":22,"turns":2}],"seed_played":"-13150518603831415","potions_obtained":[{"floor":5,"key":"Explosive Potion"},{"floor":7,"key":"AttackPotion"},{"floor":16,"key":"CultistPotion"}],"is_trial":false,"path_per_floor":["M","?","?","?","M","R","M","E","T","E","R","?","?","?","R","B",null,"M","?","?","?","M"],"character_chosen":"DEFECT","items_purchased":[],"campfire_rested":0,"item_purchase_floors":[],"current_hp_per_floor":[71,68,68,61,59,59,54,45,45,30,30,15,15,38,38,19,69,43,31,31,31,0,0],"gold":453,"neow_bonus":"BOSS_RELIC","is_daily":false,"chose_seed":false,"campfire_upgraded":3,"win_rate":0.0,"timestamp":1613822140,"path_taken":["M","?","?","?","?","R","M","E","T","E","R","?","?","?","R","BOSS","M","?","?","?","M"],"items_purchased_type":[],"build_version":"2020-12-22","purchased_purges":0,"victory":false,"max_hp_per_floor":[75,75,75,75,75,75,75,75,75,75,75,75,69,69,69,69,69,69,74,74,74,74,74],"card_choices":[{"not_picked":["Ball Lightning","Go for the Eyes"],"picked":"Streamline","floor":1},{"not_picked":["Steam","Double Energy"],"picked":"Conserve Battery","floor":5},{"not_picked":["Loop","Biased Cognition"],"picked":"Go for the Eyes","floor":7},{"not_picked":["Barrage","Conserve Battery"],"picked":"Steam","floor":8},{"not_picked":["Barrage","Force Field"],"picked":"White Noise","floor":10},{"not_picked":["Biased Cognition","Amplify"],"picked":"Hyperbeam","floor":16},{"not_picked":["Coolheaded","Gash+1"],"picked":"Heatsinks+1","floor":18}],"player_experience":398109,"relics_obtained":[{"floor":8,"key":"Art of War"},{"floor":9,"key":"Nunchaku"},{"floor":10,"key":"MealTicket"}],"event_choices":[{"damage_healed":0,"gold_gain":0,"player_choice":"Success","damage_taken":3,"relics_obtained":["DataDisk"],"max_hp_gain":0,"max_hp_loss":0,"event_name":"Scrap Ooze","floor":2,"gold_loss":0},{"cards_removed":["Strike_B"],"damage_healed":0,"gold_gain":0,"player_choice":"Card Removal","damage_taken":0,"max_hp_gain":0,"max_hp_loss":0,"event_name":"The Cleric","floor":3,"gold_loss":50},{"cards_removed":["Defend_B"],"damage_healed":0,"gold_gain":0,"player_choice":"Card Removal","damage_taken":7,"max_hp_gain":0,"max_hp_loss":0,"event_name":"Golden Wing","floor":4,"gold_loss":0},{"damage_healed":0,"gold_gain":0,"player_choice":"Entered Light","damage_taken":15,"max_hp_gain":0,"max_hp_loss":0,"event_name":"Shining Light","floor":12,"gold_loss":0,"cards_upgraded":["Defend_B","Strike_B"]},{"damage_healed":0,"gold_gain":0,"player_choice":"Lose Max HP","damage_taken":0,"relics_obtained":["Golden Idol"],"max_hp_gain":0,"max_hp_loss":6,"event_name":"Golden Idol","floor":13,"gold_loss":0},{"damage_healed":23,"gold_gain":0,"player_choice":"Banana","damage_taken":0,"max_hp_gain":0,"max_hp_loss":0,"event_name":"Big Fish","floor":14,"gold_loss":0},{"damage_healed":0,"gold_gain":0,"player_choice":"Shed Blood","damage_taken":17,"max_hp_gain":5,"max_hp_loss":0,"event_name":"Forgotten Altar","floor":19,"gold_loss":0},{"damage_healed":0,"gold_gain":99,"player_choice":"Stole From Cult","damage_taken":0,"max_hp_gain":0,"max_hp_loss":0,"event_name":"Nest","floor":20,"gold_loss":0},{"damage_healed":0,"gold_gain":0,"player_choice":"Bought 0 Potions","damage_taken":0,"max_hp_gain":0,"max_hp_loss":0,"event_name":"The Woman in Blue","floor":21,"gold_loss":0}],"is_beta":false,"boss_relics":[{"not_picked":["Sozu","Inserter"],"picked":"Snecko Eye"}],"items_purged_floors":[],"is_endless":false,"potions_floor_spawned":[5,7,16],"killed_by":"3 Byrds","ascension_level":2}}