{"host":"js2su9tbbk4rmjfl","time":1613856631,"event":{"mods":["AchievementEnabler","BaseMod","Block Reminder","Colored Map","Colored Powertips","Highlight Path","Minty Spire (QoL Compilation)","Relic Stats"],"gold_per_floor":[114,114,126,143,143,143,143,15,41,52,52,69,96,54,54,54,54],"floor_reached":16,"language":"ENG","playtime":700,"items_purged":["Pain"],"score":195,"play_id":"c9e35cc6-9d20-4f5d-bb74-9891b310cac6","local_time":"20210220223031","is_ascension_mode":true,"campfire_choices":[{"data":"Whirlwind","floor":6,"key":"SMITH"},{"data":"Power Through","floor":11,"key":"SMITH"},{"data":"Rage","floor":15,"key":"SMITH"}],"circlet_count":0,"master_deck":["AscendersBane","Strike_R","Strike_R","Strike_R","Strike_R","Strike_R","Defend_R","Defend_R","Defend_R","Defend_R","Bash","Seeing Red+1","Whirlwind+1","Heavy Blade+1","Power Through+1","Rage+1","Fire Breathing"],"relics":["Burning Blood","Vajra","WarpedTongs","Anchor","Pen Nib"],"acts_visited":["Exordium"],"potions_floor_usage":[13],"damage_taken":[{"damage":21,"enemies":"Jaw Worm","floor":1,"turns":6},{"damage":0,"enemies":"Small Slimes","floor":3,"turns":2},{"damage":0,"enemies":"2 Louse","floor":4,"turns":2},{"damage":0,"enemies":"Red Slaver","floor":10,"turns":3},{"damage":0,"enemies":"Looter","floor":12,"turns":2},{"damage":5,"enemies":"3 Sentries","floor":13,"turns":6},{"damage":48,"enemies":"Hexaghost","floor":16,"turns":9}],"seed_played":"-782191691652640058","potions_obtained":[{"floor":12,"key":"Energy Potion"}],"is_trial":false,"path_per_floor":["M","?","M","M","?","R","?","$","T","M","R","M","E","$","R","B"],"character_chosen":"IRONCLAD","items_purchased":["Explosive Potion","Fire Breathing"],"campfire_rested":0,"item_purchase_floors":[8,14],"current_hp_per_floor":[53,42,48,54,31,31,31,31,31,37,37,43,44,44,44,0,0],"gold":54,"neow_bonus":"THREE_CARDS","is_daily":false,"chose_seed":false,"campfire_upgraded":3,"win_rate":0.0,"timestamp":1613856631,"path_taken":["M","?","M","M","?","R","?","$","T","M","R","M","E","$","R","BOSS"],"items_purchased_type":["Potion","Card"],"build_version":"2020-12-22","purchased_purges":1,"victory":false,"max_hp_per_floor":[75,75,75,75,75,75,75,75,75,75,75,75,75,75,75,75,75],"relic_stats":{"counters":[7,30],"Pen Nib":[1],"obtain_stats":[{"Anchor":9,"Vajra":2,"Pen Nib":13,"Burning Blood":0,"WarpedTongs":7},{"Anchor":3,"Vajra":1,"Pen Nib":6,"Burning Blood":0,"WarpedTongs":3},{"Anchor":10,"Vajra":6,"Pen Nib":21,"Burning Blood":0,"WarpedTongs":10}],"Burning Blood":36,"WarpedTongs":[19]},"card_choices":[{"not_picked":["Body Slam","Sword Boomerang"],"picked":"Seeing Red","floor":0},{"not_picked":["Heavy Blade","Sword Boomerang"],"picked":"Whirlwind","floor":1},{"not_picked":["Flex","Clash"],"picked":"Heavy Blade","floor":3},{"not_picked":["Second Wind","Perfected Strike","Sword Boomerang"],"picked":"SKIP","floor":4},{"not_picked":["Havoc","Fiend Fire"],"picked":"Power Through","floor":10},{"not_picked":["Body Slam","Whirlwind"],"picked":"Rage","floor":12},{"not_picked":["Armaments","Cleave","Headbutt"],"picked":"SKIP","floor":13}],"player_experience":882572,"relics_obtained":[{"floor":9,"key":"Anchor"},{"floor":13,"key":"Pen Nib"}],"event_choices":[{"damage_healed":0,"gold_gain":0,"player_choice":"Success","damage_taken":11,"relics_obtained":["Vajra"],"max_hp_gain":0,"max_hp_loss":0,"event_name":"Scrap Ooze","floor":2,"gold_loss":0},{"damage_healed":0,"gold_gain":0,"player_choice":"Entered Light","damage_taken":23,"max_hp_gain":0,"max_hp_loss":0,"event_name":"Shining Light","floor":5,"gold_loss":0,"cards_upgraded":["Heavy Blade","Seeing Red"]},{"damage_healed":0,"gold_gain":0,"player_choice":"Rummage","damage_taken":0,"relics_obtained":["WarpedTongs"],"max_hp_gain":0,"max_hp_loss":0,"event_name":"Accursed Blacksmith","floor":7,"gold_loss":0,"cards_obtained":["Pain"]}],"is_beta":false,"boss_relics":[],"items_purged_floors":[8],"is_endless":false,"potions_floor_spawned":[12],"killed_by":"Hexaghost","ascension_level":19}}