{"host":"6xnetdfutjfdr70g","time":1613847617,"event":{"mods":["BaseMod","Colored Powertips","Highlight Path","Minty Spire (QoL Compilation)","Relic Stats"],"gold_per_floor":[114,125,136,311,311,352,352,396,396,396,32,32,55,74,74,164,164,104,304,328,348,363,363,363,363],"floor_reached":24,"language":"ENG","playtime":1007,"items_purged":["Doubt"],"score":350,"play_id":"45bf7355-8baf-4260-be72-0ebc96544c2e","local_time":"20210220130017","is_ascension_mode":true,"campfire_choices":[{"floor":7.0,"key":"REST"},{"floor":10.0,"key":"REST"},{"data":"Zap","floor":12.0,"key":"SMITH"},{"data":"Conserve Battery","floor":15.0,"key":"SMITH"},{"floor":23,"key":"REST"}],"circlet_count":0,"master_deck":["AscendersBane","Strike_B","Strike_B","Strike_B","Strike_B","Defend_B","Defend_B","Defend_B","Defend_B","Zap+1","Dualcast","Cold Snap","Doom and Gloom","Tempest","Sweeping Beam","Self Repair","Multi-Cast","Leap","Conserve Battery+1","Machine Learning","Barrage+1","FTL+1","Rebound+1"],"relics":["Cracked Core","Dead Branch","Golden Idol","Question Card","InkBottle","Molten Egg 2","Chemical X","Inserter"],"acts_visited":["Exordium","TheCity"],"potions_floor_usage":[22,22],"damage_taken":[{"damage":2.0,"enemies":"2 Louse","floor":1.0,"turns":2.0},{"damage":4.0,"enemies":"Cultist","floor":2.0,"turns":3.0},{"damage":3.0,"enemies":"Small Slimes","floor":3.0,"turns":4.0},{"damage":21.0,"enemies":"3 Sentries","floor":6.0,"turns":7.0},{"damage":26.0,"enemies":"Gremlin Nob","floor":8.0,"turns":4.0},{"damage":8.0,"enemies":"3 Louse","floor":13.0,"turns":2.0},{"damage":11.0,"enemies":"Looter","floor":14.0,"turns":2.0},{"damage":3.0,"enemies":"Hexaghost","floor":16.0,"turns":8.0},{"damage":18,"enemies":"2 Thieves","floor":18,"turns":4},{"damage":15,"enemies":"Spheric Guardian","floor":20,"turns":4},{"damage":15,"enemies":"Cultist and Chosen","floor":21,"turns":4},{"damage":26,"enemies":"3 Cultists","floor":22,"turns":4},{"damage":29,"enemies":"Slavers","floor":24,"turns":2}],"seed_played":"-2279804782840692162","potions_obtained":[{"floor":8.0,"key":"Ancient Potion"},{"floor":13.0,"key":"ColorlessPotion"},{"floor":16.0,"key":"PowerPotion"},{"floor":20,"key":"Weak Potion"}],"is_trial":false,"path_per_floor":["M","M","M","?","?","E","R","E","T","R","$","R","M","M","R","B",null,"M","?","M","M","M","R","E"],"character_chosen":"DEFECT","items_purchased":["Chemical X","Multi-Cast"],"campfire_rested":3,"item_purchase_floors":[11,11],"current_hp_per_floor":[44,40,37,37,37,16,35,9,9,28,28,28,20,16,16,20,55,44,44,36,28,9,28,0,0],"gold":363,"neow_bonus":"ONE_RARE_RELIC","is_daily":false,"chose_seed":false,"campfire_upgraded":2,"win_rate":0.0,"timestamp":1613847617,"path_taken":["M","M","M","?","?","E","R","E","T","R","$","R","M","M","R","BOSS","M","?","M","?","M","R","E"],"items_purchased_type":["Relic","Card"],"build_version":"2020-12-22","purchased_purges":1,"victory":false,"max_hp_per_floor":[71,71,71,71,66,66,66,66,66,66,66,66,66,66,66,66,66,66,66,66,66,66,66,66,66],"relic_stats":{"Inserter":[9],"counters":[13,50],"Golden Idol":56,"Dead Branch":[29],"Chemical X":[15],"Question Card":8,"obtain_stats":[{"Inserter":17,"Golden Idol":5,"Dead Branch":0,"Molten Egg 2":9,"Chemical X":11,"Cracked Core":0,"Question Card":6,"InkBottle":8},{"Inserter":8,"Golden Idol":3,"Dead Branch":0,"Molten Egg 2":5,"Chemical X":5,"Cracked Core":0,"Question Card":4,"InkBottle":5},{"Inserter":32,"Golden Idol":9,"Dead Branch":0,"Molten Egg 2":20,"Chemical X":20,"Cracked Core":0,"Question Card":16,"InkBottle":20}],"InkBottle":[8]},"card_choices":[{"not_picked":["Go for the Eyes","Barrage"],"picked":"Cold Snap","floor":1.0},{"not_picked":["Cold Snap","Stack"],"picked":"Doom and Gloom","floor":2.0},{"not_picked":["Force Field","Blizzard"],"picked":"Tempest","floor":3.0},{"not_picked":["Ball Lightning","Barrage"],"picked":"Sweeping Beam","floor":6.0},{"not_picked":["Sweeping Beam","Leap","Lockon"],"picked":"Self Repair","floor":8.0},{"not_picked":["Skim","Stack","Ball Lightning+1"],"picked":"Leap","floor":13.0},{"not_picked":["Hello World","Force Field","Fusion"],"picked":"Conserve Battery","floor":14.0},{"not_picked":["Multi-Cast","Creative AI","All For One+1"],"picked":"Machine Learning","floor":16.0},{"not_picked":["Doom and Gloom+1","Genetic Algorithm+1","Aggregate"],"picked":"Barrage+1","floor":18},{"not_picked":["Doom and Gloom+1","Stack+1","Conserve Battery"],"picked":"FTL+1","floor":20},{"not_picked":["Coolheaded","Rip and Tear+1","Fusion"],"picked":"Rebound+1","floor":21},{"not_picked":["Leap","Gash+1","Coolheaded","BootSequence"],"picked":"SKIP","floor":22}],"player_experience":466134,"relics_obtained":[{"floor":6.0,"key":"Question Card"},{"floor":8.0,"key":"InkBottle"},{"floor":9.0,"key":"Molten Egg 2"}],"event_choices":[{"damage_healed":0.0,"max_hp_gain":0.0,"max_hp_loss":0.0,"gold_gain":175.0,"event_name":"Liars Game","player_choice":"AGREE","floor":4.0,"gold_loss":0.0,"damage_taken":0.0,"cards_obtained":["Doubt"]},{"damage_healed":0.0,"max_hp_gain":0.0,"max_hp_loss":5.0,"gold_gain":0.0,"event_name":"Golden Idol","player_choice":"Lose Max HP","floor":5.0,"gold_loss":0.0,"damage_taken":0.0,"relics_obtained":["Golden Idol"]},{"damage_healed":0,"gold_gain":200,"player_choice":"Gold","damage_taken":0,"max_hp_gain":0,"max_hp_loss":0,"event_name":"Wheel of Change","floor":19,"gold_loss":0}],"is_beta":false,"boss_relics":[{"not_picked":["Ectoplasm","Runic Pyramid"],"picked":"Inserter"}],"items_purged_floors":[11],"is_endless":false,"potions_floor_spawned":[8,13,14,16,20],"killed_by":"Slavers","ascension_level":14}}