{"host":"sxnl403xm2xmiyj1","time":1613816168,"event":{"mods":["BaseMod","Colored Map","Keyboard Shortcuts","Koishi","Lobotomy","Minty Spire (QoL Compilation)","Quick Restart","StSLib","SuperFastMode"],"gold_per_floor":[113,113,2,2,21,56,56,56,56],"floor_reached":8,"language":"KOR","playtime":196,"items_purged":[],"score":103,"play_id":"43380eb1-c59d-4c59-b950-6fab7da5c9a2","local_time":"20210220191608","is_ascension_mode":true,"campfire_choices":[{"data":"Koishi:SubterraneanRose","floor":7,"key":"SMITH"}],"circlet_count":0,"master_deck":["AscendersBane","Koishi:BasicStrike+1","Koishi:BasicStrike","Koishi:BasicStrike","Koishi:BasicStrike","Koishi:BasicDefend+1","Koishi:BasicDefend","Koishi:BasicDefend","Koishi:BasicDefend","Koishi:Provoke","Koishi:HauntingSlash","Koishi:DreadfulBlow","Koishi:SubterraneanRose+1","Koishi:RacingHeart","Koishi:StingingMind","OldLady","Koishi:PhantomStrike"],"relics":["Koishi:ImaginaryFriend","CogitoBucket","RabbitCall","Matryoshka"],"acts_visited":["Exordium"],"potions_floor_usage":[],"damage_taken":[{"damage":2,"enemies":"2 Louse","floor":1,"turns":4},{"damage":0,"enemies":"Cultist","floor":5,"turns":4},{"damage":35,"enemies":"Lagavulin","floor":6,"turns":7},{"damage":17,"enemies":"3 Sentries","floor":8,"turns":4}],"seed_played":"-1847452670810088689","potions_obtained":[],"is_trial":false,"path_per_floor":["M","?","$","?","M","E","R","E"],"character_chosen":"KOISHI","items_purchased":["Koishi:SubterraneanRose","Koishi:RacingHeart"],"campfire_rested":0,"item_purchase_floors":[3,3],"current_hp_per_floor":[51,51,51,34,38,17,17,0,0],"gold":56,"neow_bonus":"","is_daily":false,"chose_seed":false,"campfire_upgraded":1,"win_rate":0.0,"timestamp":1613816168,"path_taken":["M","?","?","?","M","E","R","E"],"items_purchased_type":["Card","Card"],"build_version":"2020-12-22","purchased_purges":0,"victory":false,"max_hp_per_floor":[57,57,57,57,57,57,57,57,57],"card_choices":[{"not_picked":["UniverseFragment","Scorched"],"picked":"PunishingBird","floor":1},{"not_picked":["Koishi:Whimsy","Koishi:UnansweredLove"],"picked":"Koishi:DreadfulBlow","floor":1},{"not_picked":["Porccubus","Murderer","VoidDream"],"picked":"Singing Bowl","floor":5},{"not_picked":["Koishi:UnconsciousUprising","Koishi:VengefulSpirit"],"picked":"Koishi:StingingMind","floor":5},{"not_picked":["VoidDream","UniverseFragment"],"picked":"OldLady","floor":6},{"not_picked":["Koishi:StingingMind","Koishi:HeartfeltFancy"],"picked":"Koishi:PhantomStrike","floor":6}],"player_experience":348642,"relics_obtained":[{"floor":6,"key":"Matryoshka"}],"event_choices":[{"cards_removed":["PunishingBird"],"damage_healed":0,"gold_gain":0,"player_choice":"Purged","damage_taken":0,"max_hp_gain":0,"max_hp_loss":0,"event_name":"Purifier","floor":2,"gold_loss":0},{"damage_healed":0,"gold_gain":0,"player_choice":"Entered Light","damage_taken":17,"max_hp_gain":0,"max_hp_loss":0,"event_name":"Shining Light","floor":4,"gold_loss":0,"cards_upgraded":["Koishi:BasicStrike","Koishi:BasicDefend"]}],"is_beta":false,"boss_relics":[],"items_purged_floors":[],"is_endless":false,"potions_floor_spawned":[],"killed_by":"3 Sentries","ascension_level":18}}