{"host":"mhzgc0zma59jtmoj","time":1613802220,"event":{"mods":["BaseMod","BetterRewards","Custom Start","Glutton Mod","Ironclad Rager","Minty Spire (QoL Compilation)","Replay The Spire","Somnambulant","StSLib","The Cursed","The Hierophant","The Jungle","Treasure Hunter"],"gold_per_floor":[109,121,131,143,143,143,155,166,193,193,193,227,227,245,245,375,375,399,370,370,388,350,350,350],"floor_reached":23,"language":"ENG","playtime":1169,"items_purged":["TheCursedMod:Defend_TheCursed"],"score":310,"play_id":"71204120-72e1-4b00-a46c-5a4f8e57f6cc","local_time":"20210220012340","is_ascension_mode":true,"campfire_choices":[{"data":"TheCursedMod:CleanUpWorkshop","floor":6,"key":"SMITH"},{"data":"TheCursedMod:CursedWand","floor":10,"key":"SMITH"},{"floor":15,"key":"REST"}],"circlet_count":0,"master_deck":["TheCursedMod:Strike_TheCursed","TheCursedMod:Strike_TheCursed","TheCursedMod:Strike_TheCursed","TheCursedMod:Strike_TheCursed","TheCursedMod:Defend_TheCursed","TheCursedMod:Defend_TheCursed","TheCursedMod:Defend_TheCursed","TheCursedMod:CursedWand+1","TheCursedMod:CleanUpWorkshop+1","TheCursedMod:Dregs","TheCursedMod:ReleasedStrength","TheCursedMod:HellsGateOpen","TheCursedMod:SpitefulStrike","TheCursedMod:CursedAmulet","Parasite","TheCursedMod:VoidForm","Injury","TheCursedMod:Obscuration","TheCursedMod:ManaCirculation","TheCursedMod:Obscuration","TheCursedMod:DemonicPact"],"relics":["TheCursedMod:BlackMagicAdvanced","Membership Card","Iron Hammer","Bronze Scales","Question Card","Golden Idol"],"acts_visited":["Exordium","TheCity"],"potions_floor_usage":[4,7,12,16,23,23],"damage_taken":[{"damage":6,"enemies":"Cultist","floor":1,"turns":5},{"damage":0,"enemies":"Small Slimes","floor":2,"turns":3},{"damage":10,"enemies":"Jaw Worm","floor":3,"turns":4},{"damage":17,"enemies":"3 Louse","floor":4,"turns":3},{"damage":1,"enemies":"2 Fungi Beasts","floor":7,"turns":2},{"damage":15,"enemies":"Exordium Wildlife","floor":8,"turns":3},{"damage":24,"enemies":"3 Sentries","floor":12,"turns":7},{"damage":0,"enemies":"Blue Slaver","floor":14,"turns":3},{"damage":10,"enemies":"Fading Forest","floor":16,"turns":11},{"damage":0,"enemies":"Spheric Guardian","floor":18,"turns":3},{"damage":35,"enemies":"2 Thieves","floor":19,"turns":5},{"damage":11,"enemies":"Shelled Parasite and Fungi","floor":21,"turns":6},{"damage":30,"enemies":"Book of Stabbing","floor":23,"turns":5}],"seed_played":"-6022864801955612648","potions_obtained":[{"floor":2,"key":"Elixir"},{"floor":3,"key":"EntropicBrew"},{"floor":7,"key":"Strength Potion"},{"floor":14,"key":"Adrenaline Potion"},{"floor":21,"key":"Explosive Potion"}],"is_trial":false,"path_per_floor":["M","M","M","M","T","R","M","M","T","R","?","E","?","M","R","B",null,"M","M","?","M","$","E"],"character_chosen":"THE_CURSED","items_purchased":["Membership Card"],"campfire_rested":1,"item_purchase_floors":[0],"current_hp_per_floor":[69,69,59,42,42,42,41,26,26,26,26,2,2,2,24,24,75,75,40,40,29,29,0,0],"gold":350,"neow_bonus":"","is_daily":false,"chose_seed":false,"campfire_upgraded":2,"win_rate":0.0,"timestamp":1613802220,"path_taken":["M","?","?","M","?","R","M","M","T","R","?","E","?","M","R","BOSS","M","M","?","M","$","E"],"items_purchased_type":["Relic"],"build_version":"2020-12-22","purchased_purges":1,"victory":false,"max_hp_per_floor":[75,75,75,75,75,75,75,75,75,75,75,75,75,75,75,75,75,75,75,75,75,75,75,75],"card_choices":[{"not_picked":["TheCursedMod:RavingStaff","TheCursedMod:SpitefulPray","TheCursedMod:DoubleShield"],"picked":"SKIP","floor":1},{"not_picked":["TheCursedMod:TacticalStrike","TheCursedMod:CursedShiv"],"picked":"TheCursedMod:ReleasedStrength","floor":2},{"not_picked":["TheCursedMod:ManaBullet","TheCursedMod:SaltUponWound"],"picked":"TheCursedMod:HellsGateOpen","floor":3},{"not_picked":["TheCursedMod:HellsGateOpen","TheCursedMod:CircleOfCorruption"],"picked":"TheCursedMod:SpitefulStrike","floor":4},{"not_picked":["TH:CopperCoins","TH:EnergyPotion"],"picked":"SKIP","floor":5},{"not_picked":["TheCursedMod:HellfireBreathing","TheCursedMod:TroublousMinions","TheCursedMod:Torture"],"picked":"SKIP","floor":7},{"not_picked":["TheCursedMod:FleshFromBone","TheCursedMod:ForbiddenAlchemy"],"picked":"TheCursedMod:CursedAmulet","floor":8},{"not_picked":["TH:CopperCoins","TH:ElvenBoots"],"picked":"SKIP","floor":9},{"not_picked":["TheCursedMod:SpitefulPlan","TheCursedMod:Stigma"],"picked":"TheCursedMod:VoidForm","floor":12},{"not_picked":["TH:ArmorSpikes","TH:DeckOfManyThings"],"picked":"SKIP","floor":12},{"not_picked":["TheCursedMod:RavingStaff","TheCursedMod:CircleOfCorruption","TheCursedMod:CursedBlade"],"picked":"TheCursedMod:Obscuration","floor":14},{"not_picked":["TheCursedMod:StunningStrike","TheCursedMod:NeowsMight","TheCursedMod:OutForBlood"],"picked":"TheCursedMod:ManaCirculation","floor":16},{"not_picked":["TheCursedMod:ReleasedStrength","TheCursedMod:SmokeScreen","TheCursedMod:Torture"],"picked":"TheCursedMod:Obscuration","floor":18},{"not_picked":["TheCursedMod:RapidMovement","TheCursedMod:CircleOfFlame+1","TheCursedMod:Stretching","TheCursedMod:CursedArmor"],"picked":"SKIP","floor":19},{"not_picked":["TheCursedMod:RapidMovement","TheCursedMod:CircleOfBlood","TheCursedMod:Wield"],"picked":"TheCursedMod:DemonicPact","floor":21}],"player_experience":308000,"relics_obtained":[{"floor":5,"key":"Iron Hammer"},{"floor":9,"key":"Bronze Scales"},{"floor":12,"key":"Question Card"}],"event_choices":[{"damage_healed":0,"gold_gain":0,"player_choice":"Take Wound","damage_taken":0,"relics_obtained":["Golden Idol"],"max_hp_gain":0,"max_hp_loss":0,"event_name":"Golden Idol","floor":13,"gold_loss":0,"cards_obtained":["Injury"]},{"damage_healed":0,"gold_gain":0,"player_choice":"Ignored","damage_taken":0,"max_hp_gain":0,"max_hp_loss":0,"event_name":"Vampires","floor":20,"gold_loss":0}],"is_beta":false,"boss_relics":[{"not_picked":["Sozu","ReplayTheSpireMod:DimensionalGlitch"],"picked":"TheCursedMod:BlackMagicAdvanced"}],"items_purged_floors":[22],"is_endless":false,"potions_floor_spawned":[2,3,7,14,21],"killed_by":"Book of Stabbing","ascension_level":1}}