{"host":"s41rn2jhghpwfrvz","time":1613788616,"event":{"mods":["BaseMod","Minty Spire (QoL Compilation)","Quick Restart","Relic Stats","SuperFastMode"],"gold_per_floor":[112,112,124,135,135,135,149,169,169,196,227,256,256,151,151,222,222,234,234,284,310,324,324,352,252,275,307,321,356,381,397,397,472,472,485,504,213,193,225,257,284,284,284,284,299,332,352,383,383,383,383,383,383,211,237,237],"floor_reached":57,"language":"ENG","playtime":1881,"items_purged":["Armaments","Blade Dance","Conserve Battery"],"score":3982,"play_id":"0d7185bf-0371-4588-a5d6-50124c8306ae","local_time":"20210220043656","daily_mods":["SealedDeck","Diverse","DeadlyEvents"],"is_ascension_mode":true,"campfire_choices":[{"data":"TalkToTheHand","floor":6,"key":"SMITH"},{"data":"Pommel Strike","floor":13,"key":"SMITH"},{"data":"Pommel Strike","floor":15,"key":"SMITH"},{"data":"Exhume","floor":23,"key":"SMITH"},{"data":"Double Energy","floor":32,"key":"SMITH"},{"data":"1","floor":42,"key":"LIFT"},{"floor":49,"key":"RECALL"},{"data":"2","floor":53,"key":"LIFT"}],"circlet_count":0,"master_deck":["AscendersBane","Double Energy+1","Sanctity","Seeing Red","Evolve","Pommel Strike+1","Pommel Strike+1","TalkToTheHand+1","Gash","Exhume+1","Backflip"],"relics":["Burning Blood","Nunchaku","Anchor","Gremlin Horn","Busted Crown","Lizard Tail","WingedGreaves","Toy Ornithopter","Happy Flower","Charon\u0027s Ashes","Kunai","Coffee Dripper","Potion Belt","CaptainsWheel","Girya","FossilizedHelix","Frozen Egg 2","Art of War","Orichalcum","Cauldron","Unceasing Top"],"acts_visited":["Exordium","TheCity","TheBeyond","TheEnding"],"potions_floor_usage":[56,56,56,56,56,56],"damage_taken":[{"damage":0,"enemies":"Small Slimes","floor":1,"turns":4},{"damage":0,"enemies":"Cultist","floor":3,"turns":3},{"damage":3,"enemies":"2 Louse","floor":4,"turns":2},{"damage":0,"enemies":"Large Slime","floor":7,"turns":3},{"damage":4,"enemies":"Looter","floor":8,"turns":2},{"damage":2,"enemies":"3 Sentries","floor":10,"turns":7},{"damage":0,"enemies":"Gremlin Nob","floor":11,"turns":3},{"damage":5,"enemies":"3 Sentries","floor":12,"turns":6},{"damage":24,"enemies":"Hexaghost","floor":16,"turns":4},{"damage":9,"enemies":"2 Thieves","floor":18,"turns":3},{"damage":0,"enemies":"Gremlin Leader","floor":21,"turns":2},{"damage":0,"enemies":"Chosen","floor":22,"turns":3},{"damage":0,"enemies":"Book of Stabbing","floor":24,"turns":3},{"damage":0,"enemies":"Gremlin Leader","floor":27,"turns":2},{"damage":0,"enemies":"Snake Plant","floor":28,"turns":3},{"damage":12,"enemies":"Slavers","floor":29,"turns":2},{"damage":0,"enemies":"Book of Stabbing","floor":30,"turns":3},{"damage":0,"enemies":"3 Cultists","floor":31,"turns":2},{"damage":0,"enemies":"Automaton","floor":33,"turns":3},{"damage":0,"enemies":"3 Shapes","floor":35,"turns":1},{"damage":0,"enemies":"3 Darklings","floor":36,"turns":2},{"damage":0,"enemies":"Giant Head","floor":39,"turns":3},{"damage":0,"enemies":"Nemesis","floor":40,"turns":3},{"damage":0,"enemies":"Reptomancer","floor":41,"turns":2},{"damage":0,"enemies":"Sphere and 2 Shapes","floor":45,"turns":1},{"damage":0,"enemies":"Nemesis","floor":46,"turns":3},{"damage":0,"enemies":"Transient","floor":47,"turns":4},{"damage":0,"enemies":"Giant Head","floor":48,"turns":2},{"damage":0,"enemies":"Donu and Deca","floor":50,"turns":2},{"damage":8,"enemies":"Time Eater","floor":51,"turns":5},{"damage":0,"enemies":"Shield and Spear","floor":55,"turns":1},{"damage":0,"enemies":"The Heart","floor":56,"turns":4}],"seed_played":"5452722169501328088","potions_obtained":[{"floor":3,"key":"SpeedPotion"},{"floor":7,"key":"SkillPotion"},{"floor":8,"key":"DuplicationPotion"},{"floor":21,"key":"PowerPotion"},{"floor":38,"key":"ColorlessPotion"},{"floor":39,"key":"SkillPotion"},{"floor":45,"key":"Ancient Potion"},{"floor":54,"key":"EntropicBrew"},{"floor":54,"key":"SteroidPotion"}],"is_trial":true,"path_per_floor":["M","?","M","M","T","R","M","M","T","E","E","E","R","$","R","B",null,"M","?","?","E","M","R","E","$","T","E","M","E","E","M","R","B",null,"M","M","$","?","E","E","E","R","T","?","M","E","M","E","R","B","B",null,"R","$","E","B",null],"character_chosen":"IRONCLAD","items_purchased":["Gash","Potion Belt","Cauldron"],"campfire_rested":0,"item_purchase_floors":[14,37,54],"current_hp_per_floor":[74,75,75,75,75,75,75,75,75,75,75,75,75,75,75,57,71,68,68,68,74,75,75,75,75,75,75,75,69,75,75,75,75,75,75,75,75,75,75,75,75,75,75,75,75,75,75,75,75,75,73,75,75,75,75,75],"gold":237,"neow_bonus":"","is_daily":false,"chose_seed":false,"campfire_upgraded":5,"win_rate":0.0,"timestamp":1613788616,"path_taken":["M","?","?","M","?","R","M","?","T","E","?","E","R","$","R","BOSS","M","?","?","?","M","R","E","?","T","E","M","E","E","M","R","BOSS","M","M","$","?","?","E","E","R","T","?","?","E","M","E","R","BOSS","BOSS","R","$","E","BOSS"],"items_purchased_type":["Card","Relic","Relic"],"build_version":"2020-12-22","purchased_purges":3,"victory":true,"max_hp_per_floor":[75,75,75,75,75,75,75,75,75,75,75,75,75,75,75,75,75,75,75,75,75,75,75,75,75,75,75,75,75,75,75,75,75,75,75,75,75,75,75,75,75,75,75,75,75,75,75,75,75,75,75,75,75,75,75,75],"relic_stats":{"Gremlin Horn":[23,24],"Happy Flower":[15],"counters":[32,93],"Charon\u0027s Ashes":[450],"Orichalcum":[0],"Burning Blood":57,"Nunchaku":[66],"Lizard Tail":0,"Busted Crown":42,"Art of War":[0],"Kunai":[129],"obtain_stats":[{"Potion Belt":37,"Girya":40,"Gremlin Horn":11,"Happy Flower":27,"Charon\u0027s Ashes":29,"Frozen Egg 2":43,"Orichalcum":48,"Burning Blood":0,"Cauldron":54,"Nunchaku":5,"Anchor":10,"Lizard Tail":21,"CaptainsWheel":39,"Busted Crown":17,"WingedGreaves":24,"Coffee Dripper":34,"Art of War":46,"Kunai":30,"Toy Ornithopter":26,"FossilizedHelix":41,"Unceasing Top":55},{"Potion Belt":21,"Girya":23,"Gremlin Horn":7,"Happy Flower":14,"Charon\u0027s Ashes":16,"Frozen Egg 2":24,"Orichalcum":28,"Burning Blood":0,"Cauldron":30,"Nunchaku":3,"Anchor":6,"Lizard Tail":11,"CaptainsWheel":22,"Busted Crown":9,"WingedGreaves":13,"Coffee Dripper":19,"Art of War":26,"Kunai":17,"Toy Ornithopter":13,"FossilizedHelix":24,"Unceasing Top":31},{"Potion Belt":63,"Girya":69,"Gremlin Horn":24,"Happy Flower":47,"Charon\u0027s Ashes":52,"Frozen Egg 2":71,"Orichalcum":81,"Burning Blood":0,"Cauldron":88,"Nunchaku":9,"Anchor":21,"Lizard Tail":39,"CaptainsWheel":66,"Busted Crown":34,"WingedGreaves":45,"Coffee Dripper":60,"Art of War":75,"Kunai":55,"Toy Ornithopter":45,"FossilizedHelix":71,"Unceasing Top":89}],"Toy Ornithopter":0,"Unceasing Top":[0]},"card_choices":[{"not_picked":["Dropkick","Dagger Spray","Steam"],"picked":"SKIP","floor":1},{"not_picked":["All Out Attack","Deadly Poison","Cleave"],"picked":"SKIP","floor":3},{"not_picked":["WindmillStrike","Twin Strike"],"picked":"TalkToTheHand","floor":4},{"not_picked":["Conserve Battery","InnerPeace","Hello World"],"picked":"SKIP","floor":7},{"not_picked":["Rampage","Darkness","Heatsinks"],"picked":"SKIP","floor":8},{"not_picked":["Sanctity","Flex","Distraction"],"picked":"SKIP","floor":10},{"not_picked":["Redo","BowlingBash","Dagger Throw"],"picked":"SKIP","floor":11},{"not_picked":["Darkness","Prostrate","Dagger Spray"],"picked":"SKIP","floor":12},{"not_picked":["Meteor Strike","Feed"],"picked":"Exhume","floor":16},{"not_picked":["Sever Soul"],"picked":"SKIP","floor":18},{"not_picked":["Dodge and Roll"],"picked":"SKIP","floor":21},{"not_picked":[],"picked":"Backflip","floor":22},{"not_picked":["Skewer"],"picked":"SKIP","floor":24},{"not_picked":["Skewer"],"picked":"SKIP","floor":24},{"not_picked":["Skewer"],"picked":"SKIP","floor":24},{"not_picked":["Collect"],"picked":"SKIP","floor":27},{"not_picked":["Leap"],"picked":"SKIP","floor":28},{"not_picked":["Rebound"],"picked":"SKIP","floor":29},{"not_picked":["Weave"],"picked":"SKIP","floor":30},{"not_picked":["Limit Break"],"picked":"SKIP","floor":31},{"not_picked":["BowlingBash"],"picked":"SKIP","floor":35},{"not_picked":["White Noise"],"picked":"SKIP","floor":36},{"not_picked":["PathToVictory"],"picked":"SKIP","floor":39},{"not_picked":["Doppelganger"],"picked":"SKIP","floor":40},{"not_picked":["Swivel+1"],"picked":"SKIP","floor":41},{"not_picked":["Heatsinks+1"],"picked":"SKIP","floor":45},{"not_picked":["Conserve Battery"],"picked":"SKIP","floor":46},{"not_picked":["EmptyFist"],"picked":"SKIP","floor":47},{"not_picked":["Anger"],"picked":"SKIP","floor":48},{"not_picked":["Uppercut"],"picked":"SKIP","floor":55}],"player_experience":1942809,"relics_obtained":[{"floor":5,"key":"Nunchaku"},{"floor":10,"key":"Anchor"},{"floor":11,"key":"Gremlin Horn"},{"floor":21,"key":"Lizard Tail"},{"floor":24,"key":"WingedGreaves"},{"floor":26,"key":"Toy Ornithopter"},{"floor":27,"key":"Happy Flower"},{"floor":29,"key":"Charon\u0027s Ashes"},{"floor":30,"key":"Kunai"},{"floor":39,"key":"CaptainsWheel"},{"floor":40,"key":"Girya"},{"floor":41,"key":"FossilizedHelix"},{"floor":43,"key":"Frozen Egg 2"},{"floor":46,"key":"Art of War"},{"floor":48,"key":"Orichalcum"},{"floor":55,"key":"Unceasing Top"}],"event_choices":[{"cards_removed":["BootSequence"],"damage_healed":1,"gold_gain":0,"player_choice":"Offered Uncommon","damage_taken":0,"max_hp_gain":0,"max_hp_loss":0,"event_name":"Bonfire Elementals","floor":2,"gold_loss":0},{"damage_healed":0,"gold_gain":0,"player_choice":"Ignored","damage_taken":0,"max_hp_gain":0,"max_hp_loss":0,"event_name":"Vampires","floor":19,"gold_loss":0},{"damage_healed":0,"gold_gain":50,"player_choice":"Pray","damage_taken":0,"max_hp_gain":0,"max_hp_loss":0,"event_name":"Golden Shrine","floor":20,"gold_loss":0},{"damage_healed":0,"gold_gain":0,"player_choice":"Bought 1 Potion","damage_taken":0,"max_hp_gain":0,"max_hp_loss":0,"event_name":"The Woman in Blue","floor":38,"gold_loss":0},{"damage_healed":0,"gold_gain":0,"player_choice":"Ignored","damage_taken":0,"max_hp_gain":0,"max_hp_loss":0,"event_name":"Tomb of Lord Red Mask","floor":44,"gold_loss":0}],"is_beta":false,"boss_relics":[{"not_picked":["SlaversCollar","Runic Dome"],"picked":"Busted Crown"},{"not_picked":["Empty Cage","Philosopher\u0027s Stone"],"picked":"Coffee Dripper"}],"items_purged_floors":[14,25,37],"is_endless":false,"potions_floor_spawned":[3,7,8,16,18,21,28,36,39,45,48,55],"ascension_level":20}}