{"host":"py7qdianp3jrm8dm","time":1613856627,"event":{"mods":["AchievementEnabler","BaseMod","Bestiary","Downfall","Highlight Path","Minty Spire (QoL Compilation)","StSLib"],"gold_per_floor":[119,119,119,135,285,285,285,316,341,377,33,33,33,62,62,150,159,188,214,139,139,139],"floor_reached":21,"language":"ENG","playtime":604,"items_purged":["Defend_R"],"score":378,"play_id":"bc334363-02c7-4161-9bfd-30caf50cacf1","local_time":"20210220213027","is_ascension_mode":true,"campfire_choices":[{"data":"Pommel Strike","floor":6,"key":"SMITH"},{"data":"Bash","floor":12,"key":"SMITH"},{"data":"Headbutt","floor":15,"key":"SMITH"}],"circlet_count":0,"master_deck":["AscendersBane","Strike_R","Strike_R","Strike_R","Strike_R","Strike_R","Defend_R","Defend_R","Defend_R","Bash+1","Shrug It Off","Pommel Strike+1","Headbutt+1","Thunderclap","Carnage+1","Perfected Strike+1","Offering","CurseOfTheBell","Iron Wave+1","Clash+1"],"relics":["Burning Blood","NeowsBlessing","WingedGreaves","CeramicFish","Pocketwatch","Molten Egg 2","Calling Bell","Red Skull","Ornamental Fan","Dead Branch"],"acts_visited":["Exordium","TheCity"],"potions_floor_usage":[16],"damage_taken":[{"damage":0,"enemies":"Small Slimes","floor":1,"turns":1},{"damage":0,"enemies":"Cultist","floor":4,"turns":1},{"damage":0,"enemies":"Lagavulin","floor":8,"turns":1},{"damage":40,"enemies":"Gremlin Nob","floor":10,"turns":5},{"damage":12,"enemies":"Jaw Worm","floor":14,"turns":2},{"damage":44,"enemies":"Hexaghost","floor":16,"turns":7},{"damage":20,"enemies":"3 Byrds","floor":18,"turns":4},{"damage":39,"enemies":"Shell Parasite","floor":19,"turns":4},{"damage":19,"enemies":"Snake Plant","floor":21,"turns":1}],"seed_played":"7049023519619858659","potions_obtained":[{"floor":4,"key":"CultistPotion"},{"floor":8,"key":"BloodPotion"},{"floor":18,"key":"PowerPotion"}],"is_trial":false,"path_per_floor":["M","?","$","M","?","R","?","E","T","E","$","R","$","M","R","B",null,"M","M","$","M"],"character_chosen":"IRONCLAD","items_purchased":["Molten Egg 2","Carnage+1"],"campfire_rested":0,"item_purchase_floors":[11,11],"current_hp_per_floor":[74,75,75,75,75,75,75,75,75,41,41,41,41,35,35,12,59,45,12,12,0,0],"gold":139,"neow_bonus":"THREE_ENEMY_KILL","is_daily":false,"chose_seed":false,"campfire_upgraded":3,"win_rate":0.0,"timestamp":1613856627,"path_taken":["M","?","?","?","?","R","?","E","T","E","?","R","$","M","R","BOSS","M","M","$","M"],"items_purchased_type":["Relic","Card"],"build_version":"2020-12-22","purchased_purges":1,"victory":false,"max_hp_per_floor":[75,75,75,75,75,75,75,75,75,75,75,75,75,75,75,75,75,75,75,75,75,75],"card_choices":[{"not_picked":["Iron Wave","Second Wind"],"picked":"Shrug It Off","floor":1},{"not_picked":["Infernal Blade","Sword Boomerang"],"picked":"Pommel Strike","floor":4},{"not_picked":["Hemokinesis","Second Wind"],"picked":"Headbutt","floor":8},{"not_picked":["Second Wind","Warcry"],"picked":"Thunderclap","floor":10},{"not_picked":["Anger+1","Burning Pact"],"picked":"Perfected Strike+1","floor":14},{"not_picked":["Brutality","Exhume"],"picked":"Offering","floor":16},{"not_picked":["Wild Strike+1","Shrug It Off"],"picked":"Iron Wave+1","floor":18},{"not_picked":["Flex+1","Havoc"],"picked":"Clash+1","floor":19}],"player_experience":630564,"relics_obtained":[{"floor":8,"key":"WingedGreaves"},{"floor":9,"key":"CeramicFish"},{"floor":10,"key":"Pocketwatch"},{"floor":17,"key":"Red Skull"},{"floor":17,"key":"Ornamental Fan"},{"floor":17,"key":"Dead Branch"}],"event_choices":[{"damage_healed":1,"gold_gain":0,"player_choice":"Full Heal","damage_taken":0,"max_hp_gain":0,"max_hp_loss":0,"event_name":"Wheel of Change","floor":2,"gold_loss":0},{"damage_healed":0,"gold_gain":150,"player_choice":"AGREE","damage_taken":0,"max_hp_gain":0,"max_hp_loss":0,"event_name":"Liars Game","floor":5,"gold_loss":0,"cards_obtained":["Doubt"]},{"cards_removed":["Doubt"],"damage_healed":0,"gold_gain":0,"player_choice":"Forget","damage_taken":0,"max_hp_gain":0,"max_hp_loss":0,"event_name":"Living Wall","floor":7,"gold_loss":0}],"is_beta":false,"boss_relics":[{"not_picked":["Busted Crown","Ectoplasm"],"picked":"Calling Bell"}],"items_purged_floors":[20],"is_endless":false,"potions_floor_spawned":[4,8,18],"killed_by":"Snake Plant","ascension_level":16}}