{"host":"gzsdmyo07u314vug","time":1613795497,"event":{"mods":["2.2 Compatiblity","Astrologer","BaseMod","Colored Powertips","GifTheSpireLib","Gremlin Mod","Hermit","Jorbs\u0027s Wanderer Trilogy","Minty Spire (QoL Compilation)","Quick Restart","Rare Cards Sparkle","Relic Stats","Replay The Spire","Robot Space Explorer","Shop Mod","StSLib","The Bladedancer","The Bug Knight","The Construct","The Cursed","The Elementalist","The Hierophant","The IronCluck","The Marked","The Necromancer","The Runesmith","The Servant 0.9.4","Unceasing Turn Reminder","everything is the same but u backflip on backflip","slay the spire mod where everything is the same but ironclad has a cowboy hat"],"gold_per_floor":[110,110,110,143,19,87,87,122,191,191,213,240,240,268,268,429,429,472,515,260,292,328,328,375,413,413,446,501,537,477,523,523,674,674,713,759,231,293,394,394,465,465,465,540,590,590,640,693,693,801,801,801,651,730,883],"floor_reached":56,"language":"ENG","playtime":2909,"items_purged":["TheCursedMod:CursedWand","TheCursedMod:ManaBullet+1","TheCursedMod:CircleOfCorruption","TheCursedMod:SurpriseAttack+1"],"score":1662,"play_id":"d9e44ecb-50ac-4579-b9ef-99813a2b2478","local_time":"20210220013137","is_ascension_mode":true,"campfire_choices":[{"data":"1","floor":13.0,"key":"LIFT"},{"data":"2","floor":15.0,"key":"LIFT"},{"data":"3","floor":23.0,"key":"LIFT"},{"floor":32.0,"key":"RECALL"},{"data":"TheCursedMod:CircleOfWindfury","floor":40.0,"key":"SMITH"},{"data":"TheCursedMod:CleanUpWorkshop","floor":46.0,"key":"SMITH"},{"data":"TheCursedMod:NeowsMight","floor":49.0,"key":"SMITH"},{"data":"TheCursedMod:Wield","floor":52.0,"key":"SMITH"}],"circlet_count":0,"master_deck":["TheCursedMod:CleanUpWorkshop+1","TheCursedMod:CursedShiv","TheCursedMod:Wield+1","TheCursedMod:CircleOfWindfury+1","TheCursedMod:CircleOfAbyss","TheCursedMod:NeowsMight+1","TheCursedMod:NeowsMight+1"],"relics":["TheCursedMod:MagicCandle","Replay:Bandana","Girya","Iron Hammer","Black Star","Sling","Omamori","Bottled Flame","Replay:Bottled Flurry","Garlic","Akabeko","Vajra","Sundial","Empty Cage","Letter Opener","ClockworkSouvenir","construct:RocketBooster","Calipers","StoneCalendar","Bird Faced Urn","Nunchaku","TheCursedMod:BloodyHarpoon","Snack Pack"],"acts_visited":["Exordium","TheCity","TheBeyond","TheEnding"],"potions_floor_usage":[55,55],"damage_taken":[{"damage":0.0,"enemies":"Small Slimes","floor":1.0,"turns":1.0},{"damage":0.0,"enemies":"Jaw Worm","floor":4.0,"turns":1.0},{"damage":0.0,"enemies":"Lagavulin","floor":6.0,"turns":1.0},{"damage":0.0,"enemies":"Cultist","floor":8.0,"turns":1.0},{"damage":0.0,"enemies":"Exordium Wildlife","floor":11.0,"turns":1.0},{"damage":0.0,"enemies":"Lots of Slimes","floor":12.0,"turns":1.0},{"damage":0.0,"enemies":"Blue Slaver","floor":14.0,"turns":1.0},{"damage":0.0,"enemies":"The Guardian","floor":16.0,"turns":1.0},{"damage":0.0,"enemies":"3 Byrds","floor":18.0,"turns":1.0},{"damage":0.0,"enemies":"Chosen","floor":19.0,"turns":1.0},{"damage":0.0,"enemies":"Snake Plant","floor":21.0,"turns":1.0},{"damage":0.0,"enemies":"3 Cultists","floor":22.0,"turns":1.0},{"damage":0.0,"enemies":"Book of Stabbing","floor":24.0,"turns":1.0},{"damage":0.0,"enemies":"Snecko","floor":25.0,"turns":1.0},{"damage":0.0,"enemies":"Chosen and Byrds","floor":27.0,"turns":1.0},{"damage":0.0,"enemies":"Gremlin Leader","floor":28.0,"turns":1.0},{"damage":0.0,"enemies":"Cultist and Chosen","floor":29.0,"turns":1.0},{"damage":0.0,"enemies":"Book of Stabbing","floor":31.0,"turns":1.0},{"damage":0.0,"enemies":"Pondfish","floor":33.0,"turns":2.0},{"damage":0.0,"enemies":"3 Shapes","floor":35.0,"turns":1.0},{"damage":0.0,"enemies":"3 Darklings","floor":36.0,"turns":1.0},{"damage":0.0,"enemies":"Transient","floor":38.0,"turns":5.0},{"damage":0.0,"enemies":"Writhing Mass","floor":39.0,"turns":1.0},{"damage":0.0,"enemies":"Nemesis","floor":41.0,"turns":1.0},{"damage":0.0,"enemies":"Reptomancer","floor":44.0,"turns":1.0},{"damage":0.0,"enemies":"Spire Growth","floor":47.0,"turns":1.0},{"damage":0.0,"enemies":"3 Darklings","floor":48.0,"turns":1.0},{"damage":0.0,"enemies":"Replay:Hell Engine","floor":50.0,"turns":1.0},{"damage":0.0,"enemies":"Shield and Spear","floor":54.0,"turns":1.0},{"damage":1,"enemies":"The Heart","floor":55,"turns":4}],"seed_played":"7683917413994308674","potions_obtained":[{"floor":1.0,"key":"DuplicationPotion"},{"floor":11.0,"key":"Regen Potion"},{"floor":14.0,"key":"PowerPotion"}],"is_trial":false,"path_per_floor":["M","?","?","M","$","E","?","M","T","T","M","M","R","M","R","B",null,"M","M","$","M","M","R","E","M","T","M","E","M","?","E","R","B",null,"M","M","$","M","M","R","E","?","T","E","?","R","M","M","R","B",null,"R","$","E","B",null],"character_chosen":"THE_CURSED","items_purchased":["TheCursedMod:SurpriseAttack","Sling","Letter Opener","ClockworkSouvenir"],"campfire_rested":0,"item_purchase_floors":[5,20,37,37],"current_hp_per_floor":[68,68,61,61,61,61,61,61,61,61,61,61,61,61,61,61,66,66,66,66,66,66,66,66,66,66,66,66,66,66,66,66,66,68,68,68,68,68,68,68,68,68,68,68,68,68,68,68,68,68,68,68,68,68,68],"gold":883,"neow_bonus":"THREE_RARE_CARDS","is_daily":false,"chose_seed":false,"campfire_upgraded":4,"win_rate":0.0,"timestamp":1613795497,"path_taken":["M","?","?","?","$","E","?","?","T","?","M","?","R","M","R","BOSS","M","M","$","M","M","R","E","M","T","M","E","M","?","E","R","BOSS","M","M","$","M","M","R","E","?","T","E","?","R","M","M","R","BOSS","R","$","E","BOSS"],"items_purchased_type":["Card","Relic","Relic","Relic"],"build_version":"2020-12-22","purchased_purges":4,"victory":true,"max_hp_per_floor":[68,68,68,68,68,68,68,68,68,68,68,68,68,68,68,68,68,68,68,68,68,68,68,68,68,68,68,68,68,68,68,68,68,68,68,68,68,68,68,68,68,68,68,68,68,68,68,68,68,68,68,68,68,68,68],"relic_stats":{"Nunchaku":[13],"counters":[30,38],"Sundial":[290],"Bird Faced Urn":[0],"StoneCalendar":[0],"Black Star":6,"Letter Opener":[259],"obtain_stats":[{"TheCursedMod:BloodyHarpoon":54,"Girya":6,"construct:RocketBooster":41,"Calipers":41,"Vajra":31,"StoneCalendar":43,"Omamori":24,"Letter Opener":37,"TheCursedMod:MagicCandle":0,"Sling":20,"Empty Cage":34,"Akabeko":28,"ClockworkSouvenir":37,"Replay:Bandana":3,"Bottled Flame":24,"Nunchaku":44,"Sundial":31,"Bird Faced Urn":44,"Iron Hammer":9,"Black Star":17,"Replay:Bottled Flurry":26,"Garlic":28,"Snack Pack":54},{"TheCursedMod:BloodyHarpoon":29,"Girya":3,"construct:RocketBooster":24,"Calipers":24,"Vajra":18,"StoneCalendar":24,"Omamori":13,"Letter Opener":21,"TheCursedMod:MagicCandle":0,"Sling":10,"Empty Cage":19,"Akabeko":16,"ClockworkSouvenir":21,"Replay:Bandana":1,"Bottled Flame":13,"Nunchaku":25,"Sundial":18,"Bird Faced Urn":25,"Iron Hammer":4,"Black Star":8,"Replay:Bottled Flurry":14,"Garlic":16,"Snack Pack":29},{"TheCursedMod:BloodyHarpoon":34,"Girya":3,"construct:RocketBooster":29,"Calipers":29,"Vajra":18,"StoneCalendar":29,"Omamori":13,"Letter Opener":22,"TheCursedMod:MagicCandle":0,"Sling":10,"Empty Cage":20,"Akabeko":16,"ClockworkSouvenir":22,"Replay:Bandana":1,"Bottled Flame":13,"Nunchaku":30,"Sundial":18,"Bird Faced Urn":30,"Iron Hammer":4,"Black Star":8,"Replay:Bottled Flurry":14,"Garlic":16,"Snack Pack":34}]},"card_choices":[{"not_picked":["TheCursedMod:DarkBarrier","TheCursedMod:AntiAging"],"picked":"TheCursedMod:NeowsMight","floor":0.0},{"not_picked":["TheCursedMod:SoulReap","TheCursedMod:SpitefulStrike","TheCursedMod:CircleOfCorruption"],"picked":"SKIP","floor":1.0},{"not_picked":["TheCursedMod:RapidMovement","TheCursedMod:BlessingInDisguise","TheCursedMod:Stigma"],"picked":"SKIP","floor":4.0},{"not_picked":["TheCursedMod:SurpriseAttack","TheCursedMod:CursedArmor","TheCursedMod:Wield"],"picked":"SKIP","floor":6.0},{"not_picked":["TheCursedMod:TacticalStrike","TheCursedMod:Stretching","TheCursedMod:Torture"],"picked":"SKIP","floor":8.0},{"not_picked":["TheCursedMod:RavingStaff","TheCursedMod:VoidForm","TheCursedMod:DoubleShield"],"picked":"SKIP","floor":11.0},{"not_picked":["TheCursedMod:HellfireBreathing","TheCursedMod:Obscuration","TheCursedMod:CursedAmulet"],"picked":"SKIP","floor":12.0},{"not_picked":["TheCursedMod:BloodBarrier","TheCursedMod:HellfireBreathing","TheCursedMod:SoulReap"],"picked":"SKIP","floor":14.0},{"not_picked":["TheCursedMod:ParallelWorld","TheCursedMod:ForbiddenAlchemy"],"picked":"TheCursedMod:NeowsMight","floor":16.0},{"not_picked":["TheCursedMod:FuryStrike","TheCursedMod:Stretching","TheCursedMod:Wield"],"picked":"SKIP","floor":18.0},{"not_picked":["TheCursedMod:SpitefulPlan","TheCursedMod:SaltUponWound","TheCursedMod:CircleOfBlood+1"],"picked":"SKIP","floor":19.0},{"not_picked":["TheCursedMod:Stretching","TheCursedMod:CircleOfCorruption+1","TheCursedMod:SaltUponWound+1"],"picked":"SKIP","floor":21.0},{"not_picked":["TheCursedMod:Hemoplague","TheCursedMod:CircleOfCorruption","TheCursedMod:BlessingInDisguise+1"],"picked":"SKIP","floor":22.0},{"not_picked":["TheCursedMod:SmokeScreen","TheCursedMod:CursedAmulet","TheCursedMod:ReleasedStrength"],"picked":"SKIP","floor":24.0},{"not_picked":["TheCursedMod:Wield","TheCursedMod:SoulReap","TheCursedMod:ManaCirculation"],"picked":"SKIP","floor":25.0},{"not_picked":["TheCursedMod:SmokeScreen+1","TheCursedMod:CircleOfFlame","TheCursedMod:CircleOfCorruption+1"],"picked":"SKIP","floor":27.0},{"not_picked":["TheCursedMod:Stretching","TheCursedMod:AntiAging","TheCursedMod:CircleOfCorruption"],"picked":"SKIP","floor":28.0},{"not_picked":["TheCursedMod:CursedMace+1","TheCursedMod:LuckyCharm","TheCursedMod:RapidMovement"],"picked":"SKIP","floor":29.0},{"not_picked":["TheCursedMod:Obscuration+1","TheCursedMod:HellfireBreathing","TheCursedMod:CircleOfWindfury"],"picked":"SKIP","floor":31.0},{"not_picked":["TheCursedMod:Stigma","TheCursedMod:CursedSpellbook","TheCursedMod:CursedBoomerang+1"],"picked":"SKIP","floor":35.0},{"not_picked":["TheCursedMod:SoulCrush+1","TheCursedMod:CursedAmulet+1","TheCursedMod:SaltUponWound"],"picked":"SKIP","floor":36.0},{"not_picked":["TheCursedMod:VitalStrike+1","TheCursedMod:BloodBarrier+1","TheCursedMod:CursedStaff+1"],"picked":"SKIP","floor":38.0},{"not_picked":["TheCursedMod:SaltUponWound","TheCursedMod:Wield+1","TheCursedMod:SoulReap"],"picked":"SKIP","floor":39.0},{"not_picked":["TheCursedMod:CircleOfFocus+1","TheCursedMod:CircleOfBlood+1","TheCursedMod:TacticalStrike"],"picked":"SKIP","floor":41.0},{"not_picked":["TheCursedMod:TacticalStrike+1","TheCursedMod:CircleOfCorruption+1","TheCursedMod:CursedBlade+1"],"picked":"SKIP","floor":44.0},{"not_picked":["TheCursedMod:CircleOfFlame+1","TheCursedMod:TacticalStrike","TheCursedMod:CursedStaff+1"],"picked":"SKIP","floor":47.0},{"not_picked":["TheCursedMod:ReleasedKnowledge","TheCursedMod:SurpriseAttack","TheCursedMod:SpitefulStrike"],"picked":"SKIP","floor":48.0},{"not_picked":["TheCursedMod:DemonicPact","TheCursedMod:TacticalStrike+1","TheCursedMod:FleshFromBone+1"],"picked":"SKIP","floor":54.0}],"player_experience":936204,"relics_obtained":[{"floor":6.0,"key":"Girya"},{"floor":9.0,"key":"Iron Hammer"},{"floor":24.0,"key":"Omamori"},{"floor":24.0,"key":"Bottled Flame"},{"floor":26.0,"key":"Replay:Bottled Flurry"},{"floor":28.0,"key":"Garlic"},{"floor":28.0,"key":"Akabeko"},{"floor":31.0,"key":"Vajra"},{"floor":31.0,"key":"Sundial"},{"floor":41.0,"key":"construct:RocketBooster"},{"floor":41.0,"key":"Calipers"},{"floor":43.0,"key":"StoneCalendar"},{"floor":44.0,"key":"Bird Faced Urn"},{"floor":44.0,"key":"Nunchaku"},{"floor":54.0,"key":"TheCursedMod:BloodyHarpoon"},{"floor":54.0,"key":"Snack Pack"}],"event_choices":[{"damage_healed":0.0,"max_hp_gain":0.0,"max_hp_loss":0.0,"gold_gain":0.0,"event_name":"Scrap Ooze","player_choice":"Success","floor":3.0,"gold_loss":0.0,"damage_taken":7.0,"relics_obtained":["Replay:Bandana"]},{"damage_healed":0.0,"max_hp_gain":0.0,"max_hp_loss":0.0,"gold_gain":0.0,"event_name":"Transmorgrifier","player_choice":"Ignored","floor":7.0,"gold_loss":0.0,"damage_taken":0.0},{"damage_healed":0.0,"max_hp_gain":0.0,"max_hp_loss":0.0,"gold_gain":0.0,"event_name":"Tomb of Lord Red Mask","player_choice":"Ignored","floor":42.0,"gold_loss":0.0,"damage_taken":0.0}],"is_beta":false,"boss_relics":[{"not_picked":["Ring of Chaos","Snecko Eye"],"picked":"Black Star"},{"not_picked":["SlaversCollar","Cursed Key"],"picked":"Empty Cage"}],"items_purged_floors":[5,20,37,53],"is_endless":false,"potions_floor_spawned":[1,11,14,18,21,22,28,31,33,41,44,47,48],"ascension_level":6}}