{"host":"afy7f4cwlzlk9d39","time":1613810241,"event":{"mods":["Act Like it!","BaseMod","Colored Powertips","Energized Spire","Koishi","Minty Spire (QoL Compilation)","Pale of the Ancients","Quick Restart","Reliquary","Remove Card Discount Mod","Replay The Spire","StSLib","°æπ¶ƒ‹Mod°øªÏ„Á÷Æª∑–ﬁ∏¥≤π∂°","°æ“≈ŒÔø®≈∆°øREMEMod"],"gold_per_floor":[110,110,130,130,146,181,197,212,212,212,29,55,55,73,73,177,177,191,191,201,457,468,468,499,509,588,189,189,189,189,204,114,146,146,245,445,465,513,513,513,527,561,574,603,603,622,622,565,583,596,596,596],"floor_reached":53,"language":"ZHS","playtime":12143,"items_purged":["Defend_G","Strike_G","Strike_G","Defend_G","ReplayTheSpireMod:Splinters","Strike_G","Strike_G","Strike_G","ReplayTheSpireMod:Shiv Toss","Defend_G","Survey Options","Defend_G","Dagger Throw"],"score":843,"play_id":"7ec49058-a3ef-461d-b3b5-afcf6ea6ccc3","local_time":"20210220163721","is_ascension_mode":true,"campfire_choices":[{"data":"After Image","floor":10.0,"key":"SMITH"},{"data":"Accuracy","floor":13.0,"key":"SMITH"},{"floor":15.0,"key":"REST"},{"data":"Well Laid Plans","floor":23.0,"key":"SMITH"},{"floor":30.0,"key":"REST"},{"floor":34,"key":"REST"},{"data":"After Image","floor":47,"key":"SMITH"}],"circlet_count":0,"master_deck":["Survivor","Neutralize","Accuracy+1","Blade Dance","After Image+1","Acrobatics+1","Well Laid Plans+1","Prepared","Burst","REME_ShadowForm","Reflex","Backflip","Prepared+1","Footwork+1","Escape Plan","REME_BuildACard+1","Blind","Blade Dance","Underhanded Strike+1","After Image+1","CurseOfTheBell","Madness","Madness","Distraction+1","Accuracy+1","Outmaneuver+1","ReplayTheSpireMod:The Works+1","Footwork"],"relics":["Ring of the Snake","REME_ComplimentaryCards","WarpedTongs","reliquary:Vitrine","Calipers","REME_DemonsWealth","reliquary:GummyVitamins","InkBottle","reliquary:QuartzCube","ReplayTheSpireMod:ShopPack","White Beast Statue","Mercury Hourglass","Calling Bell","MealTicket","Ninja Scroll","Byrd Skull","Dream Catcher","Darkstone Periapt","Blue Doll","reliquary:BoilingFlask"],"acts_visited":["Exordium","TheCity","TheBeyond"],"potions_floor_usage":[35,42,46,52,52],"damage_taken":[{"damage":0.0,"enemies":"2 Louse","floor":1.0,"turns":4.0},{"damage":2.0,"enemies":"Cultist","floor":3.0,"turns":5.0},{"damage":1.0,"enemies":"Small Slimes","floor":5.0,"turns":4.0},{"damage":22.0,"enemies":"Gremlin Nob","floor":6.0,"turns":4.0},{"damage":8.0,"enemies":"Gremlin Gang","floor":7.0,"turns":6.0},{"damage":3.0,"enemies":"Blue Slaver","floor":8.0,"turns":4.0},{"damage":2.0,"enemies":"Replay:BlueRogue","floor":12.0,"turns":5.0},{"damage":2.0,"enemies":"3 Louse","floor":14.0,"turns":2.0},{"damage":21.0,"enemies":"The Guardian","floor":16.0,"turns":8.0},{"damage":14.0,"enemies":"Chosen","floor":18.0,"turns":7.0},{"damage":3.0,"enemies":"Spheric Guardian","floor":20.0,"turns":5.0},{"damage":10.0,"enemies":"Centurion and Healer","floor":22.0,"turns":7.0},{"damage":25.0,"enemies":"Slavers","floor":24.0,"turns":7.0},{"damage":15.0,"enemies":"Snecko","floor":25.0,"turns":7.0},{"damage":0,"enemies":"3 Cultists","floor":31,"turns":5},{"damage":6,"enemies":"Gremlin Leader","floor":33,"turns":6},{"damage":3,"enemies":"Champ","floor":35,"turns":7},{"damage":6,"enemies":"3 Shapes","floor":37,"turns":4},{"damage":1,"enemies":"3 Darklings","floor":41,"turns":5},{"damage":5,"enemies":"Reptomancer","floor":42,"turns":4},{"damage":9,"enemies":"Jaw Worm Horde","floor":43,"turns":4},{"damage":1,"enemies":"Giant Head","floor":44,"turns":5},{"damage":0,"enemies":"Sphere and 2 Shapes","floor":46,"turns":4},{"damage":0,"enemies":"Transient","floor":49,"turns":5},{"damage":15,"enemies":"Jaw Worm Horde","floor":50,"turns":3},{"damage":61,"enemies":"Time Eater","floor":52,"turns":12}],"seed_played":"3392526312804794659","potions_obtained":[{"floor":3.0,"key":"Milkshake"},{"floor":5.0,"key":"EssenceOfSteel"},{"floor":6.0,"key":"ColorlessPotion"},{"floor":22.0,"key":"AttackPotion"},{"floor":24.0,"key":"SkillPotion"},{"floor":25.0,"key":"BlessingOfTheForge"},{"floor":31,"key":"Adrenaline Potion"},{"floor":35,"key":"Fire Potion"},{"floor":37,"key":"PowerPotion"},{"floor":42,"key":"Ancient Potion"},{"floor":46,"key":"FairyPotion"}],"is_trial":false,"path_per_floor":["M","?","M","?","M","E","M","M","T","R","$","E","R","M","R","B",null,"M","?","M","?","M","R","E","M","T","$","PTL","PTL","R","M","?","E","R","B",null,"M","T","?","?","M","E","M","E","T","M","R","$","M","M","R","B",null],"character_chosen":"THE_SILENT","items_purchased":["Acrobatics","Well Laid Plans","AttackPotion","ReplayTheSpireMod:ShopPack","White Beast Statue","SkillPotion"],"campfire_rested":3,"item_purchase_floors":[11,11,11,27,27,48],"current_hp_per_floor":[77,77,75,75,74,52,44,41,41,41,41,39,39,37,60,39,77,63,63,60,60,50,50,25,10,10,10,10,10,33,33,33,27,50,47,77,71,71,61,61,60,55,46,45,45,45,45,60,60,45,68,7],"gold":596,"neow_bonus":"TEN_PERCENT_HP_BONUS","is_daily":false,"chose_seed":false,"campfire_upgraded":4,"win_rate":0.0,"timestamp":1613810241,"path_taken":["M","?","?","?","?","E","M","M","T","R","$","E","R","M","R","BOSS","M","?","?","?","M","R","E","M","T","$","PTL","PTL","R","M","?","E","R","BOSS","M","?","?","?","?","E","M","E","T","M","R","?","M","M","R","BOSS"],"items_purchased_type":["Card","Card","Potion","Relic","Relic","Potion"],"build_version":"2020-12-22","purchased_purges":13,"victory":true,"max_hp_per_floor":[77,77,77,77,77,77,77,77,77,77,77,77,77,77,77,77,77,77,77,77,77,77,77,77,77,77,77,77,77,77,77,77,77,77,77,77,77,77,77,77,77,77,77,77,77,77,77,77,77,77,77,77],"card_choices":[{"not_picked":["Deadly Poison","Deflect","ReplayTheSpireMod:Tripwire"],"picked":"SKIP","floor":1.0},{"not_picked":["Outmaneuver","Caltrops"],"picked":"Accuracy","floor":3.0},{"not_picked":["Prepared","ReplayTheSpireMod:Shiv Toss"],"picked":"Blade Dance","floor":5.0},{"not_picked":["Underhanded Strike","Deflect"],"picked":"After Image","floor":6.0},{"not_picked":["Backstab","Blade Dance"],"picked":"Tactician","floor":7.0},{"not_picked":["Slice","Riddle With Holes"],"picked":"Dagger Throw","floor":8.0},{"not_picked":["Sucker Punch","Replay:Poison Smokescreen"],"picked":"Prepared","floor":12.0},{"not_picked":["Dodge and Roll","Slice"],"picked":"Burst","floor":14.0},{"not_picked":["Doppelganger","Die Die Die"],"picked":"REME_ShadowForm","floor":16.0},{"not_picked":["Bane","Backflip+1","ReplayTheSpireMod:IOU"],"picked":"Reflex","floor":18.0},{"not_picked":["Quick Slash","Hidden Blade","ReplayTheSpireMod:Restless Dread"],"picked":"Backflip","floor":20.0},{"not_picked":["Die Die Die","Choke+1","Normality"],"picked":"Prepared+1","floor":21.0},{"not_picked":["Hidden Blade","Dodge and Roll","Languid"],"picked":"Footwork+1","floor":21.0},{"not_picked":["Quick Slash+1","Bane","Doubt"],"picked":"ReplayTheSpireMod:Shiv Toss","floor":22.0},{"not_picked":["Slice","Setup+1","Catalyst","Sickly"],"picked":"SKIP","floor":24.0},{"not_picked":["Flechettes","Sucker Punch+1","Writhe"],"picked":"Escape Plan","floor":25.0},{"not_picked":["Poisoned Strike","Mayhem","Master of Strategy"],"picked":"REME_BuildACard","floor":27.0},{"not_picked":["Impatience","Blind","REME_FirmDetermination"],"picked":"Survey Options","floor":27.0},{"not_picked":["Violence","REME_TwoStrings","Mayhem"],"picked":"Blind","floor":27.0},{"not_picked":["Slice","Reflex","CommonCold"],"picked":"Blade Dance","floor":31},{"not_picked":["Deflect+1","Replay:Bag of Tricks","Spreading Infection"],"picked":"Underhanded Strike+1","floor":33},{"not_picked":["Doppelganger","Malaise","ReplayTheSpireMod:Splinters"],"picked":"After Image","floor":35},{"not_picked":["Blade Dance+1","Catalyst+1","Hidden Blade","Writhe"],"picked":"SKIP","floor":37},{"not_picked":["Dagger Spray+1","Acrobatics+1","Deflect+1","CommonCold"],"picked":"SKIP","floor":41},{"not_picked":["Tools of the Trade","Underhanded Strike","Voices"],"picked":"Distraction+1","floor":42},{"not_picked":["PiercingWail+1","Deflect+1","ReplayTheSpireMod:Faulty Equipment"],"picked":"Accuracy+1","floor":43},{"not_picked":["Poisoned Stab","Dagger Spray","REME_GrazeFinale","Shame"],"picked":"SKIP","floor":44},{"not_picked":["Dash","Backstab+1","ReplayTheSpireMod:Doomed"],"picked":"Outmaneuver+1","floor":46},{"not_picked":["Bouncing Flask","Cloak And Dagger","Injury"],"picked":"ReplayTheSpireMod:The Works+1","floor":49},{"not_picked":["Prepared","Dodge and Roll","Delirium"],"picked":"Footwork","floor":50}],"player_experience":201212,"relics_obtained":[{"floor":9.0,"key":"reliquary:Vitrine"},{"floor":12.0,"key":"Calipers"},{"floor":21.0,"key":"reliquary:GummyVitamins"},{"floor":24.0,"key":"InkBottle"},{"floor":26.0,"key":"reliquary:QuartzCube"},{"floor":33,"key":"Mercury Hourglass"},{"floor":36,"key":"MealTicket"},{"floor":36,"key":"Ninja Scroll"},{"floor":36,"key":"Byrd Skull"},{"floor":38,"key":"Dream Catcher"},{"floor":42,"key":"Darkstone Periapt"},{"floor":44,"key":"Blue Doll"},{"floor":45,"key":"reliquary:BoilingFlask"}],"event_choices":[{"damage_healed":0.0,"max_hp_gain":0.0,"max_hp_loss":0.0,"gold_gain":0.0,"event_name":"Accursed Blacksmith","player_choice":"Rummage","floor":2.0,"gold_loss":0.0,"damage_taken":0.0,"relics_obtained":["WarpedTongs"],"cards_obtained":["Pain"]},{"cards_removed":["Pain"],"damage_healed":0.0,"max_hp_gain":0.0,"max_hp_loss":0.0,"gold_gain":0.0,"event_name":"Purifier","player_choice":"Purged","floor":4.0,"gold_loss":0.0,"damage_taken":0.0},{"damage_healed":0.0,"max_hp_gain":0.0,"max_hp_loss":0.0,"gold_gain":0.0,"event_name":"N\u0027loth","player_choice":"Ignored","floor":19.0,"gold_loss":0.0,"damage_taken":0.0},{"cards_removed":["Defend_G"],"damage_healed":0,"gold_gain":0,"player_choice":"Upgrade and Remove","damage_taken":0,"max_hp_gain":0,"max_hp_loss":0,"event_name":"Designer","floor":32,"gold_loss":90,"cards_upgraded":["Acrobatics"]},{"damage_healed":0,"gold_gain":0,"player_choice":"Embrace Madness","damage_taken":10,"max_hp_gain":0,"max_hp_loss":0,"event_name":"Winding Halls","floor":39,"gold_loss":0,"cards_obtained":["Madness","Madness"]},{"damage_healed":0,"gold_gain":0,"player_choice":"Ignored","damage_taken":0,"max_hp_gain":0,"max_hp_loss":0,"event_name":"Tomb of Lord Red Mask","floor":40,"gold_loss":0}],"is_beta":false,"boss_relics":[{"not_picked":["reliquary:Craggleroot","energizedSpire:HighHeels"],"picked":"REME_DemonsWealth"},{"not_picked":["Black Star","Sozu"],"picked":"Calling Bell"}],"items_purged_floors":[11,11,11,11,27,27,27,27,27,27,48,48,48],"is_endless":false,"potions_floor_spawned":[3,5,6,14,22,24,25,31,33,35,37,41,42,43,44,46,49,50],"ascension_level":2}}