{"host":"wbn3xdfsa5pc2kse","time":1613842293,"event":{"mods":["AchievementEnabler","BaseMod","Bestiary","Colored Map","Colored Powertips","Curses Come First","Highlight Path","Minty Spire (QoL Compilation)","Permanent Neow","Rare Cards Sparkle","Relic Stats","StSLib"],"gold_per_floor":[114,114,114,130,146,181,181,201,201,213,226,226,226],"floor_reached":12,"language":"ZHT","playtime":479,"items_purged":[],"score":164,"play_id":"021cbdf3-b40e-4abe-9f08-8a9fa39ed433","local_time":"20210221013133","is_ascension_mode":true,"campfire_choices":[{"data":"Consecrate","floor":7.0,"key":"SMITH"}],"circlet_count":0,"master_deck":["AscendersBane","Strike_P","Strike_P","Defend_P","Defend_P","Defend_P","Eruption+1","Vigilance","BowlingBash","Study","Perseverance","Consecrate+1","Indignation","ReachHeaven","FlurryOfBlows","Evaluate"],"relics":["PureWater","Happy Flower","Darkstone Periapt"],"acts_visited":["Exordium"],"potions_floor_usage":[],"damage_taken":[{"damage":1.0,"enemies":"Small Slimes","floor":1.0,"turns":5.0},{"damage":2.0,"enemies":"Jaw Worm","floor":4.0,"turns":3.0},{"damage":1.0,"enemies":"Cultist","floor":5.0,"turns":5.0},{"damage":27.0,"enemies":"3 Sentries","floor":6.0,"turns":16.0},{"damage":3.0,"enemies":"Blue Slaver","floor":8.0,"turns":4.0},{"damage":0.0,"enemies":"Looter","floor":10.0,"turns":2.0},{"damage":0.0,"enemies":"2 Fungi Beasts","floor":11.0,"turns":3.0},{"damage":15,"enemies":"Gremlin Nob","floor":12,"turns":2}],"seed_played":"3630059367322156935","potions_obtained":[{"floor":4.0,"key":"EntropicBrew"},{"floor":6.0,"key":"Block Potion"},{"floor":8.0,"key":"Ancient Potion"}],"is_trial":false,"path_per_floor":["M","?","?","M","M","E","R","M","T","M","M","E"],"character_chosen":"WATCHER","items_purchased":[],"campfire_rested":0,"item_purchase_floors":[],"current_hp_per_floor":[42,42,42,40,39,12,12,9,9,9,9,0,0],"gold":226,"neow_bonus":"REMOVE_TWO","is_daily":false,"chose_seed":false,"campfire_upgraded":1,"win_rate":0.0,"timestamp":1613842293,"path_taken":["M","?","?","M","M","E","R","M","T","M","?","E"],"items_purchased_type":[],"build_version":"2020-12-22","purchased_purges":0,"victory":false,"max_hp_per_floor":[68,68,68,68,68,68,68,68,68,68,68,68,68],"relic_stats":{"Darkstone Periapt":0,"Happy Flower":[3],"counters":[8,40],"obtain_stats":[{"Darkstone Periapt":9,"Happy Flower":6,"PureWater":0},{"Darkstone Periapt":5,"Happy Flower":4,"PureWater":0},{"Darkstone Periapt":33,"Happy Flower":29,"PureWater":0}]},"card_choices":[{"not_picked":["PathToVictory","SashWhip"],"picked":"BowlingBash","floor":1.0},{"not_picked":["EmptyFist","PathToVictory"],"picked":"Perseverance","floor":4.0},{"not_picked":["BowlingBash","ThirdEye"],"picked":"Consecrate","floor":5.0},{"not_picked":["WaveOfTheHand","DeceiveReality"],"picked":"Indignation","floor":6.0},{"not_picked":["Crescendo","ClearTheMind"],"picked":"ReachHeaven","floor":8.0},{"not_picked":["Omniscience","ForeignInfluence"],"picked":"FlurryOfBlows","floor":10.0},{"not_picked":["ForeignInfluence","LikeWater"],"picked":"Evaluate","floor":11.0}],"player_experience":844289,"relics_obtained":[{"floor":6.0,"key":"Happy Flower"},{"floor":9.0,"key":"Darkstone Periapt"}],"event_choices":[{"damage_healed":0.0,"max_hp_gain":0.0,"max_hp_loss":0.0,"gold_gain":0.0,"event_name":"Living Wall","player_choice":"Grow","floor":2.0,"gold_loss":0.0,"damage_taken":0.0,"cards_upgraded":["Eruption"]},{"damage_healed":0.0,"max_hp_gain":0.0,"max_hp_loss":0.0,"gold_gain":0.0,"cards_transformed":["Strike_P"],"event_name":"Transmorgrifier","player_choice":"Transformed","floor":3.0,"gold_loss":0.0,"damage_taken":0.0,"cards_obtained":["Study"]}],"is_beta":false,"boss_relics":[],"items_purged_floors":[],"is_endless":false,"potions_floor_spawned":[4,6,8],"killed_by":"Gremlin Nob","ascension_level":20}}