{"host":"°¶±ßÂ¶°é","time":1613809513,"event":{"mods":["AchievementEnabler","BaseMod","Downfall","Marisa£¨ìFÓê¡¡Ä§ÀíÉ³£©","Minty Spire (QoL Compilation)","StSLib","The Servant 0.9.4"],"gold_per_floor":[109,184,204,204,204,236,252,252,276,276,289,136,136,149,149,227,227,246,246,58,58,74,74,35,35,88,88,88,88,100,120,120,194,194,210,235,245,245,245,245,270,282,282,282,0,20,20,30,30,30],"floor_reached":51,"language":"ZHS","playtime":3847,"items_purged":["Strike_G","Strike_G","Strike_G"],"score":1235,"play_id":"846cbde6-65aa-4a39-96c5-ccaec2497be1","local_time":"20210220162513","is_ascension_mode":true,"campfire_choices":[{"data":"Neutralize","floor":8.0,"key":"SMITH"},{"data":"Flechettes","floor":10.0,"key":"SMITH"},{"data":"Noxious Fumes","floor":15.0,"key":"SMITH"},{"data":"Burst","floor":23.0,"key":"SMITH"},{"data":"Footwork","floor":25.0,"key":"SMITH"},{"data":"Leg Sweep","floor":27.0,"key":"SMITH"},{"floor":32.0,"key":"REST"},{"data":"Footwork","floor":40.0,"key":"SMITH"},{"data":"Well Laid Plans","floor":49,"key":"SMITH"}],"circlet_count":0,"master_deck":["AscendersBane","Defend_G","Defend_G","Defend_G","Defend_G","Defend_G","Survivor","Neutralize+1","Flechettes+1","Noxious Fumes+1","Burst+1","Leg Sweep+1","Noxious Fumes+1","Footwork+1","Well Laid Plans+1","Footwork+1","Escape Plan+1","Escape Plan"],"relics":["Ring of the Snake","NeowsBlessing","Centennial Puzzle","Blood Vial","Akabeko","expansioncontent:StudyCardRelic","Ancient Tea Set","Busted Crown","StoneCalendar","Bag of Preparation","Pantograph","Oddly Smooth Stone"],"acts_visited":["Exordium","TheCity","TheBeyond"],"potions_floor_usage":[50],"damage_taken":[{"damage":0.0,"enemies":"Jaw Worm","floor":1.0,"turns":1.0},{"damage":0.0,"enemies":"2 Louse","floor":3.0,"turns":1.0},{"damage":0.0,"enemies":"Gremlin Nob","floor":6.0,"turns":1.0},{"damage":0.0,"enemies":"Cultist","floor":7.0,"turns":3.0},{"damage":0.0,"enemies":"3 Louse","floor":11.0,"turns":1.0},{"damage":7.0,"enemies":"Large Slime","floor":14.0,"turns":4.0},{"damage":47.0,"enemies":"Hexaghost","floor":16.0,"turns":11.0},{"damage":6.0,"enemies":"3 Byrds","floor":18.0,"turns":4.0},{"damage":1.0,"enemies":"Spheric Guardian","floor":22.0,"turns":6.0},{"damage":19.0,"enemies":"Shelled Parasite and Fungi","floor":30.0,"turns":8.0},{"damage":13.0,"enemies":"Snake Plant","floor":31.0,"turns":4.0},{"damage":21.0,"enemies":"Collector","floor":33.0,"turns":10.0},{"damage":17.0,"enemies":"3 Darklings","floor":35.0,"turns":5.0},{"damage":0.0,"enemies":"Mind Bloom Boss Battle","floor":36.0,"turns":10.0},{"damage":0.0,"enemies":"3 Shapes","floor":37.0,"turns":4.0},{"damage":0.0,"enemies":"Transient","floor":39.0,"turns":1.0},{"damage":46.0,"enemies":"Giant Head","floor":41.0,"turns":12.0},{"damage":0.0,"enemies":"Writhing Mass","floor":42.0,"turns":7.0},{"damage":0,"enemies":"Spire Growth","floor":46,"turns":5},{"damage":1,"enemies":"Transient","floor":48,"turns":6},{"damage":5,"enemies":"Awakened One","floor":50,"turns":18}],"seed_played":"2950765606790977400","potions_obtained":[{"floor":3.0,"key":"ColorlessPotion"},{"floor":6.0,"key":"Swift Potion"},{"floor":18.0,"key":"FairyPotion"},{"floor":30.0,"key":"FearPotion"},{"floor":31.0,"key":"SmokeBomb"},{"floor":42.0,"key":"Weak Potion"}],"is_trial":false,"path_per_floor":["M","?","M","T","?","E","M","R","T","R","M","$","?","M","R","B",null,"M","?","$","$","M","R","$","R","T","R","?","?","M","M","R","B",null,"M","?","M","?","M","R","E","M","T","?","$","M","?","M","R","B",null],"character_chosen":"THE_SILENT","items_purchased":["Noxious Fumes","Footwork","Well Laid Plans","Oddly Smooth Stone"],"campfire_rested":1,"item_purchase_floors":[12,20,24,45],"current_hp_per_floor":[59,48,48,48,48,48,50,50,50,50,52,52,52,47,47,2,50,46,46,46,46,47,47,47,47,47,47,47,47,30,19,38,19,54,39,41,43,43,45,45,1,3,3,3,3,5,66,65,65,61],"gold":30,"neow_bonus":"THREE_ENEMY_KILL","is_daily":false,"chose_seed":false,"campfire_upgraded":8,"win_rate":0.0,"timestamp":1613809513,"path_taken":["M","?","M","?","?","E","M","R","T","R","M","$","?","M","R","BOSS","M","?","?","$","M","R","$","R","T","R","?","?","M","M","R","BOSS","M","?","M","?","M","R","E","M","T","?","$","M","?","M","R","BOSS"],"items_purchased_type":["Card","Card","Card","Relic"],"build_version":"2020-12-18","purchased_purges":3,"victory":true,"max_hp_per_floor":[66,66,66,66,66,66,66,66,66,66,66,66,66,66,66,66,66,66,66,66,66,66,66,66,66,66,66,66,66,66,66,66,66,66,66,66,66,66,66,66,66,66,66,66,66,66,66,66,66,66],"card_choices":[{"not_picked":["Blade Dance","Slice","Eviscerate"],"picked":"SKIP","floor":1.0},{"not_picked":["Underhanded Strike","Prepared","Sucker Punch"],"picked":"SKIP","floor":3.0},{"not_picked":["Catalyst","Backstab"],"picked":"All Out Attack","floor":6.0},{"not_picked":["Leg Sweep","Flying Knee"],"picked":"Flechettes","floor":7.0},{"not_picked":["Underhanded Strike","Glass Knife","Deflect"],"picked":"SKIP","floor":11.0},{"not_picked":["Poisoned Stab","Blade Dance","Backstab"],"picked":"SKIP","floor":14.0},{"not_picked":["Grand Finale","Tools of the Trade"],"picked":"Burst","floor":16.0},{"not_picked":["PiercingWail","Masterful Stab"],"picked":"Leg Sweep","floor":18.0},{"not_picked":["Slice","PiercingWail","Sucker Punch"],"picked":"SKIP","floor":22.0},{"not_picked":["Slice","Dagger Throw","Leg Sweep"],"picked":"SKIP","floor":30.0},{"not_picked":["Terror","Noxious Fumes"],"picked":"Footwork","floor":31.0},{"not_picked":["Underhanded Strike"],"picked":"SKIP","floor":35.0},{"not_picked":[],"picked":"Escape Plan+1","floor":37.0},{"not_picked":["Leg Sweep"],"picked":"SKIP","floor":41.0},{"not_picked":[],"picked":"Escape Plan","floor":42.0},{"not_picked":["Noxious Fumes"],"picked":"SKIP","floor":46},{"not_picked":["Noxious Fumes"],"picked":"SKIP","floor":46},{"not_picked":["Noxious Fumes"],"picked":"SKIP","floor":48}],"player_experience":837750,"relics_obtained":[{"floor":4.0,"key":"Centennial Puzzle"},{"floor":6.0,"key":"Blood Vial"},{"floor":9.0,"key":"Akabeko"},{"floor":26.0,"key":"Ancient Tea Set"},{"floor":36.0,"key":"StoneCalendar"},{"floor":41.0,"key":"Bag of Preparation"},{"floor":43.0,"key":"Pantograph"}],"event_choices":[{"damage_healed":0.0,"max_hp_gain":0.0,"max_hp_loss":0.0,"gold_gain":75.0,"event_name":"World of Goop","player_choice":"Gather Gold","floor":2.0,"gold_loss":0.0,"damage_taken":11.0},{"cards_removed":["Strike_G"],"damage_healed":0.0,"max_hp_gain":0.0,"max_hp_loss":0.0,"gold_gain":0.0,"event_name":"Living Wall","player_choice":"Forget","floor":5.0,"gold_loss":0.0,"damage_taken":0.0},{"damage_healed":0.0,"max_hp_gain":0.0,"max_hp_loss":0.0,"gold_gain":0.0,"event_name":"Liars Game","player_choice":"Ignored","floor":13.0,"gold_loss":0.0,"damage_taken":0.0},{"damage_healed":0.0,"max_hp_gain":0.0,"max_hp_loss":0.0,"gold_gain":0.0,"event_name":"Duplicator","player_choice":"Copied","floor":19.0,"gold_loss":0.0,"damage_taken":0.0,"cards_obtained":["Noxious Fumes"]},{"damage_healed":0.0,"max_hp_gain":0.0,"max_hp_loss":0.0,"gold_gain":0.0,"event_name":"Vampires","player_choice":"Ignored","floor":29.0,"gold_loss":0.0,"damage_taken":0.0},{"damage_healed":0.0,"max_hp_gain":0.0,"max_hp_loss":0.0,"gold_gain":0.0,"event_name":"MindBloom","player_choice":"Fight","floor":36.0,"gold_loss":0.0,"damage_taken":0.0},{"cards_removed":["Strike_G"],"damage_healed":0.0,"max_hp_gain":0.0,"max_hp_loss":0.0,"gold_gain":0.0,"event_name":"Falling","player_choice":"Removed Attack","floor":38.0,"gold_loss":0.0,"damage_taken":0.0},{"damage_healed":0,"gold_gain":0,"player_choice":"Ignored","damage_taken":0,"max_hp_gain":0,"max_hp_loss":0,"event_name":"Mysterious Sphere","floor":44,"gold_loss":0},{"cards_removed":["All Out Attack"],"damage_healed":61,"gold_gain":0,"player_choice":"Offered Uncommon","damage_taken":0,"max_hp_gain":0,"max_hp_loss":0,"event_name":"Bonfire Elementals","floor":47,"gold_loss":0}],"is_beta":true,"boss_relics":[{"not_picked":["Runic Pyramid","Runic Dome"],"picked":"expansioncontent:StudyCardRelic"},{"not_picked":["Coffee Dripper","Snecko Eye"],"picked":"Busted Crown"}],"items_purged_floors":[12,20,45],"is_endless":false,"potions_floor_spawned":[3,6,18,30,31,33,37,42,46,48],"ascension_level":18}}