{"host":"tzz1a4lp7gkxiavd","time":1613822489,"event":{"mods":["BaseMod","Block Reminder","Colored Powertips","Minty Spire (QoL Compilation)","Slay-I","Spicy Shops","StSLib","¡¾¹¦ÄÜMod¡¿Neow½±Àø"],"gold_per_floor":[114,189,12,28,44,44,59,89,142,142,158,178,178,193,193,290,290,301,400,423,438,448,448,478,498,523,523,348,366,366,366,366,366,366],"floor_reached":33,"language":"ZHS","playtime":1745,"items_purged":["Strike_B","Strike_B"],"score":388,"play_id":"1a5458ce-f591-4715-8b83-a3868997c002","local_time":"20210220200129","is_ascension_mode":true,"campfire_choices":[{"data":"Dualcast","floor":6,"key":"SMITH"},{"data":"Zap","floor":10,"key":"SMITH"},{"data":"Buffer","floor":15,"key":"SMITH"},{"data":"Hologram","floor":23,"key":"SMITH"},{"floor":32,"key":"REST"}],"circlet_count":0,"master_deck":["Strike_B","Defend_B","Defend_B","Defend_B","Defend_B","Zap+1","Dualcast+1","All For One","Cold Snap","BootSequence","Gash","Self Repair","Buffer+1","Hologram+1","Cold Snap","Gash","Steam+1","Core Surge","Cold Snap"],"relics":["FrozenCore","Question Card","Tiny Chest","PreservedInsect","Omamori","Centennial Puzzle","The Courier"],"acts_visited":["Exordium","TheCity"],"potions_floor_usage":[8,16,24,33],"damage_taken":[{"damage":7,"enemies":"Jaw Worm","floor":1,"turns":3},{"damage":8,"enemies":"Small Slimes","floor":4,"turns":3},{"damage":0,"enemies":"Cultist","floor":5,"turns":4},{"damage":0,"enemies":"Exordium Wildlife","floor":7,"turns":3},{"damage":28,"enemies":"Lagavulin","floor":8,"turns":7},{"damage":0,"enemies":"3 Louse","floor":11,"turns":3},{"damage":0,"enemies":"Looter","floor":12,"turns":2},{"damage":21,"enemies":"Exordium Thugs","floor":14,"turns":4},{"damage":7,"enemies":"Slime Boss","floor":16,"turns":12},{"damage":0,"enemies":"Shell Parasite","floor":18,"turns":10},{"damage":6,"enemies":"3 Byrds","floor":21,"turns":8},{"damage":1,"enemies":"Shelled Parasite and Fungi","floor":22,"turns":8},{"damage":48,"enemies":"Book of Stabbing","floor":24,"turns":7},{"damage":16,"enemies":"Sentry and Sphere","floor":25,"turns":6},{"damage":1,"enemies":"Cultist and Chosen","floor":29,"turns":8},{"damage":91,"enemies":"Automaton","floor":33,"turns":12}],"seed_played":"-7433460983176775842","potions_obtained":[{"floor":4,"key":"SteroidPotion"},{"floor":7,"key":"Weak Potion"},{"floor":12,"key":"SpeedPotion"},{"floor":16,"key":"SteroidPotion"},{"floor":18,"key":"Block Potion"},{"floor":29,"key":"PotionOfCapacity"}],"is_trial":false,"path_per_floor":["M","?","$","M","M","R","M","E","T","R","M","M","?","M","R","B",null,"M","?","T","M","M","R","E","M","T","?","$","M","?","T","R","B"],"character_chosen":"DEFECT","items_purchased":["BootSequence"],"campfire_rested":1,"item_purchase_floors":[3],"current_hp_per_floor":[61,61,61,53,53,53,60,39,39,39,46,46,46,32,32,32,64,71,71,71,72,75,75,34,25,25,85,85,85,69,69,90,0,0],"gold":366,"neow_bonus":"ONE_RANDOM_RARE_CARD","is_daily":false,"chose_seed":false,"campfire_upgraded":4,"win_rate":0.0,"timestamp":1613822489,"path_taken":["M","?","$","M","M","R","M","E","T","R","M","M","?","?","R","BOSS","M","?","?","M","M","R","E","M","T","?","$","?","?","?","R","BOSS"],"items_purchased_type":["Card"],"build_version":"2020-12-22","purchased_purges":2,"victory":false,"max_hp_per_floor":[75,75,75,75,75,75,75,75,75,75,75,75,75,75,75,75,75,75,75,75,75,75,75,75,75,75,85,85,85,90,90,90,90,90],"card_choices":[{"not_picked":["BootSequence","Force Field"],"picked":"Cold Snap","floor":1},{"not_picked":["Auto Shields","White Noise"],"picked":"Gash","floor":4},{"not_picked":["Leap","Compile Driver"],"picked":"Self Repair","floor":5},{"not_picked":["Rebound","Recycle","Reinforced Body"],"picked":"SKIP","floor":7},{"not_picked":["Streamline","Sweeping Beam","Skim"],"picked":"SKIP","floor":8},{"not_picked":["Beam Cell","Self Repair","Consume"],"picked":"Buffer","floor":11},{"not_picked":["Rebound","Redo","Compile Driver","Recycle"],"picked":"SKIP","floor":12},{"not_picked":["Coolheaded","Turbo","Storm"],"picked":"Hologram","floor":14},{"not_picked":["Rainbow","Multi-Cast","Thunder Strike"],"picked":"Core Surge","floor":16},{"not_picked":["Leap","Compile Driver","Darkness"],"picked":"Cold Snap","floor":18},{"not_picked":["Consume","Static Discharge+1","White Noise"],"picked":"Gash","floor":21},{"not_picked":["Skim","Beam Cell+1","Hologram"],"picked":"Steam+1","floor":22},{"not_picked":["Genetic Algorithm+1","Turbo+1","Rebound"],"picked":"Core Surge","floor":24},{"not_picked":["Barrage","Reprogram","Darkness"],"picked":"Cold Snap","floor":25},{"not_picked":["Stack","Meteor Strike","Barrage","Reinforced Body"],"picked":"SKIP","floor":29}],"player_experience":107182,"relics_obtained":[{"floor":8,"key":"Question Card"},{"floor":9,"key":"Tiny Chest"},{"floor":20,"key":"PreservedInsect"},{"floor":24,"key":"Omamori"},{"floor":26,"key":"Centennial Puzzle"},{"floor":31,"key":"The Courier"}],"event_choices":[{"damage_healed":0,"gold_gain":75,"player_choice":"Gained Gold","damage_taken":0,"max_hp_gain":0,"max_hp_loss":0,"event_name":"Golden Wing","floor":2,"gold_loss":0},{"cards_removed":["Strike_B"],"damage_healed":0,"gold_gain":0,"player_choice":"Purged","damage_taken":0,"max_hp_gain":0,"max_hp_loss":0,"event_name":"Purifier","floor":13,"gold_loss":0},{"damage_healed":0,"gold_gain":99,"player_choice":"Stole From Cult","damage_taken":0,"max_hp_gain":0,"max_hp_loss":0,"event_name":"Nest","floor":19,"gold_loss":0},{"cards_removed":["Core Surge"],"damage_healed":50,"gold_gain":0,"player_choice":"Offered Rare","damage_taken":0,"max_hp_gain":10,"max_hp_loss":0,"event_name":"Bonfire Elementals","floor":27,"gold_loss":0},{"damage_healed":0,"gold_gain":0,"player_choice":"Shed Blood","damage_taken":21,"max_hp_gain":5,"max_hp_loss":0,"event_name":"Forgotten Altar","floor":30,"gold_loss":0}],"is_beta":false,"boss_relics":[{"not_picked":["Coffee Dripper","Tiny House"],"picked":"FrozenCore"}],"items_purged_floors":[28,28],"is_endless":false,"potions_floor_spawned":[4,7,12,16,18,29],"killed_by":"Automaton","ascension_level":7}}