{"host":"dmtlrev5pkc1867p","time":1613828982,"event":{"mods":["AchievementEnabler","BaseMod","Colored Map","Colored Powertips","Downfall","Hermit","Highlight Path","Hubris","Infinite Spire","Marisa¡]Ãú«B¡@Å]²z¨F¡^","Minty Spire (QoL Compilation)","Permanent Neow","Quick Restart","Rare Cards Sparkle","Relic Sorter","Relic Stats","Replay The Spire","Shop Mod","StSLib","SuperFastMode","The Construct","The Cursed","The Mystic","The Necromancer","The Poker Player","The Runesmith","The Servant 0.9.4"],"gold_per_floor":[114,130,149,149,160,160,173,190,213,213,213,248,117,180,180,285,285,303,353,353,363,413,413,446,446,446],"floor_reached":25,"language":"ZHS","playtime":869,"items_purged":[],"score":301,"play_id":"9829d44b-d03f-4b38-8fb7-5607d970fcee","local_time":"20210220214942","is_ascension_mode":true,"campfire_choices":[{"floor":6.0,"key":"REST"},{"floor":11.0,"key":"REST"},{"floor":15.0,"key":"REST"},{"floor":23,"key":"REST"}],"circlet_count":0,"master_deck":["Strike_G+1","Strike_G+1","Strike_G+1","Strike_G+1","Strike_G+1","Defend_G+1","Defend_G+1","Defend_G+1","Defend_G+1","Defend_G+1","Survivor","Neutralize","Sadistic Nature","Terror","Poisoned Stab","Finisher","Bouncing Flask","Sucker Punch","Poisoned Stab","Footwork","Accuracy","Accuracy","Leg Sweep","Acrobatics","Envenom","Poisoned Stab","Bouncing Flask","Catalyst+1"],"relics":["Ring of the Snake","hubris:OldNail","SsserpentHead","Pet Ghost","hubris:TinFlute"],"acts_visited":["Exordium","TheCity"],"potions_floor_usage":[25],"damage_taken":[{"damage":3.0,"enemies":"Cultist","floor":1.0,"turns":5.0},{"damage":7.0,"enemies":"Small Slimes","floor":2.0,"turns":4.0},{"damage":4.0,"enemies":"Jaw Worm","floor":3.0,"turns":2.0},{"damage":14.0,"enemies":"Large Slime","floor":5.0,"turns":7.0},{"damage":0.0,"enemies":"2 Fungi Beasts","floor":7.0,"turns":3.0},{"damage":40.0,"enemies":"Gremlin Gang","floor":8.0,"turns":4.0},{"damage":10.0,"enemies":"3 Sentries","floor":12.0,"turns":7.0},{"damage":6.0,"enemies":"Blue Slaver","floor":14.0,"turns":3.0},{"damage":7.0,"enemies":"Hexaghost","floor":16.0,"turns":8.0},{"damage":12,"enemies":"3 Byrds","floor":18,"turns":6},{"damage":24,"enemies":"Spheric Guardian","floor":21,"turns":5},{"damage":30,"enemies":"Replay:Snechameleon","floor":24,"turns":7},{"damage":17,"enemies":"Chosen and Byrds","floor":25,"turns":6}],"seed_played":"-4458507930997515017","potions_obtained":[{"floor":5.0,"key":"PowerPotion"},{"floor":7.0,"key":"PowerPotion"},{"floor":12.0,"key":"Languid Potion"},{"floor":18,"key":"Strength Potion"},{"floor":24,"key":"BlessingOfTheForge"}],"is_trial":false,"path_per_floor":["M","M","M","$","M","R","M","M","T","?","R","E","$","M","R","B",null,"M","?","$","M","?","R","E","M"],"character_chosen":"THE_SILENT","items_purchased":["Accuracy","Leg Sweep"],"campfire_rested":4,"item_purchase_floors":[13,13],"current_hp_per_floor":[60,53,49,49,35,53,53,13,13,13,31,21,21,15,33,26,54,42,42,42,18,18,36,6,0,0],"gold":446,"neow_bonus":"RANDOM_COLORLESS_2","is_daily":false,"chose_seed":false,"campfire_upgraded":0,"win_rate":0.0,"timestamp":1613828982,"path_taken":["M","M","M","$","M","R","M","M","T","?","R","E","$","?","R","BOSS","M","?","$","M","?","R","E","M"],"items_purchased_type":["Card","Card"],"build_version":"2020-12-22","purchased_purges":0,"victory":false,"max_hp_per_floor":[63,63,63,63,63,63,63,63,63,63,63,63,63,63,63,63,63,63,63,63,63,63,63,63,63,63],"relic_stats":{"SsserpentHead":150,"counters":[13,67],"obtain_stats":[{"SsserpentHead":10,"hubris:OldNail":9,"Pet Ghost":12,"hubris:TinFlute":24,"Ring of the Snake":0},{"SsserpentHead":6,"hubris:OldNail":6,"Pet Ghost":7,"hubris:TinFlute":12,"Ring of the Snake":0},{"SsserpentHead":25,"hubris:OldNail":25,"Pet Ghost":32,"hubris:TinFlute":61,"Ring of the Snake":0}],"Ring of the Snake":[26]},"card_choices":[{"not_picked":["hubris:EnhanceAbility","HandOfGreed"],"picked":"Sadistic Nature","floor":0.0},{"not_picked":["Prepared","Dodge and Roll"],"picked":"Terror","floor":1.0},{"not_picked":["Dagger Spray","Accuracy"],"picked":"Poisoned Stab","floor":2.0},{"not_picked":["Bane","Outmaneuver"],"picked":"Finisher","floor":3.0},{"not_picked":["Replay:Poison Smokescreen","Quick Slash"],"picked":"Bouncing Flask","floor":5.0},{"not_picked":["Dodge and Roll","Prepared"],"picked":"Sucker Punch","floor":7.0},{"not_picked":["Bane","Riddle With Holes"],"picked":"Poisoned Stab","floor":8.0},{"not_picked":["Atom Bomb","Bane"],"picked":"Footwork","floor":12.0},{"not_picked":["Dagger Spray","Backflip"],"picked":"Acrobatics","floor":14.0},{"not_picked":["After Image","ReplayTheSpireMod:Necrosis"],"picked":"Envenom","floor":16.0},{"not_picked":["Underhanded Strike+1","Quick Slash"],"picked":"Poisoned Stab","floor":18},{"not_picked":["Flying Knee+1","Outmaneuver"],"picked":"Bouncing Flask","floor":21},{"not_picked":["Blur","Footwork"],"picked":"Catalyst+1","floor":24}],"player_experience":752432,"relics_obtained":[{"floor":9.0,"key":"hubris:OldNail"},{"floor":12.0,"key":"Pet Ghost"},{"floor":24,"key":"hubris:TinFlute"}],"event_choices":[{"damage_healed":0.0,"max_hp_gain":0.0,"max_hp_loss":0.0,"gold_gain":0.0,"event_name":"FaceTrader","player_choice":"Trade","floor":10.0,"gold_loss":0.0,"damage_taken":0.0,"relics_obtained":["SsserpentHead"]},{"damage_healed":0,"gold_gain":0,"player_choice":"Ignored","damage_taken":0,"max_hp_gain":0,"max_hp_loss":0,"event_name":"Beggar","floor":19,"gold_loss":0},{"damage_healed":0,"gold_gain":0,"player_choice":"Simplicity","damage_taken":0,"max_hp_gain":0,"max_hp_loss":0,"event_name":"Back to Basics","floor":22,"gold_loss":0,"cards_upgraded":["Strike_G","Strike_G","Strike_G","Strike_G","Strike_G","Defend_G","Defend_G","Defend_G","Defend_G","Defend_G"]}],"is_beta":false,"boss_relics":[{"not_picked":["Snecko Scales","Kintsugi","bronze:MakeshiftBattery"]}],"items_purged_floors":[],"is_endless":false,"potions_floor_spawned":[5,7,12,18,24],"killed_by":"Chosen and Byrds","ascension_level":7}}