{"host":"sxnl403xm2xmiyj1","time":1613842305,"event":{"mods":["BaseMod","Colored Map","Keyboard Shortcuts","Koishi","Minty Spire (QoL Compilation)","Quick Restart","StSLib","SuperFastMode"],"gold_per_floor":[115,129,129,139,42,42,54,54,54,121,147,172,172,199,199,273,273,289,564,225,15,29,58,75,102,102,137,151,20,20,35,35,113,113,126,145,160,160,177,177,209,99,168,168,68,97,115,149,149,149,149,149,95,130,130,130],"floor_reached":55,"language":"KOR","playtime":1191,"items_purged":["Regret","Regret"],"score":1591,"play_id":"4707e33b-885e-449a-b0a8-869c877acea7","local_time":"20210221023145","is_ascension_mode":true,"campfire_choices":[{"data":"Koishi:Catatonia","floor":6,"key":"SMITH"},{"data":"Koishi:PredatoryInstincts","floor":8,"key":"SMITH"},{"data":"Koishi:ImGoingToCallYouNow","floor":15,"key":"SMITH"},{"data":"Koishi:HeartStoppingHorror","floor":30,"key":"SMITH"},{"data":"Koishi:Catatonia","floor":32,"key":"SMITH"},{"data":"Koishi:MindStellarRelief","floor":40,"key":"SMITH"},{"data":"Koishi:JumpScare","floor":44,"key":"SMITH"},{"floor":49,"key":"RECALL"},{"data":"Koishi:Catatonia","floor":52,"key":"SMITH"}],"circlet_count":0,"master_deck":["AscendersBane","Koishi:BasicStrike","Koishi:BasicStrike","Koishi:BasicDefend","Koishi:BasicDefend","Koishi:BasicDefend","Koishi:BasicDefend","Koishi:Provoke+1","Koishi:HauntingSlash","Koishi:ParalyzingFear","Koishi:PredatoryInstincts+1","Koishi:Catatonia+1","Koishi:JumpScare","Koishi:UnseenTerror","Koishi:StingingMind","Koishi:ImGoingToCallYouNow+1","Koishi:JumpScare+1","Koishi:PredatoryInstincts+1","Koishi:JumpScare+1","Koishi:Catatonia+1","Koishi:TremblingHands","Koishi:HeartStoppingHorror+1","Koishi:UnseenTerror","Koishi:StingingMind","Koishi:Catatonia+1","Koishi:MindStellarRelief+1","Koishi:PredatoryInstincts","Koishi:StingingMind","Madness","Madness","Koishi:UnseenTerror","Koishi:MindNumbingTerror","Koishi:TremblingHands","Koishi:StingingMind"],"relics":["Koishi:ImaginaryFriend","NeowsBlessing","Koishi:LettersToReimu","Darkstone Periapt","Odd Mushroom","Blue Candle","Runic Dome","Singing Bowl","Medical Kit","Ice Cream","Bag of Marbles","Koishi:BloodstainedWhiteRose","War Paint","Cursed Key","Torii","Akabeko","Sundial","Lantern"],"acts_visited":["Exordium","TheCity","TheBeyond","TheEnding"],"potions_floor_usage":[14,27,33,55,55],"damage_taken":[{"damage":0,"enemies":"Cultist","floor":1,"turns":1},{"damage":0,"enemies":"Jaw Worm","floor":2,"turns":1},{"damage":0,"enemies":"Small Slimes","floor":4,"turns":1},{"damage":25,"enemies":"3 Louse","floor":7,"turns":4},{"damage":13,"enemies":"Gremlin Nob","floor":11,"turns":4},{"damage":21,"enemies":"The Mushroom Lair","floor":12,"turns":6},{"damage":15,"enemies":"Lagavulin","floor":14,"turns":7},{"damage":12,"enemies":"The Guardian","floor":16,"turns":5},{"damage":13,"enemies":"Shell Parasite","floor":18,"turns":5},{"damage":49,"enemies":"3 Byrds","floor":22,"turns":6},{"damage":36,"enemies":"Book of Stabbing","floor":23,"turns":4},{"damage":44,"enemies":"Cultist and Chosen","floor":24,"turns":8},{"damage":21,"enemies":"Slavers","floor":25,"turns":7},{"damage":33,"enemies":"Gremlin Leader","floor":27,"turns":6},{"damage":20,"enemies":"Centurion and Healer","floor":28,"turns":5},{"damage":1,"enemies":"Snake Plant","floor":31,"turns":3},{"damage":66,"enemies":"Automaton","floor":33,"turns":8},{"damage":42,"enemies":"3 Darklings","floor":35,"turns":4},{"damage":50,"enemies":"3 Shapes","floor":36,"turns":4},{"damage":0,"enemies":"Transient","floor":37,"turns":6},{"damage":14,"enemies":"Jaw Worm Horde","floor":39,"turns":4},{"damage":2,"enemies":"Giant Head","floor":41,"turns":3},{"damage":19,"enemies":"Nemesis","floor":46,"turns":3},{"damage":0,"enemies":"Spire Growth","floor":47,"turns":3},{"damage":8,"enemies":"Giant Head","floor":48,"turns":4},{"damage":64,"enemies":"Time Eater","floor":50,"turns":6},{"damage":56,"enemies":"Shield and Spear","floor":54,"turns":7},{"damage":212,"enemies":"The Heart","floor":55,"turns":8}],"seed_played":"-3606581296817200754","potions_obtained":[{"floor":11,"key":"FearPotion"},{"floor":14,"key":"BlessingOfTheForge"},{"floor":18,"key":"PowerPotion"},{"floor":28,"key":"PowerPotion"},{"floor":36,"key":"LiquidBronze"},{"floor":37,"key":"EssenceOfSteel"}],"is_trial":false,"path_per_floor":["M","M","?","M","$","R","M","R","T","?","E","?","?","E","R","B",null,"M","?","$","$","M","E","M","E","T","E","M","$","R","M","R","B",null,"M","M","M","?","M","R","E","?","T","R","$","E","M","E","R","B",null,"R","$","E","B"],"character_chosen":"KOISHI","items_purchased":["Koishi:JumpScare","Koishi:UnseenTerror","Singing Bowl","Koishi:PredatoryInstincts","Medical Kit","Koishi:UnseenTerror","Koishi:StingingMind","Koishi:StingingMind"],"campfire_rested":0,"item_purchase_floors":[5,5,20,21,21,29,29,53],"current_hp_per_floor":[51,51,51,51,51,51,33,33,33,33,30,48,53,62,62,62,62,62,68,68,68,70,70,55,70,70,70,72,72,72,72,72,72,72,72,53,74,61,61,61,76,76,82,82,82,82,82,84,84,57,77,77,77,75,0,0],"gold":130,"neow_bonus":"THREE_ENEMY_KILL","is_daily":false,"chose_seed":false,"campfire_upgraded":8,"win_rate":0.0,"timestamp":1613842305,"path_taken":["M","M","?","M","$","R","M","R","T","?","E","?","?","E","R","BOSS","M","?","?","$","M","E","M","E","T","E","M","$","R","M","R","BOSS","M","M","M","?","M","R","E","?","T","R","$","E","M","E","R","BOSS","R","$","E","BOSS"],"items_purchased_type":["Card","Card","Relic","Card","Relic","Card","Card","Card"],"build_version":"2020-12-22","purchased_purges":2,"victory":false,"max_hp_per_floor":[57,57,57,57,57,57,57,57,57,57,57,57,62,62,62,62,62,62,68,68,68,70,70,70,70,70,70,72,72,72,72,72,72,72,72,74,74,74,74,74,76,76,82,82,82,82,82,84,84,84,84,84,84,86,86,86],"card_choices":[{"not_picked":["Koishi:RacingHeart","Koishi:YoukaiPolygraph"],"picked":"Koishi:ParalyzingFear","floor":1},{"not_picked":["Koishi:DNAsFlaw","Koishi:Whimsy"],"picked":"Koishi:PredatoryInstincts","floor":2},{"not_picked":["Koishi:PredatoryInstincts","Koishi:ReleaseOfTheId"],"picked":"Koishi:Catatonia","floor":4},{"not_picked":["Koishi:Jaunt","Koishi:ReflexRadar"],"picked":"Koishi:StingingMind","floor":7},{"not_picked":["Koishi:PhantomBarrier","Koishi:SubconsciousSweep"],"picked":"Koishi:ImGoingToCallYouNow","floor":11},{"not_picked":["Koishi:FourthEye","Koishi:UnansweredLove"],"picked":"Koishi:JumpScare","floor":12},{"not_picked":["Koishi:Prune","Koishi:EmbryosDream","Koishi:FleetingPhantom"],"picked":"SKIP","floor":14},{"not_picked":["Koishi:Prune","Koishi:UnconsciousUrges","Koishi:Whimsy"],"picked":"SKIP","floor":18},{"not_picked":["Koishi:DNAsFlaw","Koishi:Whimsy","Koishi:FleetingPhantom"],"picked":"Singing Bowl","floor":22},{"not_picked":["Koishi:ReflexRadar","Koishi:UnconsciousUrges"],"picked":"Koishi:JumpScare","floor":23},{"not_picked":["Koishi:BramblyRoseGarden","Koishi:FourthEye"],"picked":"Koishi:Catatonia","floor":24},{"not_picked":["Koishi:HeartAttack","Koishi:JumpScare"],"picked":"Koishi:TremblingHands","floor":25},{"not_picked":["Koishi:PhantomBarrier","Koishi:EmbryosDream+1"],"picked":"Koishi:HeartStoppingHorror","floor":27},{"not_picked":["Koishi:ReflexRadar","Koishi:Prune","Koishi:UnconsciousUprising+1"],"picked":"Singing Bowl","floor":28},{"not_picked":["Koishi:UnansweredLove","Koishi:EmbryosDream"],"picked":"Koishi:Catatonia","floor":31},{"not_picked":["Koishi:FadingMemory","Koishi:ConditionedTeleport"],"picked":"Koishi:MindStellarRelief","floor":33},{"not_picked":["Koishi:SubterraneanRose","Koishi:BloodcurdlingScream"],"picked":"Koishi:PredatoryInstincts","floor":35},{"not_picked":["Koishi:StrangeCloudFist+1","Koishi:UnansweredLove","Koishi:Jaunt"],"picked":"Singing Bowl","floor":36},{"not_picked":["Koishi:CatchAndRose","Koishi:StrangeCloudFist+1"],"picked":"Koishi:StingingMind","floor":37},{"not_picked":["Koishi:CatchAndRose","Koishi:TraumaticStroke"],"picked":"Koishi:UnseenTerror","floor":39},{"not_picked":["Koishi:FleetingPhantom+1","Koishi:UnansweredLove","Koishi:SubterraneanRose+1"],"picked":"Singing Bowl","floor":41},{"not_picked":["Koishi:Vanish","Koishi:SuperEgo"],"picked":"Koishi:MindNumbingTerror","floor":46},{"not_picked":["Koishi:CatchAndRose+1","Koishi:SubterraneanRose+1"],"picked":"Koishi:TremblingHands","floor":47},{"not_picked":["Koishi:MassHysteria","Koishi:Prune+1","Koishi:UnconsciousUprising"],"picked":"Singing Bowl","floor":48},{"not_picked":["Koishi:FormlessExistence","Koishi:PhantomStrike","Koishi:SprinkleStarAndHeart"],"picked":"Singing Bowl","floor":54}],"player_experience":284849,"relics_obtained":[{"floor":9,"key":"Koishi:LettersToReimu"},{"floor":11,"key":"Darkstone Periapt"},{"floor":12,"key":"Odd Mushroom"},{"floor":14,"key":"Blue Candle"},{"floor":23,"key":"Ice Cream"},{"floor":25,"key":"Bag of Marbles"},{"floor":26,"key":"Koishi:BloodstainedWhiteRose"},{"floor":27,"key":"War Paint"},{"floor":41,"key":"Torii"},{"floor":46,"key":"Akabeko"},{"floor":48,"key":"Sundial"},{"floor":54,"key":"Lantern"}],"event_choices":[{"cards_removed":["Koishi:BasicStrike"],"damage_healed":0,"gold_gain":0,"player_choice":"Forget","damage_taken":0,"max_hp_gain":0,"max_hp_loss":0,"event_name":"Living Wall","floor":3,"gold_loss":0},{"damage_healed":0,"gold_gain":67,"player_choice":"Gained Gold","damage_taken":0,"max_hp_gain":0,"max_hp_loss":0,"event_name":"Golden Wing","floor":10,"gold_loss":0},{"damage_healed":0,"gold_gain":0,"player_choice":"Fought Mushrooms","damage_taken":0,"max_hp_gain":0,"max_hp_loss":0,"event_name":"Mushrooms","floor":12,"gold_loss":0},{"damage_healed":0,"gold_gain":0,"player_choice":"Donut","damage_taken":0,"max_hp_gain":5,"max_hp_loss":0,"event_name":"Big Fish","floor":13,"gold_loss":0},{"damage_healed":0,"gold_gain":275,"player_choice":"Desecrate","damage_taken":0,"max_hp_gain":0,"max_hp_loss":0,"event_name":"Golden Shrine","floor":19,"gold_loss":0,"cards_obtained":["Regret"]},{"damage_healed":0,"gold_gain":0,"player_choice":"Embrace Madness","damage_taken":13,"max_hp_gain":0,"max_hp_loss":0,"event_name":"Winding Halls","floor":38,"gold_loss":0,"cards_obtained":["Madness","Madness"]},{"cards_removed":["Koishi:BasicStrike"],"damage_healed":0,"gold_gain":0,"player_choice":"Upgrade and Remove","damage_taken":0,"max_hp_gain":0,"max_hp_loss":0,"event_name":"Designer","floor":42,"gold_loss":110,"cards_upgraded":["Koishi:JumpScare"]}],"is_beta":false,"boss_relics":[{"not_picked":["Runic Pyramid","Snecko Eye"],"picked":"Runic Dome"},{"not_picked":["SacredBark","Black Star"],"picked":"Cursed Key"}],"items_purged_floors":[20,45],"is_endless":false,"potions_floor_spawned":[11,14,18,22,28,31,36,37,46,48],"killed_by":"The Heart","ascension_level":18}}