{"host":"udyc8f81k2jocuhg","time":1613834208,"event":{"mods":["2.2 Compatiblity","BaseMod","Better Third Choice","Colored Powertips","Conspire","Custom Start","GifTheSpireLib","Hermit","Minty Spire (QoL Compilation)","Permanent Neow","Quick Restart","Relic Filter","Relic Stats","Replay The Spire","Shop Mod","Spikes Relics","StSLib","Stuff the Spire"],"gold_per_floor":[114,131,145,162,178,178,206,217,217,252,267,267,302,314,314,314,314],"floor_reached":16,"language":"ENG","playtime":1224,"items_purged":[],"score":302,"play_id":"6de6a147-3137-43ca-b7b9-27a91d755253","local_time":"20210220161648","is_ascension_mode":true,"campfire_choices":[{"data":"Zap","floor":6.0,"key":"SMITH"},{"floor":15,"key":"REST"}],"circlet_count":0,"master_deck":["AscendersBane","Strike_B","Strike_B","Strike_B","Defend_B+1","Defend_B+1","Defend_B+1","Defend_B+1","Zap+1","Dualcast","Chill","Static Discharge","Steam","Panic Button","Undo","Leap"],"relics":["conspire:SpecialSausage","ZombieTooth","StuffTheSpire:GrapeVine","Replay:Bottled Eggs"],"acts_visited":["Exordium"],"potions_floor_usage":[13,16],"damage_taken":[{"damage":0.0,"enemies":"Small Slimes","floor":1.0,"turns":3.0},{"damage":4.0,"enemies":"Jaw Worm","floor":2.0,"turns":4.0},{"damage":1.0,"enemies":"Cultist","floor":3.0,"turns":4.0},{"damage":4.0,"enemies":"Blue Slaver","floor":4.0,"turns":4.0},{"damage":0.0,"enemies":"3 Louse","floor":5.0,"turns":6.0},{"damage":0.0,"enemies":"3 Sentries","floor":7.0,"turns":15.0},{"damage":18.0,"enemies":"Exordium Thugs","floor":8.0,"turns":5.0},{"damage":7.0,"enemies":"Lagavulin","floor":10.0,"turns":7.0},{"damage":9.0,"enemies":"Exordium Wildlife","floor":11.0,"turns":2.0},{"damage":14,"enemies":"Gremlin Nob","floor":13,"turns":3},{"damage":0,"enemies":"Large Slime","floor":14,"turns":7},{"damage":28,"enemies":"Fading Forest","floor":16,"turns":11}],"seed_played":"6247742203481012385","potions_obtained":[{"floor":3.0,"key":"FocusPotion"},{"floor":4.0,"key":"Swift Potion"},{"floor":10.0,"key":"Dexterity Potion"},{"floor":14,"key":"SkillPotion"}],"is_trial":false,"path_per_floor":["M","M","M","M","M","R","E","M","T","E","M","?","E","M","R","B"],"character_chosen":"DEFECT","items_purchased":[],"campfire_rested":1,"item_purchase_floors":[],"current_hp_per_floor":[64,60,59,55,55,55,55,37,37,30,21,21,7,7,28,0,0],"gold":314,"neow_bonus":"BOSS_RELIC","is_daily":false,"chose_seed":false,"campfire_upgraded":1,"win_rate":0.0,"timestamp":1613834208,"path_taken":["M","M","M","M","M","R","E","M","T","E","M","?","E","M","R","BOSS"],"items_purchased_type":[],"build_version":"2020-12-22","purchased_purges":0,"victory":false,"max_hp_per_floor":[71,71,71,71,71,71,71,71,71,71,71,71,71,71,71,71,71],"relic_stats":{"counters":[12,71],"obtain_stats":[{"ZombieTooth":7,"conspire:SpecialSausage":0,"StuffTheSpire:GrapeVine":10,"Replay:Bottled Eggs":13,"Cracked Core":0},{"ZombieTooth":6,"conspire:SpecialSausage":0,"StuffTheSpire:GrapeVine":8,"Replay:Bottled Eggs":10,"Cracked Core":0},{"ZombieTooth":36,"conspire:SpecialSausage":0,"StuffTheSpire:GrapeVine":48,"Replay:Bottled Eggs":53,"Cracked Core":0}]},"card_choices":[{"not_picked":["Sweeping Beam","Hologram","Panic Button"],"picked":"SKIP","floor":1.0},{"not_picked":["Scrape","Reprogram","Lockon"],"picked":"SKIP","floor":2.0},{"not_picked":["StuffTheSpire:NuclearReactor","Hologram"],"picked":"Chill","floor":3.0},{"not_picked":["ReplaySort","Go for the Eyes","Lockon"],"picked":"SKIP","floor":4.0},{"not_picked":["Redo","Hologram"],"picked":"Static Discharge","floor":5.0},{"not_picked":["StuffTheSpire:EventHorizon","Auto Shields","StuffTheSpire:Plugnplay"],"picked":"SKIP","floor":7.0},{"not_picked":["Steam Power","ReplayTheSpireMod:Dual Polarity","Crystallizer"],"picked":"SKIP","floor":8.0},{"not_picked":["ReplaySort","Blizzard"],"picked":"Steam","floor":10.0},{"not_picked":["Rebound","ReplayTheSpireMod:Reroute Power","StuffTheSpire:GlassShard"],"picked":"SKIP","floor":11.0},{"not_picked":["Double Energy","Hello World"],"picked":"Undo","floor":13},{"not_picked":["Steam","BasicCrystalCard"],"picked":"Leap","floor":14}],"player_experience":2047456,"relics_obtained":[{"floor":7.0,"key":"ZombieTooth"},{"floor":10.0,"key":"StuffTheSpire:GrapeVine"},{"floor":13,"key":"Replay:Bottled Eggs"}],"event_choices":[{"damage_healed":0.0,"max_hp_gain":0.0,"max_hp_loss":0.0,"gold_gain":0.0,"cards_transformed":["Strike_B"],"event_name":"Living Wall","player_choice":"Change","floor":12.0,"gold_loss":0.0,"damage_taken":0.0,"cards_obtained":["Panic Button"]}],"is_beta":false,"boss_relics":[],"items_purged_floors":[],"is_endless":false,"potions_floor_spawned":[3,4,5,10,14],"killed_by":"Fading Forest","ascension_level":20}}