{"host":"a1eatafr7pisesky","time":1613833298,"event":{"mods":["AchievementEnabler","BaseMod","Colored Map","Keyboard Shortcuts","Minty Spire (QoL Compilation)","Say the Spire","StSLib","SuperFastMode","everything is the same but u backflip on backflip"],"gold_per_floor":[110,110,110,35,55,55,94,11,11,11,49,74,74,46,46,140,140,159,84,109,109,109,109,152,166,166,166,7,7,7,41,41,137,137,150,483,503,503,503],"floor_reached":38,"language":"KOR","playtime":937,"items_purged":["Writhe"],"score":839,"play_id":"fe9597a6-3336-4dfe-a14f-55da20f8c770","local_time":"20210221000138","is_ascension_mode":true,"campfire_choices":[{"data":"Dualcast","floor":6.0,"key":"SMITH"},{"data":"Buffer","floor":10.0,"key":"SMITH"},{"data":"Capacitor","floor":13.0,"key":"SMITH"},{"data":"Ball Lightning","floor":15.0,"key":"SMITH"},{"data":"Creative AI","floor":23.0,"key":"SMITH"},{"floor":30.0,"key":"REST"},{"floor":32,"key":"REST"}],"circlet_count":0,"master_deck":["AscendersBane","Dualcast+1","Gash","Core Surge","Buffer+1","Ball Lightning","Capacitor+1","Ball Lightning+1","Echo Form","Electrodynamics","Capacitor","Gash","Sweeping Beam","Chaos+1","Skim+1","Genetic Algorithm+1","Glacier+1","Ghostly+1","Ghostly+1","Ghostly+1","Creative AI+1","Storm","Aggregate+1","Coolheaded+1","Meteor Strike","Glacier+1"],"relics":["Cracked Core","NeowsBlessing","Kunai","Toxic Egg 2","Bottled Tornado","Ancient Tea Set","Pandora\u0027s Box","WingedGreaves","Bag of Marbles","Regal Pillow","Emotion Chip","Empty Cage"],"acts_visited":["Exordium","TheCity","TheBeyond"],"potions_floor_usage":[33,33],"damage_taken":[{"damage":0.0,"enemies":"Jaw Worm","floor":1.0,"turns":1.0},{"damage":0.0,"enemies":"2 Louse","floor":5.0,"turns":1.0},{"damage":0.0,"enemies":"Gremlin Nob","floor":7.0,"turns":1.0},{"damage":0.0,"enemies":"Lagavulin","floor":11.0,"turns":6.0},{"damage":0.0,"enemies":"Small Slimes","floor":12.0,"turns":3.0},{"damage":2.0,"enemies":"Slime Boss","floor":16.0,"turns":9.0},{"damage":12.0,"enemies":"Chosen","floor":18.0,"turns":4.0},{"damage":21.0,"enemies":"Shell Parasite","floor":20.0,"turns":5.0},{"damage":8.0,"enemies":"Book of Stabbing","floor":24.0,"turns":7.0},{"damage":14.0,"enemies":"Snake Plant","floor":25.0,"turns":6.0},{"damage":28,"enemies":"Slavers","floor":31,"turns":4},{"damage":22,"enemies":"Automaton","floor":33,"turns":10},{"damage":0,"enemies":"3 Shapes","floor":35,"turns":5},{"damage":19,"enemies":"Orb Walker","floor":37,"turns":6},{"damage":16,"enemies":"3 Darklings","floor":38,"turns":2}],"seed_played":"-677461706400710424","potions_obtained":[{"floor":1.0,"key":"DuplicationPotion"},{"floor":11.0,"key":"BlessingOfTheForge"},{"floor":16.0,"key":"AttackPotion"},{"floor":18.0,"key":"Energy Potion"},{"floor":31,"key":"Regen Potion"},{"floor":37,"key":"SpeedPotion"}],"is_trial":false,"path_per_floor":["M","?","?","?","M","R","E","$","T","R","E","M","R","$","R","B",null,"M","?","M","?","?","R","E","M","T","?","$","?","R","E","R","B",null,"M","?","M","M"],"character_chosen":"DEFECT","items_purchased":["Buffer","Ball Lightning","Aggregate+1"],"campfire_rested":2,"item_purchase_floors":[8,14,28],"current_hp_per_floor":[64,40,35,35,35,35,35,35,35,35,35,35,35,35,35,33,62,50,50,29,29,29,29,21,7,7,7,7,7,32,4,29,19,31,31,31,12,0,0],"gold":503,"neow_bonus":"THREE_ENEMY_KILL","is_daily":false,"chose_seed":false,"campfire_upgraded":5,"win_rate":0.0,"timestamp":1613833298,"path_taken":["M","?","?","?","M","R","E","$","T","R","E","M","R","?","R","BOSS","M","?","M","?","?","R","E","?","T","?","$","?","R","E","R","BOSS","M","?","M","M"],"items_purchased_type":["Card","Card","Card"],"build_version":"2020-12-22","purchased_purges":1,"victory":false,"max_hp_per_floor":[71,71,71,71,71,71,71,71,71,71,71,71,71,71,71,71,71,71,71,71,35,35,35,35,35,35,35,35,35,35,35,35,35,35,35,35,35,35,35],"card_choices":[{"not_picked":["Stack","Steam Power"],"picked":"Gash","floor":1.0},{"not_picked":["Conserve Battery","Streamline"],"picked":"Go for the Eyes","floor":5.0},{"not_picked":["Darkness+1","Ball Lightning"],"picked":"Core Surge","floor":7.0},{"not_picked":["Undo+1","Recycle+1"],"picked":"Ball Lightning","floor":11.0},{"not_picked":["White Noise+1","Gash"],"picked":"Capacitor","floor":12.0},{"not_picked":["Buffer","Multi-Cast+1"],"picked":"Echo Form","floor":16.0},{"not_picked":["Darkness+1","Stack+1"],"picked":"Genetic Algorithm+1","floor":18.0},{"not_picked":["Compile Driver","Gash"],"picked":"Glacier+1","floor":20.0},{"not_picked":["Compile Driver","Leap+1"],"picked":"Storm","floor":24.0},{"not_picked":["Leap+1","Compile Driver","Barrage"],"picked":"SKIP","floor":25.0},{"not_picked":["Rebound","Steam+1"],"picked":"Coolheaded+1","floor":31},{"not_picked":["Thunder Strike","Hyperbeam"],"picked":"Meteor Strike","floor":33},{"not_picked":["Conserve Battery+1","Beam Cell","Barrage"],"picked":"SKIP","floor":35},{"not_picked":["Redo+1","Stack+1"],"picked":"Glacier+1","floor":37}],"player_experience":479340,"relics_obtained":[{"floor":7.0,"key":"Toxic Egg 2"},{"floor":9.0,"key":"Bottled Tornado"},{"floor":11.0,"key":"Ancient Tea Set"},{"floor":24.0,"key":"WingedGreaves"},{"floor":26.0,"key":"Bag of Marbles"},{"floor":31,"key":"Emotion Chip"}],"event_choices":[{"damage_healed":0.0,"max_hp_gain":0.0,"max_hp_loss":0.0,"gold_gain":0.0,"event_name":"Golden Idol","player_choice":"Take Damage","floor":2.0,"gold_loss":0.0,"damage_taken":24.0,"relics_obtained":["Golden Idol"]},{"damage_healed":0.0,"max_hp_gain":0.0,"max_hp_loss":0.0,"gold_gain":0.0,"event_name":"Scrap Ooze","player_choice":"Success","floor":3.0,"gold_loss":0.0,"damage_taken":5.0,"relics_obtained":["Kunai"]},{"cards_removed":["Strike_B"],"damage_healed":0.0,"max_hp_gain":0.0,"max_hp_loss":0.0,"gold_gain":0.0,"event_name":"The Cleric","player_choice":"Card Removal","floor":4.0,"gold_loss":75.0,"damage_taken":0.0},{"cards_removed":["Go for the Eyes"],"damage_healed":0.0,"max_hp_gain":0.0,"max_hp_loss":0.0,"gold_gain":0.0,"event_name":"Beggar","player_choice":"Gave Gold","floor":19.0,"gold_loss":75.0,"damage_taken":0.0},{"damage_healed":0.0,"max_hp_gain":0.0,"max_hp_loss":36.0,"gold_gain":0.0,"event_name":"Ghosts","player_choice":"Became a Ghost","floor":21.0,"gold_loss":0.0,"damage_taken":0.0,"cards_obtained":["Ghostly","Ghostly","Ghostly"]},{"damage_healed":0.0,"max_hp_gain":0.0,"max_hp_loss":0.0,"gold_gain":0.0,"event_name":"The Library","player_choice":"Read","floor":22.0,"gold_loss":0.0,"damage_taken":0.0,"cards_obtained":["Creative AI"]},{"damage_healed":0.0,"max_hp_gain":0.0,"max_hp_loss":0.0,"gold_gain":0.0,"event_name":"The Mausoleum","player_choice":"Opened","floor":27.0,"gold_loss":0.0,"damage_taken":0.0,"relics_obtained":["Regal Pillow"],"cards_obtained":["Writhe"]},{"damage_healed":0,"gold_gain":333,"player_choice":"Gave Idol","damage_taken":0,"max_hp_gain":0,"max_hp_loss":0,"event_name":"The Moai Head","floor":36,"relics_lost":["Golden Idol"],"gold_loss":0}],"is_beta":false,"boss_relics":[{"not_picked":["Sozu","Tiny House"],"picked":"Pandora\u0027s Box"},{"not_picked":["Busted Crown","SacredBark"],"picked":"Empty Cage"}],"items_purged_floors":[28],"is_endless":false,"potions_floor_spawned":[1,11,12,16,18,31,37],"killed_by":"3 Darklings","ascension_level":16}}