{"host":"p1xsuo25udtrkbq2","time":1613847964,"event":{"mods":["BaseMod","Colored Map","Googly Eyes","Highlight Path","Minty Spire (QoL Compilation)","Quick Restart","Rare Cards Sparkle","Relic Stats","Slay the Relics Exporter","StSLib","everything is the same but u backflip on backflip"],"gold_per_floor":[116,116,116,57,57,57,88,111,190,230,26,26,26,60,60,153,153,176,176,45,61,79,112,112,112,136,136,136,136],"floor_reached":28,"language":"ENG","playtime":3393,"items_purged":["Strike_G"],"score":550,"play_id":"7e70fefb-693d-4ed9-a864-4907cee7a989","local_time":"20210220140604","is_ascension_mode":true,"campfire_choices":[{"floor":6,"key":"REST"},{"data":"Well Laid Plans","floor":15,"key":"SMITH"},{"floor":25,"key":"REST"},{"data":"Catalyst","floor":27,"key":"SMITH"}],"circlet_count":0,"master_deck":["AscendersBane","Strike_G","Strike_G+1","Strike_G+1","Strike_G","Defend_G","Defend_G+1","Defend_G","Defend_G","Defend_G+1","Survivor+1","Neutralize+1","Dagger Spray","Bane","Poisoned Stab","Noxious Fumes+1","Well Laid Plans+1","Dash","Envenom","Crippling Poison","Masterful Stab","Backflip","Catalyst+1","Deadly Poison+1"],"relics":["Ring of the Snake","NeowsBlessing","Golden Idol","Whetstone","Question Card","War Paint","Membership Card","Gremlin Horn","Philosopher\u0027s Stone","Toy Ornithopter","Strawberry"],"acts_visited":["Exordium","TheCity"],"potions_floor_usage":[16,22,23],"damage_taken":[{"damage":0,"enemies":"2 Louse","floor":1,"turns":1},{"damage":0,"enemies":"Gremlin Nob","floor":7,"turns":1},{"damage":0,"enemies":"Jaw Worm","floor":8,"turns":1},{"damage":24,"enemies":"3 Sentries","floor":10,"turns":11},{"damage":14,"enemies":"Lagavulin","floor":14,"turns":6},{"damage":7,"enemies":"The Guardian","floor":16,"turns":12},{"damage":6,"enemies":"3 Byrds","floor":18,"turns":4},{"damage":1,"enemies":"Chosen","floor":21,"turns":5},{"damage":6,"enemies":"Snecko","floor":22,"turns":5},{"damage":27,"enemies":"Slavers","floor":23,"turns":6},{"damage":43,"enemies":"Gremlin Leader","floor":28,"turns":5}],"seed_played":"-526977625446105424","potions_obtained":[{"floor":14,"key":"EssenceOfSteel"},{"floor":16,"key":"SteroidPotion"},{"floor":18,"key":"LiquidBronze"}],"is_trial":false,"path_per_floor":["M","?","?","?","?","R","E","M","T","E","$","?","$","E","R","B",null,"M","?","$","M","M","E","?","R","T","R","E"],"character_chosen":"THE_SILENT","items_purchased":["Membership Card","Well Laid Plans","Masterful Stab","GhostInAJar"],"campfire_rested":2,"item_purchase_floors":[11,11,20,20],"current_hp_per_floor":[59,39,39,39,39,57,57,57,57,33,33,33,33,19,19,12,48,42,42,42,41,35,8,8,26,33,33,0,0],"gold":136,"neow_bonus":"THREE_ENEMY_KILL","is_daily":false,"chose_seed":false,"campfire_upgraded":2,"win_rate":0.0,"timestamp":1613847964,"path_taken":["M","?","?","?","?","R","E","M","T","E","?","?","$","E","R","BOSS","M","?","$","M","M","E","?","R","T","R","E"],"items_purchased_type":["Relic","Card","Card","Potion"],"build_version":"2020-12-22","purchased_purges":1,"victory":false,"max_hp_per_floor":[66,66,60,60,60,60,60,60,60,60,60,60,60,60,60,60,60,60,60,60,60,60,60,60,60,67,67,67,67],"relic_stats":{"Gremlin Horn":[7,7],"counters":[11,57],"Golden Idol":64,"Whetstone":["Neutralize","Strike_G"],"War Paint":["Defend_G","Survivor"],"Question Card":7,"obtain_stats":[{"NeowsBlessing":0,"Gremlin Horn":14,"Golden Idol":3,"Strawberry":26,"Philosopher\u0027s Stone":17,"Whetstone":7,"Membership Card":11,"War Paint":10,"Question Card":9,"Toy Ornithopter":23,"Ring of the Snake":0},{"NeowsBlessing":0,"Gremlin Horn":5,"Golden Idol":1,"Strawberry":10,"Philosopher\u0027s Stone":6,"Whetstone":2,"Membership Card":4,"War Paint":4,"Question Card":3,"Toy Ornithopter":10,"Ring of the Snake":0},{"NeowsBlessing":0,"Gremlin Horn":20,"Golden Idol":1,"Strawberry":52,"Philosopher\u0027s Stone":32,"Whetstone":2,"Membership Card":14,"War Paint":14,"Question Card":3,"Toy Ornithopter":52,"Ring of the Snake":0}],"Toy Ornithopter":0,"Ring of the Snake":[22]},"card_choices":[{"not_picked":["Sucker Punch","Distraction"],"picked":"Dagger Spray","floor":1},{"not_picked":["Distraction","Heel Hook"],"picked":"Bane","floor":7},{"not_picked":["Finisher","Cloak And Dagger"],"picked":"Poisoned Stab","floor":8},{"not_picked":["Catalyst","Skewer","Reflex"],"picked":"Noxious Fumes","floor":10},{"not_picked":["Dagger Spray","Catalyst","Slice"],"picked":"Dash","floor":14},{"not_picked":["Burst","Venomology","Bullet Time"],"picked":"Envenom","floor":16},{"not_picked":["Eviscerate","Sucker Punch","Dash","Dagger Spray"],"picked":"SKIP","floor":18},{"not_picked":["Backstab","Underhanded Strike+1","Outmaneuver"],"picked":"Backflip","floor":21},{"not_picked":["Reflex","Noxious Fumes","Dodge and Roll"],"picked":"Catalyst","floor":22},{"not_picked":["Tactician","Acrobatics","Dagger Spray"],"picked":"Deadly Poison+1","floor":23}],"player_experience":1111859,"relics_obtained":[{"floor":7,"key":"Whetstone"},{"floor":9,"key":"Question Card"},{"floor":10,"key":"War Paint"},{"floor":14,"key":"Gremlin Horn"},{"floor":23,"key":"Toy Ornithopter"},{"floor":26,"key":"Strawberry"}],"event_choices":[{"damage_healed":0,"gold_gain":0,"player_choice":"Entered Light","damage_taken":20,"max_hp_gain":0,"max_hp_loss":0,"event_name":"Shining Light","floor":2,"gold_loss":0,"cards_upgraded":["Defend_G","Strike_G"]},{"damage_healed":0,"gold_gain":0,"player_choice":"Lose Max HP","damage_taken":0,"relics_obtained":["Golden Idol"],"max_hp_gain":0,"max_hp_loss":6,"event_name":"Golden Idol","floor":3,"gold_loss":0},{"damage_healed":0,"gold_gain":0,"player_choice":"Left Gold","damage_taken":0,"max_hp_gain":0,"max_hp_loss":0,"event_name":"World of Goop","floor":4,"gold_loss":59},{"damage_healed":0,"gold_gain":0,"player_choice":"Ignored","damage_taken":0,"max_hp_gain":0,"max_hp_loss":0,"event_name":"Liars Game","floor":5,"gold_loss":0},{"damage_healed":0,"gold_gain":0,"player_choice":"Grow","damage_taken":0,"max_hp_gain":0,"max_hp_loss":0,"event_name":"Living Wall","floor":12,"gold_loss":0,"cards_upgraded":["Noxious Fumes"]},{"damage_healed":0,"gold_gain":0,"player_choice":"Read","damage_taken":0,"max_hp_gain":0,"max_hp_loss":0,"event_name":"The Library","floor":19,"gold_loss":0,"cards_obtained":["Crippling Poison"]},{"damage_healed":0,"gold_gain":0,"player_choice":"Ignored","damage_taken":0,"max_hp_gain":0,"max_hp_loss":0,"event_name":"Cursed Tome","floor":24,"gold_loss":0}],"is_beta":false,"boss_relics":[{"not_picked":["Sozu","Astrolabe"],"picked":"Philosopher\u0027s Stone"}],"items_purged_floors":[20],"is_endless":false,"potions_floor_spawned":[14,16,18],"killed_by":"Gremlin Leader","ascension_level":20}}