{"host":"nwjx7hbomubpmo86","time":1613790834,"event":{"mods":["AchievementEnabler","BaseMod","Better Note","Better Third Choice","Downfall","Hubris","Minty Spire (QoL Compilation)","Replay The Spire","StSLib","The Death Knight","slay the spire mod where everything is the same but ironclad has a cowboy hat"],"gold_per_floor":[118,1,1,18,18,18,48,48,73,37,49,12,27,44,44,145,145,163,173,25,25,25,53,53,53,129,155,155,188,198,208,208,309,309,320,320,48,48,63,63,96,108,120,145,15,15,15,85,85,85],"floor_reached":51,"language":"ENG","playtime":2002,"items_purged":["Pain"],"score":854,"play_id":"978f4a22-5688-446e-9b04-44cc9c7e46d2","local_time":"20210220041354","is_ascension_mode":false,"campfire_choices":[{"data":"Deadly Poison","floor":6,"key":"SMITH"},{"data":"Noxious Fumes","floor":8,"key":"SMITH"},{"floor":15,"key":"REST"},{"data":"ReplayTheSpireMod:Scrap Shanks","floor":24,"key":"SMITH"},{"data":"Adrenaline","floor":28,"key":"SMITH"},{"floor":32,"key":"REST"},{"data":"Bouncing Flask","floor":40,"key":"SMITH"},{"data":"ReplayTheSpireMod:Speed Training","floor":42,"key":"SMITH"},{"floor":49,"key":"REST"}],"circlet_count":0,"master_deck":["Strike_G","Strike_G","Strike_G","Defend_G","Defend_G","Defend_G","Defend_G","Defend_G","Survivor","Neutralize","Bane","Fluid Movement","Choke","Deadly Poison+1","Noxious Fumes+1","Bouncing Flask+1","Terror","Adrenaline+1","Slice","Deflect","ReplayTheSpireMod:Scrap Shanks+1","Prepared","Flying Knee","J.A.X.+1","Blur","Escape Plan+1","Fluid Movement+1","Blade Dance+1","PiercingWail","Venomology","ReplayTheSpireMod:Speed Training+1","Slice+1","Noxious Fumes+1","Noxious Fumes+1","Dagger Throw+1","Blur+1","ReplayTheSpireMod:From All Sides+1"],"relics":["HoveringKite","Calipers","Art of War","Replay:Drink Me","Turnip","WarpedTongs","Pear","Molten Egg 2","Iron Hammer","ChewingGum","ReplayTheSpireMod:TigerMarble","MawBank","hubris:CrystalStatue","Darkstone Periapt"],"acts_visited":["Exordium","TheCity","TheBeyond"],"potions_floor_usage":[16,23,27,27,30,33,39,41,44,50,50,50,50],"damage_taken":[{"damage":0,"enemies":"Small Slimes","floor":1,"turns":5},{"damage":20,"enemies":"Cultist","floor":4,"turns":5},{"damage":16,"enemies":"Lagavulin","floor":7,"turns":8},{"damage":9,"enemies":"Jaw Worm","floor":11,"turns":4},{"damage":5,"enemies":"Blue Slaver","floor":13,"turns":2},{"damage":13,"enemies":"Looter","floor":14,"turns":4},{"damage":12,"enemies":"Hexaghost","floor":16,"turns":8},{"damage":0,"enemies":"Spheric Guardian","floor":18,"turns":3},{"damage":2,"enemies":"3 Byrds","floor":19,"turns":4},{"damage":8,"enemies":"Replay:Snechameleon","floor":23,"turns":5},{"damage":28,"enemies":"Slavers","floor":27,"turns":6},{"damage":8,"enemies":"Replay:Snechameleon","floor":29,"turns":9},{"damage":2,"enemies":"Shelled Parasite and Fungi","floor":30,"turns":4},{"damage":12,"enemies":"Chosen and Byrds","floor":31,"turns":6},{"damage":9,"enemies":"Pondfish","floor":33,"turns":10},{"damage":8,"enemies":"3 Darklings","floor":35,"turns":5},{"damage":0,"enemies":"Orb Walker","floor":39,"turns":3},{"damage":12,"enemies":"Reptomancer","floor":41,"turns":7},{"damage":0,"enemies":"Spire Growth","floor":44,"turns":4},{"damage":25,"enemies":"Donu and Deca","floor":50,"turns":6}],"seed_played":"1183474009352948003","potions_obtained":[{"floor":11,"key":"bronze:BurnAndBuffPotion"},{"floor":13,"key":"Explosive Potion"},{"floor":14,"key":"Weak Potion"},{"floor":18,"key":"Dexterity Potion"},{"floor":23,"key":"hexamod:SoulburnPotion"},{"floor":27,"key":"Dexterity Potion"},{"floor":31,"key":"hexamod:SoulburnPotion"},{"floor":33,"key":"Block Potion"},{"floor":35,"key":"CunningPotion"},{"floor":41,"key":"Toxic Potion"}],"is_trial":false,"path_per_floor":["M","$","?","M","$","R","E","R","T","?","M","$","M","M","R","B",null,"M","M","$","?","?","E","R","?","T","E","R","E","M","M","R","B",null,"M","?","$","?","M","R","E","R","T","M","$","?","?","T","R","B",null],"character_chosen":"THE_SILENT","items_purchased":["Fluid Movement","Choke","Bouncing Flask","ReplayTheSpireMod:Scrap Shanks","Prepared","Flying Knee","Slice+1","ReplayTheSpireMod:TigerMarble","ReplayTheSpireMod:From All Sides+1"],"campfire_rested":3,"item_purchase_floors":[2,2,12,20,20,20,37,37,45],"current_hp_per_floor":[70,70,70,50,50,50,34,34,34,34,25,25,20,7,28,16,53,53,51,51,51,51,43,43,43,53,25,25,17,15,3,21,12,63,55,55,55,55,55,55,43,43,43,43,43,43,43,43,60,35],"gold":85,"neow_bonus":"BOSS_RELIC","is_daily":false,"chose_seed":false,"campfire_upgraded":6,"win_rate":0.0,"timestamp":1613790834,"path_taken":["M","$","?","M","?","R","E","R","T","?","M","?","?","M","R","BOSS","M","M","$","?","?","E","R","?","T","E","R","E","M","M","R","BOSS","M","?","$","?","?","R","E","R","T","M","?","?","?","?","R","BOSS"],"items_purchased_type":["Card","Card","Card","Card","Card","Card","Card","Relic","Card"],"build_version":"2020-12-22","purchased_purges":1,"victory":true,"max_hp_per_floor":[70,70,70,70,70,70,70,70,70,70,70,70,70,70,70,70,53,53,53,53,53,53,53,53,53,63,63,63,63,63,63,63,63,63,63,60,60,60,60,60,60,60,60,60,60,60,60,60,60,60],"card_choices":[{"not_picked":["Hidden Blade","Cloak And Dagger"],"picked":"Bane","floor":1},{"not_picked":["Bane","Poisoned Stab"],"picked":"Deadly Poison","floor":4},{"not_picked":["Bullet Time","Bane"],"picked":"Noxious Fumes","floor":7},{"not_picked":["Underhanded Strike","Dodge and Roll"],"picked":"Flying Knee","floor":11},{"not_picked":["Bane","Sucker Punch"],"picked":"Terror","floor":13},{"not_picked":["Dodge and Roll","Underhanded Strike","Outmaneuver"],"picked":"SKIP","floor":14},{"not_picked":["Glass Knife","Bullet Time"],"picked":"Adrenaline","floor":16},{"not_picked":["Setup","Blur"],"picked":"Slice","floor":18},{"not_picked":["Sucker Punch+1","Tactician"],"picked":"Deflect","floor":19},{"not_picked":["Predator","Dagger Spray"],"picked":"Blur","floor":23},{"not_picked":["Corpse Explosion","Outmaneuver"],"picked":"Escape Plan+1","floor":27},{"not_picked":["Poisoned Stab+1","Dagger Throw+1"],"picked":"Fluid Movement+1","floor":29},{"not_picked":["Backflip","Riddle With Holes+1"],"picked":"Blade Dance+1","floor":30},{"not_picked":["Dagger Throw+1","Predator+1"],"picked":"PiercingWail","floor":31},{"not_picked":["Glass Knife+1","Die Die Die+1"],"picked":"Venomology","floor":33},{"not_picked":["Setup","Underhanded Strike+1"],"picked":"ReplayTheSpireMod:Speed Training","floor":35},{"not_picked":["Prepared+1","ReplayTheSpireMod:Scrap Shanks"],"picked":"Noxious Fumes+1","floor":39},{"not_picked":["Acrobatics","All Out Attack+1"],"picked":"Dagger Throw+1","floor":41},{"not_picked":["Dagger Throw+1","Choke+1"],"picked":"Blur+1","floor":44}],"player_experience":561113,"relics_obtained":[{"floor":7,"key":"Calipers"},{"floor":9,"key":"Art of War"},{"floor":23,"key":"Turnip"},{"floor":26,"key":"Pear"},{"floor":27,"key":"Molten Egg 2"},{"floor":29,"key":"Iron Hammer"},{"floor":41,"key":"MawBank"},{"floor":43,"key":"hubris:CrystalStatue"},{"floor":48,"key":"Darkstone Periapt"}],"event_choices":[{"cards_removed":["Strike_G"],"damage_healed":0,"gold_gain":0,"player_choice":"Take \u0026 Give","damage_taken":0,"max_hp_gain":0,"max_hp_loss":0,"event_name":"betterNote:BetterNote","floor":3,"gold_loss":0,"cards_obtained":["Pain"]},{"damage_healed":0,"gold_gain":0,"player_choice":"Left","damage_taken":0,"max_hp_gain":0,"max_hp_loss":0,"event_name":"betterThird:BetterGoop","floor":10,"gold_loss":36},{"damage_healed":0,"gold_gain":0,"player_choice":"Ignored","damage_taken":0,"max_hp_gain":0,"max_hp_loss":0,"event_name":"Ghosts","floor":21,"gold_loss":0},{"damage_healed":0,"gold_gain":0,"player_choice":"Obtain J.A.X.","damage_taken":0,"max_hp_gain":0,"max_hp_loss":0,"event_name":"Drug Dealer","floor":22,"gold_loss":0,"cards_obtained":["J.A.X."]},{"damage_healed":0,"gold_gain":0,"player_choice":"Rummage","damage_taken":0,"relics_obtained":["WarpedTongs"],"max_hp_gain":0,"max_hp_loss":0,"event_name":"Accursed Blacksmith","floor":25,"gold_loss":0,"cards_obtained":["Pain"]},{"damage_healed":0,"gold_gain":0,"player_choice":"Max HP","damage_taken":0,"max_hp_gain":0,"max_hp_loss":3,"event_name":"Winding Halls","floor":36,"gold_loss":0},{"damage_healed":0,"gold_gain":0,"player_choice":"Copied","damage_taken":0,"max_hp_gain":0,"max_hp_loss":0,"event_name":"Duplicator","floor":38,"gold_loss":0,"cards_obtained":["Noxious Fumes"]},{"cards_removed":["Flying Knee"],"damage_healed":0,"gold_gain":0,"player_choice":"Removed Attack","damage_taken":0,"max_hp_gain":0,"max_hp_loss":0,"event_name":"Falling","floor":46,"gold_loss":0}],"is_beta":false,"boss_relics":[{"not_picked":["Snecko Scales","Replay:Bronze Core"],"picked":"Replay:Drink Me"},{"not_picked":["Fusion Hammer","Calling Bell"],"picked":"ChewingGum"}],"items_purged_floors":[37],"is_endless":false,"potions_floor_spawned":[11,13,14,18,23,27,31,33,35,41],"ascension_level":0}}