{"host":"wby4rs3xnry3zy6c","time":1613850581,"event":{"mods":["AchievementEnabler","BaseMod","BetterRewards","Colored Map","Colored Powertips","Downfall","Hubris","Infinite Spire","Minty Spire (QoL Compilation)","Replay The Spire","Shop Mod","StSLib","The Cursed","The Necromancer"],"gold_per_floor":[99,113,125,125,73,73,73,73,373,373,383,383,428,444,462,565,565,565,579,591,610,610,635,635,635,635,648,648,662,662,673,691,691,691,691],"floor_reached":33,"language":"ENG","playtime":2267,"items_purged":[],"score":384,"play_id":"0007ea36-b024-4589-a003-e6fda065288a","local_time":"20210220134941","is_ascension_mode":false,"campfire_choices":[{"data":"champ:Execute","floor":1,"key":"SMITH"},{"data":"champ:Backstep","floor":10,"key":"SMITH"},{"data":"champ:Circumvent","floor":12,"key":"SMITH"},{"floor":18,"key":"RECALL"},{"floor":28,"key":"REST"},{"floor":30,"key":"REST"}],"circlet_count":0,"master_deck":["champ:Strike","champ:Strike","champ:Strike","champ:Strike","champ:Defend","champ:Defend","champ:Defend","champ:Defend","champ:Execute+1","champ:Taunt","champ:TornadoPunch","champ:DefensiveShout","champ:DefensiveShout","champ:Backstep+1","champ:Backstep","champ:FlashCut","champ:Circumvent+1","champ:PreciseThrust","champ:StanceDance","champ:DefensiveShout","champ:DefensiveShout","champ:BringItOn+1","champ:Parry"],"relics":["champ:ChampionCrown","Sundial","PreservedInsect","Old Coin","Bronze Scales","Fusion Hammer","hubris:Icosahedron","infinitespire:WardingShard","Ornamental Fan","MutagenicStrength"],"acts_visited":["Exordium","TheCity"],"potions_floor_usage":[16,16,33],"damage_taken":[{"damage":10,"enemies":"2 Louse","floor":2,"turns":2},{"damage":10,"enemies":"Jaw Worm","floor":3,"turns":4},{"damage":20,"enemies":"downfall:FleeingMerchant","floor":5,"turns":4},{"damage":11,"enemies":"Cultist","floor":11,"turns":4},{"damage":0,"enemies":"Gremlin Gang","floor":14,"turns":2},{"damage":1,"enemies":"2 Fungi Beasts","floor":15,"turns":3},{"damage":30,"enemies":"IC_STATUS_ARCHETYPE","floor":16,"turns":8},{"damage":43,"enemies":"Chosen","floor":19,"turns":6},{"damage":7,"enemies":"Shell Parasite","floor":20,"turns":5},{"damage":40,"enemies":"Sentry and Sphere","floor":21,"turns":6},{"damage":7,"enemies":"Book of Stabbing","floor":23,"turns":5},{"damage":14,"enemies":"Centurion and Healer","floor":27,"turns":7},{"damage":7,"enemies":"Shelled Parasite and Fungi","floor":29,"turns":4},{"damage":9,"enemies":"3 Cultists","floor":31,"turns":6},{"damage":10,"enemies":"Snake Plant","floor":32,"turns":4},{"damage":97,"enemies":"DF_ARCHETYPE_CLAW","floor":33,"turns":5}],"seed_played":"-8370903958332109763","potions_obtained":[{"floor":2,"key":"Explosive Potion"},{"floor":11,"key":"SteroidPotion"},{"floor":15,"key":"champ:CounterPotion"},{"floor":16,"key":"bronze:BurnAndBuffPotion"},{"floor":21,"key":"bronze:BurnAndBuffPotion"},{"floor":27,"key":"Energy Potion"}],"is_trial":false,"path_per_floor":["R","M","M","?","$","?","T","?","?","R","M","R","T","M","M","B",null,"R","M","M","M","?","E","T","?","?","M","R","M","R","M","M","B"],"character_chosen":"THE_CHAMP","items_purchased":["champ:Backstep"],"campfire_rested":2,"item_purchase_floors":[5],"current_hp_per_floor":[99,99,99,99,99,99,99,99,92,92,86,86,86,86,85,65,99,99,66,64,34,34,27,27,27,27,13,42,40,69,65,55,0,0,0],"gold":691,"neow_bonus":"TEN_PERCENT_HP_BONUS","is_daily":false,"chose_seed":false,"campfire_upgraded":3,"win_rate":0.0,"timestamp":1613850581,"path_taken":["R","M","M","?","$","?","T","?","?","R","?","R","?","?","M","BOSS","R","M","?","?","?","E","T","?","?","M","R","?","R","?","M","BOSS"],"items_purchased_type":["Card"],"build_version":"2020-12-22","purchased_purges":0,"victory":false,"max_hp_per_floor":[99,99,99,99,99,99,99,99,99,99,99,99,99,99,99,99,99,99,99,99,99,99,99,99,99,99,99,99,99,99,99,99,99,99,99],"card_choices":[{"not_picked":["champ:FanOfKnives","champ:Backstep"],"picked":"champ:TornadoPunch","floor":2},{"not_picked":["champ:BerserkersShout","champ:RecklessLeap"],"picked":"champ:DefensiveShout","floor":3},{"not_picked":["champ:PreciseThrust","champ:PreemptiveStrike"],"picked":"champ:DefensiveShout","floor":5},{"not_picked":["champ:Backstep","champ:Encircle"],"picked":"champ:Circumvent","floor":11},{"not_picked":["champ:PerfectedStrike","champ:DeathBlow","champ:Shatter"],"picked":"SKIP","floor":14},{"not_picked":["champ:BringItOn","champ:CheapShot"],"picked":"champ:PreciseThrust","floor":15},{"not_picked":["champ:TornadoPunch","champ:Shatter"],"picked":"champ:StanceDance","floor":19},{"not_picked":["champ:FaceSlap","champ:AdrenalArmor"],"picked":"champ:DefensiveShout","floor":20},{"not_picked":["champ:GladiatorStyle","champ:Parry"],"picked":"champ:DefensiveShout","floor":21},{"not_picked":["champ:PerfectedStrike","champ:Shatter","champ:AdrenalArmor"],"picked":"SKIP","floor":23},{"not_picked":["champ:EnGarde","champ:TornadoPunch"],"picked":"champ:BringItOn+1","floor":27},{"not_picked":["champ:GutPunch+1","champ:Haymaker","champ:BladeFlurry+1"],"picked":"SKIP","floor":29},{"not_picked":["champ:CalledShot+1","champ:Lariat","champ:EnragedBash"],"picked":"SKIP","floor":31},{"not_picked":["champ:BringItOn","champ:PreciseThrust"],"picked":"champ:Parry","floor":32}],"player_experience":113821,"relics_obtained":[{"floor":7,"key":"Sundial"},{"floor":8,"key":"PreservedInsect"},{"floor":13,"key":"Bronze Scales"},{"floor":23,"key":"infinitespire:WardingShard"},{"floor":24,"key":"Ornamental Fan"}],"event_choices":[{"damage_healed":0,"gold_gain":0,"player_choice":"Success","damage_taken":7,"relics_obtained":["Old Coin"],"max_hp_gain":0,"max_hp_loss":0,"event_name":"Scrap Ooze","floor":9,"gold_loss":0},{"damage_healed":0,"gold_gain":0,"player_choice":"Inject Mutagens","damage_taken":0,"relics_obtained":["MutagenicStrength"],"max_hp_gain":0,"max_hp_loss":0,"event_name":"Drug Dealer","floor":25,"gold_loss":0},{"damage_healed":0,"gold_gain":0,"player_choice":"Ignored","damage_taken":0,"max_hp_gain":0,"max_hp_loss":0,"event_name":"Ghosts","floor":26,"gold_loss":0}],"is_beta":false,"boss_relics":[{"not_picked":["Replay:Ancient Bell","infinitespire:Cupcake"],"picked":"Fusion Hammer"}],"items_purged_floors":[],"is_endless":false,"potions_floor_spawned":[2,11,15,16,21,27,29],"killed_by":"DF_ARCHETYPE_CLAW","ascension_level":0}}