{"host":"eaiphzh066bwqdh7","time":1613850260,"event":{"mods":["AchievementEnabler","Aspiration","BaseMod","Better Note","Better Third Choice","Colored Powertips","Curses Come First","GifTheSpireLib","Halation","Highlight Path","Hubris","Infinite Spire","Minty Spire (QoL Compilation)","Quick Restart","Reliquary","Replay The Spire","StSLib","Stuff the Spire"],"gold_per_floor":[110,66,66,136,156,156,184,184,208,232,232,244,244,255,255,351,351,370,383,383,383,383],"floor_reached":21,"language":"ENG","playtime":593,"items_purged":[],"score":242,"play_id":"e44247f0-6513-4bdf-91c8-84d100a26d5d","local_time":"20210220144420","is_ascension_mode":true,"campfire_choices":[{"data":"Pot Of Greed","floor":6,"key":"SMITH"},{"data":"Vigilance","floor":8,"key":"SMITH"},{"data":"Defend_P","floor":13,"key":"SMITH"},{"floor":15,"key":"REST"}],"circlet_count":0,"master_deck":["Strike_P","Strike_P","Strike_P","Strike_P","Defend_P","Defend_P","Defend_P","Defend_P+1","Eruption","Vigilance+1","Pot Of Greed+1","Prostrate+1","Protect","Pot Of Greed+1"],"relics":["PureWater","NeowsBlessing","betterThird:SlimedRelic","Grinning Jar","Replay:Bottled Flurry","reliquary:PartyBalloon","Damaru","Cursed Key"],"acts_visited":["Exordium","TheCity"],"potions_floor_usage":[12,18],"damage_taken":[{"damage":0,"enemies":"Jaw Worm","floor":1,"turns":1},{"damage":0,"enemies":"2 Louse","floor":5,"turns":2},{"damage":0,"enemies":"Lagavulin","floor":7,"turns":1},{"damage":0,"enemies":"Cultist","floor":12,"turns":2},{"damage":8,"enemies":"Lots of Slimes","floor":14,"turns":4},{"damage":47,"enemies":"The Guardian","floor":16,"turns":12},{"damage":67,"enemies":"Chosen","floor":18,"turns":11},{"damage":3,"enemies":"Shell Parasite","floor":19,"turns":7},{"damage":17,"enemies":"Snecko","floor":21,"turns":3}],"seed_played":"-7806539911725277861","potions_obtained":[{"floor":4,"key":"Cursed Concoction"},{"floor":4,"key":"LiquidMemories"},{"floor":14,"key":"Venom Potion"},{"floor":16,"key":"Swift Potion"}],"is_trial":false,"path_per_floor":["M","?","$","?","M","R","E","R","T","T","?","M","R","M","R","B",null,"M","M","?","M"],"character_chosen":"WATCHER","items_purchased":[],"campfire_rested":1,"item_purchase_floors":[],"current_hp_per_floor":[72,61,61,61,61,61,61,61,61,61,61,61,61,53,72,25,72,5,2,2,0,0],"gold":383,"neow_bonus":"THREE_ENEMY_KILL","is_daily":false,"chose_seed":false,"campfire_upgraded":3,"win_rate":0.0,"timestamp":1613850260,"path_taken":["M","?","$","?","M","R","E","R","T","?","?","?","R","M","R","BOSS","M","?","?","M"],"items_purchased_type":[],"build_version":"2020-12-22","purchased_purges":0,"victory":false,"max_hp_per_floor":[72,72,72,72,72,72,72,72,72,72,72,72,72,72,72,72,72,72,72,72,72,72],"card_choices":[{"not_picked":["FlurryOfBlows","Consecrate","MentalFortress"],"picked":"SKIP","floor":1},{"not_picked":["FollowUp","Replay:BluntJabs"],"picked":"Prostrate","floor":4},{"not_picked":["LikeWater","Replay:DivineShield","Replay:Battleflow"],"picked":"SKIP","floor":5},{"not_picked":["BowlingBash","FlyingSleeves","SashWhip"],"picked":"SKIP","floor":7},{"not_picked":["Omniscience","Replay:AtTheReady","DeceiveReality"],"picked":"SKIP","floor":12},{"not_picked":["FollowUp","Replay:AtTheReady","WreathOfFlame"],"picked":"SKIP","floor":14},{"not_picked":["Replay:BluntJabs+1","ReachHeaven"],"picked":"Protect","floor":18},{"not_picked":["Replay:Cycle","Meditate+1","MentalFortress"],"picked":"SKIP","floor":19}],"player_experience":335048,"relics_obtained":[{"floor":4,"key":"Grinning Jar"},{"floor":7,"key":"Replay:Bottled Flurry"},{"floor":9,"key":"reliquary:PartyBalloon"},{"floor":10,"key":"Damaru"}],"event_choices":[{"damage_healed":0,"gold_gain":0,"player_choice":"Slimed","damage_taken":11,"max_hp_gain":0,"max_hp_loss":0,"event_name":"betterThird:BetterGoop","floor":2,"gold_loss":44},{"damage_healed":0,"gold_gain":0,"player_choice":"Upgraded","damage_taken":0,"max_hp_gain":0,"max_hp_loss":0,"event_name":"Upgrade Shrine","floor":11,"gold_loss":0,"cards_upgraded":["Prostrate"]},{"damage_healed":0,"gold_gain":0,"player_choice":"Upgraded","damage_taken":0,"max_hp_gain":0,"max_hp_loss":0,"event_name":"Upgrade Shrine","floor":20,"gold_loss":0,"cards_upgraded":["Pot Of Greed"]}],"is_beta":false,"boss_relics":[{"not_picked":["halation:MonkeysPaw","hubris:TerracottaHorce"],"picked":"Cursed Key"}],"items_purged_floors":[],"is_endless":false,"potions_floor_spawned":[14,16],"killed_by":"Snecko","ascension_level":4}}