{"host":"g5ocrzbvbwpvypv7","time":1613833258,"event":{"mods":["AchievementEnabler","BaseMod","Colored Map","Custom Start","DeckTracker","KOR Keyword Fix","Minty Spire (QoL Compilation)","Rare Cards Sparkle","StSLib","SuperFastMode","everything is the same but u backflip on backflip"],"gold_per_floor":[111,123,135,90,107,135,135,197,270,270,295,295,313,313,313,412,412,430,447,465,465,200,225,225,260,286,286,286,286,306,341,341,436,436,449,463,463,477,179,209,209,244,320,320,320,355,367,385,385,385,385,385,57,91,91],"floor_reached":56,"language":"KOR","playtime":3657,"items_purged":["Strike_G","Strike_G"],"score":1831,"play_id":"abf88814-13c4-46f8-aaf6-7f57eb46fd15","local_time":"20210221000058","is_ascension_mode":true,"campfire_choices":[{"data":"Blade Dance","floor":7.0,"key":"SMITH"},{"floor":10.0,"key":"REST"},{"data":"Accuracy","floor":12.0,"key":"SMITH"},{"data":"Infinite Blades","floor":15.0,"key":"SMITH"},{"data":"Neutralize","floor":29,"key":"SMITH"},{"data":"Envenom","floor":32,"key":"SMITH"},{"floor":41,"key":"RECALL"},{"data":"Accuracy","floor":45,"key":"SMITH"},{"data":"Footwork","floor":49,"key":"SMITH"},{"data":"Infinite Blades","floor":52,"key":"SMITH"}],"circlet_count":0,"master_deck":["Strike_G","Strike_G","Defend_G","Defend_G","Defend_G","Defend_G+1","Defend_G","Survivor","Neutralize+1","Infinite Blades+1","Backflip+1","Blade Dance+1","Accuracy+1","Footwork+1","Adrenaline+1","Bullet Time+1","Quick Slash+1","Footwork+1","Cloak And Dagger+1","Accuracy+1","Terror+1","Crippling Poison+1","Dash+1","Acrobatics+1","Cloak And Dagger+1","Ghostly+1","Ghostly+1","Ghostly+1","Ghostly+1","Ghostly+1","Envenom+1","Adrenaline+1","PiercingWail+1","Blade Dance+1","Blade Dance+1","Burst+1","Prepared+1","Accuracy+1","Tactician+1"],"relics":["Ring of the Snake","Pocketwatch","War Paint","Toxic Egg 2","Toy Ornithopter","Coffee Dripper","Paper Crane","Dream Catcher","Bag of Preparation","Potion Belt","Runic Pyramid","Art of War","MealTicket","Oddly Smooth Stone","Blood Vial","Happy Flower","Centennial Puzzle","Blue Candle","Bronze Scales"],"acts_visited":["Exordium","TheCity","TheBeyond","TheEnding"],"potions_floor_usage":[31,47,55,55,55,55],"damage_taken":[{"damage":4.0,"enemies":"Small Slimes","floor":1.0,"turns":4.0},{"damage":0.0,"enemies":"2 Louse","floor":2.0,"turns":3.0},{"damage":0.0,"enemies":"Cultist","floor":3.0,"turns":4.0},{"damage":18.0,"enemies":"3 Louse","floor":5.0,"turns":3.0},{"damage":9.0,"enemies":"3 Sentries","floor":6.0,"turns":6.0},{"damage":9.0,"enemies":"Lagavulin Event","floor":8.0,"turns":3.0},{"damage":15.0,"enemies":"Lagavulin","floor":11.0,"turns":5.0},{"damage":2.0,"enemies":"Blue Slaver","floor":13.0,"turns":2.0},{"damage":0.0,"enemies":"Hexaghost","floor":16.0,"turns":6.0},{"damage":0.0,"enemies":"Shell Parasite","floor":18.0,"turns":4.0},{"damage":11.0,"enemies":"2 Thieves","floor":19.0,"turns":3.0},{"damage":3.0,"enemies":"Snake Plant","floor":20.0,"turns":5.0},{"damage":5.0,"enemies":"Gremlin Leader","floor":23.0,"turns":6.0},{"damage":12.0,"enemies":"Slavers","floor":25.0,"turns":6.0},{"damage":1,"enemies":"Centurion and Healer","floor":30,"turns":4},{"damage":4,"enemies":"Gremlin Leader","floor":31,"turns":6},{"damage":1,"enemies":"Automaton","floor":33,"turns":9},{"damage":1,"enemies":"3 Darklings","floor":35,"turns":4},{"damage":2,"enemies":"3 Shapes","floor":36,"turns":3},{"damage":0,"enemies":"Maw","floor":38,"turns":5},{"damage":0,"enemies":"Nemesis","floor":40,"turns":5},{"damage":0,"enemies":"Reptomancer","floor":42,"turns":4},{"damage":1,"enemies":"Giant Head","floor":46,"turns":5},{"damage":0,"enemies":"Jaw Worm Horde","floor":47,"turns":2},{"damage":1,"enemies":"Transient","floor":48,"turns":5},{"damage":2,"enemies":"Time Eater","floor":50,"turns":5},{"damage":0,"enemies":"Shield and Spear","floor":54,"turns":4},{"damage":0,"enemies":"The Heart","floor":55,"turns":7}],"seed_played":"6522033363002515584","potions_obtained":[{"floor":2.0,"key":"EntropicBrew"},{"floor":3.0,"key":"Poison Potion"},{"floor":6.0,"key":"SkillPotion"},{"floor":13.0,"key":"BlessingOfTheForge"},{"floor":19.0,"key":"DistilledChaos"},{"floor":20.0,"key":"Block Potion"},{"floor":25.0,"key":"SpeedPotion"},{"floor":30,"key":"Weak Potion"},{"floor":33,"key":"SkillPotion"},{"floor":36,"key":"SteroidPotion"},{"floor":40,"key":"DistilledChaos"},{"floor":47,"key":"Strength Potion"},{"floor":54,"key":"SkillPotion"}],"is_trial":false,"path_per_floor":["M","M","M","$","M","E","R","?","T","R","E","R","M","?","R","B",null,"M","M","M","?","$","E","?","E","T","?","?","R","M","E","R","B",null,"M","M","T","M","$","E","R","E","T","?","R","E","M","M","R","B",null,"R","$","E","B",null],"character_chosen":"THE_SILENT","items_purchased":["Blade Dance","Accuracy","Terror+1","Crippling Poison+1","MealTicket","Blade Dance+1","Tactician+1","Blue Candle"],"campfire_rested":1,"item_purchase_floors":[4,22,22,22,39,39,53,53],"current_hp_per_floor":[59,59,59,59,41,32,32,23,23,44,29,29,27,27,27,27,59,59,48,50,50,50,50,50,43,43,35,35,35,34,35,35,34,35,34,32,32,32,32,32,32,32,32,32,32,33,35,34,34,33,35,35,35,35,35],"gold":91,"neow_bonus":"REMOVE_CARD","is_daily":false,"chose_seed":false,"campfire_upgraded":8,"win_rate":0.0,"timestamp":1613833258,"path_taken":["M","M","M","$","M","E","R","?","T","R","E","R","M","?","R","BOSS","M","?","M","?","$","E","?","E","T","?","?","R","?","E","R","BOSS","M","M","?","M","$","E","R","E","T","?","R","E","M","M","R","BOSS","R","$","E","BOSS"],"items_purchased_type":["Card","Card","Card","Card","Relic","Card","Card","Relic"],"build_version":"2020-12-22","purchased_purges":2,"victory":true,"max_hp_per_floor":[70,70,70,70,70,70,70,70,70,70,70,70,70,70,70,70,70,70,70,70,70,70,70,70,70,70,35,35,35,35,35,35,35,35,35,35,35,35,35,35,35,35,35,35,35,35,35,35,35,35,35,35,35,35,35],"card_choices":[{"not_picked":["Deadly Poison","Dagger Throw","Prepared"],"picked":"SKIP","floor":1.0},{"not_picked":["Setup","Riddle With Holes"],"picked":"Infinite Blades","floor":2.0},{"not_picked":["Bane","Well Laid Plans"],"picked":"Backflip","floor":3.0},{"not_picked":["Tactician","Acrobatics"],"picked":"Accuracy","floor":5.0},{"not_picked":["Caltrops","PiercingWail"],"picked":"Footwork","floor":6.0},{"not_picked":["Backflip","Setup"],"picked":"Infinite Blades","floor":8.0},{"not_picked":["Slice","Dodge and Roll+1"],"picked":"Adrenaline+1","floor":11.0},{"not_picked":["Sucker Punch","Quick Slash","Dagger Throw"],"picked":"SKIP","floor":13.0},{"not_picked":["Unload","Corpse Explosion+1"],"picked":"Bullet Time+1","floor":16.0},{"not_picked":["Dagger Spray","Riddle With Holes"],"picked":"Quick Slash+1","floor":18.0},{"not_picked":["All Out Attack","Dagger Throw+1"],"picked":"Footwork","floor":19.0},{"not_picked":["Noxious Fumes","Footwork"],"picked":"Cloak And Dagger+1","floor":20.0},{"not_picked":["Dagger Spray+1","Prepared+1"],"picked":"Dash+1","floor":23.0},{"not_picked":["Dodge and Roll+1","Slice"],"picked":"Cloak And Dagger+1","floor":25.0},{"not_picked":["Endless Agony","Bane+1","Masterful Stab"],"picked":"SKIP","floor":30},{"not_picked":["Deflect+1","Acrobatics+1"],"picked":"Envenom","floor":31},{"not_picked":["Grand Finale","Bullet Time+1"],"picked":"Adrenaline+1","floor":33},{"not_picked":["Well Laid Plans+1","Bane"],"picked":"PiercingWail+1","floor":35},{"not_picked":["Riddle With Holes","Cloak And Dagger+1"],"picked":"Blade Dance+1","floor":36},{"not_picked":["Well Laid Plans+1","Predator","Expertise+1"],"picked":"SKIP","floor":38},{"not_picked":["Poisoned Stab","Eviscerate"],"picked":"Burst+1","floor":40},{"not_picked":["Blade Dance+1","Catalyst+1","Concentrate+1"],"picked":"SKIP","floor":42},{"not_picked":["Acrobatics+1","Dodge and Roll+1"],"picked":"Prepared+1","floor":46},{"not_picked":["Leg Sweep+1","Deflect+1"],"picked":"Accuracy+1","floor":47},{"not_picked":["Acrobatics+1","Deflect+1","Quick Slash"],"picked":"SKIP","floor":48},{"not_picked":["Deadly Poison+1","Terror+1","Underhanded Strike+1"],"picked":"SKIP","floor":54}],"player_experience":352506,"relics_obtained":[{"floor":6.0,"key":"Pocketwatch"},{"floor":8.0,"key":"War Paint"},{"floor":9.0,"key":"Toxic Egg 2"},{"floor":11.0,"key":"Toy Ornithopter"},{"floor":23.0,"key":"Paper Crane"},{"floor":25.0,"key":"Dream Catcher"},{"floor":26.0,"key":"Bag of Preparation"},{"floor":31,"key":"Potion Belt"},{"floor":37,"key":"Art of War"},{"floor":40,"key":"Oddly Smooth Stone"},{"floor":42,"key":"Blood Vial"},{"floor":46,"key":"Centennial Puzzle"},{"floor":54,"key":"Bronze Scales"}],"event_choices":[{"damage_healed":0.0,"max_hp_gain":0.0,"max_hp_loss":0.0,"gold_gain":0.0,"event_name":"Dead Adventurer","player_choice":"Searched \u00271\u0027 times","floor":8.0,"gold_loss":0.0,"damage_taken":0.0},{"damage_healed":0.0,"max_hp_gain":0.0,"max_hp_loss":0.0,"gold_gain":0.0,"event_name":"Accursed Blacksmith","player_choice":"Forge","floor":14.0,"gold_loss":0.0,"damage_taken":0.0,"cards_upgraded":["Footwork"]},{"damage_healed":0.0,"max_hp_gain":0.0,"max_hp_loss":0.0,"gold_gain":0.0,"event_name":"Vampires","player_choice":"Ignored","floor":21.0,"gold_loss":0.0,"damage_taken":0.0},{"damage_healed":0.0,"max_hp_gain":0.0,"max_hp_loss":0.0,"gold_gain":0.0,"event_name":"The Library","player_choice":"Read","floor":24.0,"gold_loss":0.0,"damage_taken":0.0,"cards_obtained":["Acrobatics"]},{"damage_healed":0.0,"max_hp_gain":0.0,"max_hp_loss":35.0,"gold_gain":0.0,"event_name":"Ghosts","player_choice":"Became a Ghost","floor":27.0,"gold_loss":0.0,"damage_taken":0.0,"cards_obtained":["Ghostly","Ghostly","Ghostly","Ghostly","Ghostly"]},{"damage_healed":0,"gold_gain":0,"player_choice":"Ignored","damage_taken":0,"max_hp_gain":0,"max_hp_loss":0,"event_name":"The Mausoleum","floor":28,"gold_loss":0},{"cards_removed":["Infinite Blades"],"damage_healed":0,"gold_gain":0,"player_choice":"Gave Card","damage_taken":0,"relics_obtained":["Happy Flower"],"max_hp_gain":0,"max_hp_loss":0,"event_name":"WeMeetAgain","floor":44,"gold_loss":0}],"is_beta":false,"boss_relics":[{"not_picked":["SacredBark","Busted Crown"],"picked":"Coffee Dripper"},{"not_picked":["Ring of the Serpent","Snecko Eye"],"picked":"Runic Pyramid"}],"items_purged_floors":[22,39],"is_endless":false,"potions_floor_spawned":[2,3,6,13,19,20,25,30,33,36,40,47,54],"ascension_level":6}}