{"host":"clcuy39u5sybassp","time":1613814318,"event":{"mods":["AchievementEnabler","BaseMod","Challenge The Spire","Lobotomy","LobotomyExtend","Minty Spire (QoL Compilation)","Quick Restart","Replay The Spire","StSLib"],"gold_per_floor":[112,65,65,65,80,80,13,31,108,108,158,158,186,206,206,306,306,316,316,316,62,77,77,97,132,132,144,156,42,42,59,59,157,157,175,175,26,26,1,1,29,48,48,48,68,68,85,96,96,96,96],"floor_reached":50,"language":"ZHS","playtime":1686,"items_purged":[],"score":715,"play_id":"a0a46773-f3fa-4bd2-9615-dc7a1221a607","local_time":"20210220174518","is_ascension_mode":false,"campfire_choices":[{"floor":40.0,"key":"RECALL"}],"circlet_count":0,"master_deck":["SpecialBullet","SpecialBullet","SpecialBullet","SpecialBullet","SpecialBullet","SpecialBullet","SpecialBullet","SpecialBullet","InformationCode","DisciplinaryCode","SecurityCode","Wellcheers","Harvest","GoldRush","CrumblingArmor","SpiderBud","WristCuter","SpecialBullet","QueenOfHatred","Writhe","SpecialBullet","Scorched","Hornet+1","SpecialBullet","DreamingCurrent","SpecialBullet","Ecstasy+1","FourthMatchFlame+1","Moonlight","ExtractionCode","Harvest","Twilight","WristCuter","SpecialBullet","OldLady","GoldRush","Strike_R","Twilight+1","Beak+1","CherryBlossom+1","SnowQueen","SpecialBullet","BlueStar","Hornet+1","BlackArmy","FourthMatchFlame+1"],"relics":["CogitoBucket","NeowsBlessing","LetterFromLob","ReplayTheSpireMod:Ring of Challenge","Ring of Searing","ShedSkin_r","Bottled Lightning","Torii","Replay:Ancient Bell","Replay:Baseball","Frozen Egg 2","Bird Faced Urn","BehaviorAdjustment","RedMistMask","Blood Vial","Pear","Tiny Chest","SkinProphecy","SacredBark","Golden Egg","Whetstone","AtMidnight","Replay:Rubber Ducky"],"acts_visited":["Exordium","TheCity","TheBeyond"],"potions_floor_usage":[],"damage_taken":[{"damage":0.0,"enemies":"Jaw Worm","floor":1.0,"turns":1.0},{"damage":0.0,"enemies":"Small Slimes","floor":5.0,"turns":1.0},{"damage":22.0,"enemies":"2 Louse","floor":8.0,"turns":9.0},{"damage":14.0,"enemies":"Gremlin Nob","floor":13.0,"turns":3.0},{"damage":10.0,"enemies":"Looter","floor":14.0,"turns":2.0},{"damage":26.0,"enemies":"The Guardian","floor":16.0,"turns":3.0},{"damage":28.0,"enemies":"Chosen","floor":18.0,"turns":3.0},{"damage":5.0,"enemies":"3 Byrds","floor":22.0,"turns":2.0},{"damage":21.0,"enemies":"Shelled Parasite and Fungi","floor":24.0,"turns":3.0},{"damage":18.0,"enemies":"Slavers","floor":25.0,"turns":2.0},{"damage":7.0,"enemies":"Snake Plant","floor":27.0,"turns":2.0},{"damage":19.0,"enemies":"Centurion and Healer","floor":28.0,"turns":2.0},{"damage":13.0,"enemies":"Cultist and Chosen","floor":31.0,"turns":3.0},{"damage":31.0,"enemies":"Pondfish","floor":33.0,"turns":5.0},{"damage":39.0,"enemies":"Orb Walker","floor":35.0,"turns":2.0},{"damage":29.0,"enemies":"R_Hoarder","floor":41.0,"turns":3.0},{"damage":25.0,"enemies":"3 Darklings","floor":42.0,"turns":3.0},{"damage":22.0,"enemies":"Spire Growth","floor":45.0,"turns":2.0},{"damage":1.0,"enemies":"Sphere and 2 Shapes","floor":47.0,"turns":1.0},{"damage":1.0,"enemies":"4 Shapes","floor":48.0,"turns":1.0},{"damage":184,"enemies":"Time Eater","floor":50,"turns":4}],"seed_played":"-6936880990186014424","potions_obtained":[{"floor":5.0,"key":"Milkshake"},{"floor":13.0,"key":"Elixir"},{"floor":24.0,"key":"AttackPotion"},{"floor":28.0,"key":"Weak Potion"}],"is_trial":false,"path_per_floor":["M","?","?","$","M","E","$","M","T","R","?","R","E","M","R","B",null,"M","?","?","$","M","R","M","E","T","M","M","$","R","M","R","B",null,"M","?","$","T","$","R","E","M","T","R","M","R","M","M","R","B"],"character_chosen":"Angela","items_purchased":["Harvest","Pear","FourthMatchFlame","Moonlight","Twilight","Beak"],"campfire_rested":0,"item_purchase_floors":[7,21,29,29,37,39],"current_hp_per_floor":[70,70,70,70,70,45,45,40,40,40,40,40,43,56,56,51,78,68,68,60,70,83,83,92,92,92,96,96,96,96,98,98,100,100,92,92,92,92,92,92,100,108,108,108,110,110,124,130,130,0,0],"gold":96,"neow_bonus":"THREE_ENEMY_KILL","is_daily":false,"chose_seed":false,"campfire_upgraded":0,"win_rate":0.0,"timestamp":1613814318,"path_taken":["M","?","?","$","M","E","$","M","T","R","?","R","E","M","R","BOSS","M","?","?","$","?","R","M","E","T","M","?","$","R","M","R","BOSS","M","?","?","?","$","R","E","M","T","R","M","R","M","M","R","BOSS"],"items_purchased_type":["Card","Relic","Card","Card","Card","Card"],"build_version":"2020-12-22","purchased_purges":0,"victory":false,"max_hp_per_floor":[70,70,70,70,70,70,70,70,70,70,70,70,70,74,74,78,78,82,82,82,92,92,92,92,92,92,96,96,96,96,98,98,100,100,106,106,106,106,106,106,108,116,116,116,118,118,124,130,130,134,134],"card_choices":[{"not_picked":["Hypocrisy","FrostShard"],"picked":"SKIP","floor":1.0},{"not_picked":["FairyFestival","SpiderBud"],"picked":"Wellcheers","floor":5.0},{"not_picked":["RapturousDream","RedEyes"],"picked":"SKIP","floor":5.0},{"not_picked":["Tough"],"picked":"GoldRush","floor":8.0},{"not_picked":["Murderer","GreedKing"],"picked":"CrumblingArmor","floor":13.0},{"not_picked":["Lantern","Horn"],"picked":"SKIP","floor":13.0},{"not_picked":["FairyFestival","BeautyBeast"],"picked":"SpiderBud","floor":14.0},{"not_picked":["SomewhereSpear"],"picked":"WristCuter","floor":14.0},{"not_picked":["Bloodbath","VoidDream"],"picked":"QueenOfHatred","floor":16.0},{"not_picked":["AbeCurse"],"picked":"Injury","floor":17.0},{"not_picked":["Replay:Hysterical Blindness"],"picked":"Writhe","floor":17.0},{"not_picked":["Languid"],"picked":"ReplayTheSpireMod:IOU","floor":17.0},{"not_picked":["PunishingBird","MeltingLove"],"picked":"Scorched","floor":18.0},{"not_picked":["RedEyes"],"picked":"Hornet+1","floor":18.0},{"not_picked":["SomewhereSpear","Lantern"],"picked":"SKIP","floor":22.0},{"not_picked":["Tough+1","ScreamingWedge"],"picked":"SKIP","floor":24.0},{"not_picked":["Loneliness","CUTE"],"picked":"SKIP","floor":25.0},{"not_picked":["Alriune","ShyLook"],"picked":"DreamingCurrent","floor":27.0},{"not_picked":["Noise","Diffraction"],"picked":"SKIP","floor":27.0},{"not_picked":["CUTE+1"],"picked":"Ecstasy+1","floor":28.0},{"not_picked":["CENSORED_ego"],"picked":"Harvest","floor":31.0},{"not_picked":["SoundOfStar","TheSmile"],"picked":"Twilight","floor":33.0},{"not_picked":["Horn+1","Noise+1"],"picked":"WristCuter","floor":35.0},{"not_picked":["Variant","BlackSwan"],"picked":"OldLady","floor":35.0},{"not_picked":["SolemnVow+1","SomewhereSpear","Regret_ego+1"],"picked":"SKIP","floor":35.0},{"not_picked":["Tough+1","Galaxy","Horn+1"],"picked":"SKIP","floor":41.0},{"not_picked":["GreenStem+1","Reverberation+1"],"picked":"CherryBlossom+1","floor":42.0},{"not_picked":["LittleHelper","BigBird"],"picked":"SnowQueen","floor":42.0},{"not_picked":["Logging+1","SomewhereSpear","TodaysExpression+1"],"picked":"SKIP","floor":42.0},{"not_picked":["Logging+1","SomewhereSpear","TodaysExpression+1"],"picked":"SKIP","floor":42.0},{"not_picked":["FieryBird","Alriune","Rudolta"],"picked":"Singing Bowl","floor":45.0},{"not_picked":["GreenStem+1","Lantern","Regret_ego+1"],"picked":"SKIP","floor":45.0},{"not_picked":["DespairKnight","Variant"],"picked":"BlueStar","floor":47.0},{"not_picked":["GreenStem+1","Regret_ego+1"],"picked":"Hornet+1","floor":47.0},{"not_picked":["UniverseFragment","RedShoes","Rudolta"],"picked":"Singing Bowl","floor":48.0},{"not_picked":["Rudolta","DespairKnight"],"picked":"BlackArmy","floor":48.0},{"not_picked":["CherryBlossom+1","Tough+1"],"picked":"FourthMatchFlame+1","floor":48.0}],"player_experience":204606,"relics_obtained":[{"floor":1.0,"key":"LetterFromLob"},{"floor":3.0,"key":"ReplayTheSpireMod:Ring of Challenge"},{"floor":3.0,"key":"Ring of Searing"},{"floor":9.0,"key":"Bottled Lightning"},{"floor":13.0,"key":"Torii"},{"floor":18.0,"key":"RedMistMask"},{"floor":25.0,"key":"Tiny Chest"},{"floor":38.0,"key":"Golden Egg"},{"floor":41.0,"key":"Whetstone"},{"floor":42.0,"key":"AtMidnight"},{"floor":43.0,"key":"Replay:Rubber Ducky"}],"event_choices":[{"damage_healed":0.0,"max_hp_gain":0.0,"max_hp_loss":0.0,"gold_gain":0.0,"event_name":"World of Goop","player_choice":"Left Gold","floor":2.0,"gold_loss":47.0,"damage_taken":0.0},{"damage_healed":0.0,"max_hp_gain":0.0,"max_hp_loss":0.0,"gold_gain":50.0,"event_name":"Golden Wing","player_choice":"Gained Gold","floor":11.0,"gold_loss":0.0,"damage_taken":0.0},{"damage_healed":0.0,"max_hp_gain":0.0,"max_hp_loss":0.0,"gold_gain":0.0,"event_name":"Wheel of Change","player_choice":"Damaged","floor":20.0,"gold_loss":0.0,"damage_taken":8.0},{"damage_healed":0.0,"max_hp_gain":0.0,"max_hp_loss":0.0,"gold_gain":0.0,"event_name":"Match and Keep!","player_choice":"2 cards matched","floor":36.0,"gold_loss":0.0,"damage_taken":0.0,"cards_obtained":["GoldRush","Strike_R"]}],"is_beta":false,"boss_relics":[{"not_picked":["Velvet Choker","Coffee Dripper"],"picked":"Replay:Ancient Bell"},{"not_picked":["Anchor","MealTicket"],"picked":"Replay:Baseball"},{"not_picked":["Ornamental Fan","The Courier"],"picked":"Frozen Egg 2"},{"not_picked":["Unceasing Top","Thread and Needle"],"picked":"Bird Faced Urn"},{"not_picked":["ChewingGum","Busted Crown"],"picked":"SacredBark"}],"items_purged_floors":[],"is_endless":false,"potions_floor_spawned":[5,13,24,27,28,33,47,48],"killed_by":"Time Eater","ascension_level":0}}