{"host":"BinaryLev","time":1613837388,"event":{"mods":["BaseMod","Colored Map","Colored Powertips","Conspire","DeckTracker","Downfall","Highlight Path","Infinite Spire","Minty Spire (QoL Compilation)","Quick Restart","Random Character Button","Relic Sorter","Relic Stats","StSLib","The Animator","The Blue Laboratory"],"gold_per_floor":[99,99,99,374,11,42,42,54,54,69,3,33,33,47,66,171,221,221,237,49,73,91,91,114,222,222,240,240,240,240,257,277,380,380,380,427,446,496,549,549,549,561,561,578,605,621,621,621,621,621],"floor_reached":51,"language":"ENG","playtime":2990,"items_purged":["Regret","hexamod:Strike"],"score":791,"play_id":"44445868-441e-4f6d-8c68-f9469803e549","local_time":"20210220210948","is_ascension_mode":true,"campfire_choices":[{"data":"hexamod:Float","floor":1,"key":"SMITH"},{"data":"hexamod:Again","floor":9,"key":"SMITH"},{"data":"hexamod:Toasty","floor":13,"key":"SMITH"},{"data":"hexamod:VolcanoVisage","floor":18,"key":"SMITH"},{"data":"infinitespire:Collect","floor":26,"key":"SMITH"},{"data":"hexamod:ApocalypseNow","floor":28,"key":"SMITH"},{"data":"hexamod:SoulSteal","floor":30,"key":"SMITH"},{"data":"hexamod:TimeOfNeed","floor":35,"key":"SMITH"},{"data":"hexamod:HexaLevel","floor":40,"key":"SMITH"},{"data":"infinitespire:Collect+1","floor":43,"key":"SMITH"},{"floor":47,"key":"REST"},{"floor":49,"key":"REST"}],"circlet_count":0,"master_deck":["hexamod:Strike","hexamod:Strike","hexamod:Strike","hexamod:Defend+1","hexamod:Defend","hexamod:Defend","hexamod:Defend","hexamod:Sear","hexamod:Float+1","hexamod:Again+1","hexamod:DynamicBlow","hexamod:DynamicBlow+1","hexamod:AdvancingGuard","hexamod:BacktrackSmack","hexamod:Toasty+1","hexamod:Rewind","hexamod:AdvancingGuard","hexamod:VolcanoVisage+1","hexamod:NightmareStrike+1","hexamod:Firestarter","hexamod:ApocalypseNow+1","hexamod:SoulSteal+1","infinitespire:Collect+2","hexamod:Sear+1","hexamod:Firestarter","hexamod:HeatShield+1","PanicButton","CurseOfTheBell","hexamod:ExtraCrispy","hexamod:RadiantFlame+1","hexamod:HexaLevel+1","hexamod:TimeOfNeed+1","hexamod:ExtraCrispy","hexamod:SkipABeat+1","hexamod:Again","hexamod:ParanormalForm","hexamod:FastForward+1","hexamod:GhostOfSpireFuture+1","hexamod:PowerFromBeyond+1","hexamod:Incineration+1"],"relics":["hexamod:UnbrokenSoul","downfall:HeartsMalice","Bird Faced Urn","Ice Cream","Question Card","Akabeko","Tiny House","Toy Ornithopter","expansioncontent:StudyCardRelic","conspire:GlowingRock","Omamori","downfall:GremlinSack","downfall:ExtraCursedBell","Potion Belt","Pear","infinitespire:CursedDice","hexamod:TheBrokenSeal","Happy Flower","conspire:InfiniteJournal","Du-Vu Doll","Art of War","Nunchaku"],"acts_visited":["Exordium","TheCity","TheBeyond"],"potions_floor_usage":[11,15,16,20,21,25,27,33,33,33,33,36,36,38,46,46,50],"damage_taken":[{"damage":0,"enemies":"Cultist","floor":2,"turns":1},{"damage":0,"enemies":"Small Slimes","floor":3,"turns":1},{"damage":0,"enemies":"downfall:FleeingMerchant","floor":5,"turns":1},{"damage":24,"enemies":"3 Sentries","floor":6,"turns":10},{"damage":7,"enemies":"infinitespire:Voidling","floor":8,"turns":3},{"damage":11,"enemies":"Exordium Wildlife","floor":10,"turns":5},{"damage":0,"enemies":"downfall:FleeingMerchant","floor":11,"turns":4},{"damage":24,"enemies":"Gremlin Nob","floor":12,"turns":4},{"damage":0,"enemies":"Exordium Thugs","floor":14,"turns":3},{"damage":0,"enemies":"2 Fungi Beasts","floor":15,"turns":2},{"damage":9,"enemies":"SI_SHIV_ARCHETYPE","floor":16,"turns":7},{"damage":5,"enemies":"Chosen","floor":19,"turns":3},{"damage":10,"enemies":"downfall:FleeingMerchant","floor":20,"turns":4},{"damage":0,"enemies":"Spheric Guardian","floor":21,"turns":3},{"damage":13,"enemies":"Snake Plant","floor":22,"turns":3},{"damage":10,"enemies":"Snake Plant","floor":25,"turns":4},{"damage":0,"enemies":"conspire:HollyBat","floor":27,"turns":8},{"damage":5,"enemies":"Chosen and Byrds","floor":31,"turns":5},{"damage":9,"enemies":"Centurion and Healer","floor":32,"turns":7},{"damage":76,"enemies":"DF_ARCHETYPE_CLAW","floor":33,"turns":8},{"damage":40,"enemies":"conspire:MimicChest","floor":36,"turns":8},{"damage":18,"enemies":"Orb Walker","floor":37,"turns":3},{"damage":6,"enemies":"Orb Walker","floor":38,"turns":5},{"damage":34,"enemies":"2 Orb Walkers","floor":39,"turns":5},{"damage":24,"enemies":"3 Darklings","floor":42,"turns":7},{"damage":26,"enemies":"Transient","floor":44,"turns":5},{"damage":25,"enemies":"Giant Head","floor":45,"turns":6},{"damage":37,"enemies":"Spire Growth","floor":46,"turns":5},{"damage":98,"enemies":"WA_ARCHETYPE_DIVINITY","floor":50,"turns":9}],"seed_played":"5363007449060356360","potions_obtained":[{"floor":8,"key":"DistilledChaos"},{"floor":12,"key":"bronze:BurnAndBuffPotion"},{"floor":14,"key":"Regen Potion"},{"floor":15,"key":"ColorlessPotion"},{"floor":16,"key":"CultistPotion"},{"floor":17,"key":"blueLaboratory:CorrosionFlask"},{"floor":19,"key":"blueLaboratory:RecallPotion"},{"floor":20,"key":"blueLaboratory:FrostheartPotion"},{"floor":22,"key":"blueLaboratory:PhilterOfMotion"},{"floor":25,"key":"Ancient Potion"},{"floor":27,"key":"SpeedPotion"},{"floor":31,"key":"blueLaboratory:HummingbirdPotion"},{"floor":32,"key":"hexamod:DoubleChargePotion"},{"floor":32,"key":"blueLaboratory:ImpenetrablePotion"},{"floor":33,"key":"blueLaboratory:HummingbirdPotion"},{"floor":33,"key":"blueLaboratory:PolymorphPotion"},{"floor":37,"key":"Slimebound:ThreeZeroPotion"},{"floor":44,"key":"blueLaboratory:FrostheartPotion"},{"floor":45,"key":"GamblersBrew"},{"floor":46,"key":"Weak Potion"}],"is_trial":false,"path_per_floor":["R","M","M","?","$","E","T","M","R","M","$","E","R","M","M","B",null,"R","M","$","M","M","AVR","T","?","R","M","R","?","R","M","M","B",null,"R","?","M","?","?","R","T","M","R","M","E","M","R","?","R","B",null],"character_chosen":"THE_SPIRIT","items_purchased":["Bird Faced Urn","hexamod:BacktrackSmack","Toy Ornithopter","hexamod:Firestarter"],"campfire_rested":2,"item_purchase_floors":[5,11,20,20],"current_hp_per_floor":[70,70,70,70,70,53,53,59,59,57,66,51,51,60,69,69,75,75,75,75,75,71,71,71,75,75,75,75,85,85,84,85,59,85,85,64,58,73,53,53,53,45,45,35,30,19,47,47,75,36],"gold":621,"neow_bonus":"THREE_ENEMY_KILL","is_daily":false,"chose_seed":false,"campfire_upgraded":10,"win_rate":0.0,"timestamp":1613837388,"path_taken":["R","M","?","?","$","E","T","M","R","M","$","E","R","M","M","BOSS","R","M","$","M","?","AVR","T","?","R","?","R","?","R","M","M","BOSS","R","?","M","?","?","R","T","M","R","M","E","M","R","?","R","BOSS"],"items_purchased_type":["Relic","Card","Relic","Card"],"build_version":"2020-12-18","purchased_purges":2,"victory":true,"max_hp_per_floor":[70,70,70,70,70,70,70,70,70,70,70,70,70,70,70,70,75,75,75,75,75,75,75,75,75,75,75,75,85,85,85,85,85,85,85,95,95,95,95,95,95,95,95,95,95,95,95,95,95,95],"relic_stats":{"Nunchaku":[2],"Happy Flower":[15],"counters":[29,136],"Bird Faced Urn":[191],"Art of War":[3],"Question Card":34,"obtain_stats":[{"Ice Cream":6,"Potion Belt":29,"Tiny House":17,"Pear":29,"Happy Flower":36,"infinitespire:CursedDice":29,"hexamod:TheBrokenSeal":36,"downfall:HeartsMalice":0,"expansioncontent:StudyCardRelic":23,"Omamori":24,"Question Card":7,"Akabeko":12,"conspire:InfiniteJournal":38,"Du-Vu Doll":39,"conspire:GlowingRock":23,"Nunchaku":45,"downfall:GremlinSack":25,"hexamod:UnbrokenSoul":34,"Bird Faced Urn":5,"Art of War":41,"downfall:ExtraCursedBell":29,"hexamod:SpiritBrand":0,"Toy Ornithopter":20},{"Ice Cream":4,"Potion Belt":17,"Tiny House":11,"Pear":17,"Happy Flower":21,"infinitespire:CursedDice":17,"hexamod:TheBrokenSeal":21,"downfall:HeartsMalice":0,"expansioncontent:StudyCardRelic":15,"Omamori":15,"Question Card":4,"Akabeko":8,"conspire:InfiniteJournal":23,"Du-Vu Doll":24,"conspire:GlowingRock":15,"Nunchaku":27,"downfall:GremlinSack":16,"hexamod:UnbrokenSoul":20,"Bird Faced Urn":3,"Art of War":24,"downfall:ExtraCursedBell":17,"hexamod:SpiritBrand":0,"Toy Ornithopter":13},{"Ice Cream":10,"Potion Belt":63,"Tiny House":38,"Pear":63,"Happy Flower":91,"infinitespire:CursedDice":63,"hexamod:TheBrokenSeal":89,"downfall:HeartsMalice":0,"expansioncontent:StudyCardRelic":51,"Omamori":51,"Question Card":10,"Akabeko":26,"conspire:InfiniteJournal":99,"Du-Vu Doll":104,"conspire:GlowingRock":51,"Nunchaku":122,"downfall:GremlinSack":55,"hexamod:UnbrokenSoul":83,"Bird Faced Urn":0,"Art of War":104,"downfall:ExtraCursedBell":63,"hexamod:SpiritBrand":0,"Toy Ornithopter":45}],"Toy Ornithopter":35},"card_choices":[{"not_picked":["hexamod:NightmareStrike","hexamod:FastForward"],"picked":"hexamod:FirstSeal","floor":2},{"not_picked":["hexamod:FlamesFromBeyond","hexamod:HauntingEcho"],"picked":"hexamod:Again","floor":3},{"not_picked":["hexamod:NightmareStrike","hexamod:SpectersWail","hexamod:NightmareGuise"],"picked":"SKIP","floor":5},{"not_picked":["hexamod:Firestarter","hexamod:TurnItUp"],"picked":"hexamod:DynamicBlow","floor":6},{"not_picked":["hexamod:FastForward","hexamod:SpectersWail","hexamod:BurningTouch"],"picked":"hexamod:DynamicBlow","floor":8},{"not_picked":["hexamod:BurningTouch","hexamod:FlamesFromBeyond","hexamod:GhostLash","hexamod:HeatMetal"],"picked":"SKIP","floor":10},{"not_picked":["hexamod:SkipABeat","hexamod:BurningTouch","hexamod:RainOfEmbers"],"picked":"hexamod:AdvancingGuard","floor":11},{"not_picked":["hexamod:Firestarter","hexamod:HauntingEcho","hexamod:Hexaguard"],"picked":"hexamod:Toasty","floor":12},{"not_picked":["hexamod:SpectralSpark","hexamod:ExtraCrispy","hexamod:FifthSeal"],"picked":"hexamod:Rewind","floor":14},{"not_picked":["hexamod:GhostflameBarrier","hexamod:HeatCrush","hexamod:Hexaguard"],"picked":"hexamod:AdvancingGuard","floor":15},{"not_picked":["hexamod:WildfireWeapon","hexamod:Toasty","hexamod:UnleashSpirits"],"picked":"hexamod:VolcanoVisage","floor":16},{"not_picked":["hexamod:DynamicBlow","hexamod:BacktrackSmack","hexamod:NightmareGuise"],"picked":"hexamod:FourthSeal","floor":17},{"not_picked":["hexamod:Firestarter","hexamod:PowerFromBeyond","hexamod:SkipABeat"],"picked":"hexamod:SecondSeal","floor":19},{"not_picked":["hexamod:Hexaguard","hexamod:InspiringFlames+1","hexamod:FourthSeal"],"picked":"hexamod:NightmareStrike+1","floor":20},{"not_picked":["hexamod:HeatMetal","hexamod:ShieldOfDarkness","hexamod:HauntingEcho"],"picked":"hexamod:ApocalypseNow","floor":21},{"not_picked":["hexamod:RetreatToShadows","hexamod:InspiringFlames","hexamod:SpectersWail"],"picked":"hexamod:SoulSteal","floor":22},{"not_picked":["hexamod:ThirdSeal","hexamod:SecondSeal"],"picked":"hexamod:SixthSeal","floor":27},{"not_picked":["hexamod:GhostShield","hexamod:InspiringFlames","hexamod:ShieldOfDarkness+1","hexamod:GhostflameBarrier"],"picked":"SKIP","floor":27},{"not_picked":["hexamod:NecessarySacrifice","hexamod:BurningTouch+1","hexamod:SecondSeal"],"picked":"hexamod:ExtraCrispy","floor":31},{"not_picked":["hexamod:FirstSeal","hexamod:SecondSeal"],"picked":"hexamod:ThirdSeal","floor":32},{"not_picked":["hexamod:Haunt","hexamod:GhostLash","hexamod:HeatMetal"],"picked":"hexamod:RadiantFlame+1","floor":32},{"not_picked":["hexamod:GhostOfSpirePresent","hexamod:FifthSeal","hexamod:UnlimitedPower"],"picked":"hexamod:HexaLevel","floor":33},{"not_picked":["hexamod:Toasty","hexamod:SixthSeal","hexamod:TimeWarp"],"picked":"hexamod:TimeOfNeed","floor":33},{"not_picked":["hexamod:SpectralAdrenaline","hexamod:FourthSeal","hexamod:FirstSeal"],"picked":"hexamod:ExtraCrispy","floor":36},{"not_picked":["hexamod:RetreatToShadows+1","hexamod:NightmareGuise","hexamod:EtherealExpedition+1"],"picked":"hexamod:SkipABeat+1","floor":37},{"not_picked":["hexamod:ThermalTransfer","hexamod:Hexaguard+1","hexamod:FastForward+1"],"picked":"hexamod:Again","floor":38},{"not_picked":["hexamod:HeatMetal","hexamod:BacktrackSmack+1","hexamod:CatchUp"],"picked":"hexamod:ParanormalForm","floor":39},{"not_picked":["hexamod:SuperheatedStrike","hexamod:CatchUp","hexamod:GhostflameBarrier"],"picked":"hexamod:FastForward+1","floor":42},{"not_picked":["hexamod:GhostShield","hexamod:ExtraCrispy","hexamod:NecessarySacrifice"],"picked":"hexamod:GhostOfSpireFuture+1","floor":44},{"not_picked":["hexamod:RecurringNightmare","hexamod:Hexaguard","hexamod:FastForward"],"picked":"hexamod:PowerFromBeyond+1","floor":45},{"not_picked":["hexamod:SpectersWail","hexamod:InspiringFlames","hexamod:SwordOfDarkness"],"picked":"hexamod:Incineration+1","floor":46}],"player_experience":1476692,"relics_obtained":[{"floor":6,"key":"Ice Cream"},{"floor":7,"key":"Question Card"},{"floor":12,"key":"Akabeko"},{"floor":24,"key":"Omamori"},{"floor":25,"key":"downfall:GremlinSack"},{"floor":29,"key":"Potion Belt"},{"floor":29,"key":"Pear"},{"floor":29,"key":"infinitespire:CursedDice"},{"floor":36,"key":"Happy Flower"},{"floor":38,"key":"conspire:InfiniteJournal"},{"floor":39,"key":"Du-Vu Doll"},{"floor":41,"key":"Art of War"},{"floor":45,"key":"Nunchaku"}],"event_choices":[{"damage_healed":0,"gold_gain":0,"player_choice":"Fight","damage_taken":0,"max_hp_gain":0,"max_hp_loss":0,"event_name":"Mysterious Sphere","floor":39,"gold_loss":0}],"is_beta":true,"boss_relics":[{"not_picked":["Philosopher\u0027s Stone","Calling Bell"],"picked":"Tiny House"},{"not_picked":["Busted Crown","Sozu"],"picked":"hexamod:UnbrokenSoul"}],"items_purged_floors":[5,23],"is_endless":false,"potions_floor_spawned":[8,12,14,15,16,19,22,25,32,33,37,44,45,46],"ascension_level":1}}