{"host":"Vegetablebread","time":1613842019,"event":{"mods":["BaseMod","Bestiary","Downfall","Minty Spire (QoL Compilation)","Relic Stats","StSLib"],"gold_per_floor":[99,116,132,148,423,8,8,21,55,40,40,75,75,92,104,209,209,209,229,253,88,107,107,157,157,175,190,217,240,252,264,288,396,408,320,344,368,398,221,221,246,265,294,294,149,201,216,241,251,251],"floor_reached":51,"language":"ENG","playtime":8281,"items_purged":["Regret","Slimebound:Strike_Slimebound","Slimebound:Tackle+1"],"score":856,"play_id":"291740db-aa98-4174-9804-a13741b6bd65","local_time":"20210220092659","is_ascension_mode":true,"campfire_choices":[{"data":"Slimebound:Split","floor":1.0,"key":"SMITH"},{"data":"Slimebound:Chomp","floor":11,"key":"SMITH"},{"data":"Slimebound:LeechEnergy","floor":13,"key":"SMITH"},{"data":"Slimebound:ForwardTackle","floor":18,"key":"SMITH"},{"floor":23,"key":"REST"},{"data":"Slimebound:RejuvenatingLick","floor":30,"key":"SMITH"},{"data":"Slimebound:SpikyOuterGoop","floor":35,"key":"SMITH"},{"data":"Slimebound:SlimeTap","floor":44,"key":"SMITH"}],"circlet_count":0,"master_deck":["Slimebound:Strike_Slimebound","Slimebound:Defend_Slimebound","Slimebound:Defend_Slimebound","Slimebound:Defend_Slimebound+1","Slimebound:Defend_Slimebound","Slimebound:Split+1","Slimebound:CorrosiveSpit+1","Slimebound:LeechEnergy+1","Slimebound:Chomp+1","Slimebound:ForwardTackle+1","Slimebound:SpikyOuterGoop+1","Slimebound:Gluttony","Slimebound:RainOfGoop","Slimebound:SlimeTap+1","Slimebound:SelfFormingGoo","Slimebound:RejuvenatingLick+1","Slimebound:SpikyOuterGoop","Slimebound:ComboTackle+1","Slimebound:ComboTackle+1","Slimebound:SplitLeeching","expansioncontent:AwakenDeath","Slimebound:Dissolve","Slimebound:Dissolve+1","Slimebound:SpikyOuterGoop"],"relics":["Slimebound:AbsorbEndCombat","ClockworkSouvenir","CaptainsWheel","Vajra","War Paint","Runic Pyramid","Omamori","Akabeko","downfall:ExtraCursedBell","Pen Nib","Blue Candle","Ginger","MawBank","Slimebound:TarBlob","downfall:HeartBlessingGreen","Slimebound:SelfDamagePreventRelic","Kunai","Bag of Preparation","Juzu Bracelet","Medical Kit","Thread and Needle","Incense Burner"],"acts_visited":["Exordium","TheCity","TheBeyond"],"potions_floor_usage":[12,16,19,27,29],"damage_taken":[{"damage":6.0,"enemies":"Jaw Worm","floor":2.0,"turns":3.0},{"damage":3.0,"enemies":"Cultist","floor":3.0,"turns":3.0},{"damage":1.0,"enemies":"2 Louse","floor":4.0,"turns":3.0},{"damage":9.0,"enemies":"downfall:FleeingMerchant","floor":6.0,"turns":4.0},{"damage":11.0,"enemies":"Large Slime","floor":8.0,"turns":4.0},{"damage":12.0,"enemies":"Lagavulin","floor":9.0,"turns":7.0},{"damage":0,"enemies":"downfall:FleeingMerchant","floor":10,"turns":4},{"damage":8,"enemies":"Gremlin Nob","floor":12,"turns":4},{"damage":7,"enemies":"downfall:LooterAlt","floor":14,"turns":2},{"damage":9,"enemies":"3 Louse","floor":15,"turns":3},{"damage":12,"enemies":"WA_ARCHETYPE_RETAIN","floor":16,"turns":6},{"damage":20,"enemies":"3 Byrds","floor":19,"turns":4},{"damage":15,"enemies":"downfall:FleeingMerchant","floor":21,"turns":4},{"damage":22,"enemies":"downfall:LooterAlt2","floor":22,"turns":4},{"damage":0,"enemies":"Snecko","floor":26,"turns":3},{"damage":7,"enemies":"Centurion and Healer","floor":27,"turns":3},{"damage":3,"enemies":"Gremlin Leader","floor":28,"turns":5},{"damage":13,"enemies":"3 Cultists","floor":29,"turns":4},{"damage":3,"enemies":"Sentry and Sphere","floor":32,"turns":5},{"damage":44,"enemies":"DF_ARCHETYPE_CLAW","floor":33,"turns":6},{"damage":1,"enemies":"Orb Walker","floor":36,"turns":3},{"damage":10,"enemies":"3 Shapes","floor":37,"turns":3},{"damage":8,"enemies":"Spire Growth","floor":38,"turns":3},{"damage":0,"enemies":"downfall:FleeingMerchant","floor":39,"turns":4},{"damage":0,"enemies":"Transient","floor":42,"turns":4},{"damage":1,"enemies":"Nemesis","floor":43,"turns":7},{"damage":1,"enemies":"2 Orb Walkers","floor":46,"turns":4},{"damage":0,"enemies":"Jaw Worm Horde","floor":47,"turns":3},{"damage":0,"enemies":"Reptomancer","floor":48,"turns":3},{"damage":0,"enemies":"Maw","floor":49,"turns":3},{"damage":0,"enemies":"IC_BLOCK_ARCHETYPE","floor":50,"turns":3}],"seed_played":"4138868421271019987","potions_obtained":[{"floor":4.0,"key":"Energy Potion"},{"floor":8.0,"key":"DistilledChaos"},{"floor":14,"key":"AttackPotion"},{"floor":15,"key":"Block Potion"},{"floor":22,"key":"LiquidMemories"},{"floor":28,"key":"PowerPotion"},{"floor":33,"key":"bronze:BurnAndBuffPotion"},{"floor":38,"key":"Slimebound:SlimyTonguePotion"}],"is_trial":false,"path_per_floor":["R","M","M","M","?","$","T","M","E","$","R","E","R","M","M","B",null,"R","M","T","$","M","R","T","?","M","M","E","M","R","?","M","B",null,"R","M","M","M","$","?","T","M","E","R","$","?","M","E","M","B",null],"character_chosen":"SLIMEBOUND","items_purchased":["Slimebound:SpikyOuterGoop","ClockworkSouvenir","CultistPotion","SpeedPotion","Slimebound:SelfDamagePreventRelic","Kunai","Medical Kit"],"campfire_rested":1,"item_purchase_floors":[6,6,6,21,39,39,45],"current_hp_per_floor":[65,63,64,65,65,60,60,55,51,53,53,49,49,48,43,39,65,65,53,53,42,28,47,47,47,55,56,61,56,56,56,61,25,65,65,65,61,61,65,55,55,63,65,65,65,65,65,65,65,65],"gold":251,"neow_bonus":"UPGRADE_CARD","is_daily":false,"chose_seed":false,"campfire_upgraded":7,"win_rate":0.0,"timestamp":1613842019,"path_taken":["R","M","M","M","?","$","T","?","E","?","R","E","R","M","M","BOSS","R","M","?","$","M","R","T","?","M","M","E","M","R","?","M","BOSS","R","M","M","M","$","?","T","M","E","R","$","?","M","E","M","BOSS"],"items_purchased_type":["Card","Relic","Potion","Potion","Relic","Relic","Relic"],"build_version":"2020-12-18","purchased_purges":3,"victory":true,"max_hp_per_floor":[65,65,65,65,65,65,65,65,65,65,65,65,65,65,65,65,65,65,65,65,65,65,65,65,65,65,65,65,65,65,65,65,65,65,65,65,65,65,65,65,65,65,65,65,65,65,65,65,65,65],"relic_stats":{"counters":[31,119],"Blue Candle":[0],"Pen Nib":[22],"Bag of Preparation":[14],"Juzu Bracelet":0,"Ginger":[7],"Kunai":[41],"War Paint":["Slimebound:Defend_Slimebound","Slimebound:CorrosiveSpit"],"MawBank":132,"Medical Kit":[4],"obtain_stats":[{"Slimebound:SelfDamagePreventRelic":39,"Blue Candle":25,"Vajra":9,"downfall:HeartBlessingGreen":35,"Thread and Needle":46,"Pen Nib":25,"Omamori":20,"Bag of Preparation":41,"Juzu Bracelet":43,"Incense Burner":48,"Ginger":25,"War Paint":12,"MawBank":28,"Medical Kit":45,"Akabeko":24,"ClockworkSouvenir":6,"Slimebound:TarBlob":34,"CaptainsWheel":7,"Slimebound:AbsorbEndCombat":0,"Kunai":39,"downfall:ExtraCursedBell":25,"Runic Pyramid":17},{"Slimebound:SelfDamagePreventRelic":24,"Blue Candle":14,"Vajra":6,"downfall:HeartBlessingGreen":20,"Thread and Needle":27,"Pen Nib":14,"Omamori":12,"Bag of Preparation":24,"Juzu Bracelet":26,"Incense Burner":29,"Ginger":14,"War Paint":8,"MawBank":17,"Medical Kit":26,"Akabeko":14,"ClockworkSouvenir":4,"Slimebound:TarBlob":20,"CaptainsWheel":4,"Slimebound:AbsorbEndCombat":0,"Kunai":24,"downfall:ExtraCursedBell":14,"Runic Pyramid":11},{"Slimebound:SelfDamagePreventRelic":93,"Blue Candle":54,"Vajra":23,"downfall:HeartBlessingGreen":80,"Thread and Needle":107,"Pen Nib":54,"Omamori":46,"Bag of Preparation":93,"Juzu Bracelet":103,"Incense Burner":113,"Ginger":54,"War Paint":31,"MawBank":65,"Medical Kit":103,"Akabeko":54,"ClockworkSouvenir":13,"Slimebound:TarBlob":80,"CaptainsWheel":13,"Slimebound:AbsorbEndCombat":0,"Kunai":93,"downfall:ExtraCursedBell":54,"Runic Pyramid":42}]},"card_choices":[{"not_picked":["Slimebound:GoopSpray","Slimebound:SamplingLick"],"picked":"Slimebound:LeechEnergy","floor":2.0},{"not_picked":["Slimebound:PressTheAttack","Slimebound:FormOfPuddle"],"picked":"Slimebound:Chomp","floor":3.0},{"not_picked":["Slimebound:ServeAndProtect","Slimebound:Chomp","Slimebound:SplitBruiser"],"picked":"SKIP","floor":4.0},{"not_picked":["Slimebound:TongueLash","Slimebound:SlimeBrawl"],"picked":"Slimebound:ForwardTackle","floor":6.0},{"not_picked":["Slimebound:SlimeBarrage","Slimebound:Chomp","Slimebound:PrepareCrush"],"picked":"SKIP","floor":8.0},{"not_picked":["Slimebound:SplitMire","Slimebound:LevelUp","Slimebound:ForwardTackle"],"picked":"SKIP","floor":9},{"not_picked":["Slimebound:RollThrough","Slimebound:DouseInSlime"],"picked":"Slimebound:Gluttony","floor":10},{"not_picked":["Slimebound:FormOfPuddle","Slimebound:DisruptingSlam"],"picked":"Slimebound:RainOfGoop","floor":12},{"not_picked":["Slimebound:Schlurp","Slimebound:SlimeSpikes","Slimebound:SplitAcid"],"picked":"SKIP","floor":14},{"not_picked":["Slimebound:MegaLick","Slimebound:HauntingLick"],"picked":"Slimebound:SlimeTap","floor":15},{"not_picked":["Slimebound:MinionMaster","Slimebound:RallyTheTroops"],"picked":"Slimebound:SelfFormingGoo","floor":16},{"not_picked":["Slimebound:DivideAndConquer+1","Slimebound:RollThrough+1","Slimebound:RejuvenatingLick"],"picked":"SKIP","floor":19},{"not_picked":["Slimebound:Nibble+1","Slimebound:GoopSpray"],"picked":"Slimebound:RejuvenatingLick","floor":21},{"not_picked":["Slimebound:HauntingLick","Slimebound:SplitBruiser","Slimebound:Schlurp"],"picked":"SKIP","floor":22},{"not_picked":["Slimebound:GoopTackle","Slimebound:LeechEnergy","Slimebound:GoopSpray+1"],"picked":"SKIP","floor":26},{"not_picked":["Slimebound:SplitBruiser+1","Slimebound:GoopSpray+1"],"picked":"Slimebound:SpikyOuterGoop","floor":27},{"not_picked":["Slimebound:FormOfPuddle","Slimebound:SpikyOuterGoop+1"],"picked":"Slimebound:ComboTackle+1","floor":28},{"not_picked":["Slimebound:LivingWall","Slimebound:GoopSpray","Slimebound:FinishingTackle"],"picked":"SKIP","floor":29},{"not_picked":["Slimebound:ProtectTheBoss","Slimebound:DouseInSlime"],"picked":"Slimebound:ComboTackle+1","floor":32},{"not_picked":["Slimebound:HauntingLick","Slimebound:Prepare"],"picked":"Slimebound:SplitLeeching","floor":36},{"not_picked":["Slimebound:Grow","Slimebound:GoopSpray+1","Slimebound:GrowthPunch"],"picked":"SKIP","floor":37},{"not_picked":["Slimebound:ViciousTackle+1","Slimebound:RollThrough","Slimebound:FinishingTackle+1"],"picked":"SKIP","floor":38},{"not_picked":["Slimebound:LeechEnergy+1","Slimebound:LivingWall","Slimebound:SlimeSlap"],"picked":"SKIP","floor":39},{"not_picked":["expansioncontent:Hexaburn","expansioncontent:PolyBeam"],"picked":"expansioncontent:AwakenDeath","floor":40},{"not_picked":["Slimebound:FlameTackle+1","Slimebound:LeechEnergy+1","Slimebound:GoopSpray+1"],"picked":"SKIP","floor":42},{"not_picked":["Slimebound:LivingWall","Slimebound:HauntingLick+1"],"picked":"Slimebound:Dissolve","floor":43},{"not_picked":["Slimebound:ViciousTackle+1","Slimebound:LivingWall+1"],"picked":"Slimebound:Dissolve+1","floor":46},{"not_picked":["Slimebound:ViciousTackle+1","Slimebound:SplitMire","Slimebound:FirmFortitude"],"picked":"SKIP","floor":47},{"not_picked":["Slimebound:ItLooksTasty","Slimebound:FinishingTackle+1"],"picked":"Slimebound:SpikyOuterGoop","floor":48},{"not_picked":["Slimebound:ItLooksTasty+1","Slimebound:DisruptingSlam","Slimebound:SplitAcid+1"],"picked":"SKIP","floor":49}],"player_experience":10589756,"relics_obtained":[{"floor":7.0,"key":"CaptainsWheel"},{"floor":9,"key":"Vajra"},{"floor":12,"key":"War Paint"},{"floor":20,"key":"Omamori"},{"floor":24,"key":"Akabeko"},{"floor":25,"key":"Pen Nib"},{"floor":25,"key":"Blue Candle"},{"floor":25,"key":"Ginger"},{"floor":28,"key":"MawBank"},{"floor":41,"key":"Bag of Preparation"},{"floor":43,"key":"Juzu Bracelet"},{"floor":46,"key":"Thread and Needle"},{"floor":48,"key":"Incense Burner"}],"event_choices":[{"damage_healed":0,"gold_gain":0,"player_choice":"Fight","damage_taken":0,"max_hp_gain":0,"max_hp_loss":0,"event_name":"Mysterious Sphere","floor":46,"gold_loss":0}],"is_beta":true,"boss_relics":[{"not_picked":["Velvet Choker","Empty Cage"],"picked":"Runic Pyramid"},{"not_picked":["Black Star","bronze:MakeshiftBattery"],"picked":"Slimebound:TarBlob"}],"items_purged_floors":[6,21,39],"is_endless":false,"potions_floor_spawned":[4,8,14,15,22,26,28,33,38,46,47,49],"ascension_level":1}}