{"host":"cpsutu8lprjuipd6","time":1613803143,"event":{"mods":["BaseMod","Colored Map","Minty Spire (QoL Compilation)","Permanent Neow","Quick Restart","StSLib","SuperFastMode","The Bug Knight","Together in Spire"],"gold_per_floor":[109,34,34,34,49,49,65,98,122,122,147,147,147,47,47,171,171,191,191,224,224,46,46,85,99,99,114,137,137,162,197,197,197,197],"floor_reached":33,"language":"KOR","playtime":1322,"items_purged":["Strike_R","Defend_R","Strike_R"],"score":287,"play_id":"b943e636-cba6-4cfc-b667-a8a5914301ef","local_time":"20210220153903","is_ascension_mode":true,"campfire_choices":[{"floor":6,"key":"REST"},{"floor":10,"key":"REST"},{"data":"Bash","floor":12,"key":"SMITH"},{"data":"Defend_R","floor":15,"key":"SMITH"},{"floor":23,"key":"REST"},{"floor":29,"key":"REST"},{"floor":32,"key":"REST"}],"circlet_count":0,"master_deck":["Strike_R+1","Strike_R+1","Defend_R+1","Defend_R","Bash+1","Thunderclap","Clash"],"relics":["Burning Blood","Oddly Smooth Stone","Golden Idol","Odd Mushroom","Strawberry","Letter Opener","Sozu","Red Mask","Dream Catcher","Gremlin Horn","White Beast Statue"],"acts_visited":["Exordium","TheCity"],"potions_floor_usage":[16,24,33],"damage_taken":[{"damage":0,"enemies":"Cultist","floor":1,"turns":3},{"damage":2,"enemies":"2 Louse","floor":5,"turns":3},{"damage":2,"enemies":"Jaw Worm","floor":7,"turns":4},{"damage":26,"enemies":"The Mushroom Lair","floor":8,"turns":6},{"damage":20,"enemies":"Exordium Thugs","floor":11,"turns":5},{"damage":37,"enemies":"The Guardian","floor":16,"turns":11},{"damage":18,"enemies":"Spheric Guardian","floor":18,"turns":5},{"damage":31,"enemies":"Masked Bandits","floor":20,"turns":5},{"damage":59,"enemies":"Book of Stabbing","floor":24,"turns":7},{"damage":0,"enemies":"Chosen","floor":25,"turns":3},{"damage":2,"enemies":"Snecko","floor":27,"turns":3},{"damage":18,"enemies":"Sentry and Sphere","floor":28,"turns":5},{"damage":0,"enemies":"3 Cultists","floor":30,"turns":4},{"damage":21,"enemies":"HollowMod:Nosk","floor":31,"turns":8},{"damage":86,"enemies":"Automaton","floor":33,"turns":6}],"seed_played":"-5354180752767894877","potions_obtained":[{"floor":1,"key":"SmokeBomb"},{"floor":5,"key":"SkillPotion"},{"floor":8,"key":"ColorlessPotion"},{"floor":16,"key":"Dexterity Potion"}],"is_trial":false,"path_per_floor":["M","$","?","?","M","R","M","?","T","R","M","R","T","$","R","B",null,"M","?","?","?","$","R","E","M","T","M","M","R","M","E","R","B"],"character_chosen":"IRONCLAD","items_purchased":["Clash"],"campfire_rested":5,"item_purchase_floors":[22],"current_hp_per_floor":[80,80,64,44,48,72,76,56,63,87,73,73,73,73,73,42,87,75,75,50,50,50,76,23,29,29,33,21,47,53,38,64,0,0],"gold":197,"neow_bonus":"RANDOM_COMMON_RELIC","is_daily":false,"chose_seed":false,"campfire_upgraded":2,"win_rate":0.0,"timestamp":1613803143,"path_taken":["M","?","?","?","M","R","M","?","T","R","?","R","?","$","R","BOSS","M","?","?","?","$","R","E","?","T","M","M","R","M","E","R","BOSS"],"items_purchased_type":["Card"],"build_version":"2020-12-22","purchased_purges":3,"victory":false,"max_hp_per_floor":[80,80,80,80,80,80,80,80,87,87,87,87,87,87,87,87,87,87,87,87,87,87,87,87,87,87,87,87,87,87,87,87,87,87],"card_choices":[{"not_picked":["Pummel","Havoc","Combust"],"picked":"SKIP","floor":1},{"not_picked":["Rage","Sword Boomerang","Wild Strike"],"picked":"SKIP","floor":5},{"not_picked":["Bloodletting","Body Slam","Evolve"],"picked":"SKIP","floor":7},{"not_picked":["Flex","Entrench","Rage"],"picked":"SKIP","floor":11},{"not_picked":["Whirlwind","Twin Strike","Thunderclap+1"],"picked":"SKIP","floor":18},{"not_picked":["Ghostly Armor","Rupture","Flex+1"],"picked":"SKIP","floor":24},{"not_picked":["Combust+1","Fire Breathing","Demon Form"],"picked":"SKIP","floor":25},{"not_picked":["Armaments+1","Flex","Thunderclap"],"picked":"SKIP","floor":27},{"not_picked":["Body Slam","Cleave","Wild Strike+1"],"picked":"SKIP","floor":28},{"not_picked":["Uppercut+1","Fiend Fire","True Grit+1"],"picked":"SKIP","floor":30},{"not_picked":["Uppercut","Evolve","Battle Trance+1"],"picked":"SKIP","floor":31}],"player_experience":130974,"relics_obtained":[{"floor":8,"key":"Odd Mushroom"},{"floor":9,"key":"Strawberry"},{"floor":13,"key":"Letter Opener"},{"floor":20,"key":"Red Mask"},{"floor":24,"key":"Dream Catcher"},{"floor":26,"key":"Gremlin Horn"},{"floor":31,"key":"White Beast Statue"}],"event_choices":[{"damage_healed":0,"gold_gain":0,"player_choice":"Entered Light","damage_taken":16,"max_hp_gain":0,"max_hp_loss":0,"event_name":"Shining Light","floor":3,"gold_loss":0,"cards_upgraded":["Strike_R","Strike_R"]},{"damage_healed":0,"gold_gain":0,"player_choice":"Take Damage","damage_taken":20,"relics_obtained":["Golden Idol"],"max_hp_gain":0,"max_hp_loss":0,"event_name":"Golden Idol","floor":4,"gold_loss":0},{"damage_healed":0,"gold_gain":0,"player_choice":"Fought Mushrooms","damage_taken":0,"max_hp_gain":0,"max_hp_loss":0,"event_name":"Mushrooms","floor":8,"gold_loss":0},{"damage_healed":0,"gold_gain":0,"cards_transformed":["Strike_R","Defend_R"],"player_choice":"Became Test Subject","damage_taken":0,"max_hp_gain":0,"max_hp_loss":0,"event_name":"Drug Dealer","floor":19,"gold_loss":0,"cards_obtained":["Thunderclap","Evolve"]},{"damage_healed":0,"gold_gain":0,"player_choice":"Fought Bandits","damage_taken":0,"max_hp_gain":0,"max_hp_loss":0,"event_name":"Masked Bandits","floor":20,"gold_loss":0},{"cards_removed":["Evolve"],"damage_healed":0,"gold_gain":0,"player_choice":"Elegance","damage_taken":0,"max_hp_gain":0,"max_hp_loss":0,"event_name":"Back to Basics","floor":21,"gold_loss":0}],"is_beta":false,"boss_relics":[{"not_picked":["Cursed Key","Coffee Dripper"],"picked":"Sozu"}],"items_purged_floors":[2,14,22],"is_endless":false,"potions_floor_spawned":[1,5,8,16,24,25,30],"killed_by":"Automaton","ascension_level":1}}