{"host":"szkvl4ugkslb15zj","time":1613862925,"event":{"mods":["AchievementEnabler","BaseMod","Block Reminder","Card Forge","Colored Map","Colored Powertips","Duelist Mod","GifTheSpireLib","Hero for Fun","HololiveMod","Marisa????????","Minty Spire (QoL Compilation)","Quick Restart","Rare Cards Sparkle","StSLib","The Animator","The Bug Knight","The Cursed","The Exalted","The Gatherer","The Judge","The Mystic","The Poker Player","The Runesmith","The Senshi","The Servant 0.9.4"],"gold_per_floor":[82,102,120,133,133,133,143,143,143,143,175,175,205,60,60,155,155,170,180,191,203,203,203,230,259,259,277,310,310,310,328,328,431,431,444,54,54,72,82,117,117,152,176,194,118,43,57,92,92,99],"floor_reached":51,"language":"ENG","playtime":2845,"items_purged":["theDuelist:CurseArmaments"],"score":1284,"play_id":"f0559d7e-696f-470e-b8fa-e06fd006dab2","local_time":"20210220151525","is_ascension_mode":true,"campfire_choices":[{"data":"Hololive_CallNakiriAyame","floor":6.0,"key":"SMITH"},{"data":"Hololive_CallAkiRosenthal","floor":10.0,"key":"SMITH"},{"data":"Hololive_CocoNews","floor":12.0,"key":"SMITH"},{"data":"Hololive_Spy","floor":15.0,"key":"SMITH"},{"data":"Hololive_CallOzoraSubaru","floor":23.0,"key":"SMITH"},{"data":"Hololive_Sequa","floor":29.0,"key":"SMITH"},{"data":"Hololive_Rebirth","floor":32.0,"key":"SMITH"},{"data":"1","floor":41.0,"key":"LIFT"},{"data":"2","floor":49.0,"key":"LIFT"}],"circlet_count":0,"master_deck":["Hololive_CallHoushouMarine","Hololive_CallShiroganeNoel","Hololive_CallUruhaRushia","Hololive_CallShiranuiFlare","Hololive_CallUsadaPekora","Hololive_StrengthChampion+1","Hololive_Strike","Hololive_Strike","Hololive_Defend","Hololive_Defend","Hololive_CallNakiriAyame+1","Hololive_CocoNews+1","Hololive_CallInugamiKorone","Hololive_Nanodesu","Hololive_CallAkiRosenthal+1","Hololive_CallOzoraSubaru+1","Hololive_OvertimeWork+1","Hololive_CallKiryuuCoco","Hololive_Spy+1","Hololive_Rebirth+1","Hololive_CallShiroganeNoel+1","Hololive_Watashimo","Hololive_LuckPotion","Hololive_Psychosis","Hololive_ASMR","theDuelist:CursedBill","Hololive_Sequa+1","Hololive_Psychosis","Hololive_FlareMind","Hololive_CallYuzukiChoco+1","Hololive_Recruit","Hololive_CallAmaneKanata+1","Hololive_Rebound","Hololive_LuckPotion+1","Hololive_Psychosis+1","Hololive_CocoNews+1","Shame","Hololive_CandyCastle","Hololive_ILoveYou+1","Hololive_CallYozoraMel+1"],"relics":["Hololive_TheStar","Hammer of Thor","Seething Fire","Anvil of the Gods","CaptainsWheel","Shuriken","Calipers","Cursed Key","Red Mask","Gremlin Horn","Frozen Egg 2","Bottled Flame","Sozu","Bottled Lightning","Hololive_FriedShrimpLion","Girya","Bromod:ArcaneDeflection","MealTicket","Nunchaku","Hololive_LightStick","Whetstone"],"acts_visited":["Exordium","TheCity","TheBeyond"],"potions_floor_usage":[50,50],"damage_taken":[{"damage":0.0,"enemies":"Cultist","floor":1.0,"turns":3.0},{"damage":0.0,"enemies":"2 Louse","floor":2.0,"turns":2.0},{"damage":0.0,"enemies":"Jaw Worm","floor":3.0,"turns":3.0},{"damage":0.0,"enemies":"Looter","floor":4.0,"turns":2.0},{"damage":0.0,"enemies":"Lots of Slimes","floor":7.0,"turns":3.0},{"damage":0.0,"enemies":"3 Sentries","floor":11.0,"turns":4.0},{"damage":0.0,"enemies":"Lagavulin","floor":13.0,"turns":3.0},{"damage":0.0,"enemies":"The Guardian","floor":16.0,"turns":6.0},{"damage":0.0,"enemies":"3 Byrds","floor":18.0,"turns":3.0},{"damage":0.0,"enemies":"Cultist and Chosen","floor":19.0,"turns":4.0},{"damage":0.0,"enemies":"Snake Plant","floor":20.0,"turns":4.0},{"damage":0.0,"enemies":"3 Cultists","floor":21.0,"turns":4.0},{"damage":0.0,"enemies":"Masked Bandits","floor":24.0,"turns":2.0},{"damage":0.0,"enemies":"Book of Stabbing","floor":25.0,"turns":2.0},{"damage":0.0,"enemies":"Chosen and Byrds","floor":27.0,"turns":3.0},{"damage":0.0,"enemies":"theDuelist:KaibaA2","floor":28.0,"turns":2.0},{"damage":0.0,"enemies":"Centurion and Healer","floor":31.0,"turns":3.0},{"damage":0.0,"enemies":"Champ","floor":33.0,"turns":6.0},{"damage":0.0,"enemies":"3 Shapes","floor":35.0,"turns":3.0},{"damage":0.0,"enemies":"Orb Walker","floor":38.0,"turns":3.0},{"damage":0.0,"enemies":"Spire Growth","floor":39.0,"turns":3.0},{"damage":0.0,"enemies":"Giant Head","floor":40.0,"turns":6.0},{"damage":2.0,"enemies":"Reptomancer","floor":42.0,"turns":6.0},{"damage":2.0,"enemies":"3 Darklings","floor":44.0,"turns":3.0},{"damage":0.0,"enemies":"Maw","floor":47.0,"turns":4.0},{"damage":0.0,"enemies":"Giant Head","floor":48.0,"turns":3.0},{"damage":2,"enemies":"Donu and Deca","floor":50,"turns":9}],"seed_played":"-8731712341066501347","potions_obtained":[{"floor":7.0,"key":"Dexterity Potion"},{"floor":11.0,"key":"EssenceOfSteel"},{"floor":13.0,"key":"SkillPotion"},{"floor":20.0,"key":"ColorlessPotion"},{"floor":21.0,"key":"DistilledChaos"},{"floor":24.0,"key":"DuplicationPotion"},{"floor":28.0,"key":"LiquidBronze"}],"is_trial":false,"path_per_floor":["M","M","M","M","$","R","M","?","T","R","E","R","E","$","R","B",null,"M","M","M","M","?","R","?","E","T","M","E","R","?","M","R","B",null,"M","$","T","M","M","E","R","E","T","M","?","$","M","E","R","B",null],"character_chosen":"Hololive_HololiveCharacter","items_purchased":["Hololive_CallKiryuuCoco","Hololive_Spy","Bottled Lightning","Hololive_FriedShrimpLion"],"campfire_rested":0,"item_purchase_floors":[14,14,36,36],"current_hp_per_floor":[35,35,35,35,35,35,35,35,35,35,35,35,35,35,35,35,35,35,35,35,35,35,35,35,35,35,35,35,35,35,35,35,35,35,35,35,35,35,35,35,35,33,33,31,31,35,35,35,35,35],"gold":99,"neow_bonus":"THREE_CARDS","is_daily":false,"chose_seed":false,"campfire_upgraded":7,"win_rate":0.0,"timestamp":1613862925,"path_taken":["M","M","M","M","$","R","M","?","T","R","E","R","E","$","R","BOSS","M","M","?","M","?","R","?","E","T","M","E","R","?","M","R","BOSS","M","$","?","M","?","E","R","E","T","M","?","$","M","E","R","BOSS"],"items_purchased_type":["Card","Card","Relic","Relic"],"build_version":"2020-12-22","purchased_purges":1,"victory":true,"max_hp_per_floor":[35,35,35,35,35,35,35,35,35,35,35,35,35,35,35,35,35,35,35,35,35,35,35,35,35,35,35,35,35,35,35,35,35,35,35,35,35,35,35,35,35,35,35,35,35,35,35,35,35,35],"card_choices":[{"not_picked":["Hololive_OvertimeWork","Hololive_StrengthChampion"],"picked":"Hololive_CallNakiriAyame","floor":0.0},{"not_picked":["Hololive_OvertimeWork","Hololive_CallShiroganeNoel","Hololive_LuckPotion"],"picked":"Hololive_FlyingPonyTail","floor":1.0},{"not_picked":["Hololive_Drill","Hololive_BringToTrial","Hololive_OvertimeWork"],"picked":"Hololive_CocoNews","floor":2.0},{"not_picked":["Hololive_DevilCharm","Hololive_CallYukihanaLamy","Hololive_Sequa"],"picked":"Hololive_CallInugamiKorone","floor":3.0},{"not_picked":["Hololive_CallAZKi","Hololive_CallMoonaHoshinova","Hololive_Breathe"],"picked":"Hololive_CallManoAloe","floor":4.0},{"not_picked":["Hololive_Breathe","Hololive_CallShiranuiFlare","Hololive_BringToTrial"],"picked":"Hololive_Nanodesu","floor":7.0},{"not_picked":["Hololive_RevenueBasedLive","Hololive_CocoNews","Hololive_AWSL"],"picked":"Hololive_CallOzoraSubaru","floor":11.0},{"not_picked":["Hololive_CallShiranuiFlare","Hololive_Drill","Hololive_HuntDinosaur"],"picked":"Hololive_OvertimeWork","floor":13.0},{"not_picked":["Hololive_BeCareful","Hololive_StarCraft","Hololive_Nanodesu"],"picked":"Hololive_Rebirth","floor":16.0},{"not_picked":["Hololive_LuckPotion","Hololive_CocoNews","Hololive_CallYukihanaLamy"],"picked":"Hololive_CallShiroganeNoel+1","floor":18.0},{"not_picked":["Hololive_OvertimeWork","Hololive_Trident","Hololive_FlyingPonyTail"],"picked":"Hololive_Watashimo","floor":19.0},{"not_picked":["Hololive_Trident","Hololive_CallUruhaRushia","Hololive_RevenueBasedLive","Hololive_Drill+1"],"picked":"SKIP","floor":20.0},{"not_picked":["Hololive_Teleport","Hololive_CallUruhaRushia","Hololive_OvertimeWork+1"],"picked":"Hololive_LuckPotion","floor":21.0},{"not_picked":["Hololive_CallYukihanaLamy","Hololive_LuckPotion","Hololive_DDD"],"picked":"Hololive_Psychosis","floor":24.0},{"not_picked":["Hololive_FlyingPonyTail","Hololive_Trident","Hololive_CallShiranuiFlare"],"picked":"Hololive_ASMR","floor":25.0},{"not_picked":["Hololive_Drill","Hololive_StrengthChampion","Hololive_CallCivia+1"],"picked":"Hololive_Sequa","floor":27.0},{"not_picked":["Hololive_CallRosalyn+1","Hololive_CallMomosuzuNene+1","Hololive_FlyingPonyTail"],"picked":"Hololive_Psychosis","floor":28.0},{"not_picked":["Hololive_RevenueBasedLive","Hololive_CocoNews","Hololive_FlyingPonyTail"],"picked":"Hololive_CallYuzukiChoco+1","floor":31.0},{"not_picked":["Hololive_BeCareful","Hololive_DiamondStrike","Hololive_ASMR"],"picked":"Hololive_Recruit","floor":33.0},{"not_picked":["Hololive_CallTokoyamiTowa+1","Hololive_Watashimo","Hololive_CallRoboco+1"],"picked":"Hololive_CallAmaneKanata+1","floor":35.0},{"not_picked":["Hololive_Trident+1","Hololive_CallYuzukiChoco+1","Hololive_StrengthChampion"],"picked":"Hololive_Rebound","floor":38.0},{"not_picked":["Hololive_HuntDinosaur+1","Hololive_Breathe","Hololive_FlyingPonyTail"],"picked":"Hololive_LuckPotion+1","floor":39.0},{"not_picked":["Hololive_CallCivia+1","Hololive_Sequa","Hololive_HuntDinosaur"],"picked":"Hololive_Psychosis+1","floor":40.0},{"not_picked":["Hololive_CallOzoraSubaru+1","Hololive_StrengthChampion+1","Hololive_Drill+1"],"picked":"Hololive_CocoNews+1","floor":42.0},{"not_picked":["Hololive_ASMR","Hololive_RevenueBasedLive","Hololive_HuntDinosaur"],"picked":"Hololive_CandyCastle","floor":44.0},{"not_picked":["Hololive_Sequa","Hololive_Psychosis","Hololive_Trident+1"],"picked":"Hololive_ILoveYou+1","floor":47.0},{"not_picked":["Hololive_CallYuzukiChoco+1","Hololive_OvertimeWork","Hololive_HuntDinosaur"],"picked":"Hololive_CallYozoraMel+1","floor":48.0}],"player_experience":339864,"relics_obtained":[{"floor":9.0,"key":"CaptainsWheel"},{"floor":11.0,"key":"Shuriken"},{"floor":13.0,"key":"Calipers"},{"floor":24.0,"key":"Red Mask"},{"floor":25.0,"key":"Gremlin Horn"},{"floor":26.0,"key":"Frozen Egg 2"},{"floor":28.0,"key":"Bottled Flame"},{"floor":37.0,"key":"Girya"},{"floor":40.0,"key":"Bromod:ArcaneDeflection"},{"floor":42.0,"key":"MealTicket"},{"floor":43.0,"key":"Nunchaku"},{"floor":48.0,"key":"Whetstone"}],"event_choices":[{"damage_healed":0.0,"max_hp_gain":0.0,"max_hp_loss":0.0,"gold_gain":0.0,"cards_transformed":["Hololive_CallManoAloe"],"event_name":"Transmorgrifier","player_choice":"Transformed","floor":8.0,"gold_loss":0.0,"damage_taken":0.0,"cards_obtained":["Hololive_CallAkiRosenthal"]},{"damage_healed":0.0,"max_hp_gain":0.0,"max_hp_loss":0.0,"gold_gain":0.0,"event_name":"Ghosts","player_choice":"Ignored","floor":22.0,"gold_loss":0.0,"damage_taken":0.0},{"damage_healed":0.0,"max_hp_gain":0.0,"max_hp_loss":0.0,"gold_gain":0.0,"event_name":"Masked Bandits","player_choice":"Fought Bandits","floor":24.0,"gold_loss":0.0,"damage_taken":0.0},{"damage_healed":0.0,"max_hp_gain":0.0,"max_hp_loss":0.0,"gold_gain":0.0,"event_name":"Match and Keep!","player_choice":"1 cards matched","floor":30.0,"gold_loss":0.0,"damage_taken":0.0,"cards_obtained":["Hololive_FlareMind"]},{"damage_healed":0.0,"max_hp_gain":0.0,"max_hp_loss":0.0,"gold_gain":0.0,"event_name":"WeMeetAgain","player_choice":"Paid Gold","floor":45.0,"gold_loss":76.0,"damage_taken":0.0,"relics_obtained":["Hololive_LightStick"]}],"is_beta":false,"boss_relics":[{"not_picked":["Astrolabe","Bromod:ArcaneGrace"],"picked":"Cursed Key"},{"not_picked":["Runesmith:UraniumAnvil","Tiny House"],"picked":"Sozu"}],"items_purged_floors":[46],"is_endless":false,"potions_floor_spawned":[7,11,13,16,20,21,24,28,33,35,39,42],"ascension_level":5}}