{"host":"a70birb7gb03c330","time":1613864075,"event":{"mods":["Act Like it!","BaseMod","Better Vampires","Disable Question Mark Monsters","Hubris","Infinite Spire","Minty Spire (QoL Compilation)","Permanent Neow","Replay The Spire","StSLib","UnlockEverythingMod"],"gold_per_floor":[117,129,8,28,28,58,58,133,133,133,133,147,167,167,167],"floor_reached":14,"language":"ENG","playtime":513,"items_purged":[],"score":95,"play_id":"11fba1dc-66a0-4d1e-a964-75a8d3c6994c","local_time":"20210220153435","is_ascension_mode":true,"campfire_choices":[{"data":"Blade Dance","floor":7,"key":"SMITH"},{"data":"Neutralize","floor":10,"key":"SMITH"}],"circlet_count":0,"master_deck":["Strike_G","Strike_G","Strike_G","Strike_G","Strike_G","Defend_G","Defend_G","Defend_G","Defend_G","Defend_G","Survivor","Neutralize+1","Adrenaline","Infinite Blades","Blade Dance+1","Infinite Blades","Setup+1","ReplayTheSpireMod:Scrap Shanks","Cloak And Dagger"],"relics":["Ring of the Snake","Boot","Molten Egg 2"],"acts_visited":["Exordium"],"potions_floor_usage":[12],"damage_taken":[{"damage":0,"enemies":"Cultist","floor":1,"turns":3},{"damage":0,"enemies":"Jaw Worm","floor":2,"turns":3},{"damage":5,"enemies":"Small Slimes","floor":4,"turns":3},{"damage":18,"enemies":"3 Sentries","floor":6,"turns":7},{"damage":3,"enemies":"Exordium Thugs","floor":12,"turns":4},{"damage":15,"enemies":"Gremlin Gang","floor":13,"turns":5},{"damage":13,"enemies":"Gremlin Nob","floor":14,"turns":3}],"seed_played":"-5943270455480437549","potions_obtained":[{"floor":1,"key":"Block Potion"}],"is_trial":false,"path_per_floor":["M","M","$","M","?","E","R","?","T","R","?","M","M","E"],"character_chosen":"THE_SILENT","items_purchased":["Blade Dance","Infinite Blades"],"campfire_rested":0,"item_purchase_floors":[3,3],"current_hp_per_floor":[70,70,70,65,65,47,47,36,36,36,29,26,11,0,0],"gold":167,"neow_bonus":"ONE_RANDOM_RARE_CARD","is_daily":false,"chose_seed":false,"campfire_upgraded":2,"win_rate":0.0,"timestamp":1613864075,"path_taken":["M","?","$","M","?","E","R","?","T","R","?","?","M","E"],"items_purchased_type":["Card","Card"],"build_version":"2020-12-22","purchased_purges":0,"victory":false,"max_hp_per_floor":[70,70,70,70,70,70,70,70,70,70,70,70,70,70,70],"card_choices":[{"not_picked":["Bane","Dagger Spray"],"picked":"hubris:Sniper","floor":1},{"not_picked":["Dodge and Roll","Dash"],"picked":"Infinite Blades","floor":2},{"not_picked":["Dagger Spray","Sucker Punch","Masterful Stab"],"picked":"SKIP","floor":4},{"not_picked":["Deadly Poison","Skewer","Catalyst"],"picked":"SKIP","floor":6},{"not_picked":["Hidden Blade","hubris:SlightOfHand"],"picked":"ReplayTheSpireMod:Scrap Shanks","floor":12},{"not_picked":["ReplayTheSpireMod:Scrap Shanks","Heel Hook+1"],"picked":"Cloak And Dagger","floor":13}],"player_experience":6562,"relics_obtained":[{"floor":6,"key":"Boot"},{"floor":9,"key":"Molten Egg 2"}],"event_choices":[{"damage_healed":0,"gold_gain":75,"player_choice":"Gather Gold","damage_taken":11,"max_hp_gain":0,"max_hp_loss":0,"event_name":"World of Goop","floor":8,"gold_loss":0},{"damage_healed":0,"gold_gain":0,"player_choice":"Damaged","damage_taken":7,"max_hp_gain":0,"max_hp_loss":0,"event_name":"Wheel of Change","floor":11,"gold_loss":0}],"is_beta":false,"boss_relics":[],"items_purged_floors":[],"is_endless":false,"potions_floor_spawned":[1],"killed_by":"Gremlin Nob","ascension_level":1}}