{"host":"onfdonezo2qmaex3","time":1613850247,"event":{"mods":["2.2 Compatiblity","AchievementEnabler","Act Like it!","Aspiration","BaseMod","Colored Powertips","Downfall","Friendly Minions","Gensokyo","Hallownest","Hermit","Highlight Path","Jorbs\u0027s Wanderer Trilogy","Marisa????????","Marked Mod","Minty Spire (QoL Compilation)","Quick Restart","Reliquary","Shop Mod","StSLib","The Disciple","The Hayseed","The Hierophant","The Marked","The Runesmith"],"gold_per_floor":[115,147,147,36,46,73,91,171,222,222,222,240,58,78,78,78,78],"floor_reached":16,"language":"ENG","playtime":977,"items_purged":["Defend_P"],"score":140,"play_id":"1e15c296-20d4-4cd6-8ab2-08f351f1cf45","local_time":"20210220204407","is_ascension_mode":true,"campfire_choices":[{"data":"MarkedMod:PinPointDefense","floor":10,"key":"SMITH"},{"data":"Wish","floor":15,"key":"SMITH"}],"circlet_count":0,"master_deck":["Strike_P","Strike_P","Strike_P","Strike_P","Defend_P","Defend_P","Defend_P","Eruption","Vigilance","MarkedMod:PinPointDefense+1","MentalFortress","DeceiveReality","MarkedMod:Acupuncture","ClearTheMind","MarkedMod:GentlePulse","DeceiveReality","Chrysalis","Wish+1"],"relics":["PureWater","aspiration:FrozenJewel","Boot","Mango"],"acts_visited":["Gensokyo:Gensokyo"],"potions_floor_usage":[2],"damage_taken":[{"damage":1,"enemies":"Gensokyo:Gryphon","floor":1,"turns":4},{"damage":30,"enemies":"Gensokyo:Cirno","floor":2,"turns":8},{"damage":2,"enemies":"Gensokyo:2_Kodama","floor":5,"turns":3},{"damage":9,"enemies":"Gensokyo:Mamizou","floor":6,"turns":14},{"damage":4,"enemies":"Gensokyo:Python","floor":7,"turns":3},{"damage":7,"enemies":"Gensokyo:VengefulSpirit","floor":12,"turns":6},{"damage":2,"enemies":"Gensokyo:Python_and_Kodama","floor":14,"turns":8},{"damage":0,"enemies":"Gensokyo:Kokoro","floor":16,"turns":1}],"seed_played":"-7063176943810087714","potions_obtained":[{"floor":1,"key":"Strength Potion"},{"floor":7,"key":"BottledMiracle"}],"is_trial":false,"path_per_floor":["M","?","?","$","M","E","M","?","T","R","?","M","$","M","R","B"],"character_chosen":"WATCHER","items_purchased":["DeceiveReality","Chrysalis"],"campfire_rested":0,"item_purchase_floors":[4,13],"current_hp_per_floor":[78,48,48,48,46,37,33,33,33,33,26,19,19,17,17,17,17],"gold":78,"neow_bonus":"TEN_PERCENT_HP_BONUS","is_daily":false,"chose_seed":false,"campfire_upgraded":2,"win_rate":0.0,"timestamp":1613850247,"path_taken":["M","?","?","?","M","E","?","?","T","R","?","M","$","M","R","BOSS"],"items_purchased_type":["Card","Card"],"build_version":"2020-12-22","purchased_purges":1,"victory":false,"max_hp_per_floor":[79,79,79,79,79,79,79,79,79,79,93,93,93,93,93,93,93],"card_choices":[{"not_picked":["Conclude","Protect"],"picked":"MarkedMod:PinPointDefense","floor":1},{"not_picked":["Weave","Halt"],"picked":"MentalFortress","floor":2},{"not_picked":["EmptyBody","FlyingSleeves"],"picked":"MarkedMod:Acupuncture","floor":5},{"not_picked":["Adaptation","Wallop"],"picked":"ClearTheMind","floor":6},{"not_picked":["MarkedMod:Acupuncture","Prostrate"],"picked":"MarkedMod:GentlePulse","floor":7},{"not_picked":["FollowUp","Wireheading"],"picked":"DeceiveReality","floor":12},{"not_picked":["Protect","Halt"],"picked":"Wish","floor":14}],"player_experience":228227,"relics_obtained":[{"floor":2,"key":"aspiration:FrozenJewel"},{"floor":6,"key":"Boot"}],"event_choices":[],"is_beta":false,"boss_relics":[],"items_purged_floors":[4],"is_endless":false,"potions_floor_spawned":[1,7],"killed_by":"Gensokyo:Kokoro","ascension_level":1}}