{"host":"24j0rle15g8q9bc9","time":1613794822,"event":{"mods":["2.2 Compatiblity","Act Like it!","Bartender","BaseMod","Better Note","Card Forge","Colored Map","Colored Powertips","DeckTracker","Downfall","Elementarium","Hallownest","Hubris","Jorbs\u0027s Wanderer Trilogy","Minty Spire (QoL Compilation)","Rare Cards Sparkle","Remilia??????","StSLib","The Bug Knight","The Death Knight","The Necromancer","Treasure Hunter"],"gold_per_floor":[300,316,333,96,116,128,128,128,107,124,142,172,72,72,87,191,191,191,209,209,286,386,403,403,468,368,10,10,28,97,124,139,243,243,143,162,212,262,31,44,96,96,107,120,120,120,186,311,325,325,325,359,86,86,86,86],"floor_reached":57,"language":"ENG","playtime":3734,"items_purged":["Regret"],"score":1278,"play_id":"6a25ea3a-0724-48f4-ba0a-461790057153","local_time":"20210220002022","is_ascension_mode":false,"campfire_choices":[{"floor":1,"key":"RECALL"},{"floor":13,"key":"REST"},{"floor":18,"key":"REST"},{"floor":26,"key":"REST"},{"data":"expansioncontent:Hexaburn","floor":28,"key":"SMITH"},{"floor":35,"key":"REST"},{"floor":42,"key":"REST"},{"floor":45,"key":"REST"},{"floor":54,"key":"REST"}],"circlet_count":0,"master_deck":["Slimebound:CorrosiveSpit+1","Slimebound:AcidTongue+1","Slimebound:TongueLash+1","Slimebound:WasteNot+1","Slimebound:Schlurp+1","Slimebound:SamplingLick+1","Slimebound:Recycling+1","Slimebound:RainOfGoop+1","Slimebound:OozeBath+1","Slimebound:MegaLick+1","Slimebound:ItLooksTasty+1","Slimebound:LeechEnergy+1","Slimebound:HauntingLick+1","Slimebound:Grow+1","Slimebound:GoopSpray+1","Slimebound:Gluttony+1","Slimebound:Equalize+1","Slimebound:RejuvenatingLick+1","Slimebound:Dissolve+1","Slimebound:DouseInSlime+1","Slimebound:SamplingLick+1","Slimebound:Equalize+1","Slimebound:ItLooksTasty+1","Slimebound:TongueLash+1","expansioncontent:DashGenerateEvil+1","Slimebound:Schlurp+1","Slimebound:RejuvenatingLick+1","Slimebound:SlimeSlap+1","expansioncontent:Hexaburn+1","Slimebound:LeechingTouch+1"],"relics":["Slimebound:AbsorbEndCombat","Hammer of Thor","Seething Fire","Anvil of the Gods","ClockworkSouvenir","Blood Vial","Orichalcum","Protect_Vest","downfall:HeartBlessingRed","Ice Cream","hubris:HollowSoul","downfall:CloakOfManyFaces","CultistMask","FaceOfCleric","NlothsMask","GremlinMask","SsserpentHead","downfall:HeartBlessingBlue","hubris:CuriousFeather","Lizard Tail","SlaversCollar","downfall:HeartBlessingGreen","Omamori","Lantern","Molten Egg 2","hubris:Reverence","Slimebound:AggressiveSlimeRelic"],"acts_visited":["Exordium","TheCity","TheBeyond","TheEnding"],"potions_floor_usage":[4,9,16,16,31,33,33,33,50,50,50,55,55,56],"damage_taken":[{"damage":2,"enemies":"Jaw Worm","floor":2,"turns":3},{"damage":0,"enemies":"Cultist","floor":3,"turns":3},{"damage":0,"enemies":"downfall:FleeingMerchant","floor":4,"turns":4},{"damage":0,"enemies":"2 Louse","floor":5,"turns":1},{"damage":20,"enemies":"Exordium Thugs","floor":6,"turns":3},{"damage":0,"enemies":"downfall:FleeingMerchant","floor":9,"turns":4},{"damage":6,"enemies":"Blue Slaver","floor":10,"turns":2},{"damage":0,"enemies":"Large Slime","floor":11,"turns":3},{"damage":9,"enemies":"3 Sentries","floor":12,"turns":4},{"damage":0,"enemies":"Lots of Slimes","floor":15,"turns":3},{"damage":4,"enemies":"SI_SHIV_ARCHETYPE","floor":16,"turns":3},{"damage":2,"enemies":"Chosen","floor":19,"turns":3},{"damage":3,"enemies":"downfall:FaceTrader","floor":22,"turns":5},{"damage":3,"enemies":"Spheric Guardian","floor":23,"turns":3},{"damage":6,"enemies":"Snecko","floor":25,"turns":3},{"damage":4,"enemies":"Centurion and Healer","floor":29,"turns":5},{"damage":3,"enemies":"Snake Plant","floor":30,"turns":2},{"damage":32,"enemies":"Slavers","floor":31,"turns":5},{"damage":0,"enemies":"Snecko","floor":32,"turns":2},{"damage":29,"enemies":"DF_ARCHETYPE_CLAW","floor":33,"turns":6},{"damage":25,"enemies":"3 Darklings","floor":36,"turns":4},{"damage":6,"enemies":"3 Shapes","floor":40,"turns":2},{"damage":8,"enemies":"Sphere and 2 Shapes","floor":43,"turns":4},{"damage":26,"enemies":"Jaw Worm Horde","floor":44,"turns":3},{"damage":5,"enemies":"Spire Growth","floor":47,"turns":3},{"damage":26,"enemies":"4 Shapes","floor":49,"turns":3},{"damage":38,"enemies":"IC_BLOCK_ARCHETYPE","floor":50,"turns":5},{"damage":31,"enemies":"downfall:CharBossMerchant","floor":52,"turns":5},{"damage":6,"enemies":"downfall:NeowBoss","floor":55,"turns":10},{"damage":125,"enemies":"downfall:NeowBossFinal","floor":56,"turns":9}],"seed_played":"3842466166561464499","potions_obtained":[{"floor":0,"key":"Ancient Potion"},{"floor":0,"key":"Block Potion"},{"floor":0,"key":"Slimebound:SpawnSlimePotion"},{"floor":6,"key":"DuplicationPotion"},{"floor":10,"key":"Ancient Potion"},{"floor":25,"key":"Explosive Potion"},{"floor":30,"key":"DeathKnight:BottledBloodEchoes"},{"floor":31,"key":"Slimebound:SlimedPotion"},{"floor":32,"key":"sneckomod:MuddlingPotion"},{"floor":36,"key":"sneckomod:MuddlingPotion"},{"floor":44,"key":"Slimebound:SlimedPotion"},{"floor":49,"key":"bronze:BurnAndBuffPotion"},{"floor":52,"key":"SkillPotion"}],"is_trial":false,"path_per_floor":["R","M","M","$","M","M","T","?","$","M","M","E","R","?","M","B",null,"R","M","?","T","?","M","T","M","R","$","R","M","M","E","M","B",null,"R","M","?","?","$","M","T","R","M","M","R","$","M","?","M","B",null,"E","$","R","B","B",null],"character_chosen":"SLIMEBOUND","items_purchased":["ClockworkSouvenir","Slimebound:TongueLash","Orichalcum","expansioncontent:DashGenerateEvil","hubris:CuriousFeather","expansioncontent:Hexaburn","Omamori","Slimebound:AggressiveSlimeRelic","Slimebound:SlimyTonguePotion","Energy Potion"],"campfire_rested":7,"item_purchase_floors":[4,4,9,9,27,27,39,53,53,53],"current_hp_per_floor":[65,65,65,65,65,51,51,51,65,61,65,62,65,65,65,65,65,65,65,57,57,64,66,66,67,77,77,77,78,78,56,63,57,82,82,70,73,73,73,76,76,87,88,87,89,89,87,87,83,68,92,74,74,93,88,31],"gold":86,"neow_bonus":"THREE_SMALL_POTIONS","is_daily":false,"chose_seed":false,"campfire_upgraded":1,"win_rate":0.0,"timestamp":1613794822,"path_taken":["R","M","M","$","M","M","T","?","$","?","M","E","R","?","M","BOSS","R","M","?","?","?","M","T","?","R","?","R","M","?","E","M","BOSS","R","M","?","?","$","M","T","R","M","M","R","$","?","?","M","BOSS","E","$","R","BOSS","BOSS"],"items_purchased_type":["Relic","Card","Relic","Card","Relic","Card","Relic","Relic","Potion","Potion"],"build_version":"2020-12-22","purchased_purges":1,"victory":true,"max_hp_per_floor":[65,65,65,65,65,65,65,65,65,65,65,65,65,65,65,65,65,65,65,65,65,65,66,66,67,77,77,77,78,79,80,81,82,82,82,83,86,86,86,87,87,87,88,89,89,89,90,90,91,92,92,93,93,93,94,95],"card_choices":[{"not_picked":["Slimebound:LeechingTouch","Slimebound:GoopTackle"],"picked":"Slimebound:SamplingLick","floor":2},{"not_picked":["Slimebound:RollThrough","Slimebound:Recycling"],"picked":"Slimebound:Equalize","floor":3},{"not_picked":["Slimebound:ComboTackle","Slimebound:RollThrough"],"picked":"Slimebound:ItLooksTasty","floor":4},{"not_picked":["Slimebound:GoopSpray","Slimebound:RollThrough","Slimebound:Prepare"],"picked":"SKIP","floor":5},{"not_picked":["Slimebound:WasteNot","Slimebound:LeechEnergy","Slimebound:GoopTackle"],"picked":"SKIP","floor":6},{"not_picked":["TH:ArmorSpikes","TH:CursedSword"],"picked":"SKIP","floor":7},{"not_picked":["Slimebound:SlimeBarrage","Slimebound:SplitMire","Slimebound:Equalize"],"picked":"SKIP","floor":9},{"not_picked":["Slimebound:ForwardTackle","Slimebound:Nibble","Slimebound:LivingWall"],"picked":"SKIP","floor":10},{"not_picked":["Slimebound:SplitLeeching","Slimebound:DivideAndConquer"],"picked":"Slimebound:Schlurp","floor":11},{"not_picked":["TH:Mimic","TH:PixieDust"],"picked":"SKIP","floor":12},{"not_picked":["Slimebound:RollThrough","Slimebound:LeechLife","Slimebound:Recycling"],"picked":"SKIP","floor":12},{"not_picked":["Slimebound:SplitLeeching","Slimebound:SplitBruiser","Slimebound:FinishingTackle"],"picked":"SKIP","floor":15},{"not_picked":["Slimebound:HauntingLick","Slimebound:RollThrough"],"picked":"Slimebound:RejuvenatingLick","floor":19},{"not_picked":["TH:ElvenBoots","TH:ArmorSpikes"],"picked":"SKIP","floor":21},{"not_picked":["Slimebound:GoopTackle+1","Slimebound:ViciousTackle+1"],"picked":"Slimebound:SlimeSlap","floor":23},{"not_picked":["TH:DeckOfManyThings","TH:ArmorSpikes"],"picked":"SKIP","floor":24},{"not_picked":["Slimebound:HungryTackle","Slimebound:SlimeTap","Slimebound:ComboTackle+1"],"picked":"SKIP","floor":25},{"not_picked":["Slimebound:SlimeSpikes","Slimebound:Replication+1","Slimebound:FinishingTackle"],"picked":"SKIP","floor":29},{"not_picked":["Slimebound:FlameTackle","Slimebound:SlimeSpikes","Slimebound:Grow"],"picked":"SKIP","floor":30},{"not_picked":["TH:EnergyPotion","TH:TreasureMap"],"picked":"SKIP","floor":31},{"not_picked":["Slimebound:MegaLick","Slimebound:BestDefense","Slimebound:HauntingLick"],"picked":"SKIP","floor":31},{"not_picked":["Slimebound:ComboTackle+1","Slimebound:SamplingLick","Slimebound:Nibble"],"picked":"SKIP","floor":32},{"not_picked":["Slimebound:LivingWall+1","Slimebound:ComboTackle+1","Slimebound:SplitMire"],"picked":"SKIP","floor":36},{"not_picked":["Slimebound:ProtectTheBoss","Slimebound:GoopSpray+1","Slimebound:SplitSpecialist"],"picked":"SKIP","floor":40},{"not_picked":["TH:PixieDust","TH:DeckOfManyThings"],"picked":"SKIP","floor":41},{"not_picked":["Slimebound:ItLooksTasty","Slimebound:LivingWall","Slimebound:OneTwoCombo"],"picked":"SKIP","floor":43},{"not_picked":["Slimebound:SplitLeeching+1","Slimebound:FinishingTackle+1","Slimebound:LivingWall+1"],"picked":"SKIP","floor":44},{"not_picked":["Slimebound:Prepare","Slimebound:SplitMire+1","Slimebound:SplitAcid+1"],"picked":"SKIP","floor":47},{"not_picked":["TH:DeckOfManyThings","TH:ElvenBoots"],"picked":"SKIP","floor":48},{"not_picked":["Slimebound:SplitAcid","Slimebound:SplitLeeching","Slimebound:ComboTackle+1"],"picked":"SKIP","floor":49},{"not_picked":["Slimebound:PressTheAttack+1","Slimebound:LivingWall+1"],"picked":"Slimebound:LeechingTouch+1","floor":52},{"not_picked":["TH:EnergyPotion","TH:CopperCoins"],"picked":"SKIP","floor":52}],"player_experience":77510,"relics_obtained":[{"floor":7,"key":"Blood Vial"},{"floor":12,"key":"Protect_Vest"},{"floor":22,"key":"downfall:CloakOfManyFaces"},{"floor":31,"key":"Lizard Tail"},{"floor":41,"key":"Lantern"},{"floor":48,"key":"Molten Egg 2"},{"floor":52,"key":"hubris:Reverence"}],"event_choices":[{"damage_healed":0,"gold_gain":0,"player_choice":"Box","damage_taken":0,"relics_obtained":["Ice Cream"],"max_hp_gain":0,"max_hp_loss":0,"event_name":"Big Fish","floor":14,"gold_loss":0,"cards_obtained":["Regret"]},{"damage_healed":0,"gold_gain":0,"player_choice":"Punched","damage_taken":8,"max_hp_gain":0,"max_hp_loss":0,"event_name":"Designer","floor":20,"gold_loss":0},{"damage_healed":0,"gold_gain":0,"player_choice":"Ignored","damage_taken":0,"max_hp_gain":0,"max_hp_loss":0,"event_name":"Accursed Blacksmith","floor":38,"gold_loss":0}],"is_beta":false,"boss_relics":[{"not_picked":["bronze:MakeshiftBattery","hubris:TerracottaHorce"],"picked":"hubris:HollowSoul"},{"not_picked":["Snecko Eye","Astrolabe"],"picked":"SlaversCollar"}],"items_purged_floors":[39],"is_endless":false,"potions_floor_spawned":[2,6,10,11,12,25,30,31,32,36,44,49,52],"ascension_level":0}}