{"host":"1a3cjta80tad0aqj","time":1613827724,"event":{"mods":["2.2 Compatiblity","AchievementEnabler","BaseMod","Colored Map","DeckTracker","KOR Keyword Fix","Keyboard Shortcuts","Minty Spire (QoL Compilation)","Permanent Neow","Quick Restart","Random Character Button","StSLib","SuperFastMode","everything is the same but u backflip on backflip"],"gold_per_floor":[114,129,129,144,159,189,204,234,234,234,234,9,9,24,24,124,124,139,164,194,13,28,58,58,73,148,247,247,262,277,292,292,392,392,407,162,177,177,527,527,52,67,67,82,82,82,97,112,112,112],"floor_reached":51,"language":"KOR","playtime":3538,"items_purged":["Meteor Strike","Juggernaut","Barricade"],"score":876,"play_id":"0490ba8a-8da5-41c6-99b8-aba118bf3142","local_time":"20210220222844","daily_mods":["Shiny","Red Cards","DeadlyEvents"],"is_ascension_mode":false,"campfire_choices":[{"data":"Sunder","floor":10,"key":"SMITH"},{"floor":13,"key":"REST"},{"data":"Hyperbeam","floor":15,"key":"SMITH"},{"data":"Apotheosis","floor":24,"key":"SMITH"},{"floor":28,"key":"REST"},{"data":"Bludgeon","floor":32,"key":"SMITH"},{"data":"Exhume","floor":40,"key":"SMITH"},{"data":"Seeing Red","floor":46,"key":"SMITH"},{"data":"Turbo","floor":49,"key":"SMITH"}],"circlet_count":0,"master_deck":["Double Tap","Demon Form","Bludgeon+1","Feed+1","Limit Break","Corruption","Fiend Fire+1","Berserk","Impervious","Reaper","Exhume+1","Offering","Immolate","Hyperbeam+1","Thunder Strike","Biased Cognition","Machine Learning","Electrodynamics","Buffer","Seek","Echo Form","All For One","Reboot","Amplify","Creative AI","Fission","Core Surge","Intimidate","Hologram","Conserve Battery","Sunder+1","Seeing Red+1","Genetic Algorithm","Apotheosis+1","BootSequence","Headbutt","Sweeping Beam+1","Skim","Chill","Turbo+1"],"relics":["Cracked Core","Anchor","Gambling Chip","Oddly Smooth Stone","Mercury Hourglass","Nunchaku","Empty Cage","Whetstone","Strawberry","Centennial Puzzle","Matryoshka","Busted Crown","Old Coin","Orichalcum","OrangePellets","Letter Opener","MealTicket"],"acts_visited":["Exordium","TheCity","TheBeyond"],"potions_floor_usage":[8,8,16,20,33,33,50,50],"damage_taken":[{"damage":6,"enemies":"Cultist","floor":1,"turns":2},{"damage":6,"enemies":"Jaw Worm","floor":2,"turns":4},{"damage":0,"enemies":"Small Slimes","floor":4,"turns":2},{"damage":16,"enemies":"Looter","floor":5,"turns":2},{"damage":9,"enemies":"3 Sentries","floor":6,"turns":2},{"damage":0,"enemies":"2 Fungi Beasts","floor":7,"turns":1},{"damage":14,"enemies":"Gremlin Nob","floor":8,"turns":4},{"damage":4,"enemies":"Large Slime","floor":14,"turns":3},{"damage":36,"enemies":"Hexaghost","floor":16,"turns":4},{"damage":6,"enemies":"Spheric Guardian","floor":18,"turns":1},{"damage":16,"enemies":"Slavers","floor":20,"turns":2},{"damage":6,"enemies":"Chosen","floor":22,"turns":3},{"damage":12,"enemies":"Gremlin Leader","floor":23,"turns":5},{"damage":19,"enemies":"Snecko","floor":25,"turns":6},{"damage":0,"enemies":"Snake Plant","floor":29,"turns":3},{"damage":1,"enemies":"Cultist and Chosen","floor":30,"turns":5},{"damage":7,"enemies":"Centurion and Healer","floor":31,"turns":4},{"damage":14,"enemies":"Collector","floor":33,"turns":5},{"damage":26,"enemies":"3 Shapes","floor":35,"turns":4},{"damage":0,"enemies":"Orb Walker","floor":37,"turns":2},{"damage":26,"enemies":"Mind Bloom Boss Battle","floor":39,"turns":4},{"damage":15,"enemies":"Writhing Mass","floor":42,"turns":5},{"damage":24,"enemies":"Maw","floor":44,"turns":8},{"damage":6,"enemies":"Jaw Worm Horde","floor":47,"turns":1},{"damage":8,"enemies":"3 Darklings","floor":48,"turns":3},{"damage":52,"enemies":"Time Eater","floor":50,"turns":5}],"seed_played":"3618718455484561711","potions_obtained":[{"floor":5,"key":"Fire Potion"},{"floor":7,"key":"Explosive Potion"},{"floor":8,"key":"AttackPotion"},{"floor":16,"key":"Energy Potion"},{"floor":22,"key":"SteroidPotion"},{"floor":23,"key":"SkillPotion"},{"floor":25,"key":"CultistPotion"},{"floor":37,"key":"DuplicationPotion"}],"is_trial":false,"path_per_floor":["M","M","?","M","M","E","M","E","T","R","T","$","R","M","R","B",null,"M","T","E","$","M","E","R","M","T","?","R","M","M","M","R","B",null,"M","$","M","?","?","R","$","M","T","M","?","R","M","M","R","B",null],"character_chosen":"DEFECT","items_purchased":["Nunchaku","Apotheosis","FairyPotion","Turbo","Orichalcum","FearPotion","OrangePellets"],"campfire_rested":2,"item_purchase_floors":[12,21,36,36,41,41,41],"current_hp_per_floor":[69,63,63,63,47,38,41,35,35,35,35,35,58,54,54,18,78,72,72,71,71,65,53,53,34,34,34,60,60,63,60,60,46,93,78,78,78,78,52,52,52,37,37,17,81,81,79,71,71,26],"gold":112,"neow_bonus":"","is_daily":true,"chose_seed":false,"campfire_upgraded":7,"win_rate":0.0,"timestamp":1613827724,"path_taken":["M","M","?","M","M","E","M","E","T","R","?","$","R","M","R","BOSS","M","?","?","$","M","E","R","M","T","?","R","M","?","M","R","BOSS","M","$","M","?","?","R","$","?","T","M","?","R","M","M","R","BOSS"],"items_purchased_type":["Relic","Card","Potion","Card","Relic","Potion","Relic"],"build_version":"2020-12-22","purchased_purges":3,"victory":true,"max_hp_per_floor":[75,75,75,75,75,75,78,78,78,78,78,78,78,78,78,78,78,78,78,89,89,89,89,89,89,89,89,89,89,93,93,93,93,93,93,93,93,93,93,93,93,93,93,93,81,81,85,85,85,85],"card_choices":[{"not_picked":["Gash","Cold Snap"],"picked":"Intimidate","floor":1},{"not_picked":["Clothesline","Dual Wield","Entrench"],"picked":"SKIP","floor":2},{"not_picked":["Barrage","Conserve Battery"],"picked":"Hologram","floor":4},{"not_picked":["Redo","Brutality"],"picked":"Conserve Battery","floor":5},{"not_picked":["Static Discharge","Capacitor","Sword Boomerang"],"picked":"SKIP","floor":6},{"not_picked":["Wild Strike","Lockon"],"picked":"Sunder","floor":7},{"not_picked":["Cold Snap","Twin Strike","Clash"],"picked":"SKIP","floor":8},{"not_picked":["Redo","Havoc","Go for the Eyes"],"picked":"SKIP","floor":14},{"not_picked":["Beam Cell","Battle Trance+1"],"picked":"Seeing Red","floor":18},{"not_picked":["Whirlwind","Hemokinesis"],"picked":"Genetic Algorithm","floor":20},{"not_picked":["Havoc+1","Force Field"],"picked":"BootSequence","floor":22},{"not_picked":["Burning Pact","Streamline"],"picked":"Headbutt","floor":23},{"not_picked":["Redo+1","Heavy Blade"],"picked":"Sweeping Beam+1","floor":25},{"not_picked":["Flex+1","Burning Pact","Sword Boomerang"],"picked":"SKIP","floor":29},{"not_picked":["Pommel Strike","Gash"],"picked":"Skim","floor":30},{"not_picked":["Rebound","Seek"],"picked":"Chill","floor":31},{"not_picked":["Twin Strike"],"picked":"SKIP","floor":35},{"not_picked":["Rupture"],"picked":"SKIP","floor":37},{"not_picked":["Wild Strike+1"],"picked":"SKIP","floor":42},{"not_picked":["Cleave+1"],"picked":"SKIP","floor":44},{"not_picked":["Capacitor"],"picked":"SKIP","floor":47},{"not_picked":["Twin Strike+1"],"picked":"SKIP","floor":48}],"player_experience":877325,"relics_obtained":[{"floor":6,"key":"Anchor"},{"floor":8,"key":"Gambling Chip"},{"floor":9,"key":"Oddly Smooth Stone"},{"floor":11,"key":"Mercury Hourglass"},{"floor":19,"key":"Whetstone"},{"floor":20,"key":"Strawberry"},{"floor":23,"key":"Centennial Puzzle"},{"floor":26,"key":"Matryoshka"},{"floor":39,"key":"Old Coin"},{"floor":43,"key":"Letter Opener"},{"floor":43,"key":"MealTicket"}],"event_choices":[{"damage_healed":0,"gold_gain":0,"player_choice":"Ignored","damage_taken":0,"max_hp_gain":0,"max_hp_loss":0,"event_name":"Liars Game","floor":3,"gold_loss":0},{"damage_healed":0,"gold_gain":99,"player_choice":"Stole From Cult","damage_taken":0,"max_hp_gain":0,"max_hp_loss":0,"event_name":"Nest","floor":27,"gold_loss":0},{"cards_removed":["Brutality"],"damage_healed":0,"gold_gain":0,"player_choice":"Removed Power","damage_taken":0,"max_hp_gain":0,"max_hp_loss":0,"event_name":"Falling","floor":38,"gold_loss":0},{"damage_healed":0,"gold_gain":0,"player_choice":"Fight","damage_taken":0,"max_hp_gain":0,"max_hp_loss":0,"event_name":"MindBloom","floor":39,"gold_loss":0},{"damage_healed":81,"gold_gain":0,"player_choice":"Heal","damage_taken":0,"max_hp_gain":0,"max_hp_loss":12,"event_name":"The Moai Head","floor":45,"gold_loss":0}],"is_beta":false,"boss_relics":[{"not_picked":["Tiny House","Runic Dome"],"picked":"Empty Cage"},{"not_picked":["Astrolabe","Cursed Key"],"picked":"Busted Crown"}],"items_purged_floors":[12,36,41],"is_endless":false,"potions_floor_spawned":[5,7,8,16,22,23,25,29,30,37,42],"ascension_level":0}}