{"host":"ryfs09562e7ibkuk","time":1613847902,"event":{"mods":["BaseMod","Colored Powertips","Minty Spire (QoL Compilation)","Quick Restart","StSLib","The Bug Knight"],"gold_per_floor":[113,113,113,2,15,46,46,46,46,56,86,86,86,102,102,202,202,218,232,28,28,568,568,593,593,593],"floor_reached":25,"language":"ZHS","playtime":1183,"items_purged":["HollowMod:NailStrikeStart","HollowMod:QuickDashStart"],"score":277,"play_id":"8615ecdb-473e-4baf-a7db-4bc0d7f8a14b","local_time":"20210221030502","is_ascension_mode":false,"campfire_choices":[{"data":"HollowMod:DoubleDash","floor":8,"key":"SMITH"},{"data":"HollowMod:HuntersJournal","floor":13,"key":"SMITH"},{"data":"HollowMod:MothsMistake","floor":15,"key":"SMITH"},{"floor":23,"key":"REST"}],"circlet_count":0,"master_deck":["HollowMod:NailStrikeStart","HollowMod:NailStrikeStart","HollowMod:NailStrikeStart","HollowMod:QuickDashStart","HollowMod:QuickDashStart","HollowMod:FocusHealStart","HollowMod:PogoStrike","HollowMod:SoulSplash","HollowMod:MothsMistake+1","HollowMod:DoubleDash+1","HollowMod:HuntersJournal+1","HollowMod:CloakDash","HollowMod:SiblingsSouls+1","HollowMod:NewJinnsSoul","HollowMod:MawleksShell"],"relics":["HollowMod:VesselMask","NeowsBlessing","Akabeko","Bag of Preparation","HornCleat","Mummified Hand","The Courier","Black Star","HollowMod:PaleOreRelic","Shuriken","HollowMod:MillibellesNoteRelic"],"acts_visited":["Exordium","TheCity"],"potions_floor_usage":[16,18,24,24],"damage_taken":[{"damage":0,"enemies":"Small Slimes","floor":1,"turns":1},{"damage":0,"enemies":"Jaw Worm","floor":5,"turns":1},{"damage":0,"enemies":"3 Sentries","floor":6,"turns":1},{"damage":0,"enemies":"Cultist","floor":10,"turns":3},{"damage":0,"enemies":"Gremlin Nob","floor":11,"turns":3},{"damage":4,"enemies":"Large Slime","floor":14,"turns":5},{"damage":47,"enemies":"The Guardian","floor":16,"turns":10},{"damage":7,"enemies":"2 Thieves","floor":18,"turns":4},{"damage":7,"enemies":"Spheric Guardian","floor":19,"turns":4},{"damage":40,"enemies":"Slavers","floor":24,"turns":9},{"damage":3,"enemies":"Snake Plant","floor":25,"turns":1}],"seed_played":"-7220422922315634316","potions_obtained":[{"floor":6,"key":"Explosive Potion"},{"floor":11,"key":"Regen Potion"},{"floor":18,"key":"Weak Potion"},{"floor":19,"key":"SkillPotion"}],"is_trial":false,"path_per_floor":["M","?","?","$","M","E","?","R","T","M","E","T","R","M","R","B",null,"M","M","$","?","?","R","E","M"],"character_chosen":"THE_BUGKNIGHT","items_purchased":["HollowMod:MothsMistake","HollowMod:PaleOreRelic"],"campfire_rested":1,"item_purchase_floors":[4,20],"current_hp_per_floor":[75,75,75,75,75,75,57,57,57,63,63,63,63,69,69,37,75,74,68,68,68,11,33,3,0,0],"gold":593,"neow_bonus":"THREE_ENEMY_KILL","is_daily":false,"chose_seed":false,"campfire_upgraded":3,"win_rate":0.0,"timestamp":1613847902,"path_taken":["M","?","?","$","?","E","?","R","T","M","E","?","R","?","R","BOSS","M","M","$","?","?","R","E","M"],"items_purchased_type":["Card","Relic"],"build_version":"2020-12-22","purchased_purges":2,"victory":false,"max_hp_per_floor":[75,75,75,75,75,75,75,75,75,75,75,75,75,75,75,75,75,75,75,75,75,75,75,75,75,75],"card_choices":[{"not_picked":["HollowMod:VengefulVoid","HollowMod:CornifersMapStart"],"picked":"HollowMod:SoulSplash","floor":1},{"not_picked":["HollowMod:SoulVessel","HollowMod:GoodIntentions"],"picked":"HollowMod:DoubleDash","floor":5},{"not_picked":["HollowMod:DashSlash","HollowMod:CycloneSlash","HollowMod:DreamGate"],"picked":"SKIP","floor":6},{"not_picked":["HollowMod:SoulStrike","HollowMod:HeavyBlow"],"picked":"HollowMod:HuntersJournal","floor":10},{"not_picked":["HollowMod:BlackTendrils","HollowMod:VengefulSpirit"],"picked":"HollowMod:CloakDash","floor":11},{"not_picked":["HollowMod:PureNailStrike","HollowMod:SharpenedShadows","HollowMod:BaldurShell"],"picked":"SKIP","floor":14},{"not_picked":["HollowMod:ChannelNail","HollowMod:CloakDash"],"picked":"HollowMod:SiblingsSouls+1","floor":18},{"not_picked":["HollowMod:SiblingsSouls","HollowMod:MonarchWings+1"],"picked":"HollowMod:NewJinnsSoul","floor":19},{"not_picked":["HollowMod:VengefulVoid","HollowMod:HeavyBlow"],"picked":"HollowMod:MawleksShell","floor":24}],"player_experience":140568,"relics_obtained":[{"floor":6,"key":"Akabeko"},{"floor":9,"key":"HornCleat"},{"floor":11,"key":"Mummified Hand"},{"floor":12,"key":"The Courier"},{"floor":24,"key":"Shuriken"},{"floor":24,"key":"HollowMod:MillibellesNoteRelic"}],"event_choices":[{"cards_removed":["HollowMod:QuickDashStart"],"damage_healed":0,"gold_gain":0,"player_choice":"Forget","damage_taken":0,"max_hp_gain":0,"max_hp_loss":0,"event_name":"Living Wall","floor":2,"gold_loss":0},{"damage_healed":0,"gold_gain":0,"player_choice":"Bought 0 Potions","damage_taken":0,"max_hp_gain":0,"max_hp_loss":0,"event_name":"The Woman in Blue","floor":3,"gold_loss":0},{"damage_healed":0,"gold_gain":0,"player_choice":"Success","damage_taken":18,"relics_obtained":["Bag of Preparation"],"max_hp_gain":0,"max_hp_loss":0,"event_name":"Scrap Ooze","floor":7,"gold_loss":0},{"damage_healed":0,"gold_gain":540,"player_choice":"GOLD GOLD GOLD GOLD GOLD GOLD ","damage_taken":57,"max_hp_gain":0,"max_hp_loss":0,"event_name":"Knowing Skull","floor":22,"potions_obtained":[],"gold_loss":0,"cards_obtained":[]}],"is_beta":false,"boss_relics":[{"not_picked":["Sozu","SacredBark"],"picked":"Black Star"}],"items_purged_floors":[4,20],"is_endless":false,"potions_floor_spawned":[6,11,18,19],"killed_by":"Snake Plant","ascension_level":0}}