{"host":"rguvlafm46vqn9ib","time":1613806141,"event":{"mods":["2.2 Compatiblity","AchievementEnabler","Act Like it!","Arknights","Aspiration","BaseMod","Beaked The Cultist","Better Match","Better Note","Better Third Choice","BetterRewards","Colored Map","Downfall","Elementarium","GifTheSpireLib","Hermit","Highlight Path","Hubris","JesterMod","Mad Scientist","Minty Spire (QoL Compilation)","RRrroohrrRGHHhhh!!","Reliquary","Reorder Act Four","Replay The Spire","Retaliation","SCP261 Mod","Small Relic Pack","Spikes Relics","StSLib","Stuff the Spire","The Blackbeard","The Bug Knight","The Construct","The Death Knight","The Disciple","The Forsaken","The Judge","The Marked","The Mystic","The Necromancer","The Problem Sleuth","The Runesmith","TheSwordswoman"],"gold_per_floor":[110,126,126,143,10,10,40,40,40,50,78,78,96,196,196,297,297,316,335,25,25,25,25,51,65,65,77,77,77],"floor_reached":28,"language":"ENG","playtime":1624,"items_purged":["Hatred"],"score":383,"play_id":"1ddddf24-8e4e-4c5a-a477-0d9271024063","local_time":"20210220072901","is_ascension_mode":true,"campfire_choices":[{"data":"rorgmod:Storm","floor":6,"key":"SMITH"},{"data":"StuffTheSpire:Plugnplay","floor":8,"key":"SMITH"},{"floor":12,"key":"REST"},{"data":"hubris:DoWhile","floor":15,"key":"SMITH"},{"data":"Rainbow","floor":23,"key":"SMITH"}],"circlet_count":0,"master_deck":["Strike_B","Strike_B","Strike_B","Strike_B","Defend_B","Defend_B","Defend_B","Defend_B","Zap","Dualcast","rorgmod:Storm+1","StuffTheSpire:Plugnplay+1","FTL","Streamline","downfall:Haunted","downfall:Haunted","hubris:DoWhile+1","Lockon","rorgmod:Critical Section","rorgmod:Critical Section","rorgmod:Antivirus+1","BasicCrystalCard+1","ReplayTheSpireMod:System Scan","Capacitor","Rainbow+1","FTL+1","Ball Lightning+1","DDmod:MulticlassingSkill","Crystallizer","Barrage+1","Force Field","FIFO Queue"],"relics":["Cracked Core","Happy Flower","Du-Vu Doll","theForsaken:HumbleEgg","Pondfish Scales","StuffTheSpire:OldFever","hubris:RunicObelisk","Oddly Smooth Stone","Cables"],"acts_visited":["Exordium","TheCity"],"potions_floor_usage":[7,7,7,10,24,27,28],"damage_taken":[{"damage":7,"enemies":"Jaw Worm","floor":1,"turns":2},{"damage":0,"enemies":"2 Louse","floor":2,"turns":2},{"damage":3,"enemies":"Cultist","floor":4,"turns":3},{"damage":12,"enemies":"Gremlin Nob","floor":7,"turns":3},{"damage":9,"enemies":"Looter","floor":10,"turns":2},{"damage":6,"enemies":"3 Sentries","floor":11,"turns":6},{"damage":10,"enemies":"Gremlin Gang","floor":13,"turns":3},{"damage":32,"enemies":"Slime Boss","floor":16,"turns":9},{"damage":11,"enemies":"Chosen","floor":18,"turns":4},{"damage":16,"enemies":"2 Thieves","floor":19,"turns":3},{"damage":8,"enemies":"Gremlin Leader","floor":24,"turns":4},{"damage":21,"enemies":"Snecko","floor":25,"turns":4},{"damage":13,"enemies":"Centurion and Healer","floor":27,"turns":3},{"damage":7,"enemies":"Snake Plant","floor":28,"turns":2}],"seed_played":"4563463697771543266","potions_obtained":[{"floor":1,"key":"Weak Potion"},{"floor":2,"key":"hexamod:SoulburnPotion"},{"floor":4,"key":"Strength Potion"},{"floor":7,"key":"Fire Potion"},{"floor":16,"key":"AttackPotion"},{"floor":19,"key":"DeathKnight:RimePotion"},{"floor":22,"key":"SCP261:EnergyGasPotion"},{"floor":22,"key":"hexamod:SoulburnPotion"}],"is_trial":false,"path_per_floor":["M","M","?","M","$","R","E","R","T","M","E","R","M","?","R","B",null,"M","M","$","?","?","R","E","M","T","M","M"],"character_chosen":"DEFECT","items_purchased":["Happy Flower","rorgmod:Storm","StuffTheSpire:Plugnplay","rorgmod:Critical Section","Oddly Smooth Stone","DDmod:MulticlassingSkill","Crystallizer"],"campfire_rested":1,"item_purchase_floors":[0,0,0,5,20,20,20],"current_hp_per_floor":[68,68,68,65,65,65,53,53,53,44,38,60,50,50,50,18,75,64,48,48,48,48,48,40,19,19,6,0,0],"gold":77,"neow_bonus":"","is_daily":false,"chose_seed":false,"campfire_upgraded":4,"win_rate":0.0,"timestamp":1613806141,"path_taken":["M","M","?","M","$","R","E","R","T","M","E","R","M","?","R","BOSS","M","M","$","?","?","R","E","M","T","M","M"],"items_purchased_type":["Relic","Card","Card","Card","Relic","Card","Card"],"build_version":"2020-12-22","purchased_purges":1,"victory":false,"max_hp_per_floor":[75,75,75,75,75,75,75,75,75,75,75,75,75,75,75,75,75,75,75,75,75,75,75,75,75,75,75,75,75],"card_choices":[{"not_picked":["rorgmod:Antivirus","Blizzard"],"picked":"FTL","floor":1},{"not_picked":["rorgmod:Refrigerate","Self Repair"],"picked":"Streamline","floor":2},{"not_picked":["Cold Snap","Redo"],"picked":"Lockon","floor":4},{"not_picked":["Compile Driver+1","Hyperbeam"],"picked":"rorgmod:Antivirus+1","floor":7},{"not_picked":["Blizzard","Turbo+1"],"picked":"BasicCrystalCard+1","floor":10},{"not_picked":["Panic Button+1","rorgmod:Leap+1"],"picked":"ReplayTheSpireMod:System Scan","floor":11},{"not_picked":["rorgmod:Refrigerate+1","Hologram+1"],"picked":"Capacitor","floor":13},{"not_picked":["hubris:SpecializedCircuitry","Echo Form"],"picked":"Rainbow","floor":16},{"not_picked":["Sweeping Beam+1","Rebound+1"],"picked":"FTL+1","floor":18},{"not_picked":["FIFO Queue","Panic Button+1"],"picked":"Ball Lightning+1","floor":19},{"not_picked":["Conserve Battery+1","Panic Button+1"],"picked":"Barrage+1","floor":24},{"not_picked":["BootSequence","Panic Button+1"],"picked":"Force Field","floor":25},{"not_picked":["ReplayTheSpireMod:GoodbyeWorld","Blizzard"],"picked":"FIFO Queue","floor":27}],"player_experience":1013079,"relics_obtained":[{"floor":7,"key":"theForsaken:HumbleEgg"},{"floor":9,"key":"Pondfish Scales"},{"floor":11,"key":"StuffTheSpire:OldFever"},{"floor":26,"key":"Cables"}],"event_choices":[{"damage_healed":0,"gold_gain":100,"player_choice":"Pray","damage_taken":0,"max_hp_gain":0,"max_hp_loss":0,"event_name":"Golden Shrine","floor":14,"gold_loss":0},{"damage_healed":0,"gold_gain":0,"player_choice":"Got Potions","damage_taken":0,"max_hp_gain":0,"max_hp_loss":0,"event_name":"Lab","floor":22,"gold_loss":0}],"is_beta":false,"boss_relics":[{"not_picked":["Runesmith:UraniumAnvil","StuffTheSpire:RunicHypercube"],"picked":"hubris:RunicObelisk"}],"items_purged_floors":[5],"is_endless":false,"potions_floor_spawned":[1,2,4,7,16,19],"killed_by":"Snake Plant","ascension_level":2}}