{"host":"qxeepl7ydvsgmfdb","time":1613823663,"event":{"mods":["AchievementEnabler","BaseMod","Colored Powertips","Minty Spire (QoL Compilation)","Quick Restart","slay the spire mod where everything is the same but ironclad has a cowboy hat"],"gold_per_floor":[117,6,6,6,6,6,35,48,48,73,84,84,97,128,128,205,205,216,131,131,149,161,161,181,181,181,200,200,125,125,143,143,143,143],"floor_reached":33,"language":"ENG","playtime":751,"items_purged":[],"score":537,"play_id":"080c7783-711a-426e-9c8a-c55a2d9de691","local_time":"20210220072103","is_ascension_mode":true,"campfire_choices":[{"data":"Poisoned Stab","floor":6.0,"key":"SMITH"},{"floor":15,"key":"REST"},{"floor":23,"key":"REST"},{"floor":30,"key":"REST"},{"floor":32,"key":"REST"}],"circlet_count":0,"master_deck":["AscendersBane","Strike_G","Strike_G","Strike_G","Defend_G","Defend_G","Defend_G","Defend_G","Defend_G","Survivor","Neutralize","Poisoned Stab","Deadly Poison","Poisoned Stab+1","Bane","Deflect","Cloak And Dagger","Corpse Explosion","Backstab+1","Deadly Poison","Backstab","Deflect+1"],"relics":["Ring of the Snake","NeowsBlessing","Tiny Chest","Lantern","Prayer Wheel","Matryoshka","Blue Candle","SacredBark","Oddly Smooth Stone","Pear","Molten Egg 2","MealTicket","Unceasing Top"],"acts_visited":["Exordium","TheCity"],"potions_floor_usage":[10,14,24,27,31],"damage_taken":[{"damage":0.0,"enemies":"Small Slimes","floor":1.0,"turns":1.0},{"damage":0.0,"enemies":"Lagavulin","floor":7.0,"turns":1.0},{"damage":0.0,"enemies":"2 Louse","floor":8.0,"turns":1.0},{"damage":5,"enemies":"Gremlin Nob","floor":10,"turns":3},{"damage":0,"enemies":"Cultist","floor":11,"turns":3},{"damage":1,"enemies":"Red Slaver","floor":13,"turns":3},{"damage":35,"enemies":"3 Sentries","floor":14,"turns":9},{"damage":30,"enemies":"The Guardian","floor":16,"turns":10},{"damage":42,"enemies":"Spheric Guardian","floor":18,"turns":6},{"damage":22,"enemies":"3 Byrds","floor":21,"turns":4},{"damage":9,"enemies":"Centurion and Healer","floor":22,"turns":3},{"damage":0,"enemies":"3 Cultists","floor":24,"turns":1},{"damage":24,"enemies":"Snake Plant","floor":27,"turns":3},{"damage":30,"enemies":"Shelled Parasite and Fungi","floor":31,"turns":4},{"damage":54,"enemies":"Champ","floor":33,"turns":10}],"seed_played":"8206097833989193295","potions_obtained":[{"floor":7.0,"key":"SteroidPotion"},{"floor":8.0,"key":"FairyPotion"},{"floor":13,"key":"DuplicationPotion"},{"floor":14,"key":"FearPotion"},{"floor":22,"key":"DuplicationPotion"},{"floor":24,"key":"FearPotion"}],"is_trial":false,"path_per_floor":["M","$","?","$","?","R","E","M","T","E","M","?","M","E","R","B",null,"M","$","T","M","M","R","M","?","T","M","?","?","R","M","R","B"],"character_chosen":"THE_SILENT","items_purchased":["Deadly Poison","Poisoned Stab","Backstab"],"campfire_rested":4,"item_purchase_floors":[2,2,19],"current_hp_per_floor":[59,59,48,48,48,48,48,48,48,43,43,66,65,30,49,19,54,12,12,22,45,36,58,58,58,58,34,34,34,56,26,48,0,0],"gold":143,"neow_bonus":"THREE_ENEMY_KILL","is_daily":false,"chose_seed":false,"campfire_upgraded":1,"win_rate":0.0,"timestamp":1613823663,"path_taken":["M","$","?","$","?","R","E","M","T","E","M","?","?","E","R","BOSS","M","$","?","M","M","R","M","?","T","M","?","?","R","M","R","BOSS"],"items_purchased_type":["Card","Card","Card"],"build_version":"2020-12-22","purchased_purges":0,"victory":false,"max_hp_per_floor":[66,66,66,66,66,66,66,66,66,66,66,66,66,66,66,66,66,66,66,76,76,76,76,76,76,76,76,76,76,76,76,76,76,76],"card_choices":[{"not_picked":["Dagger Throw","Sucker Punch"],"picked":"Poisoned Stab","floor":1.0},{"not_picked":["Blade Dance","Wraith Form v2"],"picked":"All Out Attack","floor":7.0},{"not_picked":["Cloak And Dagger","Prepared"],"picked":"Bane","floor":8.0},{"not_picked":["Prepared","Quick Slash","Blade Dance"],"picked":"SKIP","floor":10},{"not_picked":["Dodge and Roll","Skewer","Tactician"],"picked":"SKIP","floor":11},{"not_picked":["Bouncing Flask","Blade Dance","Sucker Punch"],"picked":"SKIP","floor":11},{"not_picked":["Backflip","Sucker Punch"],"picked":"Deflect","floor":13},{"not_picked":["Bullet Time","Infinite Blades","PiercingWail"],"picked":"SKIP","floor":13},{"not_picked":["Sucker Punch","Dagger Spray"],"picked":"Cloak And Dagger","floor":14},{"not_picked":["A Thousand Cuts","Glass Knife"],"picked":"Corpse Explosion","floor":16},{"not_picked":["Acrobatics","Outmaneuver"],"picked":"Backstab+1","floor":18},{"not_picked":["Terror","Caltrops"],"picked":"Deadly Poison","floor":18},{"not_picked":["Eviscerate","Bouncing Flask+1","Heel Hook"],"picked":"SKIP","floor":21},{"not_picked":["Leg Sweep","Dodge and Roll","Backflip"],"picked":"SKIP","floor":21},{"not_picked":["Backflip","Underhanded Strike","Blade Dance"],"picked":"SKIP","floor":22},{"not_picked":["Blur+1","PiercingWail","Sucker Punch"],"picked":"SKIP","floor":22},{"not_picked":["Accuracy","Prepared","Flechettes"],"picked":"SKIP","floor":24},{"not_picked":["Masterful Stab","Blade Dance","Finisher"],"picked":"SKIP","floor":24},{"not_picked":["Bane+1","Burst"],"picked":"Deflect+1","floor":27},{"not_picked":["Well Laid Plans","Cloak And Dagger","Flechettes+1"],"picked":"SKIP","floor":27},{"not_picked":["Blade Dance","Bane+1","All Out Attack+1"],"picked":"SKIP","floor":31},{"not_picked":["Deflect","Backflip","Riddle With Holes+1"],"picked":"SKIP","floor":31}],"player_experience":184775,"relics_obtained":[{"floor":7.0,"key":"Lantern"},{"floor":9.0,"key":"Prayer Wheel"},{"floor":10,"key":"Matryoshka"},{"floor":14,"key":"Blue Candle"},{"floor":20,"key":"Oddly Smooth Stone"},{"floor":20,"key":"Pear"},{"floor":26,"key":"MealTicket"},{"floor":26,"key":"Unceasing Top"}],"event_choices":[{"damage_healed":0.0,"max_hp_gain":0.0,"max_hp_loss":0.0,"gold_gain":0.0,"event_name":"Scrap Ooze","player_choice":"Success","floor":3.0,"gold_loss":0.0,"damage_taken":11.0,"relics_obtained":["Tiny Chest"]},{"cards_removed":["Strike_G"],"damage_healed":0.0,"max_hp_gain":0.0,"max_hp_loss":0.0,"gold_gain":0.0,"event_name":"Living Wall","player_choice":"Forget","floor":5.0,"gold_loss":0.0,"damage_taken":0.0},{"cards_removed":["All Out Attack"],"damage_healed":23,"gold_gain":0,"player_choice":"Offered Uncommon","damage_taken":0,"max_hp_gain":0,"max_hp_loss":0,"event_name":"Bonfire Elementals","floor":12,"gold_loss":0},{"damage_healed":0,"gold_gain":0,"player_choice":"Opened","damage_taken":0,"relics_obtained":["Molten Egg 2"],"max_hp_gain":0,"max_hp_loss":0,"event_name":"The Mausoleum","floor":25,"gold_loss":0,"cards_obtained":["Writhe"]},{"cards_removed":["Writhe"],"damage_healed":0,"gold_gain":0,"player_choice":"Elegance","damage_taken":0,"max_hp_gain":0,"max_hp_loss":0,"event_name":"Back to Basics","floor":28,"gold_loss":0},{"cards_removed":["Strike_G"],"damage_healed":0,"gold_gain":0,"player_choice":"Gave Gold","damage_taken":0,"max_hp_gain":0,"max_hp_loss":0,"event_name":"Beggar","floor":29,"gold_loss":75}],"is_beta":false,"boss_relics":[{"not_picked":["Runic Dome","Ectoplasm"],"picked":"SacredBark"}],"items_purged_floors":[],"is_endless":false,"potions_floor_spawned":[7,8,13,14,22,24],"killed_by":"Champ","ascension_level":17}}