{"host":"f76wcztdlwlduum6","time":1613863610,"event":{"mods":["BaseMod","BetterRewards","Colored Powertips","Minty Spire (QoL Compilation)","Quick Restart","Rare Cards Sparkle","Relic Stats","StSLib","SuperFastMode","everything is the same but u backflip on backflip"],"gold_per_floor":[15,28,28,39,39,69,87,87,87],"floor_reached":8,"language":"ENG","playtime":231,"items_purged":[],"score":116,"play_id":"51765271-042b-4068-bb2e-aa22cf978123","local_time":"20210220172650","is_ascension_mode":true,"campfire_choices":[],"circlet_count":0,"master_deck":["AscendersBane","Strike_R","Strike_R","Strike_R","Strike_R","Defend_R+1","Defend_R","Bash+1","Battle Trance","Armaments","Flex"],"relics":["Burning Blood","Kunai"],"acts_visited":["Exordium"],"potions_floor_usage":[6],"damage_taken":[{"damage":12,"enemies":"Cultist","floor":1,"turns":4},{"damage":14,"enemies":"Jaw Worm","floor":2,"turns":4},{"damage":9,"enemies":"Small Slimes","floor":4,"turns":5},{"damage":15,"enemies":"3 Sentries","floor":6,"turns":6},{"damage":13,"enemies":"Blue Slaver","floor":7,"turns":4},{"damage":7,"enemies":"Lagavulin","floor":8,"turns":3}],"seed_played":"3965168200275855803","potions_obtained":[{"floor":1,"key":"AttackPotion"},{"floor":7,"key":"LiquidBronze"}],"is_trial":false,"path_per_floor":["M","M","?","M","?","E","M","E"],"character_chosen":"IRONCLAD","items_purchased":[],"campfire_rested":0,"item_purchase_floors":[],"current_hp_per_floor":[62,54,54,51,28,19,12,5,5],"gold":87,"neow_bonus":"REMOVE_TWO","is_daily":false,"chose_seed":false,"campfire_upgraded":0,"win_rate":0.0,"timestamp":1613863610,"path_taken":["M","?","?","M","?","E","M","E"],"items_purchased_type":[],"build_version":"2020-12-22","purchased_purges":0,"victory":false,"max_hp_per_floor":[75,75,75,75,75,75,75,75,75],"relic_stats":{"counters":[6,26],"Kunai":[0],"obtain_stats":[{"Kunai":6,"Burning Blood":0},{"Kunai":4,"Burning Blood":0},{"Kunai":19,"Burning Blood":0}],"Burning Blood":30},"card_choices":[{"not_picked":["Flame Barrier","Havoc"],"picked":"Battle Trance","floor":1},{"not_picked":["Headbutt","Double Tap"],"picked":"Armaments","floor":2},{"not_picked":["Clash","Cleave","Anger"],"picked":"SKIP","floor":4},{"not_picked":["Sentinel","Wild Strike"],"picked":"Flex","floor":6},{"not_picked":["Dropkick","Anger","Cleave"],"picked":"SKIP","floor":7}],"player_experience":365141,"relics_obtained":[{"floor":6,"key":"Kunai"}],"event_choices":[{"cards_removed":["Defend_R"],"damage_healed":0,"gold_gain":0,"player_choice":"Forget","damage_taken":0,"max_hp_gain":0,"max_hp_loss":0,"event_name":"Living Wall","floor":3,"gold_loss":0},{"damage_healed":0,"gold_gain":0,"player_choice":"Entered Light","damage_taken":23,"max_hp_gain":0,"max_hp_loss":0,"event_name":"Shining Light","floor":5,"gold_loss":0,"cards_upgraded":["Bash","Defend_R"]}],"is_beta":false,"boss_relics":[],"items_purged_floors":[],"is_endless":false,"potions_floor_spawned":[1,7],"killed_by":"Lagavulin","ascension_level":20}}