{"host":"pjjzz70vl4t83ifx","time":1613779759,"event":{"mods":["AchievementEnabler","BaseMod","Card Forge","Colored Map","Colored Powertips","Highlight Path","Infinite Spire","Minty Spire (QoL Compilation)","Permanent Neow","Practice Mode","Rare Cards Sparkle","Relic Stats","StSLib","Synergy Search"],"gold_per_floor":[117,117,117,137,147,147,175,175,199,224,241,241,11,29,29,124,124,136,136,96,110,110,110,140,140,140,159,191,191,205,220,220,322,322,338,338,438,456,473,473,504,514,566,666,677,677,677],"floor_reached":46,"language":"ENG","playtime":1931,"items_purged":[],"score":740,"play_id":"9b3999fc-4de0-4f37-8c0d-06d4c4e39d86","local_time":"20210219160919","is_ascension_mode":true,"campfire_choices":[{"data":"Neutralize","floor":6.0,"key":"SMITH"},{"data":"Footwork","floor":15.0,"key":"SMITH"},{"data":"Accuracy","floor":23.0,"key":"SMITH"},{"data":"After Image","floor":25.0,"key":"SMITH"},{"data":"Blade Dance","floor":29.0,"key":"SMITH"},{"data":"Expertise","floor":32.0,"key":"SMITH"},{"data":"Dagger Spray","floor":40.0,"key":"SMITH"}],"circlet_count":0,"master_deck":["Strike_G","Strike_G","Strike_G","Strike_G+1","Strike_G+1","Defend_G","Defend_G","Defend_G","Defend_G","Defend_G","Survivor","Neutralize+1","Cloak And Dagger+1","infinitespire:Oblivion+1","Expertise+1","Accuracy+1","Footwork+1","Dagger Spray+1","After Image+1","Blade Dance+1","Dagger Spray+1","PiercingWail","Parasite","Terror+1"],"relics":["Ring of the Snake","Hammer of Thor","Seething Fire","Anvil of the Gods","Toy Ornithopter","Smiling Mask","Art of War","Oddly Smooth Stone","Busted Crown","Mummified Hand","Dream Catcher","Whetstone","WristBlade","CaptainsWheel","Regal Pillow"],"acts_visited":["Exordium","TheCity","TheBeyond"],"potions_floor_usage":[],"damage_taken":[{"damage":7.0,"enemies":"Jaw Worm","floor":1.0,"turns":5.0},{"damage":0.0,"enemies":"2 Louse","floor":4.0,"turns":1.0},{"damage":0.0,"enemies":"Cultist","floor":5.0,"turns":3.0},{"damage":17.0,"enemies":"3 Sentries","floor":7.0,"turns":7.0},{"damage":9.0,"enemies":"Lagavulin","floor":10.0,"turns":3.0},{"damage":0.0,"enemies":"Blue Slaver","floor":11.0,"turns":2.0},{"damage":1.0,"enemies":"Gremlin Gang","floor":14.0,"turns":3.0},{"damage":25.0,"enemies":"Slime Boss","floor":16.0,"turns":10.0},{"damage":0.0,"enemies":"3 Byrds","floor":18.0,"turns":5.0},{"damage":0.0,"enemies":"Spheric Guardian","floor":21.0,"turns":4.0},{"damage":0.0,"enemies":"Book of Stabbing","floor":24.0,"turns":3.0},{"damage":9.0,"enemies":"Snake Plant","floor":27.0,"turns":5.0},{"damage":0.0,"enemies":"Slavers","floor":28.0,"turns":6.0},{"damage":0.0,"enemies":"Centurion and Healer","floor":30.0,"turns":5.0},{"damage":0.0,"enemies":"3 Cultists","floor":31.0,"turns":3.0},{"damage":39.0,"enemies":"Automaton","floor":33.0,"turns":10.0},{"damage":0.0,"enemies":"3 Shapes","floor":35.0,"turns":3.0},{"damage":0.0,"enemies":"Orb Walker","floor":38.0,"turns":2.0},{"damage":0.0,"enemies":"Transient","floor":39.0,"turns":5.0},{"damage":50.0,"enemies":"Giant Head","floor":41.0,"turns":10.0},{"damage":18.0,"enemies":"Spire Growth","floor":42.0,"turns":5.0},{"damage":0.0,"enemies":"Writhing Mass","floor":45.0,"turns":5.0},{"damage":18,"enemies":"4 Shapes","floor":46,"turns":1}],"seed_played":"-96607990194024012","potions_obtained":[{"floor":5.0,"key":"AttackPotion"},{"floor":7.0,"key":"PowerPotion"},{"floor":16.0,"key":"SkillPotion"},{"floor":21.0,"key":"ColorlessPotion"},{"floor":28.0,"key":"SkillPotion"},{"floor":38.0,"key":"GhostInAJar"},{"floor":39.0,"key":"Explosive Potion"},{"floor":42.0,"key":"SkillPotion"}],"is_trial":false,"path_per_floor":["M","?","?","M","M","R","E","?","T","E","M","?","$","M","R","B",null,"M","?","?","M","?","R","E","R","T","M","E","R","M","M","R","B",null,"M","?","?","M","M","R","E","M","T","?","M","M"],"character_chosen":"THE_SILENT","items_purchased":["Oddly Smooth Stone","Footwork"],"campfire_rested":0,"item_purchase_floors":[13,13],"current_hp_per_floor":[63,45,45,45,45,45,28,28,28,29,29,29,29,28,28,3,59,59,59,59,59,45,45,55,55,55,46,46,46,46,46,46,12,65,65,65,65,65,65,65,20,2,2,2,12,0,0],"gold":677,"neow_bonus":"TEN_PERCENT_HP_BONUS","is_daily":false,"chose_seed":false,"campfire_upgraded":7,"win_rate":0.0,"timestamp":1613779759,"path_taken":["M","?","?","M","?","R","E","?","T","E","?","?","?","M","R","BOSS","M","?","?","?","?","R","E","R","T","M","E","R","M","M","R","BOSS","M","?","?","?","M","R","E","M","T","?","?","M"],"items_purchased_type":["Relic","Card"],"build_version":"2020-12-22","purchased_purges":0,"victory":false,"max_hp_per_floor":[77,77,77,77,77,77,77,77,77,77,77,77,77,77,77,77,77,77,77,77,77,82,82,82,82,82,82,82,82,82,82,82,82,82,82,82,82,82,82,82,82,82,82,82,82,82,82],"relic_stats":{"Dream Catcher":0,"Regal Pillow":0,"Busted Crown":36,"counters":[23,106],"Mummified Hand":[34],"Art of War":[0],"Whetstone":["Dagger Spray","Strike_G"],"Smiling Mask":0,"obtain_stats":[{"Regal Pillow":43,"Oddly Smooth Stone":13,"Hammer of Thor":0,"Seething Fire":0,"Whetstone":28,"Smiling Mask":9,"Dream Catcher":26,"CaptainsWheel":41,"Busted Crown":17,"WristBlade":34,"Anvil of the Gods":0,"Mummified Hand":24,"Art of War":10,"Toy Ornithopter":7,"Ring of the Snake":0},{"Regal Pillow":21,"Oddly Smooth Stone":6,"Hammer of Thor":0,"Seething Fire":0,"Whetstone":13,"Smiling Mask":4,"Dream Catcher":11,"CaptainsWheel":20,"Busted Crown":8,"WristBlade":16,"Anvil of the Gods":0,"Mummified Hand":11,"Art of War":5,"Toy Ornithopter":4,"Ring of the Snake":0},{"Regal Pillow":100,"Oddly Smooth Stone":21,"Hammer of Thor":0,"Seething Fire":0,"Whetstone":57,"Smiling Mask":16,"Dream Catcher":46,"CaptainsWheel":95,"Busted Crown":34,"WristBlade":75,"Anvil of the Gods":0,"Mummified Hand":46,"Art of War":19,"Toy Ornithopter":16,"Ring of the Snake":0}],"Toy Ornithopter":40,"Ring of the Snake":[46]},"card_choices":[{"not_picked":["Outmaneuver","Poisoned Stab"],"picked":"Cloak And Dagger","floor":1.0},{"not_picked":["infinitespire:FutureSight","infinitespire:Punishment"],"picked":"infinitespire:Oblivion","floor":2.0},{"not_picked":["Blade Dance","Phantasmal Killer","Heel Hook"],"picked":"SKIP","floor":4.0},{"not_picked":["Dodge and Roll","Doppelganger","Poisoned Stab"],"picked":"SKIP","floor":5.0},{"not_picked":["Escape Plan","Tactician"],"picked":"Expertise","floor":7.0},{"not_picked":["Concentrate","Skewer","Slice"],"picked":"SKIP","floor":10.0},{"not_picked":["Blade Dance","Deadly Poison"],"picked":"Accuracy","floor":11.0},{"not_picked":["All Out Attack","Storm of Steel"],"picked":"Dagger Spray","floor":14.0},{"not_picked":["Wraith Form v2","Phantasmal Killer"],"picked":"After Image","floor":16.0},{"not_picked":["Endless Agony+1"],"picked":"SKIP","floor":18.0},{"not_picked":[],"picked":"Blade Dance","floor":21.0},{"not_picked":[],"picked":"Dagger Spray","floor":24.0},{"not_picked":["Deadly Poison"],"picked":"SKIP","floor":27.0},{"not_picked":["Deflect"],"picked":"SKIP","floor":28.0},{"not_picked":["Skewer"],"picked":"SKIP","floor":30.0},{"not_picked":[],"picked":"PiercingWail","floor":31.0},{"not_picked":["Deflect"],"picked":"SKIP","floor":35.0},{"not_picked":["Bane"],"picked":"SKIP","floor":38.0},{"not_picked":["Setup+1"],"picked":"SKIP","floor":39.0},{"not_picked":["Outmaneuver+1"],"picked":"SKIP","floor":41.0},{"not_picked":["PiercingWail"],"picked":"SKIP","floor":42.0},{"not_picked":[],"picked":"Terror+1","floor":45}],"player_experience":245918,"relics_obtained":[{"floor":7.0,"key":"Toy Ornithopter"},{"floor":9.0,"key":"Smiling Mask"},{"floor":10.0,"key":"Art of War"},{"floor":24.0,"key":"Mummified Hand"},{"floor":26.0,"key":"Dream Catcher"},{"floor":28.0,"key":"Whetstone"},{"floor":41.0,"key":"CaptainsWheel"},{"floor":43.0,"key":"Regal Pillow"}],"event_choices":[{"damage_healed":0.0,"max_hp_gain":0.0,"max_hp_loss":0.0,"gold_gain":0.0,"event_name":"Upgrade Shrine","player_choice":"Upgraded","floor":3.0,"gold_loss":0.0,"damage_taken":0.0,"cards_upgraded":["infinitespire:Oblivion"]},{"damage_healed":0.0,"max_hp_gain":0.0,"max_hp_loss":0.0,"gold_gain":0.0,"event_name":"The Woman in Blue","player_choice":"Bought 0 Potions","floor":8.0,"gold_loss":0.0,"damage_taken":0.0},{"damage_healed":0.0,"max_hp_gain":0.0,"max_hp_loss":0.0,"gold_gain":0.0,"event_name":"Ghosts","player_choice":"Ignored","floor":19.0,"gold_loss":0.0,"damage_taken":0.0},{"damage_healed":0.0,"max_hp_gain":0.0,"max_hp_loss":0.0,"gold_gain":0.0,"event_name":"Designer","player_choice":"Upgraded Two","floor":20.0,"gold_loss":40.0,"damage_taken":0.0,"cards_upgraded":["Strike_G","Cloak And Dagger"]},{"damage_healed":0.0,"max_hp_gain":5.0,"max_hp_loss":0.0,"gold_gain":0.0,"event_name":"Forgotten Altar","player_choice":"Shed Blood","floor":22.0,"gold_loss":0.0,"damage_taken":19.0},{"damage_healed":0.0,"max_hp_gain":0.0,"max_hp_loss":0.0,"gold_gain":0.0,"event_name":"Tomb of Lord Red Mask","player_choice":"Ignored","floor":36.0,"gold_loss":0.0,"damage_taken":0.0},{"damage_healed":0.0,"max_hp_gain":0.0,"max_hp_loss":0.0,"gold_gain":100.0,"event_name":"Golden Shrine","player_choice":"Pray","floor":37.0,"gold_loss":0.0,"damage_taken":0.0},{"damage_healed":0.0,"max_hp_gain":0.0,"max_hp_loss":0.0,"gold_gain":100.0,"event_name":"Golden Shrine","player_choice":"Pray","floor":44.0,"gold_loss":0.0,"damage_taken":0.0}],"is_beta":false,"boss_relics":[{"not_picked":["Ring of the Serpent","Empty Cage"],"picked":"Busted Crown"},{"not_picked":["Runic Dome","HoveringKite"],"picked":"WristBlade"}],"items_purged_floors":[],"is_endless":false,"potions_floor_spawned":[5,7,16,21,28,38,39,42],"killed_by":"4 Shapes","ascension_level":6}}