{"host":"yrr8h8i6xyokjw1v","time":1613838269,"event":{"mods":["Act Like it!","Ascension Reborn","BaseMod","BetterRewards","Downfall","Hermit","Minty Spire (QoL Compilation)","READ ME - Guardian Mod","Replay The Spire","Ruina","StSLib","The Construct","The Cursed","The Disciple","The Marked","The Mystic","The Necromancer","The Problem Sleuth","The Runesmith","The Servant 0.9.4","TheFirefly"],"gold_per_floor":[369,369,140,170,194,237,237,267,267,292,292,318,79,79,79,183,183,214,174,203,21,46,46,99,132,132,167,9645,9645,9576,10157,10157,6870,6970,5811,5178,5216,4053,3786,4086,2322,2322,2375,2408,2408,2408,2408,1643,1643,867,867],"floor_reached":50,"language":"ENG","playtime":3113,"items_purged":["theSleuth:FrighteningBeast","TheCursedMod:Dregs"],"score":893,"play_id":"9810f623-c3b6-4d37-840b-c83eb05850b4","local_time":"20210220162429","is_ascension_mode":true,"campfire_choices":[{"floor":7,"key":"REST"},{"floor":11,"key":"REST"},{"floor":15,"key":"DIG"},{"floor":23,"key":"REST"},{"floor":29,"key":"REST"},{"floor":32,"key":"REST"},{"floor":42,"key":"RECALL"},{"data":"TheCursedMod:CollectTribute","floor":47,"key":"SMITH"},{"floor":49,"key":"DIG"}],"circlet_count":0,"master_deck":["TheCursedMod:Strike_TheCursed","TheCursedMod:Strike_TheCursed","TheCursedMod:Strike_TheCursed+1","TheCursedMod:Strike_TheCursed","TheCursedMod:Defend_TheCursed","TheCursedMod:Defend_TheCursed","TheCursedMod:Defend_TheCursed","TheCursedMod:Defend_TheCursed","TheCursedMod:CursedWand","TheCursedMod:CleanUpWorkshop","TheCursedMod:CircleOfFlame+1","TheCursedMod:HellsGateOpen","TheCursedMod:CircleOfFocus+1","TheCursedMod:ReleasedStrength","TheCursedMod:HellfireBreathing","TheCursedMod:PrepareRite","TheCursedMod:CollectTribute+1","TheCursedMod:SpitefulStrike","TheCursedMod:CircleOfFlame+1","TheCursedMod:SurpriseAttack","TheCursedMod:DemonSword","TheCursedMod:CircleOfBlood+1","TheCursedMod:CursedShiv","TheCursedMod:HellfireBreathing","TheCursedMod:RavingStaff","TheCursedMod:SurpriseAttack","TheCursedMod:CursedBlade","TheCursedMod:CircleOfCorruption+1","TheCursedMod:CursedAmulet+1","ReplayTheSpireMod:IOU","ReplayTheSpireMod:IOU","ReplayTheSpireMod:IOU","ReplayTheSpireMod:IOU","ReplayTheSpireMod:IOU","TheCursedMod:RapidMovement+1","TheCursedMod:HellsGateOpen+1","TheCursedMod:CursedSpellbook+1","TheCursedMod:CursedShiv+1","TheCursedMod:ManaBullet+1","Trip+1","Secret Weapon+1","ReplayTheSpireMod:IOU","ReplayTheSpireMod:IOU","ReplayTheSpireMod:IOU","ReplayTheSpireMod:IOU","ReplayTheSpireMod:IOU","ReplayTheSpireMod:IOU","ReplayTheSpireMod:IOU","ReplayTheSpireMod:IOU","ReplayTheSpireMod:IOU","ReplayTheSpireMod:IOU","ReplayTheSpireMod:IOU","ReplayTheSpireMod:IOU","ReplayTheSpireMod:IOU","ReplayTheSpireMod:IOU","ReplayTheSpireMod:IOU","ReplayTheSpireMod:IOU","ReplayTheSpireMod:IOU","ReplayTheSpireMod:IOU","TheCursedMod:SmokeScreen+1","TheCursedMod:PrepareRite+1","TheCursedMod:HellfireBreathing+1","TheCursedMod:CircleOfAmplification+1","TheCursedMod:SpitefulStrike+1","TheCursedMod:SoulCrush+1","Magnetism+1","ReplayTheSpireMod:IOU","ReplayTheSpireMod:IOU","ReplayTheSpireMod:IOU","ReplayTheSpireMod:IOU","ReplayTheSpireMod:IOU","ReplayTheSpireMod:IOU","ReplayTheSpireMod:IOU","TheCursedMod:OutForBlood+1","TheCursedMod:SurpriseAttack+1","ReplayTheSpireMod:Necrogeddon+1","TheCursedMod:Hemoplague+1","TheCursedMod:RapidMovement+1","TheCursedMod:WearCloak+1","ReplayTheSpireMod:IOU","TheCursedMod:CursedShiv+1","TheCursedMod:CircleOfCorruption+1","TheCursedMod:Stretching+1","TheCursedMod:UltimatePain+1","Writhe","TheCursedMod:CursedBlade"],"relics":["TheCursedMod:BlackMagic101","Replay:Bandana","Runesmith:Nanobots","Toxic Egg 2","Bag of Preparation","Bottled Lightning","ChewingGum","DollysMirror","Replay:Wax Seal","Golden Egg","Tiny Chest","Toy Ornithopter","OrangePellets","Bronze Scales","Toolbox","Vajra","Replay:Wanted Poster","TheCursedMod:CrystalBall","Eternal Feather","BargainBundle","Pear","Mirror"],"acts_visited":["Exordium","TheCity","TheBeyond"],"potions_floor_usage":[12,16,25,25,30,30,33,33,39,50,50],"damage_taken":[{"damage":0,"enemies":"Small Slimes","floor":1,"turns":4},{"damage":4,"enemies":"Cultist","floor":4,"turns":4},{"damage":0,"enemies":"2 Louse","floor":5,"turns":2},{"damage":34,"enemies":"Gremlin Nob","floor":6,"turns":5},{"damage":10,"enemies":"Red Slaver","floor":8,"turns":3},{"damage":16,"enemies":"Exordium Wildlife","floor":10,"turns":4},{"damage":30,"enemies":"Lots of Slimes","floor":12,"turns":4},{"damage":17,"enemies":"The Guardian","floor":16,"turns":7},{"damage":32,"enemies":"2 Thieves","floor":18,"turns":4},{"damage":11,"enemies":"Shell Parasite","floor":20,"turns":4},{"damage":13,"enemies":"Cultist and Chosen","floor":22,"turns":5},{"damage":52,"enemies":"Slavers","floor":24,"turns":4},{"damage":1,"enemies":"Chosen and Byrds","floor":25,"turns":3},{"damage":3,"enemies":"Centurion and Healer","floor":27,"turns":3},{"damage":35,"enemies":"Snake Plant","floor":30,"turns":3},{"damage":39,"enemies":"Pondfish","floor":33,"turns":10},{"damage":36,"enemies":"3 Shapes","floor":35,"turns":3},{"damage":0,"enemies":"Orb Walker","floor":37,"turns":1},{"damage":48,"enemies":"Spire Growth","floor":38,"turns":4},{"damage":0,"enemies":"4 Shapes","floor":39,"turns":2},{"damage":7,"enemies":"Transient","floor":41,"turns":5},{"damage":5,"enemies":"3 Darklings","floor":44,"turns":2},{"damage":0,"enemies":"Spire Growth","floor":48,"turns":3},{"damage":95,"enemies":"Donu and Deca","floor":50,"turns":6}],"seed_played":"-7416544820780885265","potions_obtained":[{"floor":6,"key":"champ:CounterPotion"},{"floor":8,"key":"Energy Potion"},{"floor":22,"key":"Venom Potion"},{"floor":24,"key":"champ:CounterPotion"},{"floor":33,"key":"Flashbang"},{"floor":44,"key":"Toxic Potion"}],"is_trial":false,"path_per_floor":["M","?","$","M","M","E","R","M","T","M","R","M","$","?","R","B",null,"M","?","M","$","M","R","E","M","T","M","$","R","M","$","R","B",null,"M","$","M","M","M","?","M","R","T","M","?","T","R","M","R","B"],"character_chosen":"THE_CURSED","items_purchased":["Replay:Bandana","TheCursedMod:HellsGateOpen","Bag of Preparation","TheCursedMod:CircleOfFlame+1","TheCursedMod:SurpriseAttack","DollysMirror","TheCursedMod:RavingStaff","Tiny Chest","Toy Ornithopter","OrangePellets","FearPotion","Elixir","TheCursedMod:RapidMovement+1","TheCursedMod:HellsGateOpen","TheCursedMod:CursedSpellbook+1","TheCursedMod:CursedShiv","TheCursedMod:ManaBullet","Trip+1","Secret Weapon+1","Bronze Scales","Toolbox","Vajra","TheCursedMod:PrepareRite+1","TheCursedMod:HellfireBreathing","TheCursedMod:CircleOfAmplification+1","TheCursedMod:SpitefulStrike","TheCursedMod:SoulCrush","Magnetism","Energy Potion","BlessingOfTheForge","TheCursedMod:CrystalBall","Eternal Feather","BargainBundle","LiquidMemories","ReplayTheSpireMod:Necrogeddon","TheCursedMod:Hemoplague","TheCursedMod:RapidMovement+1","TheCursedMod:WearCloak+1"],"campfire_rested":5,"item_purchase_floors":[3,3,13,13,13,21,21,28,28,28,28,28,28,28,28,28,28,28,28,31,31,31,31,31,31,31,31,31,31,31,36,36,36,36,36,36,36,36],"current_hp_per_floor":[75,75,75,71,71,37,59,49,49,33,55,25,25,25,25,8,75,43,43,36,36,39,61,13,24,24,25,25,47,26,26,48,27,75,39,39,59,11,16,16,13,70,70,65,75,85,85,85,85,0,0],"gold":867,"neow_bonus":"TWO_FIFTY_GOLD","is_daily":false,"chose_seed":false,"campfire_upgraded":1,"win_rate":0.0,"timestamp":1613838269,"path_taken":["M","?","?","M","M","E","R","M","T","?","R","?","$","?","R","BOSS","M","?","M","$","M","R","E","M","T","?","$","R","M","$","R","BOSS","M","$","M","M","M","?","?","R","T","M","?","?","R","?","R","BOSS"],"items_purchased_type":["Relic","Card","Relic","Card","Card","Relic","Card","Relic","Relic","Relic","Potion","Potion","Card","Card","Card","Card","Card","Card","Card","Relic","Relic","Relic","Card","Card","Card","Card","Card","Card","Potion","Potion","Relic","Relic","Relic","Potion","Card","Card","Card","Card"],"build_version":"2020-12-22","purchased_purges":2,"victory":false,"max_hp_per_floor":[75,75,75,75,75,75,75,75,75,75,75,75,75,75,75,75,75,75,75,75,75,75,75,75,75,75,75,75,75,75,75,75,75,75,75,75,75,75,75,75,75,75,75,75,75,85,85,85,85,85,85],"card_choices":[{"not_picked":["TheCursedMod:Obscuration","TheCursedMod:TacticalStrike"],"picked":"TheCursedMod:CircleOfFlame","floor":1},{"not_picked":["TheCursedMod:BloodBarrier","TheCursedMod:CursedBlade"],"picked":"TheCursedMod:CircleOfFocus","floor":4},{"not_picked":["TheCursedMod:Wield","TheCursedMod:RavingStaff"],"picked":"TheCursedMod:ReleasedStrength","floor":5},{"not_picked":["TheCursedMod:CursedShiv","TheCursedMod:Stretching"],"picked":"TheCursedMod:HellfireBreathing","floor":6},{"not_picked":["TheCursedMod:Stretching","TheCursedMod:FleshFromBone"],"picked":"TheCursedMod:PrepareRite","floor":8},{"not_picked":["TheCursedMod:Stigma","TheCursedMod:SpreadPlague+1"],"picked":"TheCursedMod:CollectTribute","floor":10},{"not_picked":["TheCursedMod:CursedStaff","TheCursedMod:AbyssShockwave"],"picked":"TheCursedMod:SpitefulStrike","floor":12},{"not_picked":["TheCursedMod:VoidForm","TheCursedMod:DarkBarrier+1"],"picked":"TheCursedMod:DemonSword","floor":16},{"not_picked":["TheCursedMod:CursedAmulet+1","TheCursedMod:Stigma+1"],"picked":"TheCursedMod:CircleOfBlood+1","floor":18},{"not_picked":["TheCursedMod:FleshFromBone+1","TheCursedMod:TroublousMinions+1"],"picked":"TheCursedMod:CursedShiv","floor":20},{"not_picked":["TheCursedMod:VitalStrike","TheCursedMod:RapidMovement+1"],"picked":"TheCursedMod:SurpriseAttack","floor":22},{"not_picked":["TheCursedMod:Stretching+1","TheCursedMod:ManaBullet"],"picked":"TheCursedMod:CursedBlade","floor":24},{"not_picked":["TheCursedMod:Evocation+1","TheCursedMod:CursedStaff"],"picked":"TheCursedMod:CircleOfCorruption+1","floor":25},{"not_picked":["TheCursedMod:CircleOfBlood+1","TheCursedMod:AbyssShockwave+1"],"picked":"TheCursedMod:CursedAmulet+1","floor":27},{"not_picked":["TheCursedMod:WearCloak+1","TheCursedMod:FleshFromBone+1"],"picked":"TheCursedMod:SmokeScreen+1","floor":30},{"not_picked":["TheCursedMod:StunningStrike","TheCursedMod:ForbiddenAlchemy+1"],"picked":"TheCursedMod:OutForBlood","floor":33},{"not_picked":["TheCursedMod:CursedShiv+1","TheCursedMod:PrepareRite+1"],"picked":"TheCursedMod:SurpriseAttack+1","floor":35},{"not_picked":["TheCursedMod:FuryStrike+1","TheCursedMod:Mangle"],"picked":"TheCursedMod:CursedShiv+1","floor":37},{"not_picked":["TheCursedMod:CursedShiv+1","TheCursedMod:SmokeScreen+1","TheCursedMod:Torture+1"],"picked":"SKIP","floor":38},{"not_picked":["TheCursedMod:SpitefulPray+1","TheCursedMod:FleshFromBone+1"],"picked":"TheCursedMod:CircleOfCorruption+1","floor":39},{"not_picked":["TheCursedMod:VitalStrike+1","TheCursedMod:Torture+1"],"picked":"TheCursedMod:Stretching+1","floor":41},{"not_picked":["TheCursedMod:FuryStrike","TheCursedMod:CircleOfFlame+1"],"picked":"TheCursedMod:UltimatePain+1","floor":44},{"not_picked":["TheCursedMod:SoulReap+1","TheCursedMod:FuryStrike+1"],"picked":"TheCursedMod:CursedBlade","floor":48}],"player_experience":123851,"relics_obtained":[{"floor":6,"key":"Runesmith:Nanobots"},{"floor":9,"key":"Toxic Egg 2"},{"floor":15,"key":"Bottled Lightning"},{"floor":24,"key":"Replay:Wax Seal"},{"floor":26,"key":"Golden Egg"},{"floor":46,"key":"Pear"},{"floor":49,"key":"Mirror"}],"event_choices":[{"damage_healed":0,"gold_gain":0,"player_choice":"Upgraded","damage_taken":0,"max_hp_gain":0,"max_hp_loss":0,"event_name":"Upgrade Shrine","floor":2,"gold_loss":0,"cards_upgraded":["TheCursedMod:CircleOfFlame"]},{"damage_healed":0,"gold_gain":0,"player_choice":"Ignored","damage_taken":0,"max_hp_gain":0,"max_hp_loss":0,"event_name":"Shining Light","floor":14,"gold_loss":0},{"damage_healed":0,"gold_gain":0,"player_choice":"Upgraded Two","damage_taken":0,"max_hp_gain":0,"max_hp_loss":0,"event_name":"Designer","floor":19,"gold_loss":40,"cards_upgraded":["TheCursedMod:CircleOfFocus","TheCursedMod:Strike_TheCursed"]},{"damage_healed":0,"gold_gain":300,"player_choice":"Gold","damage_taken":0,"max_hp_gain":0,"max_hp_loss":0,"event_name":"Wheel of Change","floor":40,"gold_loss":0},{"damage_healed":19,"gold_gain":0,"player_choice":"Writhe","damage_taken":0,"max_hp_gain":0,"max_hp_loss":0,"event_name":"Winding Halls","floor":45,"gold_loss":0,"cards_obtained":["Writhe"]}],"is_beta":false,"boss_relics":[{"not_picked":["Replay:Drink Me","Runic Pyramid"],"picked":"ChewingGum"},{"not_picked":["Snecko Eye","Ring of Chaos"],"picked":"Replay:Wanted Poster"}],"items_purged_floors":[31,36],"is_endless":false,"potions_floor_spawned":[6,8,10,22,24,33,37,38,44],"killed_by":"Donu and Deca","ascension_level":0}}