{"host":"yx5rao87132cy5xq","time":1613833880,"event":{"mods":["2.2 Compatiblity","AchievementEnabler","BaseMod","Bestiary","Colored Map","Colored Powertips","Minty Spire (QoL Compilation)","Quick Restart","Relic Stats","Slay-I","SuperFastMode"],"gold_per_floor":[119,119,132,151,151,151,151],"floor_reached":6,"language":"ENG","playtime":696,"items_purged":[],"score":70,"play_id":"99e42a04-5c4c-4316-adbf-62a4f9978309","local_time":"20210220161120","is_ascension_mode":true,"campfire_choices":[],"circlet_count":0,"master_deck":["AscendersBane","Strike_R","Strike_R","Strike_R","Strike_R","Strike_R","Defend_R","Defend_R","Defend_R","Defend_R","Bash","Cleave","Bloodletting","Double Tap"],"relics":["Burning Blood","InkBottle","Bag of Marbles"],"acts_visited":["Exordium"],"potions_floor_usage":[6],"damage_taken":[{"damage":7,"enemies":"Cultist","floor":1,"turns":4},{"damage":3,"enemies":"Small Slimes","floor":3,"turns":4},{"damage":12,"enemies":"Jaw Worm","floor":4,"turns":3},{"damage":55,"enemies":"Lagavulin","floor":6,"turns":9}],"seed_played":"-6856357204043906752","potions_obtained":[{"floor":1,"key":"Weak Potion"}],"is_trial":false,"path_per_floor":["M","T","M","M","?","E"],"character_chosen":"IRONCLAD","items_purchased":[],"campfire_rested":0,"item_purchase_floors":[],"current_hp_per_floor":[74,74,77,71,53,0,0],"gold":151,"neow_bonus":"TEN_PERCENT_HP_BONUS","is_daily":false,"chose_seed":false,"campfire_upgraded":0,"win_rate":0.0,"timestamp":1613833880,"path_taken":["M","?","M","M","?","E"],"items_purchased_type":[],"build_version":"2020-12-22","purchased_purges":0,"victory":false,"max_hp_per_floor":[82,82,82,82,82,82,82],"relic_stats":{"counters":[4,20],"obtain_stats":[{"Bag of Marbles":5,"Burning Blood":0,"InkBottle":2},{"Bag of Marbles":3,"Burning Blood":0,"InkBottle":1},{"Bag of Marbles":11,"Burning Blood":0,"InkBottle":4}],"Burning Blood":18,"InkBottle":[3]},"card_choices":[{"not_picked":["Warcry","Shrug It Off"],"picked":"Cleave","floor":1},{"not_picked":["Body Slam","Second Wind"],"picked":"Bloodletting","floor":3},{"not_picked":["Perfected Strike","Rupture"],"picked":"Double Tap","floor":4}],"player_experience":1069120,"relics_obtained":[{"floor":2,"key":"InkBottle"}],"event_choices":[{"damage_healed":0,"gold_gain":0,"player_choice":"Success","damage_taken":18,"relics_obtained":["Bag of Marbles"],"max_hp_gain":0,"max_hp_loss":0,"event_name":"Scrap Ooze","floor":5,"gold_loss":0}],"is_beta":false,"boss_relics":[],"items_purged_floors":[],"is_endless":false,"potions_floor_spawned":[1],"killed_by":"Lagavulin","ascension_level":19}}