{"host":"rw1trt79hfpl7pom","time":1613793316,"event":{"mods":["BaseMod","Bestiary","Colored Map","Jorbs\u0027s Wanderer Trilogy","Minty Spire (QoL Compilation)","Relic Stats","StSLib","SuperFastMode"],"gold_per_floor":[116,116,86,98,114,140,140,140,164,191,203,203,238,253,253,327,327,339,57,73,73,73,73,93,93,93,123,23,53,53,88,97,180,180,197,254,254,268,268,277,301,336,412,421,461,461,489,533,533,533,533,533,533,2,45,45],"floor_reached":57,"language":"ENG","playtime":4926,"items_purged":["Strike_R","Strike_R"],"score":2978,"play_id":"688b5335-55bc-4074-bfec-d0a970d476e7","local_time":"20210219195516","is_ascension_mode":true,"campfire_choices":[{"data":"Perfected Strike","floor":7.0,"key":"SMITH"},{"floor":12.0,"key":"REST"},{"data":"Uppercut","floor":15.0,"key":"SMITH"},{"floor":23.0,"key":"REST"},{"data":"Double Tap","floor":25.0,"key":"SMITH"},{"data":"Dual Wield","floor":30.0,"key":"SMITH"},{"floor":32.0,"key":"REST"},{"floor":40.0,"key":"REST"},{"floor":44.0,"key":"REST"},{"floor":46.0,"key":"RECALL"},{"data":"Rupture","floor":49.0,"key":"SMITH"},{"data":"Brutality","floor":53,"key":"SMITH"}],"circlet_count":0,"master_deck":["AscendersBane","Strike_R+1","Strike_R+1","Defend_R","Defend_R+1","Defend_R","Defend_R+1","Bash","Battle Trance","Perfected Strike+1","Double Tap+1","Dropkick","Blood for Blood","Uppercut+1","Perfected Strike","Reaper","Burning Pact","Disarm","Reaper","Dual Wield+1","Brutality+1","Shrug It Off","Headbutt","Fiend Fire","Headbutt","Seeing Red","Headbutt","Rupture+1","Spot Weakness+1","Offering","Havoc","Rage","Corruption","Feel No Pain","Rupture","Dual Wield","Feel No Pain","Feel No Pain"],"relics":["SlaversCollar","Whetstone","Omamori","Boot","Pear","Philosopher\u0027s Stone","Nilry\u0027s Codex","White Beast Statue","Dream Catcher","Blue Candle","CeramicFish","Runic Pyramid","Incense Burner","WarpedTongs","War Paint","Singing Bowl","Gremlin Horn","Orrery","Turnip","Mummified Hand"],"acts_visited":["Exordium","TheCity","TheBeyond","TheEnding"],"potions_floor_usage":[55,56,56],"damage_taken":[{"damage":9.0,"enemies":"Small Slimes","floor":1.0,"turns":5.0},{"damage":12.0,"enemies":"2 Louse","floor":4.0,"turns":3.0},{"damage":1.0,"enemies":"Cultist","floor":5.0,"turns":3.0},{"damage":10.0,"enemies":"3 Sentries","floor":6.0,"turns":7.0},{"damage":0.0,"enemies":"Lagavulin","floor":10.0,"turns":4.0},{"damage":6.0,"enemies":"Blue Slaver","floor":11.0,"turns":3.0},{"damage":0.0,"enemies":"Gremlin Nob","floor":13.0,"turns":2.0},{"damage":25.0,"enemies":"Gremlin Gang","floor":14.0,"turns":5.0},{"damage":18.0,"enemies":"The Guardian","floor":16.0,"turns":8.0},{"damage":7.0,"enemies":"Spheric Guardian","floor":18.0,"turns":3.0},{"damage":43.0,"enemies":"3 Byrds","floor":20.0,"turns":4.0},{"damage":28.0,"enemies":"Centurion and Healer","floor":24.0,"turns":10.0},{"damage":33.0,"enemies":"Book of Stabbing","floor":27.0,"turns":3.0},{"damage":65.0,"enemies":"Slavers","floor":29.0,"turns":4.0},{"damage":33.0,"enemies":"Book of Stabbing","floor":31.0,"turns":3.0},{"damage":78.0,"enemies":"Champ","floor":33.0,"turns":13.0},{"damage":32.0,"enemies":"Orb Walker","floor":35.0,"turns":4.0},{"damage":49.0,"enemies":"2 Orb Walkers","floor":36.0,"turns":4.0},{"damage":54.0,"enemies":"3 Shapes","floor":38.0,"turns":7.0},{"damage":18.0,"enemies":"Transient","floor":41.0,"turns":6.0},{"damage":59.0,"enemies":"Nemesis","floor":42.0,"turns":7.0},{"damage":54.0,"enemies":"Giant Head","floor":45.0,"turns":6.0},{"damage":45.0,"enemies":"3 Darklings","floor":47.0,"turns":6.0},{"damage":21.0,"enemies":"Reptomancer","floor":48.0,"turns":2.0},{"damage":88.0,"enemies":"Awakened One","floor":50.0,"turns":9.0},{"damage":67,"enemies":"Donu and Deca","floor":51,"turns":6},{"damage":203,"enemies":"Shield and Spear","floor":55,"turns":8},{"damage":125,"enemies":"The Heart","floor":56,"turns":11}],"seed_played":"8587889055041731207","potions_obtained":[{"floor":3.0,"key":"DuplicationPotion"},{"floor":3.0,"key":"SpeedPotion"},{"floor":4.0,"key":"Block Potion"},{"floor":10.0,"key":"SteroidPotion"},{"floor":14.0,"key":"Explosive Potion"},{"floor":20.0,"key":"SpeedPotion"},{"floor":29.0,"key":"DuplicationPotion"},{"floor":31.0,"key":"LiquidMemories"},{"floor":35.0,"key":"Fruit Juice"},{"floor":36.0,"key":"SteroidPotion"},{"floor":38.0,"key":"DuplicationPotion"},{"floor":45.0,"key":"BloodPotion"},{"floor":48.0,"key":"LiquidBronze"},{"floor":55,"key":"Fruit Juice"}],"is_trial":false,"path_per_floor":["M","?","?","M","M","E","R","?","T","E","M","R","E","M","R","B",null,"M","$","M","$","?","R","M","R","T","E","$","E","R","E","R","B",null,"M","?","?","M","?","R","M","E","T","R","E","R","M","E","R","B","B",null,"R","$","E","B",null],"character_chosen":"IRONCLAD","items_purchased":["Disarm","Reaper","Orrery","Feel No Pain","Turnip"],"campfire_rested":5,"item_purchase_floors":[19,19,54,54,54],"current_hp_per_floor":[59,59,59,47,46,36,36,36,36,36,30,52,62,37,37,19,69,62,62,54,54,33,58,60,60,60,27,27,37,37,14,39,85,85,69,44,44,36,36,63,66,39,39,66,40,40,90,87,87,61,89,90,90,92,47,94],"gold":45,"neow_bonus":"BOSS_RELIC","is_daily":false,"chose_seed":false,"campfire_upgraded":6,"win_rate":0.0,"timestamp":1613793316,"path_taken":["M","?","?","M","?","E","R","?","T","E","?","R","E","M","R","BOSS","BOSS","M","$","M","?","?","R","M","R","T","E","$","E","R","E","R","BOSS","M","?","?","M","?","R","?","E","T","R","E","R","M","E","R","BOSS","BOSS","R","$","E","BOSS"],"items_purchased_type":["Card","Card","Relic","Card","Relic"],"build_version":"2020-12-22","purchased_purges":2,"victory":true,"max_hp_per_floor":[75,75,75,75,75,75,75,75,75,75,75,75,85,85,85,85,85,85,85,85,85,85,85,85,85,85,85,85,85,85,85,85,85,85,85,85,85,90,90,90,90,90,90,90,90,90,90,90,90,90,90,90,90,92,92,97],"relic_stats":{"Singing Bowl":2,"Gremlin Horn":[5,5],"counters":[29,157],"Blue Candle":[0],"CeramicFish":144,"Whetstone":["Strike_R","Strike_R"],"War Paint":["Defend_R","Defend_R"],"Boot":[92],"WarpedTongs":[61],"Dream Catcher":3,"Mummified Hand":[14],"Turnip":[2],"obtain_stats":[{"Pear":13,"Singing Bowl":45,"Gremlin Horn":48,"Nilry\u0027s Codex":22,"Blue Candle":29,"CeramicFish":31,"Omamori":9,"Incense Burner":36,"Whetstone":6,"War Paint":42,"Boot":10,"Burning Blood":0,"White Beast Statue":26,"WarpedTongs":39,"SlaversCollar":0,"Dream Catcher":27,"Mummified Hand":55,"Orrery":54,"Philosopher\u0027s Stone":17,"Turnip":54,"Runic Pyramid":34},{"Pear":7,"Singing Bowl":23,"Gremlin Horn":25,"Nilry\u0027s Codex":11,"Blue Candle":14,"CeramicFish":15,"Omamori":4,"Incense Burner":18,"Whetstone":4,"War Paint":22,"Boot":5,"Burning Blood":0,"White Beast Statue":12,"WarpedTongs":19,"SlaversCollar":0,"Dream Catcher":13,"Mummified Hand":28,"Orrery":27,"Philosopher\u0027s Stone":9,"Turnip":27,"Runic Pyramid":16},{"Pear":27,"Singing Bowl":115,"Gremlin Horn":123,"Nilry\u0027s Codex":47,"Blue Candle":64,"CeramicFish":67,"Omamori":18,"Incense Burner":88,"Whetstone":18,"War Paint":109,"Boot":22,"Burning Blood":0,"White Beast Statue":57,"WarpedTongs":95,"SlaversCollar":0,"Dream Catcher":60,"Mummified Hand":146,"Orrery":138,"Philosopher\u0027s Stone":40,"Turnip":138,"Runic Pyramid":80}]},"card_choices":[{"not_picked":["Armaments","Perfected Strike"],"picked":"Battle Trance","floor":1.0},{"not_picked":["Bloodletting","Twin Strike"],"picked":"Perfected Strike","floor":4.0},{"not_picked":["Rage","Wild Strike"],"picked":"Headbutt","floor":5.0},{"not_picked":["True Grit","Cleave"],"picked":"Double Tap","floor":6.0},{"not_picked":["Clothesline","Battle Trance"],"picked":"Dropkick","floor":10.0},{"not_picked":["Whirlwind","Pommel Strike"],"picked":"Blood for Blood","floor":11.0},{"not_picked":["Twin Strike","Berserk"],"picked":"Uppercut","floor":13.0},{"not_picked":["Clash","Heavy Blade"],"picked":"Perfected Strike","floor":14.0},{"not_picked":["Feed","Limit Break"],"picked":"Reaper","floor":16.0},{"not_picked":["Headbutt","Cleave"],"picked":"Burning Pact","floor":18.0},{"not_picked":["Clothesline+1","Body Slam"],"picked":"Dual Wield","floor":20.0},{"not_picked":["Sword Boomerang","Anger","Twin Strike"],"picked":"SKIP","floor":24.0},{"not_picked":["Inflame","Uppercut+1"],"picked":"Brutality","floor":27.0},{"not_picked":["Sword Boomerang","Iron Wave"],"picked":"Shrug It Off","floor":29.0},{"not_picked":["Wild Strike","Whirlwind","Thunderclap"],"picked":"SKIP","floor":31.0},{"not_picked":["Flex+1","Iron Wave"],"picked":"Headbutt","floor":32.0},{"not_picked":["Double Tap","Barricade"],"picked":"Fiend Fire","floor":33.0},{"not_picked":["Havoc","Sword Boomerang","Clash"],"picked":"SKIP","floor":35.0},{"not_picked":["Barricade","Twin Strike+1"],"picked":"Headbutt","floor":36.0},{"not_picked":["Pommel Strike","Evolve","Clash"],"picked":"SKIP","floor":38.0},{"not_picked":["Heavy Blade","Whirlwind"],"picked":"Seeing Red","floor":40.0},{"not_picked":["Combust","Entrench"],"picked":"Headbutt","floor":41.0},{"not_picked":["Double Tap","Armaments"],"picked":"Rupture","floor":42.0},{"not_picked":["Heavy Blade","Pommel Strike"],"picked":"Spot Weakness+1","floor":44.0},{"not_picked":["Body Slam","Thunderclap"],"picked":"Offering","floor":45.0},{"not_picked":["Clash","Rage"],"picked":"Havoc","floor":47.0},{"not_picked":["Twin Strike","True Grit"],"picked":"Rage","floor":48.0},{"not_picked":["Sentinel","Intimidate","Armaments"],"picked":"Singing Bowl","floor":54},{"not_picked":["Heavy Blade","Intimidate+1"],"picked":"Corruption","floor":54},{"not_picked":["True Grit","Thunderclap"],"picked":"Feel No Pain","floor":54},{"not_picked":["Perfected Strike+1","Sword Boomerang+1"],"picked":"Rupture","floor":54},{"not_picked":["Anger","Clash"],"picked":"Dual Wield","floor":54},{"not_picked":["Twin Strike","Spot Weakness"],"picked":"Feel No Pain","floor":55}],"player_experience":2810396,"relics_obtained":[{"floor":6.0,"key":"Whetstone"},{"floor":9.0,"key":"Omamori"},{"floor":10.0,"key":"Boot"},{"floor":13.0,"key":"Pear"},{"floor":22.0,"key":"Nilry\u0027s Codex"},{"floor":26.0,"key":"White Beast Statue"},{"floor":27.0,"key":"Dream Catcher"},{"floor":29.0,"key":"Blue Candle"},{"floor":31.0,"key":"CeramicFish"},{"floor":36.0,"key":"Incense Burner"},{"floor":42.0,"key":"War Paint"},{"floor":45.0,"key":"Singing Bowl"},{"floor":48.0,"key":"Gremlin Horn"},{"floor":55,"key":"Mummified Hand"}],"event_choices":[{"damage_healed":0.0,"max_hp_gain":0.0,"max_hp_loss":0.0,"gold_gain":0.0,"event_name":"Liars Game","player_choice":"Ignored","floor":2.0,"gold_loss":0.0,"damage_taken":0.0},{"damage_healed":0.0,"max_hp_gain":0.0,"max_hp_loss":0.0,"gold_gain":0.0,"event_name":"The Woman in Blue","player_choice":"Bought 2 Potions","floor":3.0,"gold_loss":0.0,"damage_taken":0.0},{"cards_removed":["Strike_R"],"damage_healed":0.0,"max_hp_gain":0.0,"max_hp_loss":0.0,"gold_gain":0.0,"event_name":"Purifier","player_choice":"Purged","floor":8.0,"gold_loss":0.0,"damage_taken":0.0},{"damage_healed":0.0,"max_hp_gain":0.0,"max_hp_loss":0.0,"gold_gain":0.0,"event_name":"Cursed Tome","player_choice":"Obtained Book","floor":22.0,"gold_loss":0.0,"damage_taken":21.0},{"damage_healed":0.0,"max_hp_gain":0.0,"max_hp_loss":0.0,"gold_gain":0.0,"event_name":"Mysterious Sphere","player_choice":"Fight","floor":36.0,"gold_loss":0.0,"damage_taken":0.0},{"cards_removed":["Headbutt"],"damage_healed":0.0,"max_hp_gain":0.0,"max_hp_loss":0.0,"gold_gain":0.0,"event_name":"Falling","player_choice":"Removed Attack","floor":37.0,"gold_loss":0.0,"damage_taken":0.0},{"damage_healed":0.0,"max_hp_gain":0.0,"max_hp_loss":0.0,"gold_gain":0.0,"event_name":"Accursed Blacksmith","player_choice":"Rummage","floor":39.0,"gold_loss":0.0,"damage_taken":0.0,"relics_obtained":["WarpedTongs"],"cards_obtained":["Pain"]}],"is_beta":false,"boss_relics":[{"not_picked":["Empty Cage","SacredBark"],"picked":"Philosopher\u0027s Stone"},{"not_picked":["Busted Crown","Tiny House"],"picked":"Runic Pyramid"}],"items_purged_floors":[19,28],"is_endless":false,"potions_floor_spawned":[4,5,10,14,18,20,27,29,31,33,35,36,38,41,42,45,47,48,55],"ascension_level":20}}