{"host":"tcdxiwht2vajk3tk","time":1613862486,"event":{"mods":["AchievementEnabler","BaseMod","Beaked The Cultist","Colored Powertips","Conspire","Defuse TimeMaze Blight","Downfall","Halation","Hermit","Hubris","Infinite Spire","Lobotomy","LobotomyExtend","Minty Spire (QoL Compilation)","Replay The Spire","Shop Mod","StSLib","The Cursed","The Disciple"],"gold_per_floor":[118,118,118,118,134,169,187,214,239,254,254,284,284,302,302,398,398,410,428,428,428,205,220,234,269,319,319,319,319,319],"floor_reached":29,"language":"ENG","playtime":1704,"items_purged":[],"score":316,"play_id":"36abd6b6-71af-4d1f-aee2-5fa146f68182","local_time":"20210220180806","is_ascension_mode":true,"campfire_choices":[{"data":"infinitespire:OneForAll","floor":11,"key":"SMITH"},{"floor":15,"key":"REST"},{"floor":28,"key":"REST"}],"circlet_count":0,"master_deck":["infinitespire:OneForAll+1","Strike_R","Strike_R","Strike_R","Strike_R","Strike_R","Defend_R","Defend_R+1","Defend_R","Defend_R","Heavy Blade","Survivor","Neutralize","Abandon","Demon Form","Flex","Bash","Body Slam","Sword Boomerang","Run Through","ReplayTheSpireMod:Limb From Limb","Thunderclap","Cleave","ReplayTheSpireMod:Stacked","Hemogenesis","Perfected Strike","Shrug It Off","Inflame","Inflame","Sword Boomerang+1","Impervious","Evolve+1"],"relics":["Burning Blood","LetterFromLob","Sundial","hubris:TinFlute","ReplayTheSpireMod:Lightbulb","Darkstone Periapt","SacredBark","ReplayTheSpireMod:Ring of Addiction","hubris:EmptyBottle","White Beast Statue","MerchantsRug","halation:Trompette","ReplayFunnel","Pet Ghost"],"acts_visited":["Exordium","TheCity"],"potions_floor_usage":[12,23,23,23,23,24,24,25,25,25,25,29,29],"damage_taken":[{"damage":4.0,"enemies":"2 Louse","floor":1.0,"turns":3.0},{"damage":9.0,"enemies":"Jaw Worm","floor":5.0,"turns":2.0},{"damage":28.0,"enemies":"Gremlin Nob","floor":6.0,"turns":4.0},{"damage":0.0,"enemies":"Cultist","floor":7.0,"turns":3.0},{"damage":2.0,"enemies":"Lagavulin","floor":8.0,"turns":4.0},{"damage":0,"enemies":"Large Slime","floor":10,"turns":4},{"damage":25,"enemies":"3 Sentries","floor":12,"turns":6},{"damage":25,"enemies":"Exordium Wildlife","floor":14,"turns":4},{"damage":36,"enemies":"Slime Boss","floor":16,"turns":9},{"damage":14,"enemies":"Chosen","floor":18,"turns":4},{"damage":67,"enemies":"3 Byrds","floor":19,"turns":8},{"damage":0,"enemies":"Sentry and Sphere","floor":23,"turns":4},{"damage":20,"enemies":"Cultist and Chosen","floor":24,"turns":5},{"damage":25,"enemies":"Gremlin Leader","floor":25,"turns":8},{"damage":39,"enemies":"Centurion and Healer","floor":29,"turns":4}],"seed_played":"4719643517396581378","potions_obtained":[{"floor":1.0,"key":"Strength Potion"},{"floor":5.0,"key":"DistilledChaos"},{"floor":10,"key":"ColorlessPotion"},{"floor":14,"key":"Elixir"},{"floor":20,"key":"Block Potion"},{"floor":20,"key":"Milkshake"},{"floor":20,"key":"SkillPotion"},{"floor":23,"key":"sneckomod:MuddlingPotion"},{"floor":24,"key":"LiquidMemories"},{"floor":25,"key":"SkillPotion"}],"is_trial":false,"path_per_floor":["M","$","?","?","M","E","M","E","T","M","R","E","?","M","R","B",null,"M","M","?","?","$","M","M","E","T","?","R","M"],"character_chosen":"IRONCLAD","items_purchased":["Inflame","MerchantsRug","Energy Potion"],"campfire_rested":2,"item_purchase_floors":[22,22,22],"current_hp_per_floor":[85,85,85,85,82,60,66,70,70,76,76,57,57,38,63,33,85,77,21,21,24,24,30,21,7,7,7,33,0,0],"gold":319,"neow_bonus":"RANDOM_EVENT","is_daily":false,"chose_seed":false,"campfire_upgraded":1,"win_rate":0.0,"timestamp":1613862486,"path_taken":["M","$","?","?","M","E","M","E","T","?","R","E","?","M","R","BOSS","M","M","?","?","?","M","?","E","T","?","R","M"],"items_purchased_type":["Card","Relic","Potion"],"build_version":"2020-12-22","purchased_purges":0,"victory":false,"max_hp_per_floor":[85,85,85,85,85,85,85,85,85,85,85,85,85,85,85,85,85,85,85,85,88,88,88,88,88,88,88,88,86,86],"card_choices":[{"not_picked":["Run Through","Armaments"],"picked":"Heavy Blade","floor":1.0},{"not_picked":["Twin Strike","Heavy Blade"],"picked":"Body Slam","floor":5.0},{"not_picked":["Replay:Undeath\u0027s Touch","Havoc"],"picked":"Sword Boomerang","floor":6.0},{"not_picked":["Heavy Blade","Twin Strike"],"picked":"Run Through","floor":7.0},{"not_picked":["Immolate","Armaments"],"picked":"ReplayTheSpireMod:Limb From Limb","floor":8.0},{"not_picked":["Havoc","Heavy Blade"],"picked":"Thunderclap","floor":10},{"not_picked":["True Grit","Carnage"],"picked":"Cleave","floor":12},{"not_picked":["Flame Barrier","Clothesline"],"picked":"ReplayTheSpireMod:Stacked","floor":14},{"not_picked":["Exhume","Bludgeon"],"picked":"Hemogenesis","floor":16},{"not_picked":["Bloodletting","Sword Boomerang"],"picked":"Perfected Strike","floor":18},{"not_picked":["Combust","True Grit+1"],"picked":"Shrug It Off","floor":19},{"not_picked":["Body Slam","Havoc"],"picked":"Sword Boomerang+1","floor":23},{"not_picked":["Flex+1","Dual Wield"],"picked":"Impervious","floor":24},{"not_picked":["ReplayTheSpireMod:Corrosion Curse","Havoc"],"picked":"Evolve+1","floor":25}],"player_experience":1827118,"relics_obtained":[{"floor":1.0,"key":"LetterFromLob"},{"floor":6.0,"key":"Sundial"},{"floor":8.0,"key":"hubris:TinFlute"},{"floor":9.0,"key":"ReplayTheSpireMod:Lightbulb"},{"floor":12,"key":"Darkstone Periapt"},{"floor":20,"key":"ReplayTheSpireMod:Ring of Addiction"},{"floor":20,"key":"hubris:EmptyBottle"},{"floor":20,"key":"White Beast Statue"},{"floor":25,"key":"halation:Trompette"},{"floor":26,"key":"ReplayFunnel"}],"event_choices":[{"damage_healed":0.0,"max_hp_gain":5.0,"max_hp_loss":0.0,"gold_gain":0.0,"event_name":"Big Fish","player_choice":"Donut","floor":0.0,"gold_loss":0.0,"damage_taken":0.0},{"damage_healed":0.0,"max_hp_gain":0.0,"max_hp_loss":0.0,"gold_gain":0.0,"event_name":"Match and Keep!","player_choice":"4 cards matched","floor":4.0,"gold_loss":0.0,"damage_taken":0.0,"cards_obtained":["Abandon","Demon Form","Flex","Bash"]},{"damage_healed":0.0,"max_hp_gain":0.0,"max_hp_loss":0.0,"gold_gain":0.0,"event_name":"Match and Keep!","player_choice":"4 cards matched","floor":4.0,"gold_loss":0.0,"damage_taken":0.0,"cards_obtained":["Abandon","Demon Form","Flex","Bash"]},{"damage_healed":0,"gold_gain":0,"player_choice":"Opened","damage_taken":0,"relics_obtained":["Pet Ghost"],"max_hp_gain":0,"max_hp_loss":0,"event_name":"The Mausoleum","floor":27,"gold_loss":0}],"is_beta":false,"boss_relics":[{"not_picked":["conspire:SeveredTorchhead","Replay:Wanted Poster"],"picked":"SacredBark"}],"items_purged_floors":[],"is_endless":false,"potions_floor_spawned":[1,5,10,14,23,24,25],"killed_by":"Centurion and Healer","ascension_level":4}}