{"host":"309cd6jyiw3t7f6r","time":1613793577,"event":{"mods":["100% Spire Juice","ATMod(ªü½@Mod)","Act Like it!","Arknights","BaseMod","CapriCore","Downfall","Gensokyo","Koishi","KomeijiMod","Marisa¡]Ãú«B¡@Å]²z¨F¡^","Minty Spire (QoL Compilation)","Prisma Mod","READ ME - Guardian Mod","Remilia¡]Á¢¦Ì²ú?¡^","RumiaBox-ÅS¦Ì?ªº¯«¯µ²°¤l","StSLib","The Administrix","The Immortal","The Marked","Youmu¡]»î¾z§¯?¡^","noobMod","¡i¨¤¦âmod¡j¤Q¤K®ä¤H","?¯d¤§ª«"],"gold_per_floor":[117,117,47,60,71,71,90,90,90,107,107,107,119,132,12,108,108,121,1,1,251,26,52,52,63,63,63,89,89,109,109,109,213,93,93,93,103,103,114,114,133,133,133,133,43,58,58,72,72,72],"floor_reached":51,"language":"ZHS","playtime":2435,"items_purged":[],"score":779,"play_id":"9d693b07-5ce0-4d24-93e7-123694972dda","local_time":"20210220115937","is_ascension_mode":false,"campfire_choices":[{"data":"Moonworks:SakisCookie","floor":6.0,"key":"SMITH"},{"data":"Moonworks:EvilSpyWorkPreparation","floor":8.0,"key":"SMITH"},{"data":"Moonworks:Encore","floor":11.0,"key":"SMITH"},{"data":"Moonworks:LuckyCharm","floor":15.0,"key":"SMITH"},{"data":"Moonworks:LeapThroughSpace","floor":24,"key":"SMITH"},{"data":"Moonworks:Gamble","floor":27,"key":"SMITH"},{"data":"Moonworks:Accelerator","floor":29,"key":"SMITH"},{"floor":32,"key":"REST"},{"data":"Moonworks:SubspaceTunnel","floor":36,"key":"SMITH"},{"data":"Moonworks:EvilSpyWorkPreparation","floor":40,"key":"SMITH"},{"data":"Moonworks:IndiscriminateFireSupport","floor":42,"key":"SMITH"},{"data":"Moonworks:CloudOfSeagulls","floor":47,"key":"SMITH"},{"data":"Moonworks:JonathanRush","floor":49,"key":"SMITH"}],"circlet_count":0,"master_deck":["Moonworks:Strike","Moonworks:Strike","Moonworks:Strike+1","Moonworks:Strike+1","Moonworks:Defend","Moonworks:Defend","Moonworks:Defend","Moonworks:Defend","Moonworks:Ambush","Moonworks:LongDistanceShot","AT_FamilyPortrait+1","Moonworks:ImOnFire","Moonworks:SakisCookie+1","Moonworks:EvilSpyWorkPreparation+1","Moonworks:Encore+1","Moonworks:LuckyCharm+1","Moonworks:Gamble+1","Moonworks:JonathanRush","Moonworks:JonathanRush+1","Moonworks:LeapThroughSpace+1","Moonworks:Accelerator+1","Moonworks:CloudOfSeagulls+1","Moonworks:SubspaceTunnel+1","Moonworks:EvilSpyWorkPreparation+1","Gensokyo:MedicineKit","Moonworks:NicePresent","Moonworks:IndiscriminateFireSupport+1","Gensokyo:CustomPotion"],"relics":["Moonworks:SBBomb","Moonworks:Homemark","AT_ATBox","ice","NeowsBlessing","AT_DeathDance","PlaceholderMod:LiveLive","Art of War","GodSword5","Turnip","HornCleat","Strawberry"],"acts_visited":["Gensokyo:Gensokyo","Gensokyo:Gensokyoer","Gensokyo:Gensokyoest"],"potions_floor_usage":[22,23,28,33],"damage_taken":[{"damage":0.0,"enemies":"Gensokyo:Gryphon","floor":1.0,"turns":1.0},{"damage":0.0,"enemies":"Gensokyo:3_Fairies","floor":4.0,"turns":2.0},{"damage":0.0,"enemies":"Gensokyo:Python","floor":5.0,"turns":1.0},{"damage":3.0,"enemies":"Gensokyo:VengefulSpirit","floor":7.0,"turns":3.0},{"damage":11.0,"enemies":"Gensokyo:3_Kodama","floor":10.0,"turns":4.0},{"damage":0.0,"enemies":"Gensokyo:LivingMonolith","floor":13.0,"turns":2.0},{"damage":6.0,"enemies":"Gensokyo:Gryphon_and_Rabbit","floor":14.0,"turns":3.0},{"damage":21.0,"enemies":"Gensokyo:Reimu","floor":16.0,"turns":6.0},{"damage":11.0,"enemies":"Gensokyo:2_Gloops","floor":18.0,"turns":4.0},{"damage":9,"enemies":"Gensokyo:AngelMirror","floor":22,"turns":2},{"damage":91,"enemies":"Gensokyo:Koishi","floor":23,"turns":7},{"damage":0,"enemies":"Gensokyo:Wraith","floor":25,"turns":2},{"damage":12,"enemies":"Gensokyo:Tenshi","floor":28,"turns":2},{"damage":29,"enemies":"Gensokyo:Swordslinger","floor":30,"turns":3},{"damage":32,"enemies":"Gensokyo:Eternal_Rivals","floor":33,"turns":4},{"damage":0,"enemies":"Gensokyo:AncientGuardian","floor":35,"turns":2},{"damage":10,"enemies":"Gensokyo:3_Boulders","floor":37,"turns":3},{"damage":2,"enemies":"Gensokyo:AtlasGolem","floor":39,"turns":3},{"damage":24,"enemies":"Gensokyo:Rafflesia","floor":41,"turns":4},{"damage":0,"enemies":"Gensokyo:SeedOfUnknown","floor":46,"turns":1},{"damage":0,"enemies":"Gensokyo:AtlasGolem","floor":48,"turns":1},{"damage":0,"enemies":"Gensokyo:Yuyuko","floor":50,"turns":1}],"seed_played":"2105947852524284899","potions_obtained":[{"floor":4.0,"key":"Dexterity Potion"},{"floor":7.0,"key":"RedTea"},{"floor":10.0,"key":"AttackPotion"},{"floor":16.0,"key":"RedTea"},{"floor":18.0,"key":"Regen Potion"},{"floor":25,"key":"PowerPotion"},{"floor":30,"key":"AttackPotion"},{"floor":37,"key":"SpeedPotion"},{"floor":41,"key":"Weak Potion"},{"floor":46,"key":"SpeedPotion"},{"floor":48,"key":"SteroidPotion"}],"is_trial":false,"path_per_floor":["M","?","?","M","M","R","M","R","T","M","R","?","M","M","R","B",null,"M","?","?","?","M","E","R","M","T","R","E","R","M","$","R","B",null,"M","R","M","?","M","R","M","R","T","?","?","M","R","M","R","B",null],"character_chosen":"THE_STARBREAKER","items_purchased":[],"campfire_rested":1,"item_purchase_floors":[],"current_hp_per_floor":[60,60,60,60,60,60,57,57,57,49,49,49,52,49,49,31,60,49,49,49,49,48,14,14,17,17,17,48,48,22,22,45,16,68,68,68,58,58,56,56,65,65,65,73,73,83,83,83,83,83],"gold":72,"neow_bonus":"THREE_ENEMY_KILL","is_daily":false,"chose_seed":false,"campfire_upgraded":12,"win_rate":0.0,"timestamp":1613793577,"path_taken":["M","?","?","M","?","R","M","R","T","M","R","?","M","?","R","BOSS","M","?","?","?","M","E","R","M","T","R","E","R","?","$","R","BOSS","M","?","M","?","M","R","M","R","T","?","?","?","R","M","R","BOSS"],"items_purchased_type":[],"build_version":"2020-12-22","purchased_purges":0,"victory":true,"max_hp_per_floor":[60,60,60,60,60,60,60,60,60,60,60,60,60,60,60,60,60,60,60,60,57,57,60,60,60,60,60,63,63,66,66,66,68,68,68,68,70,70,70,70,76,76,76,83,83,83,83,83,83,83],"card_choices":[{"not_picked":["Moonworks:Assault","Moonworks:BigMagnum"],"picked":"Moonworks:ImOnFire","floor":1.0},{"not_picked":["Moonworks:ImmovableObject","Moonworks:UnpaidWork","Moonworks:SealedMemories"],"picked":"SKIP","floor":4.0},{"not_picked":["Moonworks:LulusLuckyEgg","Moonworks:IndiscriminateFireSupport"],"picked":"Moonworks:SakisCookie","floor":5.0},{"not_picked":["Moonworks:Dash","Moonworks:Assault"],"picked":"Moonworks:EvilSpyWorkPreparation","floor":7.0},{"not_picked":["Moonworks:BigMagnum","Moonworks:DeployBits"],"picked":"Moonworks:Encore","floor":10.0},{"not_picked":["Moonworks:Assault","Moonworks:MixPhenomenon","Moonworks:IndiscriminateFireSupport"],"picked":"SKIP","floor":13.0},{"not_picked":["Moonworks:DeployBits","Moonworks:NicePresent"],"picked":"Moonworks:LuckyCharm","floor":14.0},{"not_picked":["Moonworks:WeAreWaruda","Moonworks:SubspaceTunnel"],"picked":"Moonworks:Gamble","floor":16.0},{"not_picked":["Moonworks:DeployBits+1","Moonworks:AngelHand+1"],"picked":"Moonworks:JonathanRush","floor":18.0},{"not_picked":["Moonworks:BackdoorTrade","Moonworks:TreasureThief"],"picked":"Moonworks:JonathanRush","floor":22},{"not_picked":["Moonworks:LuckyCharm","Moonworks:BackdoorTrade+1"],"picked":"Moonworks:LeapThroughSpace","floor":23},{"not_picked":["Moonworks:UnpaidWork","Moonworks:IndiscriminateFireSupport","Moonworks:Assault"],"picked":"SKIP","floor":25},{"not_picked":["Moonworks:LulusLuckyEgg+1","Moonworks:CloudOfSeagulls"],"picked":"Moonworks:Accelerator","floor":28},{"not_picked":["Moonworks:BackdoorTrade","Moonworks:ScrambledEve+1"],"picked":"Moonworks:CloudOfSeagulls","floor":30},{"not_picked":["Moonworks:CrystalBarrier","Moonworks:SinkOrSwim"],"picked":"Moonworks:SubspaceTunnel","floor":33},{"not_picked":["Moonworks:UnpaidWork","Moonworks:Dinner+1"],"picked":"Moonworks:EvilSpyWorkPreparation","floor":37},{"not_picked":["Moonworks:ImOnFire","Moonworks:TreasureThief"],"picked":"Moonworks:NicePresent","floor":39},{"not_picked":["Moonworks:CloudOfSeagulls","Moonworks:ImOnFire+1"],"picked":"Moonworks:IndiscriminateFireSupport","floor":41},{"not_picked":["Moonworks:NicePresent+1","Moonworks:Assault","Moonworks:Dinner+1"],"picked":"SKIP","floor":46},{"not_picked":["Moonworks:UnpaidWork","Moonworks:BigMagnum","Moonworks:MixPhenomenon"],"picked":"SKIP","floor":48}],"player_experience":283793,"relics_obtained":[{"floor":9.0,"key":"AT_DeathDance"},{"floor":23,"key":"Art of War"},{"floor":26,"key":"GodSword5"},{"floor":28,"key":"Turnip"},{"floor":43,"key":"HornCleat"}],"event_choices":[],"is_beta":false,"boss_relics":[{"not_picked":["Calling Bell","AT_MortalBlade"],"picked":"PlaceholderMod:LiveLive"},{"not_picked":["Black Star","Empty Cage"],"picked":"Moonworks:SBBomb"}],"items_purged_floors":[],"is_endless":false,"potions_floor_spawned":[4,7,10,16,18,25,30,37,41,46,48],"ascension_level":0}}