{"host":"r9uivonio18rfam2","time":1613832383,"event":{"mods":["2.2 Compatiblity","AchievementEnabler","Act Like it!","Aspiration","BaseMod","Beaked The Cultist","Better Altar","Better Match","Better Note","Better Sensory Stone","Better Skull","Better Third Choice","BetterRewards","Challenge The Spire","Colored Map","Colored Powertips","Conspire","Downfall","Elementarium","Energized Spire","Hermit","Infinite Spire","Jedi Mod","Minty Spire (QoL Compilation)","Permanent Neow","Potionbrewer","Quick Restart","Reliquary","Replay The Spire","Shop Mod","Spicy Shops","Spikes Relics","StSLib","The Blue Laboratory","The Jungle","Wandering Minibosses"],"gold_per_floor":[115,115,115,130,130,130,156,156,181,181,199,199,227,327,327,427,427,446,446,461,98,109,109,142,158,158,158,192,219,144,173,173,273,273,288,288,298,54,70,102,162,196,271,271,298,23,48,59,59,59],"floor_reached":51,"language":"ENG","playtime":3401,"items_purged":["Strike_B","ReplayTheSpireMod:Restless Dread","Parasite","Writhe"],"score":1376,"play_id":"a49bd7e4-15a7-4b6c-b186-746ab7bca79d","local_time":"20210220094623","is_ascension_mode":true,"campfire_choices":[{"data":"BasicCrystalCard","floor":6.0,"key":"SMITH"},{"data":"jedi:LeechingStrike","floor":8.0,"key":"SMITH"},{"data":"Sweeping Beam","floor":10.0,"key":"SMITH"},{"data":"Hologram","floor":12.0,"key":"SMITH"},{"data":"Buffer","floor":23,"key":"SMITH"},{"data":"Time Bomb","floor":27,"key":"SMITH"},{"data":"Self Repair","floor":32,"key":"SMITH"},{"data":"Fission","floor":49,"key":"SMITH"},{"data":"Skim","floor":49,"key":"SMITH"}],"circlet_count":0,"master_deck":["Strike_B","Strike_B","Defend_B+1","Defend_B+1","Defend_B+1","Defend_B+1","Zap","Sweeping Beam+1","jedi:LeechingStrike","BasicCrystalCard+1","Hologram+1","Skim+1","Leap","Buffer+1","Cold Snap","Hyperbeam+1","Self Repair+1","Time Bomb+1","ReplayTheSpireMod:Dual Polarity+1","Amplify","Meteor Strike","Glacier","Buffer+1","Shockwave+1","Consume+1","Fission+1","Coolheaded+1","Metallicize+1","Sword Boomerang+1","Pommel Strike+1"],"relics":["Cracked Core","OrangePellets","Runic Capacitor","Blue Candle","Replay:Bottled Eggs","Blood Vial","Ice Cream","Cursed Key","ReplayFunnel","Replay:Frozen Program","infinitespire:EmpoweringShard","infinitespire:Freezer","Centennial Puzzle","aspiration:IroncladSkillbook","aspiration:EnhancedActuators","Blue Doll","Replay:Arrowhead","conspire:BottledYoYo","Bird Faced Urn","conspire:Flyswatter"],"acts_visited":["Exordium","TheCity","TheBeyond"],"potions_floor_usage":[24,24,31,50,50],"damage_taken":[{"damage":13.0,"enemies":"Jaw Worm","floor":1.0,"turns":4.0},{"damage":5.0,"enemies":"Small Slimes","floor":4.0,"turns":3.0},{"damage":20.0,"enemies":"Lagavulin","floor":7.0,"turns":6.0},{"damage":2.0,"enemies":"2 Louse","floor":11.0,"turns":3.0},{"damage":20.0,"enemies":"Gremlin Nob","floor":13.0,"turns":4.0},{"damage":35,"enemies":"Slime Boss","floor":16,"turns":11},{"damage":22,"enemies":"Shell Parasite","floor":18,"turns":8},{"damage":11,"enemies":"Spheric Guardian","floor":20,"turns":4},{"damage":29,"enemies":"Chosen and Byrds","floor":22,"turns":5},{"damage":8,"enemies":"conspire:Head Lice","floor":24,"turns":8},{"damage":5,"enemies":"Centurion and Healer","floor":25,"turns":6},{"damage":6,"enemies":"Cultist and Chosen","floor":28,"turns":9},{"damage":78,"enemies":"Nightmare","floor":29,"turns":16},{"damage":1,"enemies":"conspire:Head Lice","floor":31,"turns":9},{"damage":28,"enemies":"conspire:MysteriousRune","floor":33,"turns":14},{"damage":23,"enemies":"3 Shapes","floor":35,"turns":5},{"damage":0,"enemies":"3 Darklings","floor":37,"turns":6},{"damage":17,"enemies":"Transient","floor":39,"turns":5},{"damage":0,"enemies":"beaked:SuperParasite","floor":40,"turns":12},{"damage":14,"enemies":"Writhing Mass","floor":41,"turns":10},{"damage":9,"enemies":"Reptomancer","floor":42,"turns":7},{"damage":7,"enemies":"beaked:SuperParasite","floor":45,"turns":12},{"damage":7,"enemies":"conspire:MimicChest","floor":47,"turns":5},{"damage":0,"enemies":"Sphere and 2 Shapes","floor":48,"turns":3},{"damage":5,"enemies":"Time Eater","floor":50,"turns":13}],"seed_played":"-882367899089611275","potions_obtained":[{"floor":1.0,"key":"jedi:tentaclejuice"},{"floor":16,"key":"Energy Potion"},{"floor":20,"key":"blueLaboratory:PhilterOfMotion"},{"floor":22,"key":"ColorlessPotion"},{"floor":24,"key":"blueLaboratory:BottledHope"},{"floor":25,"key":"Swift Potion"},{"floor":33,"key":"Dexterity Potion"}],"is_trial":false,"path_per_floor":["M","?","?","M","?","R","E","R","T","R","M","R","E","?","R_BF","B",null,"M","?","M","$","M","R","E","M","T","R","M","NM","?","E","R","B",null,"M","?","M","$","M","E","M","E","T","?","E","$","?","M","R","B",null],"character_chosen":"DEFECT","items_purchased":["OrangePellets","Runic Capacitor","Self Repair","ReplayFunnel","Replay:Frozen Program","aspiration:EnhancedActuators"],"campfire_rested":0,"item_purchase_floors":[0,0,21,21,21,38],"current_hp_per_floor":[41,66,66,67,62,62,48,48,48,48,48,48,39,39,39,12,59,45,45,48,48,41,41,55,75,75,75,75,17,17,39,39,37,66,75,75,75,75,75,75,75,75,75,75,75,72,72,72,72,72],"gold":59,"neow_bonus":"","is_daily":false,"chose_seed":false,"campfire_upgraded":9,"win_rate":0.0,"timestamp":1613832383,"path_taken":["M","?","?","?","?","R","E","R","T","R","M","R","E","?","R_BF","BOSS","M","?","M","$","M","R","E","?","T","R","M","NM","?","E","R","BOSS","M","?","?","?","?","E","M","E","T","?","E","$","?","M","R","BOSS"],"items_purchased_type":["Relic","Relic","Card","Relic","Relic","Relic"],"build_version":"2020-12-22","purchased_purges":4,"victory":true,"max_hp_per_floor":[75,75,75,75,75,75,75,75,75,75,75,75,75,75,75,75,75,75,75,75,75,75,75,75,75,75,75,75,75,75,75,75,75,75,75,75,75,75,75,75,75,75,75,75,75,72,72,72,72,72],"card_choices":[{"not_picked":["Turbo","Auto Shields"],"picked":"Sweeping Beam","floor":1.0},{"not_picked":["Purity","Enlightenment"],"picked":"jedi:LeechingStrike","floor":3.0},{"not_picked":["aspiration:Polymerization","Scrape"],"picked":"BasicCrystalCard","floor":4.0},{"not_picked":["Recycle","Darkness","Turbo"],"picked":"SKIP","floor":7.0},{"not_picked":["Lockon","Cold Snap"],"picked":"Hologram","floor":11.0},{"not_picked":["Barrage","Coolheaded"],"picked":"Skim","floor":13.0},{"not_picked":["Amplify","Reboot"],"picked":"Buffer","floor":16},{"not_picked":["jedi:blockon","Rebound"],"picked":"Cold Snap","floor":18},{"not_picked":["jedi:BurstFrost","jedi:blockon","Hologram"],"picked":"SKIP","floor":20},{"not_picked":["jedi:sharpshooter","Redo+1"],"picked":"Time Bomb","floor":22},{"not_picked":["jedi:BurstDark","Melter","Hologram"],"picked":"SKIP","floor":24},{"not_picked":["Blizzard","Rebound","Self Repair"],"picked":"SKIP","floor":25},{"not_picked":["jedi:BurstFrost","Melter","Cold Snap"],"picked":"SKIP","floor":28},{"not_picked":["Gash","RefreshScreen+1","Streamline"],"picked":"SKIP","floor":29},{"not_picked":["White Noise+1","Blizzard+1"],"picked":"ReplayTheSpireMod:Dual Polarity+1","floor":30},{"not_picked":["Beam Cell+1","Chill+1"],"picked":"Amplify","floor":31},{"not_picked":["jedi:darknesscall","jedi:BurstDark"],"picked":"Meteor Strike","floor":33},{"not_picked":["Anger","Iron Wave+1","BasicCrystalCard+1"],"picked":"Glacier","floor":35},{"not_picked":["Steam","Panic Button+1","Rage+1"],"picked":"Shockwave+1","floor":37},{"not_picked":["Turbo","Wild Strike","Body Slam+1"],"picked":"Consume+1","floor":39},{"not_picked":["Heatsinks+1","Iron Wave","Wild Strike"],"picked":"Fission","floor":40},{"not_picked":["Cleave+1","Rebound+1","ReplayGash+1"],"picked":"Coolheaded+1","floor":41},{"not_picked":["jedi:MakeshiftSword","jedi:blockon+1","BasicCrystalCard"],"picked":"Metallicize+1","floor":42},{"not_picked":["jedi:BurstDark","Massacre","Streamline+1"],"picked":"Sword Boomerang+1","floor":45},{"not_picked":["Storm","Melter+1","Combust+1"],"picked":"Pommel Strike+1","floor":48}],"player_experience":490583,"relics_obtained":[{"floor":7.0,"key":"Replay:Bottled Eggs"},{"floor":9.0,"key":"Blood Vial"},{"floor":13.0,"key":"Ice Cream"},{"floor":24,"key":"infinitespire:EmpoweringShard"},{"floor":29,"key":"infinitespire:Freezer"},{"floor":31,"key":"Centennial Puzzle"},{"floor":40,"key":"Blue Doll"},{"floor":42,"key":"Replay:Arrowhead"},{"floor":43,"key":"conspire:BottledYoYo"},{"floor":45,"key":"Bird Faced Urn"},{"floor":47,"key":"conspire:Flyswatter"}],"event_choices":[{"damage_healed":25.0,"max_hp_gain":0.0,"max_hp_loss":0.0,"gold_gain":0.0,"event_name":"Big Fish","player_choice":"Banana","floor":2.0,"gold_loss":0.0,"damage_taken":0.0},{"damage_healed":0.0,"max_hp_gain":0.0,"max_hp_loss":0.0,"gold_gain":1.0,"event_name":"betterStone:BetterStone","player_choice":"1","floor":3.0,"gold_loss":0.0,"damage_taken":0.0},{"damage_healed":0.0,"max_hp_gain":0.0,"max_hp_loss":0.0,"gold_gain":100.0,"event_name":"Golden Shrine","player_choice":"Pray","floor":14.0,"gold_loss":0.0,"damage_taken":0.0},{"damage_healed":0.0,"max_hp_gain":0.0,"max_hp_loss":0.0,"gold_gain":0.0,"cards_transformed":["Strike_B"],"event_name":"Transmorgrifier","player_choice":"Transformed","floor":15.0,"gold_loss":0.0,"damage_taken":0.0,"cards_obtained":["Leap"]},{"cards_removed":["BasicCrystalCard"],"damage_healed":0,"gold_gain":0,"player_choice":"Take \u0026 Give","damage_taken":0,"max_hp_gain":0,"max_hp_loss":0,"event_name":"betterNote:BetterNote","floor":19,"gold_loss":0,"cards_obtained":["Hyperbeam"]},{"damage_healed":0,"gold_gain":0,"player_choice":"2","damage_taken":0,"max_hp_gain":0,"max_hp_loss":0,"event_name":"betterMatch:BetterMatch","floor":30,"gold_loss":0,"cards_obtained":["betterMatch:UncommonCard"]},{"damage_healed":0,"gold_gain":0,"player_choice":"Copied","damage_taken":0,"max_hp_gain":0,"max_hp_loss":0,"event_name":"Duplicator","floor":36,"gold_loss":0,"cards_obtained":["Buffer"]},{"cards_removed":["Dualcast"],"damage_healed":0,"gold_gain":0,"player_choice":"Removed Skill","damage_taken":0,"max_hp_gain":0,"max_hp_loss":0,"event_name":"Falling","floor":44,"gold_loss":0}],"is_beta":false,"boss_relics":[{"not_picked":["aspiration:SecretTechniqueScroll","Honey Jar"],"picked":"Fusion Hammer"},{"not_picked":["aspiration:RunicSpoon","reliquary:Craggleroot"],"picked":"aspiration:IroncladSkillbook"}],"items_purged_floors":[0,38,46,46],"is_endless":false,"potions_floor_spawned":[1,16,20,22,24,25,33,39,40,41,48],"ascension_level":7}}