{"host":"Kubo","time":1613854323,"event":{"mods":["BaseMod","Downfall","Minty Spire (QoL Compilation)","Replay The Spire","StSLib"],"gold_per_floor":[99,99,99,99,39,39,39,39,52,83,18,118,18,51,71,168,168,68,78,126,136,182,182,205,221,241,241,241,241,254,254,254,29,47,47,47,47],"floor_reached":35,"language":"ENG","playtime":2637,"items_purged":["sneckomod:Strike"],"score":303,"play_id":"7426eff6-3b88-4f89-97e2-c5b90d8b9698","local_time":"20210220215203","is_ascension_mode":true,"campfire_choices":[{"floor":1,"key":"RECALL"},{"data":"sneckomod:MorePower","floor":8,"key":"SMITH"},{"data":"sneckomod:SnekBite","floor":13,"key":"SMITH"},{"data":"sneckomod:Restock","floor":18,"key":"SMITH"},{"floor":23,"key":"REST"},{"floor":32,"key":"REST"}],"circlet_count":0,"master_deck":["sneckomod:Strike","sneckomod:Strike","sneckomod:Defend","sneckomod:Defend","sneckomod:Defend","sneckomod:TailWhip","sneckomod:SnekBite+1","sneckomod:Unknown","sneckomod:Unknown","sneckomod:UnknownVulnerable","sneckomod:UnknownDraw","sneckomod:SlitherStrike","sneckomod:MorePower+1","sneckomod:Unknown1Cost","sneckomod:UnknownUncommonPower+1","sneckomod:UnknownUncommonAttack","sneckomod:Unknown3Cost+1","sneckomod:CheapStock","sneckomod:UnknownStrength+1","sneckomod:UnknownCommonSkill","sneckomod:DiceCrush","sneckomod:UnknownWeak+1","sneckomod:UnknownDexterity+1","sneckomod:UnknownDexterity","sneckomod:SnekBeam","sneckomod:UnknownBoss+1","sneckomod:Restock+1","sneckomod:UnknownRareSkill+1","sneckomod:PureSnecko+1","sneckomod:UnknownBlock+1","sneckomod:UnknownBlock","sneckomod:UnknownBoss+1","sneckomod:Nope+1","sneckomod:UnknownRarePower+1","sneckomod:UnknownClassPURPLE","sneckomod:UnknownClassTHE_BRONZE_AUTOMATON+1","sneckomod:SerpentIdol","sneckomod:UnknownStrength+1","sneckomod:DefensiveFlair","sneckomod:WideSting","sneckomod:ImprovisedAttack","sneckomod:DangerNoodle","sneckomod:UnknownRareAttack+1"],"relics":["sneckomod:SneckoSoul","downfall:HeartsMalice","Mirror","Smiling Mask","downfall:GremlinWheel","downfall:HeartBlessingRed","Question Card","Sozu","Simple Rune","downfall:HeartBlessingGreen","Vajra"],"acts_visited":["Exordium","TheCity"],"potions_floor_usage":[9,9,12,12,15,16,16],"damage_taken":[{"damage":0,"enemies":"Small Slimes","floor":2,"turns":1},{"damage":0,"enemies":"Cultist","floor":3,"turns":1},{"damage":0,"enemies":"2 Louse","floor":4,"turns":1},{"damage":0,"enemies":"downfall:FleeingMerchant","floor":5,"turns":4},{"damage":15,"enemies":"Lots of Slimes","floor":9,"turns":4},{"damage":18,"enemies":"Lagavulin","floor":10,"turns":10},{"damage":5,"enemies":"downfall:FleeingMerchant","floor":11,"turns":4},{"damage":22,"enemies":"downfall:FleeingMerchant","floor":12,"turns":5},{"damage":30,"enemies":"Replay:BlueRogue","floor":14,"turns":6},{"damage":0,"enemies":"Blue Slaver","floor":15,"turns":1},{"damage":13,"enemies":"IC_STATUS_ARCHETYPE","floor":16,"turns":4},{"damage":13,"enemies":"Spheric Guardian","floor":19,"turns":4},{"damage":15,"enemies":"downfall:LooterAlt2","floor":20,"turns":4},{"damage":9,"enemies":"Snake Plant","floor":21,"turns":5},{"damage":21,"enemies":"Chosen and Byrds","floor":22,"turns":7},{"damage":45,"enemies":"Shelled Parasite and Fungi","floor":25,"turns":8},{"damage":28,"enemies":"Centurion and Healer","floor":26,"turns":6},{"damage":0,"enemies":"Snecko","floor":30,"turns":3},{"damage":5,"enemies":"downfall:FleeingMerchant","floor":33,"turns":4},{"damage":15,"enemies":"Shelled Parasite and Fungi","floor":34,"turns":7},{"damage":24,"enemies":"DF_ARCHETYPE_CLAW","floor":35,"turns":3}],"seed_played":"-1659482527529631914","potions_obtained":[{"floor":6,"key":"AttackPotion"},{"floor":6,"key":"Guardian:BlockOnCardUsePotion"},{"floor":6,"key":"EssenceOfSteel"},{"floor":9,"key":"Languid Potion"},{"floor":10,"key":"SkillPotion"},{"floor":14,"key":"DuplicationPotion"},{"floor":15,"key":"Energy Potion"}],"is_trial":false,"path_per_floor":["R","M","M","M","$","?","T","R","M","E","$","?","R","E","M","B",null,"R","M","M","M","M","R","T","M","M","?","PTL","PTL","M","?","R","$","M","B"],"character_chosen":"THE_SNECKO","items_purchased":["sneckomod:Unknown1Cost","sneckomod:DiceCrush","sneckomod:DangerNoodle"],"campfire_rested":2,"item_purchase_floors":[5,11,33],"current_hp_per_floor":[90,90,90,90,90,90,90,90,90,72,67,45,45,25,25,12,90,90,77,62,53,32,59,59,29,1,1,1,1,1,1,28,23,18,0,0,0],"gold":47,"neow_bonus":"THREE_ENEMY_KILL","is_daily":false,"chose_seed":false,"campfire_upgraded":3,"win_rate":0.0,"timestamp":1613854323,"path_taken":["R","M","M","M","$","?","T","R","?","E","$","?","R","E","M","BOSS","R","M","M","?","M","R","T","M","M","?","PTL","PTL","M","?","R","$","M","BOSS"],"items_purchased_type":["Card","Card","Card"],"build_version":"2020-12-18","purchased_purges":1,"victory":false,"max_hp_per_floor":[90,90,90,90,90,90,90,90,90,90,90,90,90,90,90,90,90,90,90,90,90,90,90,90,90,90,90,90,90,90,90,90,90,90,90,90,90],"card_choices":[{"not_picked":["sneckomod:UnknownColorless","sneckomod:DiceBlock"],"picked":"sneckomod:UnknownVulnerable","floor":2},{"not_picked":["sneckomod:QuickBite","sneckomod:UnknownCommonSkill"],"picked":"sneckomod:UnknownDraw","floor":3},{"not_picked":["sneckomod:Unknown1Cost","sneckomod:IronFang"],"picked":"sneckomod:SlitherStrike","floor":4},{"not_picked":["sneckomod:UnknownUncommonAttack","sneckomod:DiceBlock"],"picked":"sneckomod:MorePower","floor":5},{"not_picked":["sneckomod:Unknown2Cost+1","sneckomod:Unknown1Cost+1"],"picked":"sneckomod:UnknownUncommonPower+1","floor":9},{"not_picked":["sneckomod:UnknownCommonAttack","sneckomod:UnknownUncommonPower"],"picked":"sneckomod:UnknownUncommonAttack","floor":9},{"not_picked":["sneckomod:Unknown2Cost+1","sneckomod:UnknownColorless+1"],"picked":"sneckomod:Unknown3Cost+1","floor":10},{"not_picked":["sneckomod:RainOfDice","sneckomod:Unknown1Cost"],"picked":"sneckomod:CheapStock","floor":10},{"not_picked":["sneckomod:UnknownVulnerable+1","sneckomod:Unknown3Cost+1"],"picked":"sneckomod:UnknownStrength+1","floor":11},{"not_picked":["sneckomod:Rotation","sneckomod:MorePower"],"picked":"sneckomod:UnknownCommonSkill","floor":11},{"not_picked":["sneckomod:UnknownDexterity+1","sneckomod:UnknownUncommonPower+1"],"picked":"sneckomod:UnknownWeak+1","floor":12},{"not_picked":["sneckomod:UnknownExhaust+1","sneckomod:UnknownUncommonSkill+1"],"picked":"sneckomod:UnknownDexterity+1","floor":14},{"not_picked":["sneckomod:RainOfDice","sneckomod:SoulDraw"],"picked":"sneckomod:UnknownDexterity","floor":14},{"not_picked":["sneckomod:UnknownStrike","sneckomod:Nope","sneckomod:Restock"],"picked":"sneckomod:SnekBeam","floor":15},{"not_picked":["sneckomod:UnknownVulnerable+1","sneckomod:UnknownRareAttack+1"],"picked":"sneckomod:UnknownBoss+1","floor":16},{"not_picked":["sneckomod:Unknown3Cost","sneckomod:Cheat","sneckomod:SerpentMind"],"picked":"sneckomod:Restock","floor":16},{"not_picked":["sneckomod:UnknownUncommonPower+1","sneckomod:UnknownX+1"],"picked":"sneckomod:UnknownRareSkill+1","floor":19},{"not_picked":["sneckomod:DiceCrush","sneckomod:SoulRoll+1","sneckomod:UnknownCommonAttack"],"picked":"sneckomod:PureSnecko+1","floor":19},{"not_picked":["sneckomod:UnknownStrike+1","sneckomod:UnknownColorless+1"],"picked":"sneckomod:UnknownBlock+1","floor":20},{"not_picked":["sneckomod:QuickBite","sneckomod:RainOfDice","sneckomod:UnknownClassTHE_CHAMP_GRAY"],"picked":"sneckomod:UnknownBlock","floor":20},{"not_picked":["sneckomod:UnknownUncommonSkill+1","sneckomod:UnknownExhaust+1"],"picked":"sneckomod:UnknownBoss+1","floor":21},{"not_picked":["sneckomod:UnknownDraw+1","sneckomod:UnknownUncommonSkill","sneckomod:UnknownClassPURPLE"],"picked":"sneckomod:Nope+1","floor":21},{"not_picked":["sneckomod:UnknownDraw+1","sneckomod:Unknown3Cost+1"],"picked":"sneckomod:UnknownRarePower+1","floor":22},{"not_picked":["sneckomod:DiceBoulder","sneckomod:UnknownVulnerable","sneckomod:RainOfDice"],"picked":"sneckomod:UnknownClassPURPLE","floor":22},{"not_picked":["sneckomod:Unknown2Cost+1","sneckomod:UnknownUncommonPower+1"],"picked":"sneckomod:UnknownClassTHE_BRONZE_AUTOMATON+1","floor":25},{"not_picked":["sneckomod:Nope","sneckomod:UnknownColorless","sneckomod:UnknownCommonSkill+1"],"picked":"sneckomod:SerpentIdol","floor":25},{"not_picked":["sneckomod:UnknownClassTHE_BRONZE_AUTOMATON+1","sneckomod:UnknownDexterity+1"],"picked":"sneckomod:UnknownStrength+1","floor":26},{"not_picked":["sneckomod:MixItUp+1","sneckomod:Nope","sneckomod:Rotation"],"picked":"sneckomod:DefensiveFlair","floor":26},{"not_picked":["sneckomod:UnknownClassTHE_CHAMP_GRAY","sneckomod:UnknownClassPURPLE","sneckomod:UnknownExhaust"],"picked":"sneckomod:WideSting","floor":30},{"not_picked":["sneckomod:RainOfDice+1","sneckomod:UnknownX+1","sneckomod:CheapStock"],"picked":"sneckomod:ImprovisedAttack","floor":33},{"not_picked":["sneckomod:UnknownClassPURPLE+1","sneckomod:UnknownColorless+1"],"picked":"sneckomod:UnknownRareAttack+1","floor":34},{"not_picked":["sneckomod:MixItUp","sneckomod:UnknownUncommonPower","sneckomod:UnknownClassTHE_CHAMP_GRAY","sneckomod:RainOfDice"],"picked":"SKIP","floor":34}],"player_experience":544417,"relics_obtained":[{"floor":7,"key":"Mirror"},{"floor":10,"key":"Smiling Mask"},{"floor":12,"key":"downfall:GremlinWheel"},{"floor":14,"key":"Question Card"},{"floor":18,"key":"Simple Rune"},{"floor":24,"key":"Vajra"}],"event_choices":[{"damage_healed":0,"gold_gain":0,"player_choice":"Got Potions","damage_taken":0,"max_hp_gain":0,"max_hp_loss":0,"event_name":"Lab","floor":6,"gold_loss":0},{"damage_healed":0,"gold_gain":0,"player_choice":"Relic","damage_taken":0,"max_hp_gain":0,"max_hp_loss":0,"event_name":"Wheel of Change","floor":18,"gold_loss":0}],"is_beta":true,"boss_relics":[{"not_picked":["Ring of Chaos","Replay:Ancient Bell"],"picked":"Sozu"}],"items_purged_floors":[33],"is_endless":false,"potions_floor_spawned":[9,10,14,15,20,22],"killed_by":"DF_ARCHETYPE_CLAW","ascension_level":1}}