{"host":"snwds314m19k249i","time":1613824003,"event":{"mods":["BaseMod","Colored Map","Minty Spire (QoL Compilation)","Shop Mod","StSLib","[IsaacMod]ÒÔÈö¼âËþ"],"gold_per_floor":[118,130,180,24,42,42,42],"floor_reached":6,"language":"ZHS","playtime":268,"items_purged":["Defend_B"],"score":36,"play_id":"8e7ed2f9-8766-427e-9b2e-3cab7b17e5ae","local_time":"20210220202643","is_ascension_mode":false,"campfire_choices":[],"circlet_count":0,"master_deck":["Strike_B","Strike_B","Strike_B","Strike_B","Defend_B","Defend_B","Defend_B","Zap","Dualcast","Fan","Redo","Coolheaded","Coolheaded","Reboot"],"relics":["Cracked Core","HushsDoor","SteamSale","NeowsBlessing","NineVolt","MerchantsRug","Lee\u0027s Waffle"],"acts_visited":["Exordium"],"potions_floor_usage":[],"damage_taken":[{"damage":0.0,"enemies":"2 Louse","floor":1.0,"turns":1.0},{"damage":0.0,"enemies":"Cultist","floor":2.0,"turns":1.0},{"damage":0.0,"enemies":"Hiden Room Battle","floor":3.0,"turns":1.0},{"damage":12.0,"enemies":"Small Slimes","floor":5.0,"turns":3.0},{"damage":87,"enemies":"Gremlin Nob","floor":6,"turns":5}],"seed_played":"227422135046378231","potions_obtained":[{"floor":2.0,"key":"Fruit Juice"}],"is_trial":false,"path_per_floor":["M","M","?","$","M","E"],"character_chosen":"DEFECT","items_purchased":["Coolheaded","MerchantsRug","Lee\u0027s Waffle"],"campfire_rested":0,"item_purchase_floors":[4,4,4],"current_hp_per_floor":[75,80,80,87,75,0,0],"gold":42,"neow_bonus":"THREE_ENEMY_KILL","is_daily":false,"chose_seed":false,"campfire_upgraded":0,"win_rate":0.0,"timestamp":1613824003,"path_taken":["M","M","?","$","?","E"],"items_purchased_type":["Card","Relic","Relic"],"build_version":"2020-12-22","purchased_purges":1,"victory":false,"max_hp_per_floor":[75,80,80,87,87,87,87],"card_choices":[{"not_picked":[],"picked":"Bomb","floor":0.0},{"not_picked":["Bomb","Hologram"],"picked":"Fan","floor":1.0},{"not_picked":["Leap","Ball Lightning"],"picked":"Redo","floor":2.0},{"not_picked":["Bomb","Hello World"],"picked":"Coolheaded","floor":3.0},{"not_picked":["Ball Lightning","Go for the Eyes"],"picked":"Reboot","floor":5.0}],"player_experience":6582,"relics_obtained":[{"floor":3.0,"key":"Ornamental Fan"},{"floor":3.0,"key":"NineVolt"}],"event_choices":[{"damage_healed":0.0,"max_hp_gain":0.0,"max_hp_loss":0.0,"gold_gain":0.0,"event_name":"HidenRoomEvent","player_choice":"Fight","floor":3.0,"gold_loss":0.0,"damage_taken":0.0}],"is_beta":false,"boss_relics":[],"items_purged_floors":[4],"is_endless":false,"potions_floor_spawned":[2],"killed_by":"Gremlin Nob","ascension_level":0}}