{"host":"x5w9zppki4gdwvc7","time":1613791977,"event":{"mods":["AchievementEnabler","BaseMod","Colored Powertips","DeckTracker","Minty Spire (QoL Compilation)","SuperFastMode"],"gold_per_floor":[99,99,66,66,66,66,66,66,66,66,66,66,66,36,36,36,36,36,36,36,36,36,36,36],"floor_reached":23,"language":"ENG","playtime":1134,"items_purged":[],"score":205,"play_id":"d3fbfcc7-2d10-442c-bd42-8d7f17066f8b","local_time":"20210220043257","is_ascension_mode":false,"campfire_choices":[{"floor":8,"key":"REST"},{"floor":12,"key":"REST"},{"floor":15,"key":"REST"}],"circlet_count":0,"master_deck":["Strike_B","Strike_B","Strike_B","Strike_B","Defend_B","Defend_B","Defend_B","Defend_B","Zap","Gash","Reprogram","Seek","Streamline","Hologram","Core Surge","Rebound+1"],"relics":["Ectoplasm","Potion Belt","Toy Ornithopter","Tiny Chest","Runic Pyramid","Nilry\u0027s Codex","Cables"],"acts_visited":["Exordium","TheCity"],"potions_floor_usage":[6,14,16,18],"damage_taken":[{"damage":0,"enemies":"Small Slimes","floor":1,"turns":3},{"damage":3,"enemies":"Jaw Worm","floor":4,"turns":3},{"damage":0,"enemies":"2 Louse","floor":5,"turns":3},{"damage":47,"enemies":"Gremlin Nob","floor":6,"turns":6},{"damage":1,"enemies":"Blue Slaver","floor":7,"turns":4},{"damage":8,"enemies":"Red Slaver","floor":10,"turns":4},{"damage":20,"enemies":"Gremlin Gang","floor":11,"turns":5},{"damage":30,"enemies":"Lagavulin","floor":13,"turns":6},{"damage":4,"enemies":"Looter","floor":14,"turns":3},{"damage":26,"enemies":"Slime Boss","floor":16,"turns":10},{"damage":2,"enemies":"3 Byrds","floor":18,"turns":6},{"damage":0,"enemies":"Chosen","floor":21,"turns":4},{"damage":36,"enemies":"3 Cultists","floor":22,"turns":5},{"damage":22,"enemies":"Slavers","floor":23,"turns":1}],"seed_played":"-1127146682481844420","potions_obtained":[{"floor":5,"key":"PowerPotion"},{"floor":6,"key":"DistilledChaos"},{"floor":11,"key":"ColorlessPotion"},{"floor":13,"key":"GamblersBrew"},{"floor":14,"key":"Energy Potion"},{"floor":21,"key":"SpeedPotion"}],"is_trial":false,"path_per_floor":["M","?","?","M","M","E","M","R","T","M","M","R","E","M","R","B",null,"M","?","?","M","M","E"],"character_chosen":"DEFECT","items_purchased":[],"campfire_rested":3,"item_purchase_floors":[],"current_hp_per_floor":[75,68,68,65,65,18,17,39,39,31,11,33,3,4,26,5,75,73,57,57,57,21,0,0],"gold":36,"neow_bonus":"BOSS_RELIC","is_daily":false,"chose_seed":false,"campfire_upgraded":0,"win_rate":0.0,"timestamp":1613791977,"path_taken":["M","?","?","M","M","E","M","R","T","M","M","R","E","M","R","BOSS","M","?","?","M","?","E"],"items_purchased_type":[],"build_version":"2020-12-22","purchased_purges":0,"victory":false,"max_hp_per_floor":[75,75,75,75,75,75,75,75,75,75,75,75,75,75,75,75,75,75,75,75,75,75,75,75],"card_choices":[{"not_picked":["Redo","Hologram","Beam Cell"],"picked":"SKIP","floor":1},{"not_picked":["Beam Cell","Stack"],"picked":"Gash","floor":4},{"not_picked":["Steam","Coolheaded"],"picked":"Reprogram","floor":5},{"not_picked":["Melter","Loop"],"picked":"Seek","floor":6},{"not_picked":["Beam Cell","Compile Driver"],"picked":"Streamline","floor":7},{"not_picked":["Beam Cell","Stack","Conserve Battery"],"picked":"SKIP","floor":10},{"not_picked":["Compile Driver","Redo","Cold Snap"],"picked":"SKIP","floor":11},{"not_picked":["Consume","Heatsinks"],"picked":"Hologram","floor":13},{"not_picked":["Streamline","Coolheaded","Hologram"],"picked":"SKIP","floor":14},{"not_picked":["Meteor Strike","Rainbow"],"picked":"Core Surge","floor":16},{"not_picked":["Go for the Eyes","Conserve Battery","Streamline"],"picked":"SKIP","floor":18},{"not_picked":["Conserve Battery","Ball Lightning","Darkness"],"picked":"SKIP","floor":21},{"not_picked":["Compile Driver","Streamline"],"picked":"Rebound+1","floor":22}],"player_experience":695398,"relics_obtained":[{"floor":6,"key":"Potion Belt"},{"floor":9,"key":"Toy Ornithopter"},{"floor":13,"key":"Tiny Chest"},{"floor":19,"key":"Nilry\u0027s Codex"}],"event_choices":[{"cards_removed":["Dualcast"],"damage_healed":0,"gold_gain":0,"player_choice":"Card Removal","damage_taken":7,"max_hp_gain":0,"max_hp_loss":0,"event_name":"Golden Wing","floor":2,"gold_loss":0},{"damage_healed":0,"gold_gain":0,"player_choice":"Left Gold","damage_taken":0,"max_hp_gain":0,"max_hp_loss":0,"event_name":"World of Goop","floor":3,"gold_loss":33},{"damage_healed":0,"gold_gain":0,"player_choice":"Obtained Book","damage_taken":16,"max_hp_gain":0,"max_hp_loss":0,"event_name":"Cursed Tome","floor":19,"gold_loss":0},{"damage_healed":0,"gold_gain":0,"player_choice":"Gave Potion","damage_taken":0,"relics_obtained":["Cables"],"max_hp_gain":0,"max_hp_loss":0,"event_name":"WeMeetAgain","floor":20,"gold_loss":0}],"is_beta":false,"boss_relics":[{"not_picked":["Busted Crown","Inserter"],"picked":"Runic Pyramid"}],"items_purged_floors":[],"is_endless":false,"potions_floor_spawned":[5,6,11,13,14,21],"killed_by":"Slavers","ascension_level":0}}