{"host":"0kk91h4bq4kgfj0u","time":1613846460,"event":{"mods":["BaseMod","Bestiary","Block Reminder","Colored Map","Colored Powertips","Curses Come First","Highlight Path","Minty Spire (QoL Compilation)","Relic Stats","StSLib"],"gold_per_floor":[114,129,129,37,52,52,52,82,82,82,112,37,112,127,127,227,227,242,242,242,122,137,167,167,182,207,57,72,47,62,77,77,177,177,192,192,207,207,207,207,64,94,169,184,199,214,214,214],"floor_reached":47,"language":"ENG","playtime":2718,"items_purged":["Biased Cognition"],"score":585,"play_id":"4d4cd36f-9ec6-4d9d-ab96-1db1c1adc595","local_time":"20210220134100","daily_mods":["Shiny","Red Cards","DeadlyEvents"],"is_ascension_mode":false,"campfire_choices":[{"floor":6.0,"key":"REST"},{"floor":10.0,"key":"REST"},{"floor":15.0,"key":"REST"},{"floor":24,"key":"REST"},{"floor":32,"key":"REST"},{"data":"Fission","floor":40,"key":"SMITH"}],"circlet_count":0,"master_deck":["Double Tap","Demon Form","Bludgeon","Feed","Limit Break","Barricade","Fiend Fire","Berserk","Impervious","Juggernaut","Reaper","Offering","Immolate","Thunder Strike+1","Machine Learning","Electrodynamics","Buffer","Rainbow","Seek","Echo Form","All For One","Reboot","Amplify","Creative AI","Fission+1","Core Surge","Cold Snap","Clothesline","Good Instincts","Sword Boomerang","Conserve Battery","Turbo","Battle Trance+1","Necronomicurse","Consume","Conserve Battery","Shrug It Off","BootSequence","Streamline","Defragment","Heavy Blade","Wild Strike","Battle Trance","Thunderclap","Leap","Conserve Battery","Flame Barrier+1","Metallicize+1","Twin Strike+1","Cleave+1","Ball Lightning+1","Writhe","White Noise","Melter","Searing Blow+1","Parasite","Body Slam+1","Conserve Battery+1","FTL+1"],"relics":["Cracked Core","Anchor","Oddly Smooth Stone","Mercury Hourglass","Gambling Chip","Empty Cage","Necronomicon","MutagenicStrength","Whetstone","Strawberry","Astrolabe","Centennial Puzzle","Toxic Egg 2"],"acts_visited":["Exordium","TheCity","TheBeyond"],"potions_floor_usage":[33,33,45,45],"damage_taken":[{"damage":18.0,"enemies":"Cultist","floor":1.0,"turns":3.0},{"damage":14.0,"enemies":"Jaw Worm","floor":2.0,"turns":3.0},{"damage":8.0,"enemies":"Small Slimes","floor":5.0,"turns":3.0},{"damage":29.0,"enemies":"3 Sentries","floor":8.0,"turns":3.0},{"damage":20.0,"enemies":"Gremlin Nob","floor":11.0,"turns":4.0},{"damage":0.0,"enemies":"Looter","floor":14.0,"turns":2.0},{"damage":39.0,"enemies":"Hexaghost","floor":16.0,"turns":9.0},{"damage":33,"enemies":"Spheric Guardian","floor":18,"turns":5},{"damage":0,"enemies":"Chosen","floor":22,"turns":2},{"damage":20,"enemies":"Slavers","floor":23,"turns":4},{"damage":15,"enemies":"Snecko","floor":25,"turns":4},{"damage":8,"enemies":"Snake Plant","floor":28,"turns":3},{"damage":15,"enemies":"Cultist and Chosen","floor":30,"turns":5},{"damage":0,"enemies":"Centurion and Healer","floor":31,"turns":3},{"damage":57,"enemies":"Collector","floor":33,"turns":6},{"damage":5,"enemies":"3 Shapes","floor":35,"turns":5},{"damage":28,"enemies":"Orb Walker","floor":37,"turns":5},{"damage":16,"enemies":"Nemesis","floor":42,"turns":5},{"damage":20,"enemies":"Writhing Mass","floor":44,"turns":6},{"damage":35,"enemies":"Maw","floor":45,"turns":7},{"damage":1,"enemies":"Jaw Worm Horde","floor":46,"turns":5},{"damage":18,"enemies":"3 Darklings","floor":47,"turns":2}],"seed_played":"3618718455484561711","potions_obtained":[{"floor":14.0,"key":"BlessingOfTheForge"},{"floor":16.0,"key":"GamblersBrew"},{"floor":22,"key":"CultistPotion"},{"floor":23,"key":"SkillPotion"},{"floor":25,"key":"ColorlessPotion"},{"floor":42,"key":"Explosive Potion"},{"floor":44,"key":"Explosive Potion"},{"floor":45,"key":"SpeedPotion"}],"is_trial":false,"path_per_floor":["M","M","?","$","M","R","T","E","T","R","E","$","?","M","R","B",null,"M","?","?","$","M","E","R","M","T","$","M","$","M","M","R","B",null,"M","?","M","?","?","R","$","E","T","M","M","M","M"],"character_chosen":"DEFECT","items_purchased":["Good Instincts","Consume","Conserve Battery","Defragment","Heavy Blade","Wild Strike","Thunderclap","White Noise","Melter"],"campfire_rested":5,"item_purchase_floors":[4,21,21,27,27,27,29,41,41],"current_hp_per_floor":[60,53,53,53,52,77,77,48,48,73,53,53,42,42,67,36,84,51,35,35,35,35,34,60,45,52,52,44,44,32,32,60,3,94,89,89,66,90,90,90,90,74,74,54,19,18,0,0],"gold":214,"neow_bonus":"","is_daily":true,"chose_seed":false,"campfire_upgraded":1,"win_rate":0.0,"timestamp":1613846460,"path_taken":["M","M","?","$","M","R","?","?","T","R","?","$","?","M","R","BOSS","M","?","?","$","M","E","R","M","T","?","M","$","?","M","R","BOSS","M","?","M","?","?","R","$","?","T","M","M","M","M"],"items_purchased_type":["Card","Card","Card","Card","Card","Card","Card","Card","Card"],"build_version":"2020-12-22","purchased_purges":1,"victory":false,"max_hp_per_floor":[78,81,81,81,84,84,84,84,84,84,84,84,84,84,84,84,84,84,84,84,84,84,87,87,87,94,94,94,94,94,94,94,94,94,94,94,94,94,94,94,94,94,94,94,94,94,94,94],"relic_stats":{"Centennial Puzzle":[12],"counters":[22,93],"Gambling Chip":[34],"Astrolabe":["Flame Barrier","Metallicize","Twin Strike"],"Necronomicon":[34],"Whetstone":["Thunder Strike","Hyperbeam"],"obtain_stats":[{"Astrolabe":34,"Oddly Smooth Stone":8,"Whetstone":23,"Empty Cage":17,"Mercury Hourglass":9,"Anchor":7,"Centennial Puzzle":42,"Gambling Chip":11,"MutagenicStrength":20,"Strawberry":26,"Necronomicon":19,"Toxic Egg 2":43,"Cracked Core":0},{"Astrolabe":15,"Oddly Smooth Stone":4,"Whetstone":10,"Empty Cage":7,"Mercury Hourglass":4,"Anchor":3,"Centennial Puzzle":18,"Gambling Chip":5,"MutagenicStrength":8,"Strawberry":11,"Necronomicon":8,"Toxic Egg 2":18,"Cracked Core":0},{"Astrolabe":58,"Oddly Smooth Stone":12,"Whetstone":38,"Empty Cage":27,"Mercury Hourglass":12,"Anchor":9,"Centennial Puzzle":73,"Gambling Chip":16,"MutagenicStrength":32,"Strawberry":42,"Necronomicon":32,"Toxic Egg 2":73,"Cracked Core":0}],"Mercury Hourglass":[256]},"card_choices":[{"not_picked":["Gash","Intimidate"],"picked":"Cold Snap","floor":1.0},{"not_picked":["Dual Wield","Entrench"],"picked":"Clothesline","floor":2.0},{"not_picked":["Coolheaded","Dark Embrace"],"picked":"Sword Boomerang","floor":5.0},{"not_picked":["Sword Boomerang","True Grit","Intimidate"],"picked":"SKIP","floor":8.0},{"not_picked":["Biased Cognition","Dual Wield"],"picked":"Conserve Battery","floor":11.0},{"not_picked":["Rebound","Coolheaded"],"picked":"Turbo","floor":14.0},{"not_picked":["Beam Cell","Seeing Red"],"picked":"Battle Trance+1","floor":18},{"not_picked":["Cleave","Beam Cell"],"picked":"Shrug It Off","floor":22},{"not_picked":["Havoc+1","Force Field"],"picked":"BootSequence","floor":23},{"not_picked":["Burning Pact","Headbutt"],"picked":"Streamline","floor":25},{"not_picked":["Headbutt","Blizzard"],"picked":"Battle Trance","floor":28},{"not_picked":["Body Slam","Sentinel+1"],"picked":"Leap","floor":30},{"not_picked":["Feed","Wild Strike"],"picked":"Conserve Battery","floor":31},{"not_picked":["Twin Strike+1","Thunderclap+1"],"picked":"Cleave+1","floor":35},{"not_picked":["Pummel","Iron Wave+1"],"picked":"Ball Lightning+1","floor":37},{"not_picked":["Clash+1","Compile Driver"],"picked":"Searing Blow+1","floor":42},{"not_picked":["Cold Snap+1","Twin Strike"],"picked":"Body Slam+1","floor":44},{"not_picked":["Combust+1","Barrage"],"picked":"Conserve Battery+1","floor":45},{"not_picked":["Metallicize+1","Headbutt"],"picked":"FTL+1","floor":46}],"player_experience":887410,"relics_obtained":[{"floor":7.0,"key":"Anchor"},{"floor":8.0,"key":"Oddly Smooth Stone"},{"floor":9.0,"key":"Mercury Hourglass"},{"floor":11.0,"key":"Gambling Chip"},{"floor":19,"key":"Necronomicon"},{"floor":23,"key":"Whetstone"},{"floor":26,"key":"Strawberry"},{"floor":42,"key":"Centennial Puzzle"},{"floor":43,"key":"Toxic Egg 2"}],"event_choices":[{"damage_healed":0.0,"max_hp_gain":0.0,"max_hp_loss":0.0,"gold_gain":0.0,"event_name":"Liars Game","player_choice":"Ignored","floor":3.0,"gold_loss":0.0,"damage_taken":0.0},{"damage_healed":0.0,"max_hp_gain":0.0,"max_hp_loss":0.0,"gold_gain":75.0,"event_name":"World of Goop","player_choice":"Gather Gold","floor":13.0,"gold_loss":0.0,"damage_taken":11.0},{"damage_healed":0,"gold_gain":0,"player_choice":"Obtained Book","damage_taken":16,"max_hp_gain":0,"max_hp_loss":0,"event_name":"Cursed Tome","floor":19,"gold_loss":0},{"damage_healed":0,"gold_gain":0,"player_choice":"Inject Mutagens","damage_taken":0,"relics_obtained":["MutagenicStrength"],"max_hp_gain":0,"max_hp_loss":0,"event_name":"Drug Dealer","floor":20,"gold_loss":0},{"damage_healed":0,"gold_gain":0,"player_choice":"Ignored","damage_taken":0,"max_hp_gain":0,"max_hp_loss":0,"event_name":"Mysterious Sphere","floor":36,"gold_loss":0},{"damage_healed":24,"gold_gain":0,"player_choice":"Writhe","damage_taken":0,"max_hp_gain":0,"max_hp_loss":0,"event_name":"Winding Halls","floor":38,"gold_loss":0,"cards_obtained":["Writhe"]},{"cards_removed":["Exhume"],"damage_healed":0,"gold_gain":0,"player_choice":"Removed Skill","damage_taken":0,"max_hp_gain":0,"max_hp_loss":0,"event_name":"Falling","floor":39,"gold_loss":0}],"is_beta":false,"boss_relics":[{"not_picked":["Tiny House","Runic Dome"],"picked":"Empty Cage"},{"not_picked":["Busted Crown","Cursed Key"],"picked":"Astrolabe"}],"items_purged_floors":[12],"is_endless":false,"potions_floor_spawned":[14,16,22,23,25,42,44,45],"killed_by":"3 Darklings","ascension_level":0}}