{"host":"moonth","time":1613821458,"event":{"mods":["BaseMod","Marisa£®ÏF”Í°°ƒß¿Ì…≥£©","Minty Spire (QoL Compilation)","Replay The Spire","StSLib","The Senshi","The Servant 0.9.4"],"gold_per_floor":[110,110,110,130,55,81,81,111,111,111,142,142,153,166,166,270,270,288,288,288,288,238,238,255,255,336,336,390,104,104,121,121,217,217,227,245,295,0,46,46,58,8,8,21,55,55,94,94,94,116],"floor_reached":51,"language":"ZHS","playtime":2082,"items_purged":["Regret","Defend_S","Replay:Sluggish","Doubt"],"score":1321,"play_id":"a511e448-1b94-4667-ada3-508b30e4776a","local_time":"20210220194418","is_ascension_mode":true,"campfire_choices":[{"data":"Misdirection","floor":7.0,"key":"SMITH"},{"data":"FlawlessForm","floor":12.0,"key":"SMITH"},{"floor":15.0,"key":"REST"},{"data":"MurderousAura","floor":23.0,"key":"SMITH"},{"data":"Contraction","floor":25.0,"key":"SMITH"},{"data":"KidneyShot","floor":27.0,"key":"SMITH"},{"data":"Exchange","floor":30.0,"key":"SMITH"},{"floor":32.0,"key":"REST"},{"floor":40.0,"key":"REST"},{"data":"Delirium","floor":49.0,"key":"PURGE"}],"circlet_count":0,"master_deck":["Strike_S","Strike_S","Defend_S","Defend_S","KidneyShot+1","Exchange+1","Sunlight+1","Barrier+1","Misdirection+1","FlawlessForm+1","Contraction+1","MurderousAura+1","Enlightenment+1","LightFlow+1","BottledTime","Sabotage","Madness","Madness"],"relics":["Uniform","KneeBrace","Smiling Mask","ReplayTheSpireMod:TigerMarble","Blue Candle","Replay:Bottled Steam","Cursed Key","Golden Egg","Oddly Smooth Stone","Juzu Bracelet","Fusion Hammer","Replay:PocketPolymizer","Membership Card","TungstenRod","Bird Faced Urn","Replay:Bandana","Peace Pipe","Ring of Peace","ReplayTheSpireMod:Ring of Exchange"],"acts_visited":["Exordium","TheCity","TheBeyond"],"potions_floor_usage":[50,50,50],"damage_taken":[{"damage":7.0,"enemies":"Small Slimes","floor":1.0,"turns":3.0},{"damage":0.0,"enemies":"2 Louse","floor":4.0,"turns":1.0},{"damage":18.0,"enemies":"Gremlin Nob","floor":6.0,"turns":5.0},{"damage":5.0,"enemies":"3 Sentries","floor":8.0,"turns":4.0},{"damage":6.0,"enemies":"Gremlin Nob","floor":11.0,"turns":5.0},{"damage":0.0,"enemies":"Jaw Worm","floor":13.0,"turns":7.0},{"damage":0.0,"enemies":"3 Louse","floor":14.0,"turns":2.0},{"damage":1.0,"enemies":"The Guardian","floor":16.0,"turns":13.0},{"damage":14.0,"enemies":"2 Thieves","floor":18.0,"turns":4.0},{"damage":0.0,"enemies":"Spheric Guardian","floor":24.0,"turns":4.0},{"damage":0.0,"enemies":"Snake Plant","floor":31.0,"turns":6.0},{"damage":0.0,"enemies":"Pondfish","floor":33.0,"turns":13.0},{"damage":2.0,"enemies":"3 Shapes","floor":35.0,"turns":4.0},{"damage":0.0,"enemies":"Orb Walker","floor":36.0,"turns":3.0},{"damage":0.0,"enemies":"Mind Bloom Boss Battle","floor":37.0,"turns":6.0},{"damage":57.0,"enemies":"2 Orb Walkers","floor":39.0,"turns":6.0},{"damage":8.0,"enemies":"4 Shapes","floor":41.0,"turns":5.0},{"damage":0.0,"enemies":"Transient","floor":44.0,"turns":5.0},{"damage":0.0,"enemies":"R_Hoarder","floor":45.0,"turns":5.0},{"damage":0.0,"enemies":"Giant Head","floor":47.0,"turns":10.0},{"damage":17,"enemies":"Awakened One","floor":50,"turns":12}],"seed_played":"3003758515045857379","potions_obtained":[{"floor":1.0,"key":"LiquidBronze"},{"floor":8.0,"key":"Ancient Potion"},{"floor":13.0,"key":"Explosive Potion"},{"floor":18.0,"key":"LiquidMemories"},{"floor":35.0,"key":"Dexterity Potion"},{"floor":41.0,"key":"Regen Potion"},{"floor":45.0,"key":"DistilledChaos"}],"is_trial":false,"path_per_floor":["M","?","?","M","$","E","R","E","T","?","E","R","M","M","R","B",null,"M","?","?","?","$","R","M","R","T","R","T","$","R","M","R","B",null,"M","M","?","$","?","R","M","$","T","M","E","?","E","?","R","B",null],"character_chosen":"THE_SERVANT","items_purchased":["Enlightenment","Juzu Bracelet","Membership Card","TungstenRod"],"campfire_rested":3,"item_purchase_floors":[29,29,38,38],"current_hp_per_floor":[58,58,45,45,45,27,27,22,22,22,16,16,16,16,35,34,57,43,32,32,32,32,32,36,36,36,36,36,36,36,36,57,57,67,65,65,65,65,8,29,29,29,29,33,52,44,48,48,48,52],"gold":116,"neow_bonus":"ONE_RANDOM_RARE_CARD","is_daily":false,"chose_seed":false,"campfire_upgraded":6,"win_rate":0.0,"timestamp":1613821458,"path_taken":["M","?","?","M","$","E","R","E","T","?","E","R","M","M","R","BOSS","M","?","?","?","$","R","M","R","T","R","?","$","R","M","R","BOSS","M","M","?","$","?","R","M","$","T","M","E","?","E","?","R","BOSS"],"items_purchased_type":["Card","Relic","Relic","Relic"],"build_version":"2020-12-18","purchased_purges":4,"victory":true,"max_hp_per_floor":[65,65,65,65,65,65,65,65,65,65,65,65,65,65,65,65,65,65,70,70,70,70,70,70,70,70,70,70,70,70,70,70,70,70,70,70,70,70,70,70,70,70,70,70,70,70,70,70,70,70],"card_choices":[{"not_picked":["Reset","Rewind"],"picked":"Barrier","floor":1.0},{"not_picked":["SilverBlades","Starlight"],"picked":"Misdirection","floor":4.0},{"not_picked":["SurpressingFire","Spin","Replace"],"picked":"SKIP","floor":6.0},{"not_picked":["SpecialFormula","Barrier"],"picked":"FlawlessForm","floor":8.0},{"not_picked":["TimeWarp","Alleviate"],"picked":"Contraction","floor":11.0},{"not_picked":["Spin","Defy","WasteNot"],"picked":"SKIP","floor":13.0},{"not_picked":["Starlight","Rearm","Shuttle"],"picked":"SKIP","floor":14.0},{"not_picked":["TrueSight","FlawlessForm"],"picked":"MurderousAura","floor":16.0},{"not_picked":["Spin","Rearm","Potential"],"picked":"SKIP","floor":18.0},{"not_picked":["ShatteredReality","Unruled","Rewind"],"picked":"SKIP","floor":24.0},{"not_picked":["Ricochet","Rewind","Alleviate"],"picked":"SKIP","floor":31.0},{"not_picked":["Solidify","Deny"],"picked":"LightFlow","floor":33.0},{"not_picked":["Potential+1","DoubleEdge+1"],"picked":"BottledTime","floor":35.0},{"not_picked":["Manipulate","Shuttle","GearUp+1"],"picked":"SKIP","floor":36.0},{"not_picked":["SilverBlades","DoubleEdge+1","Starlight+1"],"picked":"SKIP","floor":41.0},{"not_picked":["Potential","Starlight","Defy"],"picked":"SKIP","floor":44.0},{"not_picked":["Deny","DoubleEdge","GearUp+1"],"picked":"SKIP","floor":45.0},{"not_picked":["TimeWarp+1","Defy+1","Collapse+1"],"picked":"SKIP","floor":47.0}],"player_experience":550475,"relics_obtained":[{"floor":6.0,"key":"Smiling Mask"},{"floor":8.0,"key":"ReplayTheSpireMod:TigerMarble"},{"floor":9.0,"key":"Blue Candle"},{"floor":11.0,"key":"Replay:Bottled Steam"},{"floor":26.0,"key":"Golden Egg"},{"floor":28.0,"key":"Oddly Smooth Stone"},{"floor":37.0,"key":"Replay:PocketPolymizer"},{"floor":39.0,"key":"Bird Faced Urn"},{"floor":45.0,"key":"Replay:Bandana"},{"floor":47.0,"key":"Peace Pipe"},{"floor":48.0,"key":"Ring of Peace"},{"floor":48.0,"key":"ReplayTheSpireMod:Ring of Exchange"}],"event_choices":[{"damage_healed":0.0,"max_hp_gain":0.0,"max_hp_loss":0.0,"gold_gain":0.0,"event_name":"Big Fish","player_choice":"Box","floor":2.0,"gold_loss":0.0,"damage_taken":0.0,"relics_obtained":["KneeBrace"],"cards_obtained":["Regret"]},{"damage_healed":0.0,"max_hp_gain":0.0,"max_hp_loss":0.0,"gold_gain":0.0,"event_name":"Shining Light","player_choice":"Entered Light","floor":3.0,"gold_loss":0.0,"damage_taken":13.0,"cards_upgraded":["Barrier","Sunlight"]},{"cards_removed":["Strike_S"],"damage_healed":0.0,"max_hp_gain":0.0,"max_hp_loss":0.0,"gold_gain":0.0,"event_name":"Living Wall","player_choice":"Forget","floor":10.0,"gold_loss":0.0,"damage_taken":0.0},{"damage_healed":0.0,"max_hp_gain":5.0,"max_hp_loss":0.0,"gold_gain":0.0,"event_name":"Forgotten Altar","player_choice":"Shed Blood","floor":19.0,"gold_loss":0.0,"damage_taken":16.0},{"damage_healed":0.0,"max_hp_gain":0.0,"max_hp_loss":0.0,"gold_gain":0.0,"event_name":"Ghosts","player_choice":"Ignored","floor":20.0,"gold_loss":0.0,"damage_taken":0.0},{"cards_removed":["Strike_S"],"damage_healed":0.0,"max_hp_gain":0.0,"max_hp_loss":0.0,"gold_gain":0.0,"event_name":"Back to Basics","player_choice":"Elegance","floor":21.0,"gold_loss":0.0,"damage_taken":0.0},{"damage_healed":0.0,"max_hp_gain":0.0,"max_hp_loss":0.0,"gold_gain":0.0,"event_name":"MindBloom","player_choice":"Fight","floor":37.0,"gold_loss":0.0,"damage_taken":0.0},{"damage_healed":0.0,"max_hp_gain":0.0,"max_hp_loss":0.0,"gold_gain":0.0,"event_name":"Mysterious Sphere","player_choice":"Fight","floor":39.0,"gold_loss":0.0,"damage_taken":0.0},{"damage_healed":0.0,"max_hp_gain":0.0,"max_hp_loss":0.0,"gold_gain":0.0,"event_name":"Winding Halls","player_choice":"Embrace Madness","floor":46.0,"gold_loss":0.0,"damage_taken":9.0,"cards_obtained":["Madness","Madness"]}],"is_beta":true,"boss_relics":[{"not_picked":["Coffee Dripper","ReplayTheSpireMod:DimensionalGlitch"],"picked":"Cursed Key"},{"not_picked":["Replay:Ancient Bell","MysterySword"],"picked":"Fusion Hammer"}],"items_purged_floors":[5,22,29,42],"is_endless":false,"potions_floor_spawned":[1,8,13,16,18,35,41,45],"ascension_level":5}}