{"host":"d52brwsy6af8zvaq","time":1613859127,"event":{"mods":["AchievementEnabler","BaseMod","Bestiary","Highlight Path","Minty Spire (QoL Compilation)","Quick Restart","Relic Stats","ojb\u0027s Better Paths Mod"],"gold_per_floor":[112,123,143,193,213,243,243,268,314,314,334,220,238,2,2,2,2],"floor_reached":16,"language":"ENG","playtime":413,"items_purged":["Strike_B","Strike_B"],"score":224,"play_id":"0438b6de-1b9a-47f6-8a01-16722bfac5e5","local_time":"20210220151207","is_ascension_mode":true,"campfire_choices":[{"data":"Zap","floor":7.0,"key":"SMITH"},{"floor":10,"key":"REST"},{"floor":15,"key":"REST"}],"circlet_count":0,"master_deck":["AscendersBane","Strike_B","Strike_B","Defend_B","Defend_B","Defend_B","Defend_B","Zap+1","Dualcast","Streamline","Static Discharge","Steam","Gash","Beam Cell","Storm+1","Darkness","Self Repair+1","Loop+1"],"relics":["Cracked Core","Orichalcum","Frozen Egg 2","Vajra","Membership Card"],"acts_visited":["Exordium"],"potions_floor_usage":[],"damage_taken":[{"damage":1.0,"enemies":"Cultist","floor":1.0,"turns":3.0},{"damage":2.0,"enemies":"2 Louse","floor":2.0,"turns":3.0},{"damage":7.0,"enemies":"Small Slimes","floor":3.0,"turns":3.0},{"damage":11.0,"enemies":"3 Louse","floor":5.0,"turns":2.0},{"damage":29.0,"enemies":"Gremlin Nob","floor":6.0,"turns":4.0},{"damage":25,"enemies":"Lagavulin","floor":8,"turns":5},{"damage":9,"enemies":"Lots of Slimes","floor":11,"turns":4},{"damage":16,"enemies":"Large Slime","floor":13,"turns":4},{"damage":31,"enemies":"The Guardian","floor":16,"turns":6}],"seed_played":"2871029561906518625","potions_obtained":[{"floor":2.0,"key":"Weak Potion"},{"floor":5.0,"key":"Regen Potion"},{"floor":13,"key":"Ancient Potion"}],"is_trial":false,"path_per_floor":["M","M","M","?","M","E","R","E","T","R","M","$","M","$","R","B"],"character_chosen":"DEFECT","items_purchased":["Darkness","Membership Card","Loop+1"],"campfire_rested":2,"item_purchase_floors":[12,14,14],"current_hp_per_floor":[70,68,61,61,50,33,33,8,8,31,22,22,6,6,29,0,0],"gold":2,"neow_bonus":"TEN_PERCENT_HP_BONUS","is_daily":false,"chose_seed":false,"campfire_upgraded":1,"win_rate":0.0,"timestamp":1613859127,"path_taken":["M","M","?","?","M","E","R","E","T","R","?","?","?","$","R","BOSS"],"items_purchased_type":["Card","Relic","Card"],"build_version":"2020-12-22","purchased_purges":2,"victory":false,"max_hp_per_floor":[78,78,78,78,78,78,78,78,78,78,78,78,78,78,78,78,78],"relic_stats":{"counters":[9,34],"Orichalcum":[42],"obtain_stats":[{"Vajra":9,"Membership Card":14,"Orichalcum":6,"Frozen Egg 2":8,"Cracked Core":0},{"Vajra":6,"Membership Card":8,"Orichalcum":5,"Frozen Egg 2":6,"Cracked Core":0},{"Vajra":20,"Membership Card":28,"Orichalcum":15,"Frozen Egg 2":20,"Cracked Core":0}]},"card_choices":[{"not_picked":["Ball Lightning","Reinforced Body"],"picked":"Streamline","floor":1.0},{"not_picked":["Compile Driver","Double Energy"],"picked":"Static Discharge","floor":2.0},{"not_picked":["Turbo","Streamline"],"picked":"Steam","floor":3.0},{"not_picked":["Hello World","Conserve Battery"],"picked":"Gash","floor":5.0},{"not_picked":["Hologram","Leap"],"picked":"Beam Cell","floor":6.0},{"not_picked":["Fission","Leap"],"picked":"Storm+1","floor":8},{"not_picked":["Tempest","Barrage","Steam"],"picked":"SKIP","floor":11},{"not_picked":["Barrage","Go for the Eyes"],"picked":"Self Repair+1","floor":13}],"player_experience":2321781,"relics_obtained":[{"floor":6.0,"key":"Orichalcum"},{"floor":8,"key":"Frozen Egg 2"},{"floor":9,"key":"Vajra"}],"event_choices":[{"damage_healed":0.0,"max_hp_gain":0.0,"max_hp_loss":0.0,"gold_gain":50.0,"event_name":"Golden Shrine","player_choice":"Pray","floor":4.0,"gold_loss":0.0,"damage_taken":0.0}],"is_beta":false,"boss_relics":[],"items_purged_floors":[12,14],"is_endless":false,"potions_floor_spawned":[2,5,13],"killed_by":"The Guardian","ascension_level":20}}