{"host":"py7qdianp3jrm8dm","time":1613843614,"event":{"mods":["AchievementEnabler","BaseMod","Bestiary","Downfall","Highlight Path","Minty Spire (QoL Compilation)","StSLib"],"gold_per_floor":[99,117,135,155,65,65,65,0,0,0,15,49,49,49,65,170,220,120,131,144,154,168,5,31,43,65,77,123,135,158,180,211,223,223,223],"floor_reached":33,"language":"ENG","playtime":1915,"items_purged":[],"score":285,"play_id":"7374a156-ab4f-4f6e-9bc8-cc4ee01a8479","local_time":"20210220175334","is_ascension_mode":true,"campfire_choices":[{"floor":1,"key":"RECALL"},{"floor":9,"key":"REST"},{"floor":13,"key":"REST"},{"data":"bronze:Assembly","floor":18,"key":"SMITH"},{"floor":27,"key":"REST"},{"floor":29,"key":"REST"}],"circlet_count":0,"master_deck":["bronze:Strike","bronze:Strike","bronze:Strike+1","bronze:Strike","bronze:Defend","bronze:Defend","bronze:Defend","bronze:Defend","bronze:Replicate+1","bronze:Goto","bronze:BuggyMess+1","bronze:OilSpill+1","bronze:DelayedSlice","bronze:ClassDefault+1","bronze:Allocate+1","bronze:BronzeOrb","bronze:OilSpill","bronze:Repair","bronze:BronzeOrb","downfall:Malfunctioning","bronze:Assembly+1","bronze:WildBeam","bronze:WildBeam","bronze:DelayedSlice+1","bronze:OilSpill","bronze:BronzeOrb+1","bronze:HyperBeam","bronze:DelayedSlice+1","bronze:ItsAFeature","bronze:BuggyMess"],"relics":["bronze:BronzeCore","Turnip","PreservedInsect","Tiny House","downfall:HeartBlessingRed","Medical Kit","MawBank","downfall:RedIOU","Thread and Needle"],"acts_visited":["Exordium","TheCity"],"potions_floor_usage":[5,16,20,23,26,33],"damage_taken":[{"damage":6,"enemies":"Cultist","floor":2,"turns":3},{"damage":15,"enemies":"Jaw Worm","floor":3,"turns":4},{"damage":0,"enemies":"Small Slimes","floor":4,"turns":3},{"damage":10,"enemies":"downfall:FleeingMerchant","floor":5,"turns":4},{"damage":17,"enemies":"downfall:FleeingMerchant","floor":8,"turns":4},{"damage":0,"enemies":"downfall:LooterAlt","floor":11,"turns":2},{"damage":27,"enemies":"Lagavulin","floor":12,"turns":4},{"damage":0,"enemies":"Blue Slaver","floor":15,"turns":2},{"damage":16,"enemies":"SI_SHIV_ARCHETYPE","floor":16,"turns":5},{"damage":20,"enemies":"Shell Parasite","floor":19,"turns":4},{"damage":0,"enemies":"Spheric Guardian","floor":20,"turns":1},{"damage":23,"enemies":"3 Cultists","floor":21,"turns":5},{"damage":22,"enemies":"Snecko","floor":22,"turns":6},{"damage":20,"enemies":"downfall:FleeingMerchant","floor":23,"turns":4},{"damage":0,"enemies":"Centurion and Healer","floor":26,"turns":5},{"damage":27,"enemies":"Gremlin Leader","floor":28,"turns":4},{"damage":14,"enemies":"3 Cultists","floor":30,"turns":5},{"damage":0,"enemies":"Cultist and Chosen","floor":31,"turns":3},{"damage":0,"enemies":"Centurion and Healer","floor":32,"turns":3},{"damage":40,"enemies":"IC_MUSHROOM_ARCHETYPE","floor":33,"turns":4}],"seed_played":"-1192257495532560663","potions_obtained":[{"floor":2,"key":"SneckoOil"},{"floor":3,"key":"AttackPotion"},{"floor":11,"key":"ColorlessPotion"},{"floor":15,"key":"bronze:FreeFunctionsPotion"},{"floor":17,"key":"SteroidPotion"},{"floor":19,"key":"Energy Potion"},{"floor":22,"key":"bronze:BurnAndBuffPotion"},{"floor":26,"key":"SteroidPotion"},{"floor":31,"key":"sneckomod:MuddlingPotion"}],"is_trial":false,"path_per_floor":["R","M","M","M","$","?","T","$","R","?","M","E","R","?","M","B",null,"R","M","M","M","M","$","T","?","M","R","E","R","M","M","M","B"],"character_chosen":"THE_AUTOMATON","items_purchased":["bronze:Allocate","bronze:OilSpill","Medical Kit"],"campfire_rested":4,"item_purchase_floors":[5,8,23],"current_hp_per_floor":[70,64,49,49,39,39,39,22,43,40,40,20,41,41,41,32,75,75,55,62,39,24,4,4,4,11,33,6,28,14,14,21,0,0,0],"gold":223,"neow_bonus":"UPGRADE_CARD","is_daily":false,"chose_seed":false,"campfire_upgraded":1,"win_rate":0.0,"timestamp":1613843614,"path_taken":["R","M","?","M","$","?","T","$","R","?","M","E","R","?","M","BOSS","R","M","M","M","M","$","T","?","M","R","E","R","M","M","M","BOSS"],"items_purchased_type":["Card","Card","Relic"],"build_version":"2020-12-22","purchased_purges":0,"victory":false,"max_hp_per_floor":[70,70,70,70,70,70,70,70,70,70,70,70,70,70,70,70,75,75,75,75,75,75,75,75,75,75,75,75,75,75,75,75,75,75,75],"card_choices":[{"not_picked":["bronze:Repair","bronze:WhirlingStrike"],"picked":"bronze:BuggyMess","floor":2},{"not_picked":["bronze:Boost","bronze:DarkDash"],"picked":"bronze:OilSpill","floor":3},{"not_picked":["bronze:FollowUp","bronze:Iterate"],"picked":"bronze:DelayedSlice","floor":4},{"not_picked":["bronze:InfiniteBeams","bronze:Constructor"],"picked":"bronze:ClassDefault","floor":5},{"not_picked":["bronze:Deprecate","bronze:FineTuning"],"picked":"bronze:BronzeOrb","floor":8},{"not_picked":["bronze:Separator","bronze:ChosenStrike"],"picked":"bronze:Repair","floor":11},{"not_picked":["bronze:CutThrough","bronze:BitShift"],"picked":"bronze:BronzeOrb","floor":12},{"not_picked":["bronze:Safeguard","bronze:Overheat","bronze:Frontload"],"picked":"SKIP","floor":15},{"not_picked":["bronze:Hardcode","bronze:TinkerersToolbox"],"picked":"bronze:Assembly","floor":16},{"not_picked":["bronze:InfiniteBeams","bronze:ClassDefault"],"picked":"bronze:WildBeam","floor":17},{"not_picked":["bronze:Overheat","bronze:Backtrace+1"],"picked":"bronze:WildBeam","floor":19},{"not_picked":["bronze:Repulsor","bronze:Separator+1"],"picked":"bronze:DelayedSlice+1","floor":20},{"not_picked":["bronze:GetLatest","bronze:Repulsor","bronze:CloningBeam"],"picked":"SKIP","floor":21},{"not_picked":["bronze:Overload","bronze:Branch"],"picked":"bronze:OilSpill","floor":22},{"not_picked":["bronze:Frontload","bronze:Repulsor","bronze:CutThrough"],"picked":"SKIP","floor":23},{"not_picked":["bronze:Branch","bronze:Shield"],"picked":"bronze:BronzeOrb+1","floor":26},{"not_picked":["bronze:Turbo","bronze:DelayedGuard"],"picked":"bronze:HyperBeam","floor":28},{"not_picked":["bronze:Iterate+1","bronze:Branch"],"picked":"bronze:DelayedSlice+1","floor":30},{"not_picked":["bronze:CutThrough","bronze:Fortify"],"picked":"bronze:ItsAFeature","floor":31},{"not_picked":["bronze:FollowUp","bronze:BitShift"],"picked":"bronze:BuggyMess","floor":32}],"player_experience":624243,"relics_obtained":[{"floor":7,"key":"Turnip"},{"floor":12,"key":"bronze:SilverBullet"},{"floor":24,"key":"MawBank"},{"floor":28,"key":"Thread and Needle"}],"event_choices":[{"damage_healed":0,"gold_gain":0,"player_choice":"Grow","damage_taken":0,"max_hp_gain":0,"max_hp_loss":0,"event_name":"Living Wall","floor":6,"gold_loss":0,"cards_upgraded":["bronze:ClassDefault"]},{"damage_healed":0,"gold_gain":0,"player_choice":"Success","damage_taken":3,"relics_obtained":["PreservedInsect"],"max_hp_gain":0,"max_hp_loss":0,"event_name":"Scrap Ooze","floor":10,"gold_loss":0}],"is_beta":false,"boss_relics":[{"not_picked":["Busted Crown","Fusion Hammer"],"picked":"Tiny House"}],"items_purged_floors":[],"is_endless":false,"potions_floor_spawned":[2,3,11,15,19,22,26,31],"killed_by":"IC_MUSHROOM_ARCHETYPE","ascension_level":1}}