{"host":"ox77rn1xcurm2t5a","time":1613781191,"event":{"mods":["2.2 Compatiblity","AchievementEnabler","Act Like it!","Aspiration","BaseMod","Best Route Mod","Better Match","Better Note","Better Sensory Stone","Block Reminder","Colored Map","Colored Powertips","Conjunction","Conspire","Custom Start","Energized Spire","GifTheSpireLib","Gold Saver","Gremlin Skip","Halation","Highlight Path","Hubris","Infinite Spire","Minty Spire (QoL Compilation)","Pale of the Ancients","Quick Restart","Reliquary","Replay The Spire","Reworked Bosses","ShortenTheSpire","Spire Exporter","StSLib","Stuff the Spire","Wandering Minibosses"],"gold_per_floor":[114,114,129,129,129,129,152,180,180,180,196,228,248,248,248,344,344,358,358,58,68,68,95,48,48,48],"floor_reached":25,"language":"ENG","playtime":525,"items_purged":[],"score":356,"play_id":"5095a10b-5579-4ef9-857b-27525438aaa0","local_time":"20210220023311","is_ascension_mode":true,"campfire_choices":[{"floor":6.0,"key":"RECALL"},{"data":"Uppercut","floor":10.0,"key":"SMITH"},{"data":"Bash","floor":15.0,"key":"SMITH"}],"circlet_count":0,"master_deck":["Strike_R","Strike_R","Strike_R","Strike_R","Strike_R+1","Defend_R","Defend_R","Defend_R","Defend_R","Bash+1","Inflame+1","Cleave+1","Uppercut+1","Perfected Strike","Anger","Cleave","Cleave+1","Disarm+1"],"relics":["Burning Blood","NeowsBlessing","StuffTheSpire:Gunfinga","PreservedInsect","Turnip","infinitespire:Eraser","reliquary:JackalopeAntler","StuffTheSpire:RunicConfusion","Oddly Smooth Stone","Omamori","hubris:64BitClover"],"acts_visited":["Exordium","TheCity"],"potions_floor_usage":[],"damage_taken":[{"damage":0.0,"enemies":"Small Slimes","floor":1.0,"turns":1.0},{"damage":0.0,"enemies":"Jaw Worm","floor":3.0,"turns":1.0},{"damage":0.0,"enemies":"Lagavulin","floor":8.0,"turns":1.0},{"damage":3.0,"enemies":"2 Louse","floor":11.0,"turns":2.0},{"damage":2.0,"enemies":"Gremlin Nob","floor":12.0,"turns":3.0},{"damage":3.0,"enemies":"Exordium Thugs","floor":13.0,"turns":3.0},{"damage":53.0,"enemies":"Fading Forest","floor":16.0,"turns":11.0},{"damage":18.0,"enemies":"Shell Parasite","floor":18.0,"turns":4.0},{"damage":30.0,"enemies":"2 Thieves","floor":21.0,"turns":3.0},{"damage":19.0,"enemies":"Book of Stabbing","floor":23.0,"turns":3.0},{"damage":19,"enemies":"Centurion and Healer","floor":24,"turns":6},{"damage":22,"enemies":"Slavers","floor":25,"turns":2}],"seed_played":"-7433014977010765242","potions_obtained":[{"floor":1.0,"key":"Elixir"},{"floor":3.0,"key":"BlessingOfTheForge"},{"floor":13.0,"key":"SkillPotion"},{"floor":21.0,"key":"BloodPotion"}],"is_trial":false,"path_per_floor":["M","?","M","?","?","R","T","E","T","R","M","E","M","?","R","B",null,"M","?","$","M","T","E","M","E"],"character_chosen":"IRONCLAD","items_purchased":["Oddly Smooth Stone","Omamori"],"campfire_rested":0,"item_purchase_floors":[20,20],"current_hp_per_floor":[78,78,80,80,64,64,64,70,70,70,73,77,80,62,62,23,66,54,54,54,30,30,33,20,0,0],"gold":48,"neow_bonus":"THREE_ENEMY_KILL","is_daily":false,"chose_seed":false,"campfire_upgraded":2,"win_rate":0.0,"timestamp":1613781191,"path_taken":["M","?","M","?","?","R","?","E","T","R","M","E","?","?","R","BOSS","M","?","$","M","?","E","M","E"],"items_purchased_type":["Relic","Relic"],"build_version":"2020-12-22","purchased_purges":0,"victory":false,"max_hp_per_floor":[80,80,80,80,80,80,80,80,80,80,80,80,80,80,80,80,80,80,80,80,80,80,80,80,80,80],"card_choices":[{"not_picked":["Shrug It Off","Sentinel"],"picked":"Inflame","floor":1.0},{"not_picked":["Anger","infinitespire:OneForAll"],"picked":"Cleave","floor":3.0},{"not_picked":["Clothesline","Warcry"],"picked":"Uppercut","floor":8.0},{"not_picked":["Clothesline","Intimidate"],"picked":"Perfected Strike","floor":11.0},{"not_picked":["Iron Wave","Wild Strike"],"picked":"Anger","floor":12.0},{"not_picked":["Hemogenesis","Warcry","Armaments"],"picked":"SKIP","floor":13.0},{"not_picked":["Clothesline","ReplayReversal"],"picked":"Cleave","floor":18.0},{"not_picked":["Body Slam+1","ReplayReversal+1"],"picked":"Cleave+1","floor":21.0},{"not_picked":["Entrench","Power Through"],"picked":"Disarm+1","floor":23.0},{"not_picked":["Iron Wave","StuffTheSpire:RockThrow","hubris:ReadiedAction+1"],"picked":"SKIP","floor":24}],"player_experience":3202206,"relics_obtained":[{"floor":7.0,"key":"StuffTheSpire:Gunfinga"},{"floor":8.0,"key":"PreservedInsect"},{"floor":9.0,"key":"Turnip"},{"floor":12.0,"key":"infinitespire:Eraser"},{"floor":23.0,"key":"hubris:64BitClover"}],"event_choices":[{"damage_healed":0.0,"max_hp_gain":0.0,"max_hp_loss":0.0,"gold_gain":0.0,"event_name":"Living Wall","player_choice":"Grow","floor":2.0,"gold_loss":0.0,"damage_taken":0.0,"cards_upgraded":["Inflame"]},{"damage_healed":0.0,"max_hp_gain":0.0,"max_hp_loss":0.0,"gold_gain":0.0,"event_name":"Golden Idol","player_choice":"Ignored","floor":4.0,"gold_loss":0.0,"damage_taken":0.0},{"damage_healed":0.0,"max_hp_gain":0.0,"max_hp_loss":0.0,"gold_gain":0.0,"event_name":"Shining Light","player_choice":"Entered Light","floor":5.0,"gold_loss":0.0,"damage_taken":16.0,"cards_upgraded":["Strike_R","Cleave"]},{"damage_healed":0.0,"max_hp_gain":0.0,"max_hp_loss":0.0,"gold_gain":0.0,"event_name":"Scrap Ooze","player_choice":"Success","floor":14.0,"gold_loss":0.0,"damage_taken":18.0,"relics_obtained":["reliquary:JackalopeAntler"]},{"damage_healed":0.0,"max_hp_gain":0.0,"max_hp_loss":0.0,"gold_gain":0.0,"event_name":"betterNote:BetterNote","player_choice":"Ignored","floor":19.0,"gold_loss":0.0,"damage_taken":0.0,"cards_obtained":["Strike_P"]}],"is_beta":false,"boss_relics":[{"not_picked":["hubris:GrandSneckoEye","energizedSpire:TabascoSauce"],"picked":"StuffTheSpire:RunicConfusion"}],"items_purged_floors":[],"is_endless":false,"potions_floor_spawned":[1,3,13,21],"killed_by":"Slavers","ascension_level":8}}