{"host":"rg29p8m4aqjozpzt","time":1613831604,"event":{"mods":["100% Spire Juice","Aspiration","Bartender","BaseMod","Beaked The Cultist","Better Altar","Better Match","Better Sensory Stone","Better Skull","Better Third Choice","BetterRewards","Chen","Colored Powertips","Conspire","Downfall","Friendly Minions","Hermit","Hubris","JesterMod","Magitek Elite","Minty Spire (QoL Compilation)","Permanent Neow","Prisma Mod","QueenMod","Quick Restart","Relic Filter","Reorder Act Four","Shade Mod","StSLib","SuperFastMode","The Alterego","The Marked","The Runesmith","Unceasing Turn Reminder"],"gold_per_floor":[99,114,31,31,95,95,141,166,182,182,82,67,77,107,117,220,220,120,30,40,25,41,41,41,60,70,70,97,97,111,111,121,121,121,121],"floor_reached":33,"language":"ENG","playtime":3048,"items_purged":["hexamod:Defend"],"score":325,"play_id":"c62d79f1-a894-4792-a0e8-23ab9f1e7e3b","local_time":"20210220153324","is_ascension_mode":false,"campfire_choices":[{"data":"hexamod:Sear","floor":1,"key":"SMITH"},{"data":"hexamod:RainOfEmbers","floor":6,"key":"SMITH"},{"floor":11,"key":"RECALL"},{"data":"hexamod:NecessarySacrifice","floor":18,"key":"SMITH"},{"data":"hexamod:CatchUp","floor":23,"key":"SMITH"},{"data":"hexamod:ForkedFlame","floor":29,"key":"SMITH"}],"circlet_count":0,"master_deck":["hexamod:Strike+1","hexamod:Strike","hexamod:Strike+1","hexamod:Strike+1","hexamod:Defend","hexamod:Defend","hexamod:Defend","hexamod:Sear+1","hexamod:Float+1","hexamod:NecessarySacrifice+1","hexamod:InspiringFlames","hexamod:ThirdSeal","hexamod:RainOfEmbers+1","hexamod:DynamicBlow+1","hexamod:FourthSeal","hexamod:GhostOfSpirePast","hexamod:GhostflameBarrier+1","hexamod:Hexaguard","hexamod:HexaLevel","hexamod:CatchUp+1","hexamod:Hexaguard","hexamod:GhostflameBarrier","hexamod:ForkedFlame+1","hexamod:FifthSeal","hexamod:FastForward","hexamod:GhostOfSpirePast+1","hexamod:SixthSeal","hexamod:PhantomCloak+1","hexamod:FirstSeal","hexamod:AdvancingGuard+1","hexamod:Again+1","hexamod:Rewind","hexamod:BacktrackSmack+1","hexamod:SixthSeal","hexamod:UnlimitedPower+1","hexamod:TimeWarp+1","hexamod:Hexaguard","Runesmith:Grindstone","hexamod:PhantomFireball+1","hexamod:FirstSeal","hexamod:GhostLash+1"],"relics":["hexamod:SpiritBrand","hubris:Towel","StoneCalendar","Strawberry","Tiny Chest","downfall:HeartBlessingGreen","Calipers","hubris:ScarierMask","downfall:HeartBlessingRed","Molten Egg 2","Turnip"],"acts_visited":["Exordium","TheCity"],"potions_floor_usage":[12,13,14,19,19,19,22,28,32],"damage_taken":[{"damage":0,"enemies":"conspire:RoseBush","floor":2,"turns":3},{"damage":0,"enemies":"downfall:FleeingMerchant","floor":3,"turns":4},{"damage":41,"enemies":"Lagavulin Event","floor":5,"turns":6},{"damage":11,"enemies":"Lagavulin","floor":8,"turns":5},{"damage":3,"enemies":"Small Slimes","floor":9,"turns":2},{"damage":10,"enemies":"downfall:FleeingMerchant","floor":12,"turns":4},{"damage":0,"enemies":"Cultist","floor":13,"turns":2},{"damage":0,"enemies":"Gremlin Nob","floor":14,"turns":4},{"damage":2,"enemies":"Exordium Thugs","floor":15,"turns":4},{"damage":2,"enemies":"SI_SHIV_ARCHETYPE","floor":16,"turns":7},{"damage":0,"enemies":"downfall:FleeingMerchant","floor":19,"turns":4},{"damage":13,"enemies":"Shell Parasite","floor":20,"turns":7},{"damage":0,"enemies":"downfall:FleeingMerchant","floor":21,"turns":4},{"damage":0,"enemies":"conspire:FuzzyDice","floor":22,"turns":3},{"damage":3,"enemies":"Shelled Parasite and Fungi","floor":25,"turns":7},{"damage":0,"enemies":"3 Cultists","floor":26,"turns":5},{"damage":18,"enemies":"conspire:Head Lice","floor":28,"turns":7},{"damage":7,"enemies":"Centurion and Healer","floor":30,"turns":5},{"damage":12,"enemies":"Shelled Parasite and Fungi","floor":32,"turns":6},{"damage":56,"enemies":"DF_ARCHETYPE_CLAW","floor":33,"turns":5}],"seed_played":"7067521095303835235","potions_obtained":[{"floor":8,"key":"Swift Potion"},{"floor":9,"key":"SteroidPotion"},{"floor":10,"key":"Fire Potion"},{"floor":12,"key":"SneckoOil"},{"floor":13,"key":"Fire Potion"},{"floor":13,"key":"Guardian:BlockOnCardUsePotion"},{"floor":14,"key":"hexamod:DoubleChargePotion"},{"floor":15,"key":"Block Potion"},{"floor":19,"key":"Regen Potion"},{"floor":20,"key":"Strength Potion"},{"floor":20,"key":"sneckomod:MuddlingPotion"},{"floor":22,"key":"GamblersBrew"},{"floor":25,"key":"Swift Potion"},{"floor":26,"key":"hexamod:DoubleChargePotion"},{"floor":28,"key":"AttackPotion"},{"floor":32,"key":"Fire Potion"},{"floor":32,"key":"Slimebound:ThreeZeroPotion"}],"is_trial":false,"path_per_floor":["R","M","$","?","?","R","T","E","M","?","R","$","M","E","M","B",null,"R","$","M","$","M","R","T","M","M","T","E","R","M","?","M","B"],"character_chosen":"THE_SPIRIT","items_purchased":["hexamod:ThirdSeal"],"campfire_rested":0,"item_purchase_floors":[3],"current_hp_per_floor":[70,70,70,70,29,29,36,25,22,22,22,12,12,12,10,8,77,77,77,64,64,77,77,77,77,77,77,66,66,59,59,54,0,0,0],"gold":121,"neow_bonus":"UPGRADE_CARD","is_daily":false,"chose_seed":false,"campfire_upgraded":5,"win_rate":0.0,"timestamp":1613831604,"path_taken":["R","M","$","?","?","R","T","E","M","?","R","$","M","E","M","BOSS","R","$","M","?","M","R","T","?","M","?","E","R","?","?","M","BOSS"],"items_purchased_type":["Card"],"build_version":"2020-12-22","purchased_purges":1,"victory":false,"max_hp_per_floor":[70,70,70,70,70,70,77,77,77,77,77,77,77,77,77,77,77,77,77,77,77,77,77,77,77,77,77,77,77,77,77,77,77,77,77],"card_choices":[{"not_picked":["hexamod:BurningTouch","hexamod:HeatCrush"],"picked":"hexamod:NecessarySacrifice","floor":2},{"not_picked":["hexamod:RetreatToShadows","hexamod:HauntingEcho"],"picked":"hexamod:InspiringFlames","floor":3},{"not_picked":["hexamod:SwordOfDarkness","hexamod:GhostShield"],"picked":"hexamod:RainOfEmbers","floor":5},{"not_picked":["hexamod:SpectersWail","hexamod:InspiringFlames"],"picked":"hexamod:DynamicBlow","floor":5},{"not_picked":["hexamod:RetreatToShadows","hexamod:TurnItUp"],"picked":"hexamod:FourthSeal","floor":8},{"not_picked":["hexamod:InspiringFlames","hexamod:EtherealExpedition"],"picked":"hexamod:GhostOfSpirePast","floor":8},{"not_picked":["hexamod:EtherealExpedition","hexamod:HauntingEcho"],"picked":"hexamod:GhostflameBarrier","floor":9},{"not_picked":["hexamod:Firestarter","hexamod:ThermalTransfer"],"picked":"hexamod:Hexaguard","floor":12},{"not_picked":["hexamod:SpectersWail","hexamod:ShieldOfDarkness","hexamod:SkipABeat"],"picked":"SKIP","floor":12},{"not_picked":["hexamod:DynamicBlow","hexamod:FastForward","hexamod:GhostLash"],"picked":"SKIP","floor":13},{"not_picked":["hexamod:FourthSeal","hexamod:FastForward"],"picked":"hexamod:HexaLevel","floor":14},{"not_picked":["hexamod:HauntingEcho","hexamod:NightmareGuise"],"picked":"hexamod:CatchUp","floor":14},{"not_picked":["hexamod:BurningTouch","hexamod:HeatShield"],"picked":"hexamod:Hexaguard","floor":15},{"not_picked":["hexamod:BurningTouch","hexamod:ThermalTransfer"],"picked":"hexamod:GhostflameBarrier","floor":15},{"not_picked":["hexamod:WildfireWeapon","hexamod:GhostflameInferno"],"picked":"hexamod:ForkedFlame","floor":16},{"not_picked":["hexamod:TurnItUp","hexamod:UnlimitedPower"],"picked":"hexamod:FifthSeal","floor":16},{"not_picked":["hexamod:WildfireWeapon","hexamod:ShieldOfDarkness"],"picked":"hexamod:FastForward","floor":19},{"not_picked":["hexamod:SpectersWail","hexamod:BacktrackSmack"],"picked":"hexamod:GhostOfSpirePast","floor":19},{"not_picked":["hexamod:FirstSeal","hexamod:FourthSeal"],"picked":"hexamod:SixthSeal","floor":20},{"not_picked":["hexamod:RetreatToShadows","hexamod:InspiringFlames"],"picked":"hexamod:PhantomCloak","floor":20},{"not_picked":["hexamod:FourthSeal","hexamod:SecondSeal"],"picked":"hexamod:FirstSeal","floor":21},{"not_picked":["hexamod:Again+1","hexamod:HeatMetal+1"],"picked":"hexamod:AdvancingGuard+1","floor":21},{"not_picked":["hexamod:FastForward","hexamod:Hexaguard","hexamod:DynamicBlow+1"],"picked":"SKIP","floor":21},{"not_picked":["hexamod:HeatShield+1","hexamod:ParanormalForm"],"picked":"hexamod:Again+1","floor":22},{"not_picked":["hexamod:SpectersWail+1","hexamod:GhostShield","hexamod:SwordOfDarkness"],"picked":"SKIP","floor":22},{"not_picked":["hexamod:SpectersWail+1","hexamod:Haunt"],"picked":"hexamod:Rewind","floor":25},{"not_picked":["hexamod:FastForward","hexamod:NightmareStrike+1"],"picked":"hexamod:BacktrackSmack+1","floor":25},{"not_picked":["hexamod:FirstSeal","hexamod:SecondSeal"],"picked":"hexamod:SixthSeal","floor":26},{"not_picked":["hexamod:SwordOfDarkness+1","hexamod:HeatCrush+1","hexamod:BacktrackSmack+1"],"picked":"SKIP","floor":26},{"not_picked":["hexamod:FourthSeal","hexamod:HeatMetal+1"],"picked":"hexamod:UnlimitedPower","floor":28},{"not_picked":["hexamod:FastForward","hexamod:SpectersWail+1"],"picked":"hexamod:TimeWarp+1","floor":28},{"not_picked":["hexamod:Incineration+1","hexamod:GhostShield"],"picked":"hexamod:Hexaguard","floor":30},{"not_picked":["hexamod:FourthSeal","hexamod:NecessarySacrifice","hexamod:ChargedBarrage"],"picked":"SKIP","floor":30},{"not_picked":["hexamod:Again","hexamod:HeatShield"],"picked":"hexamod:PhantomFireball+1","floor":32},{"not_picked":["hexamod:SecondSeal","hexamod:FourthSeal"],"picked":"hexamod:FirstSeal","floor":32},{"not_picked":["hexamod:HeatShield","hexamod:FastForward"],"picked":"hexamod:GhostLash+1","floor":32}],"player_experience":1561886,"relics_obtained":[{"floor":7,"key":"Strawberry"},{"floor":8,"key":"Tiny Chest"},{"floor":14,"key":"Calipers"},{"floor":24,"key":"Molten Egg 2"},{"floor":28,"key":"Turnip"}],"event_choices":[{"damage_healed":0,"gold_gain":0,"player_choice":"Got Potions","damage_taken":0,"max_hp_gain":0,"max_hp_loss":0,"event_name":"Lab","floor":10,"gold_loss":0},{"damage_healed":0,"gold_gain":0,"player_choice":"Read","damage_taken":0,"max_hp_gain":0,"max_hp_loss":0,"event_name":"The Library","floor":31,"gold_loss":0,"cards_obtained":["Runesmith:Grindstone"]}],"is_beta":false,"boss_relics":[{"not_picked":["aspiration:BeakedSkillbook","conspire:SeveredTorchhead"],"picked":"hubris:ScarierMask"}],"items_purged_floors":[19],"is_endless":false,"potions_floor_spawned":[8,9,13,14,15,16,20,22,28,30,32],"killed_by":"DF_ARCHETYPE_CLAW","ascension_level":0}}