{"host":"en4narc5947t7k9n","time":1613845024,"event":{"mods":["AchievementEnabler","BaseMod","Colored Map","Minty Spire (QoL Compilation)","SuperFastMode"],"gold_per_floor":[113,113,127,147,147,159,171,196,287,318,330,360,400,427,439,451,451],"floor_reached":16,"language":"KOR","playtime":615,"items_purged":[],"score":104,"play_id":"b5abb87d-0343-4ff3-9a7f-39c13b7df044","local_time":"20210221031704","is_ascension_mode":false,"campfire_choices":[{"floor":6,"key":"RECALL"},{"data":"White Noise","floor":11,"key":"SMITH"},{"data":"Machine Learning","floor":15,"key":"SMITH"}],"circlet_count":0,"master_deck":["Strike_B","Strike_B","Strike_B","Strike_B","Defend_B","Defend_B","Defend_B","Defend_B","Zap","Dualcast","Ball Lightning","Melter","Redo","Beam Cell","FTL","Zap","Hologram","White Noise+1","Sweeping Beam","Machine Learning+1","Reinforced Body"],"relics":["Cracked Core","NeowsBlessing","FaceOfCleric","MawBank","Ancient Tea Set"],"acts_visited":["Exordium"],"potions_floor_usage":[10,14,16],"damage_taken":[{"damage":0,"enemies":"Jaw Worm","floor":1,"turns":1},{"damage":0,"enemies":"Cultist","floor":3,"turns":1},{"damage":0,"enemies":"Small Slimes","floor":4,"turns":1},{"damage":4,"enemies":"Gremlin Gang","floor":8,"turns":3},{"damage":3,"enemies":"Lots of Slimes","floor":10,"turns":3},{"damage":0,"enemies":"3 Louse","floor":12,"turns":3},{"damage":24,"enemies":"Gremlin Nob","floor":13,"turns":3},{"damage":13,"enemies":"Looter","floor":14,"turns":3},{"damage":31,"enemies":"The Guardian","floor":16,"turns":8}],"seed_played":"4033066434644700780","potions_obtained":[{"floor":4,"key":"DistilledChaos"},{"floor":8,"key":"SteroidPotion"},{"floor":13,"key":"Dexterity Potion"},{"floor":14,"key":"Swift Potion"}],"is_trial":false,"path_per_floor":["M","?","M","M","?","R","?","M","T","M","R","M","E","M","R","B"],"character_chosen":"DEFECT","items_purchased":[],"campfire_rested":0,"item_purchase_floors":[],"current_hp_per_floor":[75,75,76,77,65,65,65,62,62,60,60,61,38,26,26,0,0],"gold":451,"neow_bonus":"THREE_ENEMY_KILL","is_daily":false,"chose_seed":false,"campfire_upgraded":2,"win_rate":0.0,"timestamp":1613845024,"path_taken":["M","?","?","M","?","R","?","?","T","M","R","M","E","M","R","BOSS"],"items_purchased_type":[],"build_version":"2020-12-22","purchased_purges":0,"victory":false,"max_hp_per_floor":[75,75,76,77,77,77,77,78,78,79,79,80,81,82,82,82,82],"card_choices":[{"not_picked":["Barrage","Go for the Eyes"],"picked":"Ball Lightning","floor":1},{"not_picked":["Undo","Steam"],"picked":"Melter","floor":3},{"not_picked":["Chaos","Rainbow"],"picked":"Redo","floor":4},{"not_picked":["Cold Snap","Steam"],"picked":"Hologram","floor":8},{"not_picked":["Redo","Consume"],"picked":"White Noise","floor":10},{"not_picked":["Hologram","Steam"],"picked":"Sweeping Beam","floor":12},{"not_picked":["Lockon","Redo"],"picked":"Machine Learning","floor":13},{"not_picked":["Defragment","Beam Cell"],"picked":"Reinforced Body","floor":14}],"player_experience":106912,"relics_obtained":[{"floor":13,"key":"Ancient Tea Set"}],"event_choices":[{"damage_healed":0,"gold_gain":0,"player_choice":"Trade","damage_taken":0,"relics_obtained":["FaceOfCleric"],"max_hp_gain":0,"max_hp_loss":0,"event_name":"FaceTrader","floor":2,"gold_loss":0},{"damage_healed":0,"gold_gain":0,"player_choice":"Success","damage_taken":12,"relics_obtained":["MawBank"],"max_hp_gain":0,"max_hp_loss":0,"event_name":"Scrap Ooze","floor":5,"gold_loss":0},{"damage_healed":0,"gold_gain":0,"player_choice":"3 cards matched","damage_taken":0,"max_hp_gain":0,"max_hp_loss":0,"event_name":"Match and Keep!","floor":7,"gold_loss":0,"cards_obtained":["Beam Cell","FTL","Zap"]}],"is_beta":false,"boss_relics":[],"items_purged_floors":[],"is_endless":false,"potions_floor_spawned":[4,8,13,14],"killed_by":"The Guardian","ascension_level":0}}