{"host":"u7lm8z2rvb4dg2oo","time":1613801487,"event":{"mods":["AchievementEnabler","BaseMod","Bestiary","Block Reminder","Colored Map","Colored Powertips","Curses Come First","DeckTracker","Googly Eyes","Highlight Path","Minty Spire (QoL Compilation)","Quick Restart","StSLib"],"gold_per_floor":[116,131,151,167,167,167,183,183,258,269,298,298,314,314,314,389,389,402,417,436,54,54,54],"floor_reached":22,"language":"ENG","playtime":1561,"items_purged":["Strike_G"],"score":444,"play_id":"5877c7c1-9eef-4988-bf8b-ffdff6c1e9ec","local_time":"20210220011127","is_ascension_mode":true,"campfire_choices":[{"data":"Footwork","floor":6.0,"key":"SMITH"},{"data":"Noxious Fumes","floor":8.0,"key":"SMITH"},{"floor":12,"key":"REST"},{"floor":15,"key":"REST"}],"circlet_count":0,"master_deck":["AscendersBane","Strike_G","Strike_G","Strike_G","Strike_G","Defend_G","Defend_G","Defend_G","Defend_G","Defend_G","Survivor","Neutralize","Noxious Fumes+1","Blade Dance","Bouncing Flask","Footwork+1","Adrenaline","Accuracy","Catalyst+1","Envenom","Bane"],"relics":["Philosopher\u0027s Stone","HornCleat","Thread and Needle","Black Star","Bronze Scales"],"acts_visited":["Exordium","TheCity"],"potions_floor_usage":[16,18,20,22,22],"damage_taken":[{"damage":1.0,"enemies":"Small Slimes","floor":1.0,"turns":4.0},{"damage":3.0,"enemies":"Jaw Worm","floor":2.0,"turns":5.0},{"damage":0.0,"enemies":"2 Louse","floor":3.0,"turns":2.0},{"damage":0.0,"enemies":"Looter","floor":4.0,"turns":3.0},{"damage":11.0,"enemies":"Large Slime","floor":7.0,"turns":6.0},{"damage":3.0,"enemies":"3 Louse","floor":10.0,"turns":4.0},{"damage":40,"enemies":"Gremlin Nob","floor":11,"turns":6},{"damage":0,"enemies":"2 Fungi Beasts","floor":13,"turns":3},{"damage":0,"enemies":"Hexaghost","floor":16,"turns":3},{"damage":18,"enemies":"Chosen","floor":18,"turns":6},{"damage":8,"enemies":"Spheric Guardian","floor":19,"turns":4},{"damage":14,"enemies":"Cultist and Chosen","floor":20,"turns":7},{"damage":21,"enemies":"Centurion and Healer","floor":22,"turns":1}],"seed_played":"3839100150450042906","potions_obtained":[{"floor":2.0,"key":"BlessingOfTheForge"},{"floor":3.0,"key":"AttackPotion"},{"floor":7.0,"key":"Ancient Potion"},{"floor":11,"key":"DuplicationPotion"},{"floor":19,"key":"GhostInAJar"}],"is_trial":false,"path_per_floor":["M","M","M","M","?","R","M","R","T","M","E","R","M","?","R","B",null,"M","M","M","$","M"],"character_chosen":"THE_SILENT","items_purchased":["Bronze Scales","CunningPotion","AttackPotion"],"campfire_rested":2,"item_purchase_floors":[21,21,21],"current_hp_per_floor":[58,55,55,55,55,55,44,44,44,41,1,20,20,20,39,39,59,41,33,19,19,0,0],"gold":54,"neow_bonus":"BOSS_RELIC","is_daily":false,"chose_seed":false,"campfire_upgraded":2,"win_rate":0.0,"timestamp":1613801487,"path_taken":["M","M","M","M","?","R","M","R","T","M","E","R","M","?","R","BOSS","M","M","M","$","M"],"items_purchased_type":["Relic","Potion","Potion"],"build_version":"2020-12-22","purchased_purges":1,"victory":false,"max_hp_per_floor":[66,66,66,66,66,66,66,66,66,66,66,66,66,66,66,66,66,66,66,66,66,66,66],"card_choices":[{"not_picked":["Dodge and Roll","Accuracy"],"picked":"Noxious Fumes","floor":1.0},{"not_picked":["PiercingWail","Underhanded Strike"],"picked":"Blade Dance","floor":2.0},{"not_picked":["Sucker Punch","Underhanded Strike"],"picked":"Bouncing Flask","floor":3.0},{"not_picked":["Concentrate","Prepared"],"picked":"Footwork","floor":4.0},{"not_picked":["Expertise","Escape Plan","Prepared"],"picked":"SKIP","floor":7.0},{"not_picked":["Bane","Prepared"],"picked":"Adrenaline","floor":10.0},{"not_picked":["Slice","Dagger Throw"],"picked":"Accuracy","floor":11},{"not_picked":["Concentrate","Bouncing Flask"],"picked":"Catalyst","floor":13},{"not_picked":["Die Die Die","Night Terror"],"picked":"Envenom","floor":16},{"not_picked":["Dagger Throw","Eviscerate","All Out Attack"],"picked":"SKIP","floor":18},{"not_picked":["Concentrate","Endless Agony"],"picked":"Bane","floor":19},{"not_picked":["Tactician","Calculated Gamble","Outmaneuver+1"],"picked":"SKIP","floor":20}],"player_experience":759828,"relics_obtained":[{"floor":9.0,"key":"HornCleat"},{"floor":11,"key":"Thread and Needle"}],"event_choices":[{"damage_healed":0.0,"max_hp_gain":0.0,"max_hp_loss":0.0,"gold_gain":0.0,"event_name":"The Cleric","player_choice":"Leave","floor":5.0,"gold_loss":0.0,"damage_taken":0.0},{"damage_healed":0,"gold_gain":0,"player_choice":"Grow","damage_taken":0,"max_hp_gain":0,"max_hp_loss":0,"event_name":"Living Wall","floor":14,"gold_loss":0,"cards_upgraded":["Catalyst"]}],"is_beta":false,"boss_relics":[{"not_picked":["SacredBark","Ectoplasm"],"picked":"Black Star"}],"items_purged_floors":[21],"is_endless":false,"potions_floor_spawned":[2,3,7,11,19],"killed_by":"Centurion and Healer","ascension_level":17}}