{"host":"pszcj3piwl6eu8b1","time":1613783156,"event":{"mods":["2.2 Compatiblity","Act Like it!","Aspiration","BaseMod","Better Altar","Better Match","Better Note","Better Sensory Stone","Better Skull","Better Third Choice","Better Vampires","CCEM2","Downfall","Elementarium","Energized Spire","Gensokyo","GifTheSpireLib","Hallownest","Hubris","Marisa????????","Menagerie","Minty Spire (QoL Compilation)","Permanent Neow","Quarter Circle Forward PUNCH!","Quick Restart","Replay The Spire","Ruina","Shop Mod","StSLib","Stuff the Spire","The Animator","The Blue Laboratory"],"gold_per_floor":[116,116,116,132,159,159,159,159],"floor_reached":7,"language":"ENG","playtime":678,"items_purged":[],"score":78,"play_id":"503cb43b-6257-4f25-9d4a-30d5d1fb157b","local_time":"20210219170556","is_ascension_mode":true,"campfire_choices":[{"floor":6,"key":"RECALL"}],"circlet_count":0,"master_deck":["AscendersBane","animator:Strike_TenSura","animator:Defend_TenSura","animator:Strike","animator:Strike","animator:Defend","animator:Defend","animator:Benimaru","animator:Shuna","Elementarium:StickyTar","animator:Ara","animator:Kyubey"],"relics":["animator:LivingPicture","animator:TheMissingPiece","animator:PurgingStone"],"acts_visited":["Gensokyo:Gensokyo"],"potions_floor_usage":[],"damage_taken":[{"damage":11,"enemies":"Gensokyo:Gryphon","floor":1,"turns":4},{"damage":12,"enemies":"Gensokyo:3_Fairies","floor":4,"turns":4},{"damage":4,"enemies":"Gensokyo:Mamizou","floor":7,"turns":6}],"seed_played":"-2625958453240595200","potions_obtained":[{"floor":1,"key":"LifebloodPotion"}],"is_trial":false,"path_per_floor":["M","?","?","M","T","R","E"],"character_chosen":"THE_ANIMATOR","items_purchased":[],"campfire_rested":0,"item_purchase_floors":[],"current_hp_per_floor":[43,36,36,24,24,24,20,20],"gold":159,"neow_bonus":"TRANSFORM_TWO_CARDS","is_daily":false,"chose_seed":false,"campfire_upgraded":0,"win_rate":0.0,"timestamp":1613783156,"path_taken":["M","?","?","M","?","R","E"],"items_purchased_type":[],"build_version":"2020-12-22","purchased_purges":0,"victory":false,"max_hp_per_floor":[60,60,60,60,60,60,60,60],"card_choices":[{"not_picked":["animator:IrohaTamaki","animator:ZankiKiguchi","animator:TukaLunaMarceau"],"picked":"SKIP","floor":1},{"not_picked":["animator:Tet","animator:Jibril","animator:AcuraTooru"],"picked":"SKIP","floor":4}],"player_experience":1440069,"relics_obtained":[],"event_choices":[],"is_beta":false,"boss_relics":[],"items_purged_floors":[],"is_endless":false,"potions_floor_spawned":[1],"killed_by":"Gensokyo:Mamizou","ascension_level":20}}