{"host":"k919bq8mkuzdqhzi","time":1613780165,"event":{"mods":["AchievementEnabler","BaseMod","Colored Map","Colored Powertips","DeckTracker","Minty Spire (QoL Compilation)","Relic Sorter","SuperFastMode"],"gold_per_floor":[110,110,126,73,23,50,50,50,101,2,2,22,34,44,44,141,141,153,163,67,67,80,80,80,80,80,98,98,112,128,142,142,142,142],"floor_reached":33,"language":"ENG","playtime":1950,"items_purged":[],"score":324,"play_id":"714d7ad1-86e0-45f8-8962-86d19d88407a","local_time":"20210219191605","is_ascension_mode":false,"campfire_choices":[{"data":"Eruption","floor":7,"key":"SMITH"},{"data":"CrushJoints","floor":11,"key":"SMITH"},{"data":"Crescendo","floor":15,"key":"SMITH"},{"floor":23,"key":"REST"},{"data":"Protect","floor":28,"key":"SMITH"},{"floor":32,"key":"REST"}],"circlet_count":0,"master_deck":["Eruption+1","Vigilance+1","EmptyBody","EmptyFist+1","Protect+1","Crescendo+1","CrushJoints+1","SashWhip","FollowUp","Devotion","BowlingBash","Prostrate","Brilliance","Meditate","DeceiveReality","BattleHymn","PathToVictory","Wallop","ReachHeaven","Tantrum","Halt","CrushJoints+1","PathToVictory+1","Strike_R","Pray"],"relics":["PureWater","NeowsBlessing","Centennial Puzzle","Whetstone","Pandora\u0027s Box","Eternal Feather","Du-Vu Doll"],"acts_visited":["Exordium","TheCity"],"potions_floor_usage":[16,19,27,33,33],"damage_taken":[{"damage":0,"enemies":"Jaw Worm","floor":1,"turns":1},{"damage":0,"enemies":"Cultist","floor":3,"turns":1},{"damage":0,"enemies":"Lagavulin","floor":6,"turns":1},{"damage":0,"enemies":"2 Louse","floor":12,"turns":2},{"damage":0,"enemies":"Blue Slaver","floor":13,"turns":3},{"damage":0,"enemies":"Large Slime","floor":14,"turns":4},{"damage":0,"enemies":"Slime Boss","floor":16,"turns":3},{"damage":10,"enemies":"Shell Parasite","floor":18,"turns":4},{"damage":8,"enemies":"3 Byrds","floor":19,"turns":4},{"damage":17,"enemies":"Snake Plant","floor":22,"turns":3},{"damage":3,"enemies":"Chosen and Byrds","floor":27,"turns":5},{"damage":12,"enemies":"Cultist and Chosen","floor":29,"turns":5},{"damage":3,"enemies":"Snecko","floor":30,"turns":3},{"damage":35,"enemies":"Shelled Parasite and Fungi","floor":31,"turns":5},{"damage":60,"enemies":"Collector","floor":33,"turns":6}],"seed_played":"-4745975672150265468","potions_obtained":[{"floor":3,"key":"SpeedPotion"},{"floor":13,"key":"SkillPotion"},{"floor":14,"key":"Regen Potion"},{"floor":18,"key":"BlessingOfTheForge"},{"floor":19,"key":"SneckoOil"},{"floor":31,"key":"BlessingOfTheForge"}],"is_trial":false,"path_per_floor":["M","?","M","$","?","E","R","?","T","$","R","M","M","M","R","B",null,"M","M","$","?","M","R","?","?","T","M","R","M","M","M","R","B"],"character_chosen":"WATCHER","items_purchased":["Protect","Crescendo","CrushJoints","Tantrum","Halt"],"campfire_rested":2,"item_purchase_floors":[4,10,10,20,20],"current_hp_per_floor":[72,72,72,72,72,72,72,58,58,58,58,58,58,58,58,63,72,62,54,54,54,37,58,58,58,58,55,67,55,52,17,53,0,0],"gold":142,"neow_bonus":"THREE_ENEMY_KILL","is_daily":false,"chose_seed":false,"campfire_upgraded":4,"win_rate":0.0,"timestamp":1613780165,"path_taken":["M","?","?","$","?","E","R","?","T","?","R","M","M","M","R","BOSS","M","M","$","?","?","R","?","?","T","M","R","M","M","M","R","BOSS"],"items_purchased_type":["Card","Card","Card","Card","Card"],"build_version":"2020-12-22","purchased_purges":0,"victory":false,"max_hp_per_floor":[72,72,72,72,72,72,72,72,72,72,72,72,72,72,72,72,72,72,72,72,72,72,72,72,72,72,72,72,72,72,72,72,72,72],"card_choices":[{"not_picked":["ThirdEye","Nirvana"],"picked":"EmptyBody","floor":1},{"not_picked":["InnerPeace","Conclude"],"picked":"EmptyFist","floor":3},{"not_picked":["Prostrate","BowlingBash","Pray"],"picked":"SKIP","floor":6},{"not_picked":["Collect","Study"],"picked":"SashWhip","floor":12},{"not_picked":["Crescendo","BattleHymn"],"picked":"FollowUp","floor":13},{"not_picked":["Protect","EmptyBody","Blasphemy"],"picked":"SKIP","floor":14},{"not_picked":["MasterReality","DevaForm"],"picked":"Devotion","floor":16},{"not_picked":["Prostrate","EmptyBody"],"picked":"Wallop","floor":18},{"not_picked":["Prostrate","JustLucky"],"picked":"ReachHeaven","floor":19},{"not_picked":["Protect+1","EmptyFist"],"picked":"PathToVictory+1","floor":22},{"not_picked":["PathToVictory","WreathOfFlame+1","InnerPeace"],"picked":"SKIP","floor":27},{"not_picked":["Protect+1","FollowUp+1","ThirdEye"],"picked":"SKIP","floor":29},{"not_picked":["EmptyFist+1","Alpha"],"picked":"Pray","floor":30},{"not_picked":["InnerPeace","Meditate","Conclude"],"picked":"SKIP","floor":31}],"player_experience":170445,"relics_obtained":[{"floor":6,"key":"Centennial Puzzle"},{"floor":9,"key":"Whetstone"},{"floor":26,"key":"Du-Vu Doll"}],"event_choices":[{"damage_healed":0,"gold_gain":0,"player_choice":"Bought 0 Potions","damage_taken":0,"max_hp_gain":0,"max_hp_loss":0,"event_name":"The Woman in Blue","floor":2,"gold_loss":0},{"cards_removed":["Strike_P"],"damage_healed":0,"gold_gain":0,"player_choice":"Card Removal","damage_taken":0,"max_hp_gain":0,"max_hp_loss":0,"event_name":"The Cleric","floor":5,"gold_loss":50},{"damage_healed":0,"gold_gain":0,"player_choice":"Entered Light","damage_taken":14,"max_hp_gain":0,"max_hp_loss":0,"event_name":"Shining Light","floor":8,"gold_loss":0,"cards_upgraded":["Vigilance","EmptyFist"]},{"damage_healed":0,"gold_gain":0,"player_choice":"Copied","damage_taken":0,"max_hp_gain":0,"max_hp_loss":0,"event_name":"Duplicator","floor":21,"gold_loss":0,"cards_obtained":["CrushJoints"]},{"damage_healed":0,"gold_gain":0,"player_choice":"Opened","damage_taken":0,"relics_obtained":["Eternal Feather"],"max_hp_gain":0,"max_hp_loss":0,"event_name":"The Mausoleum","floor":24,"gold_loss":0,"cards_obtained":["Writhe"]},{"cards_removed":["Writhe"],"damage_healed":0,"gold_gain":0,"player_choice":"Took Card","damage_taken":0,"max_hp_gain":0,"max_hp_loss":0,"event_name":"NoteForYourself","floor":25,"gold_loss":0,"cards_obtained":["Strike_R"]}],"is_beta":false,"boss_relics":[{"not_picked":["Runic Pyramid","Calling Bell"],"picked":"Pandora\u0027s Box"}],"items_purged_floors":[],"is_endless":false,"potions_floor_spawned":[3,13,14,18,19,31],"killed_by":"Collector","ascension_level":0}}