{"host":"7rmsgc3rayi00cdt","time":1613830941,"event":{"mods":["BaseMod","Minty Spire (QoL Compilation)"],"gold_per_floor":[110,60,74,74,91,125,125,155,155,170,96,109,61,75,75,180,180,190,190,206,226,279,279,279],"floor_reached":23,"language":"ENG","playtime":924,"items_purged":[],"score":340,"play_id":"71f4b215-953c-4b4c-938f-ec08b26dff4a","local_time":"20210220142221","is_ascension_mode":true,"campfire_choices":[{"floor":7,"key":"REST"},{"floor":15,"key":"REST"}],"circlet_count":0,"master_deck":["AscendersBane","Strike_R+1","Strike_R+1","Strike_R+1","Strike_R+1","Defend_R+1","Defend_R+1","Defend_R+1","Defend_R+1","Bash","Headbutt","Power Through+1","Pommel Strike","Sword Boomerang","Thunderclap","Dropkick","Reckless Charge","True Grit","Shrug It Off","Anger","Heavy Blade"],"relics":["Burning Blood","Shuriken","Bottled Lightning","Mummified Hand","Strawberry"],"acts_visited":["Exordium","TheCity"],"potions_floor_usage":[6,18,20],"damage_taken":[{"damage":24,"enemies":"Small Slimes","floor":1,"turns":7},{"damage":18,"enemies":"Jaw Worm","floor":3,"turns":4},{"damage":3,"enemies":"2 Louse","floor":5,"turns":4},{"damage":20,"enemies":"Gremlin Nob","floor":6,"turns":4},{"damage":30,"enemies":"Lagavulin","floor":8,"turns":5},{"damage":14,"enemies":"Exordium Wildlife","floor":10,"turns":4},{"damage":12,"enemies":"Looter","floor":12,"turns":3},{"damage":0,"enemies":"Large Slime","floor":14,"turns":4},{"damage":38,"enemies":"The Guardian","floor":16,"turns":14},{"damage":10,"enemies":"Spheric Guardian","floor":18,"turns":4},{"damage":8,"enemies":"3 Byrds","floor":20,"turns":5},{"damage":22,"enemies":"Centurion and Healer","floor":21,"turns":10},{"damage":61,"enemies":"Book of Stabbing","floor":23,"turns":6}],"seed_played":"-3471661431382284744","potions_obtained":[{"floor":5,"key":"SteroidPotion"},{"floor":12,"key":"Block Potion"},{"floor":14,"key":"Block Potion"}],"is_trial":false,"path_per_floor":["M","?","M","?","M","E","R","E","T","M","$","M","$","M","R","B",null,"M","?","M","M","T","E"],"character_chosen":"IRONCLAD","items_purchased":["Reckless Charge","Shrug It Off"],"campfire_rested":2,"item_purchase_floors":[11,13],"current_hp_per_floor":[62,62,50,50,53,39,65,41,41,33,33,27,27,33,59,27,73,69,69,67,51,58,0,0],"gold":279,"neow_bonus":"TEN_PERCENT_HP_BONUS","is_daily":false,"chose_seed":false,"campfire_upgraded":0,"win_rate":0.0,"timestamp":1613830941,"path_taken":["M","?","M","?","M","E","R","E","T","?","$","M","$","M","R","BOSS","M","?","M","M","?","E"],"items_purchased_type":["Card","Card"],"build_version":"2020-12-22","purchased_purges":0,"victory":false,"max_hp_per_floor":[88,88,88,88,88,88,88,88,88,88,88,88,88,88,88,88,88,88,88,88,88,95,95,95],"card_choices":[{"not_picked":["Combust","Armaments"],"picked":"Headbutt","floor":1},{"not_picked":["Havoc","Perfected Strike"],"picked":"Power Through","floor":3},{"not_picked":["Rage","Second Wind"],"picked":"Pommel Strike","floor":5},{"not_picked":["True Grit","Heavy Blade"],"picked":"Sword Boomerang","floor":6},{"not_picked":["Reaper","Cleave"],"picked":"Thunderclap","floor":8},{"not_picked":["Metallicize","Armaments"],"picked":"Dropkick","floor":10},{"not_picked":["Flex","Body Slam"],"picked":"True Grit","floor":12},{"not_picked":["Thunderclap","Heavy Blade"],"picked":"Anger","floor":14},{"not_picked":["Feel No Pain","Spot Weakness"],"picked":"Heavy Blade","floor":18},{"not_picked":["Heavy Blade","Carnage","Rage"],"picked":"SKIP","floor":20},{"not_picked":["Entrench","Perfected Strike","Searing Blow"],"picked":"SKIP","floor":21}],"player_experience":829700,"relics_obtained":[{"floor":6,"key":"Shuriken"},{"floor":8,"key":"Bottled Lightning"},{"floor":9,"key":"Mummified Hand"},{"floor":22,"key":"Strawberry"}],"event_choices":[{"cards_removed":["Strike_R"],"damage_healed":0,"gold_gain":0,"player_choice":"Card Removal","damage_taken":0,"max_hp_gain":0,"max_hp_loss":0,"event_name":"The Cleric","floor":2,"gold_loss":50},{"damage_healed":0,"gold_gain":0,"player_choice":"Grow","damage_taken":0,"max_hp_gain":0,"max_hp_loss":0,"event_name":"Living Wall","floor":4,"gold_loss":0,"cards_upgraded":["Power Through"]},{"damage_healed":0,"gold_gain":0,"player_choice":"Simplicity","damage_taken":0,"max_hp_gain":0,"max_hp_loss":0,"event_name":"Back to Basics","floor":19,"gold_loss":0,"cards_upgraded":["Strike_R","Strike_R","Strike_R","Strike_R","Defend_R","Defend_R","Defend_R","Defend_R"]}],"is_beta":false,"boss_relics":[{"not_picked":["Ectoplasm","Runic Pyramid","Coffee Dripper"]}],"items_purged_floors":[],"is_endless":false,"potions_floor_spawned":[5,12,14,16],"killed_by":"Book of Stabbing","ascension_level":11}}