{"host":"2qiq675bnob0y8b8","time":1613794391,"event":{"mods":["Aspiration","Astrologer","BaseMod","Better Altar","Better Third Choice","BetterRewards","Card Forge","Conspire","Downfall","Hermit","Hubris","Infinite Spire","Jorbs\u0027s Wanderer Trilogy","Marisa????????","Minty Spire (QoL Compilation)","Relic Stats","Replay The Spire","Shop Mod","Spicy Shops","StSLib","The Cursed","The Hierophant","The Jungle","The Necromancer","The Runesmith","The Servant 0.9.4"],"gold_per_floor":[117,117,199,199,199,239,239,259,259,259,277,277,277,47,67,67,67,197,197,220,220],"floor_reached":20,"language":"ENG","playtime":2228,"items_purged":["hubris:Despair"],"score":220,"play_id":"761b2c55-825c-480f-8d8f-510bc7e1b8fd","local_time":"20210219231311","is_ascension_mode":false,"campfire_choices":[{"floor":7,"key":"REST"},{"floor":17,"key":"REST"}],"circlet_count":0,"master_deck":["conspire:GhostlyStrike","conspire:GhostlyStrike","conspire:GhostlyStrike","conspire:GhostlyStrike+1","conspire:GhostlyDefend","conspire:GhostlyDefend","conspire:GhostlyDefend","conspire:GhostlyDefend","KidneyShot","Exchange","Misdirection","CurseOfTheBell","CurseOfTheBell","Dilation","Rewind","Rearm","InstantArmor","Ricochet","Barrier","Foresight","Foresight","Rewind","Sunlight","Doubt"],"relics":["Uniform","Hammer of Thor","Seething Fire","Anvil of the Gods","downfall:ExtraCursedBell","ReplayFunnel","Replay:WaspNest","hubris:CuriousFeather","aspiration:ChemicalBlood","Golden Idol","Runesmith:AutoHammer","Durian","Omamori","Replay:Ancient Bell","aspiration:TrustyKnives","Matryoshka","hubris:GlazedTorus"],"acts_visited":["Exordium","TheCity"],"potions_floor_usage":[18],"damage_taken":[{"damage":2,"enemies":"2 Louse","floor":1,"turns":4},{"damage":20,"enemies":"Lagavulin","floor":6,"turns":11},{"damage":0,"enemies":"Jaw Worm","floor":8,"turns":3},{"damage":1,"enemies":"conspire:RoseBush","floor":11,"turns":2},{"damage":0,"enemies":"Blue Slaver","floor":15,"turns":4},{"damage":21,"enemies":"The Guardian","floor":18,"turns":19},{"damage":19,"enemies":"conspire:FuzzyDice","floor":20,"turns":8}],"seed_played":"-1230775183825440002","potions_obtained":[{"floor":6,"key":"Fire Potion"},{"floor":11,"key":"AttackPotion"},{"floor":18,"key":"Block Potion"}],"is_trial":false,"path_per_floor":["M","?","?","?","?","E","R","M","T","?","M","PTL","PTL","$","M","?","R","B",null,"M"],"character_chosen":"THE_SERVANT","items_purchased":["Foresight","Omamori"],"campfire_rested":2,"item_purchase_floors":[14,14],"current_hp_per_floor":[69,69,41,41,24,4,25,25,30,30,29,29,29,29,29,29,51,30,76,57,57],"gold":220,"neow_bonus":"TEN_PERCENT_HP_BONUS","is_daily":false,"chose_seed":false,"campfire_upgraded":0,"win_rate":0.0,"timestamp":1613794391,"path_taken":["M","?","?","?","?","E","R","M","T","?","M","PTL","PTL","$","?","?","R","BOSS","M"],"items_purchased_type":["Card","Relic"],"build_version":"2020-12-22","purchased_purges":1,"victory":false,"max_hp_per_floor":[71,71,71,71,71,71,71,71,76,76,76,76,76,76,76,76,76,76,76,76,76],"relic_stats":{"counters":[7,51],"Golden Idol":51,"obtain_stats":[{"ReplayFunnel":2,"Golden Idol":5,"Hammer of Thor":0,"Replay:WaspNest":2,"aspiration:TrustyKnives":19,"Uniform":0,"Omamori":14,"Replay:Ancient Bell":19,"Seething Fire":0,"Matryoshka":19,"Anvil of the Gods":0,"hubris:CuriousFeather":2,"Durian":9,"Runesmith:AutoHammer":6,"downfall:ExtraCursedBell":2,"aspiration:ChemicalBlood":3,"hubris:GlazedTorus":19},{"ReplayFunnel":1,"Golden Idol":1,"Hammer of Thor":0,"Replay:WaspNest":1,"aspiration:TrustyKnives":6,"Uniform":0,"Omamori":4,"Replay:Ancient Bell":6,"Seething Fire":0,"Matryoshka":6,"Anvil of the Gods":0,"hubris:CuriousFeather":1,"Durian":3,"Runesmith:AutoHammer":2,"downfall:ExtraCursedBell":1,"aspiration:ChemicalBlood":1,"hubris:GlazedTorus":6},{"ReplayFunnel":4,"Golden Idol":4,"Hammer of Thor":0,"Replay:WaspNest":4,"aspiration:TrustyKnives":43,"Uniform":0,"Omamori":20,"Replay:Ancient Bell":43,"Seething Fire":0,"Matryoshka":43,"Anvil of the Gods":0,"hubris:CuriousFeather":4,"Durian":18,"Runesmith:AutoHammer":15,"downfall:ExtraCursedBell":4,"aspiration:ChemicalBlood":4,"hubris:GlazedTorus":43}]},"card_choices":[{"not_picked":["Alleviate","FastForward"],"picked":"Misdirection","floor":1},{"not_picked":["Revamp","Replace"],"picked":"Rewind","floor":3},{"not_picked":["Potential","DoubleEdge"],"picked":"Rearm","floor":3},{"not_picked":["Alleviate","Unruled"],"picked":"InstantArmor","floor":6},{"not_picked":["Spin","Collapse"],"picked":"Ricochet","floor":8},{"not_picked":["Gouge","WasteNot"],"picked":"Barrier","floor":11},{"not_picked":["DualDimension","FastForward"],"picked":"Rewind","floor":15},{"not_picked":["PendulumOfEternity","Solidify"],"picked":"Sunlight","floor":18},{"not_picked":["hubris:Despair","Replay:Sluggish"],"picked":"Overencumbered","floor":19},{"not_picked":["ReplayTheSpireMod:Faulty Equipment","infinitespire:Pacifist"],"picked":"Hallucinations","floor":19},{"not_picked":["infinitespire:Pacifist","hubris:Compulsion"],"picked":"Doubt","floor":19}],"player_experience":165815,"relics_obtained":[{"floor":2,"key":"ReplayFunnel"},{"floor":2,"key":"Replay:WaspNest"},{"floor":2,"key":"hubris:CuriousFeather"},{"floor":3,"key":"aspiration:ChemicalBlood"},{"floor":6,"key":"Runesmith:AutoHammer"},{"floor":9,"key":"Durian"}],"event_choices":[{"damage_healed":0,"gold_gain":0,"player_choice":"Take Damage","damage_taken":17,"relics_obtained":["Golden Idol"],"max_hp_gain":0,"max_hp_loss":0,"event_name":"Golden Idol","floor":5,"gold_loss":0},{"damage_healed":0,"gold_gain":0,"player_choice":"Agree","damage_taken":0,"max_hp_gain":0,"max_hp_loss":0,"event_name":"conspire:LoneGhost","floor":16,"gold_loss":0}],"is_beta":false,"boss_relics":[{"not_picked":["SlaversCollar","hubris:CrackedHourglass"],"picked":"Replay:Ancient Bell"},{"not_picked":["Happy Flower","Anchor"],"picked":"aspiration:TrustyKnives"},{"not_picked":["Replay:Ringing Soul","Garlic"],"picked":"Matryoshka"},{"not_picked":["hubris:Spice","conspire:GiftBox"],"picked":"hubris:GlazedTorus"}],"items_purged_floors":[14],"is_endless":false,"potions_floor_spawned":[6,11,15],"killed_by":"conspire:FuzzyDice","ascension_level":0}}