{"host":"rylkjufw9dlhr07b","time":1613841599,"event":{"mods":["AchievementEnabler","BaseMod","Better Note","BetterRewards","Hubris","Minty Spire (QoL Compilation)","Quick Restart","StSLib","The Bladedancer","The Servant 0.9.4"],"gold_per_floor":[117,90,109,123,398,427,445,463,487,487,487,487,518,536,536,610,610,622,572,587,587,477,477,512,529,552,243,255,267,542,558,558,635,635,654,654,654,668,688,688,719,749,761,773,747,759,784,384,384,384,384],"floor_reached":52,"language":"FRA","playtime":2669,"items_purged":["Pain","Regret"],"score":2596,"play_id":"6c1dea04-a32a-4013-9812-9382ffbee439","local_time":"20210220181959","is_ascension_mode":true,"campfire_choices":[{"floor":10.0,"key":"REST"},{"data":"blademaster:Sharpen","floor":15.0,"key":"SMITH"},{"data":"blademaster:SlyStabs","floor":23.0,"key":"SMITH"},{"data":"blademaster:Empower","floor":32.0,"key":"SMITH"},{"floor":40.0,"key":"REST"},{"data":"blademaster:Reversal","floor":44,"key":"SMITH"},{"data":"blademaster:KiBarrier","floor":49,"key":"SMITH"}],"circlet_count":0,"master_deck":["AscendersBane","blademaster:Strike","blademaster:Strike","blademaster:Strike","blademaster:Strike","blademaster:Defend","blademaster:Defend","blademaster:Defend","blademaster:Defend+1","blademaster:RagingBlow","blademaster:HighVoltage","blademaster:Safeguard","blademaster:Empower+1","blademaster:Stability+1","blademaster:DaggerAndCloak","blademaster:Stability+1","blademaster:DragonStrike","blademaster:Safeguard","blademaster:Cut","blademaster:LeechingStrike+1","blademaster:Sharpen+1","blademaster:LeechingStrike+1","blademaster:Meditate+1","blademaster:SlyStabs+1","blademaster:ColdBlood+1","blademaster:Safeguard","blademaster:HighVoltage","blademaster:Frontflip","blademaster:FuriousStrike","Footwork+1","blademaster:Slice","blademaster:LightningCrash","blademaster:SharpBlades+1","blademaster:WindSlash","blademaster:Havoc","blademaster:CloudOfSteel","blademaster:ThunderSlash","blademaster:DragonStrike","Parasite","blademaster:Flurry","blademaster:Blockade+1","blademaster:SharpBlades+1","blademaster:Reversal+1","blademaster:EyeOfTheTornado+1","blademaster:KiBarrier+1","blademaster:Stability+1"],"relics":["blademaster:DancersAmulet","Membership Card","Regal Pillow","Frozen Egg 2","Dream Catcher","Pantograph","Nunchaku","White Beast Statue","Whetstone","hubris:Towel","Darkstone Periapt","hubris:TerracottaHorce","Blue Candle","Bronze Scales","hubris:MysteriousPyramids","HornCleat","SacredBark","hubris:ToyBattleship","hubris:FruitBowl","Vajra","hubris:PeanutButter","Happy Flower","WarpedTongs","MawBank","hubris:SlimyHat","Centennial Puzzle","Pear","Orichalcum"],"acts_visited":["Exordium","TheCity","TheBeyond"],"potions_floor_usage":[42,47,48,50,50],"damage_taken":[{"damage":0.0,"enemies":"Cultist","floor":1.0,"turns":3.0},{"damage":0.0,"enemies":"Small Slimes","floor":3.0,"turns":3.0},{"damage":0.0,"enemies":"2 Louse","floor":4.0,"turns":2.0},{"damage":7.0,"enemies":"Lagavulin","floor":6.0,"turns":6.0},{"damage":0.0,"enemies":"Gremlin Gang","floor":7.0,"turns":4.0},{"damage":8.0,"enemies":"2 Fungi Beasts","floor":8.0,"turns":4.0},{"damage":0.0,"enemies":"Gremlin Nob","floor":13.0,"turns":2.0},{"damage":16.0,"enemies":"Blue Slaver","floor":14.0,"turns":4.0},{"damage":18.0,"enemies":"The Guardian","floor":16.0,"turns":8.0},{"damage":21.0,"enemies":"Shell Parasite","floor":18.0,"turns":4.0},{"damage":0.0,"enemies":"Chosen","floor":20.0,"turns":3.0},{"damage":0.0,"enemies":"Book of Stabbing","floor":24.0,"turns":3.0},{"damage":0.0,"enemies":"Snake Plant","floor":25.0,"turns":4.0},{"damage":0.0,"enemies":"3 Cultists","floor":28.0,"turns":4.0},{"damage":2.0,"enemies":"Snecko","floor":29.0,"turns":4.0},{"damage":7.0,"enemies":"Centurion and Healer","floor":31.0,"turns":7.0},{"damage":1.0,"enemies":"Champ","floor":33.0,"turns":7.0},{"damage":8.0,"enemies":"3 Darklings","floor":35.0,"turns":3.0},{"damage":0.0,"enemies":"Orb Walker","floor":38.0,"turns":2.0},{"damage":7.0,"enemies":"Writhing Mass","floor":39.0,"turns":6.0},{"damage":1,"enemies":"Reptomancer","floor":41,"turns":5},{"damage":8,"enemies":"Spire Growth","floor":42,"turns":3},{"damage":4,"enemies":"3 Darklings","floor":46,"turns":4},{"damage":0,"enemies":"Giant Head","floor":47,"turns":5},{"damage":0,"enemies":"hubris:GrandSnecko","floor":50,"turns":8},{"damage":33,"enemies":"Time Eater","floor":51,"turns":6}],"seed_played":"-6891992821601232176","potions_obtained":[{"floor":3.0,"key":"PowerPotion"},{"floor":7.0,"key":"AttackPotion"},{"floor":8.0,"key":"FearPotion"},{"floor":13.0,"key":"Dexterity Potion"},{"floor":14.0,"key":"LiquidMemories"},{"floor":16.0,"key":"AttackPotion"},{"floor":18.0,"key":"ColorlessPotion"},{"floor":20.0,"key":"GamblersBrew"},{"floor":24.0,"key":"SmokeBomb"},{"floor":25.0,"key":"FairyPotion"},{"floor":28.0,"key":"ColorlessPotion"},{"floor":29.0,"key":"Dexterity Potion"},{"floor":31.0,"key":"Swift Potion"},{"floor":33.0,"key":"Weak Potion"},{"floor":35.0,"key":"Fruit Juice"},{"floor":38.0,"key":"SpeedPotion"},{"floor":39.0,"key":"SteroidPotion"},{"floor":41,"key":"Energy Potion"},{"floor":42,"key":"SpeedPotion"},{"floor":46,"key":"Swift Potion"},{"floor":47,"key":"AttackPotion"}],"is_trial":false,"path_per_floor":["M","$","M","M","?","E","M","M","T","R","?","?","E","M","R","B",null,"M","?","M","?","?","R","E","M","T","$","M","M","?","M","R","B",null,"M","$","?","M","M","R","E","M","T","R","$","M","E","$","R","B","B",null],"character_chosen":"THE_BLADEMASTER","items_purchased":["Membership Card","Regal Pillow","blademaster:Safeguard","Frozen Egg 2","blademaster:Empower","blademaster:Stability+1","blademaster:DaggerAndCloak","blademaster:Stability+1","blademaster:DragonStrike","Dream Catcher","Pantograph","Nunchaku","blademaster:Safeguard","blademaster:Cut","blademaster:Sharpen","hubris:MysteriousPyramids","HornCleat","blademaster:LightningCrash","hubris:ToyBattleship","hubris:FruitBowl","Vajra","hubris:PeanutButter","Happy Flower","Pear","Fruit Juice","Ancient Potion","blademaster:Stability+1","Orichalcum"],"campfire_rested":2,"item_purchase_floors":[0,0,0,0,0,0,0,0,0,0,0,0,0,0,2,27,27,27,36,36,36,36,36,48,48,48,48,48],"current_hp_per_floor":[22,22,22,25,25,26,26,27,27,63,63,71,71,61,61,67,70,59,59,69,69,69,69,71,71,71,71,71,71,77,70,70,77,77,84,19,28,38,57,103,105,97,97,97,97,105,105,135,135,135,123],"gold":384,"neow_bonus":"","is_daily":false,"chose_seed":false,"campfire_upgraded":5,"win_rate":0.0,"timestamp":1613841599,"path_taken":["M","?","M","M","?","E","M","?","T","R","?","?","E","?","R","BOSS","M","?","M","?","?","R","E","?","T","$","M","M","?","M","R","BOSS","M","?","?","M","M","R","E","M","T","R","$","M","E","$","R","BOSS","BOSS"],"items_purchased_type":["Relic","Relic","Card","Relic","Card","Card","Card","Card","Card","Relic","Relic","Relic","Card","Card","Card","Relic","Relic","Card","Relic","Relic","Relic","Relic","Relic","Relic","Potion","Potion","Card","Relic"],"build_version":"2020-12-22","purchased_purges":2,"victory":true,"max_hp_per_floor":[71,71,71,71,71,71,71,71,71,71,71,71,71,71,71,71,71,71,71,71,71,71,71,71,71,71,71,71,71,77,77,77,77,77,87,87,96,96,105,105,105,105,105,105,105,105,105,135,135,135,135],"card_choices":[{"not_picked":["blademaster:TraverseCut","blademaster:Cut"],"picked":"blademaster:LeechingStrike","floor":1.0},{"not_picked":["blademaster:SharpBlades+1","blademaster:AirSlash"],"picked":"blademaster:LeechingStrike","floor":3.0},{"not_picked":["blademaster:OneTrickPony+1","blademaster:IcyWind","blademaster:ChargingUp"],"picked":"SKIP","floor":4.0},{"not_picked":["blademaster:KiBarrier","blademaster:AwakeningDefend","blademaster:BloodyBlow"],"picked":"SKIP","floor":6.0},{"not_picked":["blademaster:AwakeningStrike","blademaster:Sharpen"],"picked":"blademaster:Meditate+1","floor":7.0},{"not_picked":["blademaster:Stormstrike","blademaster:Thrust"],"picked":"blademaster:SlyStabs","floor":8.0},{"not_picked":["blademaster:DaggerAndCloak","blademaster:Stormstrike"],"picked":"blademaster:ColdBlood+1","floor":10.0},{"not_picked":["blademaster:Momentum+1","blademaster:BloodyBlow","blademaster:KiBarrier"],"picked":"SKIP","floor":13.0},{"not_picked":["blademaster:Stability+1","blademaster:TraverseCut"],"picked":"blademaster:Safeguard","floor":14.0},{"not_picked":["blademaster:CloudOfSteel","blademaster:StanceMastery+1"],"picked":"blademaster:HighVoltage","floor":16.0},{"not_picked":["blademaster:Slice","blademaster:AwakeningStrike+1"],"picked":"blademaster:Frontflip","floor":18.0},{"not_picked":["blademaster:FlockOfBlades+1","blademaster:AirSlash"],"picked":"blademaster:FuriousStrike","floor":20.0},{"not_picked":["blademaster:KiBarrier","blademaster:Frenzy+1","blademaster:ChargingUp"],"picked":"SKIP","floor":24.0},{"not_picked":["blademaster:FuriousStrike","blademaster:BloodyBlow"],"picked":"blademaster:Slice","floor":25.0},{"not_picked":["blademaster:LeechingStrike","blademaster:AwakeningStrike"],"picked":"blademaster:SharpBlades+1","floor":28.0},{"not_picked":["blademaster:SlyStabs","blademaster:Thrust"],"picked":"blademaster:WindSlash","floor":29.0},{"not_picked":["blademaster:AwakeningDefend","blademaster:Frontflip"],"picked":"blademaster:Havoc","floor":31.0},{"not_picked":["blademaster:UnrelentingWind","blademaster:HighVoltage"],"picked":"blademaster:CloudOfSteel","floor":33.0},{"not_picked":["blademaster:BloodyBlow+1","blademaster:Vortex"],"picked":"blademaster:ThunderSlash","floor":35.0},{"not_picked":["blademaster:LeechingStrike+1","blademaster:AspectOfWind"],"picked":"blademaster:DragonStrike","floor":38.0},{"not_picked":["blademaster:BladeCross","blademaster:ChargingUp"],"picked":"blademaster:Flurry","floor":39.0},{"not_picked":["blademaster:DeadlyDance","blademaster:ThunderingOpener+1"],"picked":"blademaster:Blockade+1","floor":40.0},{"not_picked":["blademaster:Vortex","blademaster:Havoc+1"],"picked":"blademaster:SharpBlades+1","floor":41},{"not_picked":["blademaster:AspectOfWind","blademaster:SlyStabs"],"picked":"blademaster:Reversal","floor":42},{"not_picked":["blademaster:ChargingUp","blademaster:Frontflip+1"],"picked":"blademaster:EyeOfTheTornado+1","floor":46},{"not_picked":["blademaster:FlockOfBlades+1","blademaster:DeadlyDance"],"picked":"blademaster:KiBarrier","floor":47}],"player_experience":675714,"relics_obtained":[{"floor":6.0,"key":"White Beast Statue"},{"floor":6.0,"key":"blademaster:StrongPerk"},{"floor":9.0,"key":"Whetstone"},{"floor":13.0,"key":"blademaster:FuryEveryTurnPerk"},{"floor":13.0,"key":"Darkstone Periapt"},{"floor":24.0,"key":"blademaster:ComboEveryTurnPerk"},{"floor":24.0,"key":"Blue Candle"},{"floor":26.0,"key":"Bronze Scales"},{"floor":41,"key":"MawBank"},{"floor":41,"key":"blademaster:BleedingLaceratePerk"},{"floor":43,"key":"hubris:SlimyHat"},{"floor":47,"key":"Centennial Puzzle"},{"floor":47,"key":"blademaster:BonusComboPerk"}],"event_choices":[{"damage_healed":0.0,"max_hp_gain":0.0,"max_hp_loss":0.0,"gold_gain":275.0,"event_name":"Golden Shrine","player_choice":"Desecrate","floor":5.0,"gold_loss":0.0,"damage_taken":0.0,"cards_obtained":["Regret"]},{"damage_healed":8.0,"max_hp_gain":0.0,"max_hp_loss":0.0,"gold_gain":0.0,"event_name":"Wheel of Change","player_choice":"Full Heal","floor":12.0,"gold_loss":0.0,"damage_taken":0.0},{"damage_healed":0.0,"max_hp_gain":0.0,"max_hp_loss":0.0,"gold_gain":0.0,"event_name":"The Joust","player_choice":"Bet on Murderer","floor":19.0,"gold_loss":50.0,"damage_taken":0.0},{"cards_removed":["blademaster:Empower"],"damage_healed":0.0,"max_hp_gain":0.0,"max_hp_loss":0.0,"gold_gain":0.0,"event_name":"betterNote:BetterNote","player_choice":"Take \u0026 Give","floor":21.0,"gold_loss":0.0,"damage_taken":0.0,"cards_obtained":["Footwork"]},{"cards_removed":["Regret"],"damage_healed":0.0,"max_hp_gain":0.0,"max_hp_loss":0.0,"gold_gain":0.0,"event_name":"Designer","player_choice":"Upgrade and Remove","floor":22.0,"gold_loss":110.0,"damage_taken":0.0,"cards_upgraded":["blademaster:Defend"]},{"damage_healed":0.0,"max_hp_gain":0.0,"max_hp_loss":0.0,"gold_gain":275.0,"event_name":"Golden Shrine","player_choice":"Desecrate","floor":30.0,"gold_loss":0.0,"damage_taken":0.0,"cards_obtained":["Regret"]},{"damage_healed":0.0,"max_hp_gain":0.0,"max_hp_loss":0.0,"gold_gain":0.0,"event_name":"Accursed Blacksmith","player_choice":"Rummage","floor":37.0,"gold_loss":0.0,"damage_taken":0.0,"relics_obtained":["WarpedTongs"],"cards_obtained":["Pain"]}],"is_beta":false,"boss_relics":[{"not_picked":["Cursed Key","Calling Bell"],"picked":"hubris:TerracottaHorce"},{"not_picked":["Tiny House","hubris:VirtuousBlindfold"],"picked":"SacredBark"}],"items_purged_floors":[45,48],"is_endless":false,"potions_floor_spawned":[3,7,8,13,14,16,18,20,24,25,28,29,31,33,35,38,39,41,42,46,47],"ascension_level":15}}