{"host":"tcdxiwht2vajk3tk","time":1613847963,"event":{"mods":["AchievementEnabler","BaseMod","Beaked The Cultist","Colored Powertips","Conspire","Defuse TimeMaze Blight","Downfall","Halation","Hermit","Hubris","Infinite Spire","Lobotomy","LobotomyExtend","Minty Spire (QoL Compilation)","Replay The Spire","Shop Mod","StSLib","The Cursed","The Disciple"],"gold_per_floor":[113,123,123,298,310,310,344,344,344,249,249,280,245,263,263,359,359,377,289,300,250,262,142,162,162,186,196,222,237,252,263,263,359,359,375,395,406,420,430,430,444,551,626,644,644,0,16,45,45,45],"floor_reached":51,"language":"ENG","playtime":10638,"items_purged":[],"score":790,"play_id":"13fe0023-2193-4b81-8fca-a1d6fe21020a","local_time":"20210220140603","is_ascension_mode":false,"campfire_choices":[{"data":"beaked:Ceremony","floor":6.0,"key":"SMITH"},{"data":"beaked:Ceremony","floor":8.0,"key":"SMITH"},{"data":"beaked:Ceremony","floor":15.0,"key":"SMITH"},{"data":"beaked:AwakenedForm","floor":25.0,"key":"SMITH"},{"floor":32.0,"key":"REST"},{"data":"beaked:AwakenedForm","floor":40.0,"key":"SMITH"},{"data":"beaked:MachineEssence","floor":45.0,"key":"SMITH"},{"floor":49,"key":"REST"}],"circlet_count":0,"master_deck":["beaked:Strike_Y","beaked:Strike_Y","beaked:Strike_Y","beaked:Strike_Y","beaked:Strike_Y","beaked:Strike_Y","beaked:Defend_Y+1","beaked:Defend_Y","beaked:Defend_Y","beaked:Defend_Y","beaked:Ceremony+1","beaked:Ceremony+1","beaked:Ceremony+1","beaked:Cower","beaked:BraceForImpact","Doubt","beaked:SurvivalInstinct+1","beaked:BloodForTheGods+1","beaked:Insight","beaked:Hexing","beaked:AwakenedForm+1","beaked:BounceBack+1","beaked:Foresight+1","beaked:MachineSpirit+1","beaked:AwakenedForm+1","beaked:MachineEssence+1","beaked:BloodRitual+1","beaked:DesperateSwing+1","beaked:Tweet+1","beaked:Foresight+1","beaked:BarbedWire+1","beaked:SacrificialScars+1","beaked:HuntressSpirit+1","beaked:MaddeningMurmurs","beaked:Tweet+1","beaked:SurvivalInstinct+1","beaked:Overpower+1","beaked:Tweet+1","beaked:SurvivalInstinct+1","beaked:FeelMyPain+1","beaked:WarriorSpirit+1","beaked:WarriorEssence+1","beaked:FeelMyPain+1","beaked:KnowThyFoe+1"],"relics":["beaked:MendingPlumage","LetterFromLob","Toxic Egg 2","RedMistMask","Molten Egg 2","MerchantsRug","Replay:Baseball","Replay:Bronze Core","DollysMirror","Art of War","Nunchaku","Runic Pyramid","conspire:BottledYoYo","Red Mask","hubris:SlimyHat"],"acts_visited":["Exordium","TheCity","TheBeyond"],"potions_floor_usage":[48,51],"damage_taken":[{"damage":6.0,"enemies":"Cultist","floor":1.0,"turns":4.0},{"damage":7.0,"enemies":"Jaw Worm","floor":2.0,"turns":6.0},{"damage":30.0,"enemies":"Small Slimes","floor":5.0,"turns":5.0},{"damage":21.0,"enemies":"3 Sentries","floor":7.0,"turns":3.0},{"damage":27.0,"enemies":"Gremlin Nob","floor":12.0,"turns":5.0},{"damage":5.0,"enemies":"2 Fungi Beasts","floor":14.0,"turns":3.0},{"damage":33.0,"enemies":"Hexaghost","floor":16.0,"turns":8.0},{"damage":44.0,"enemies":"Chosen","floor":18.0,"turns":8.0},{"damage":76.0,"enemies":"Shell Parasite","floor":20.0,"turns":8.0},{"damage":40.0,"enemies":"conspire:HollyBat","floor":22.0,"turns":7.0},{"damage":89.0,"enemies":"Snake Plant","floor":24.0,"turns":9.0},{"damage":45.0,"enemies":"Snecko","floor":27.0,"turns":6.0},{"damage":86.0,"enemies":"Slavers","floor":28.0,"turns":6.0},{"damage":87.0,"enemies":"Sentry and Sphere","floor":29.0,"turns":8.0},{"damage":59.0,"enemies":"Chosen and Byrds","floor":30.0,"turns":9.0},{"damage":96.0,"enemies":"Cultist and Chosen","floor":31.0,"turns":7.0},{"damage":126.0,"enemies":"hubris:MusketHawk","floor":33.0,"turns":10.0},{"damage":91.0,"enemies":"3 Shapes","floor":35.0,"turns":6.0},{"damage":61.0,"enemies":"Orb Walker","floor":36.0,"turns":7.0},{"damage":49.0,"enemies":"Sphere and 2 Shapes","floor":37.0,"turns":4.0},{"damage":50.0,"enemies":"Writhing Mass","floor":38.0,"turns":7.0},{"damage":49.0,"enemies":"Transient","floor":39.0,"turns":5.0},{"damage":81.0,"enemies":"Jaw Worm Horde","floor":41.0,"turns":7.0},{"damage":35.0,"enemies":"4 Shapes","floor":44.0,"turns":9.0},{"damage":33.0,"enemies":"Spire Growth","floor":47.0,"turns":6.0},{"damage":94,"enemies":"Nightmare","floor":48,"turns":8},{"damage":120,"enemies":"hubris:GrandSnecko","floor":50,"turns":7}],"seed_played":"-1854222361293215125","potions_obtained":[{"floor":5.0,"key":"Slimebound:ThreeZeroPotion"},{"floor":12.0,"key":"bronze:BurnAndBuffPotion"},{"floor":14.0,"key":"Weak Potion"},{"floor":16.0,"key":"champ:CounterPotion"},{"floor":24.0,"key":"Toxic Potion"},{"floor":29.0,"key":"Energy Potion"},{"floor":33.0,"key":"Regen Potion"},{"floor":37.0,"key":"Guardian:BlockOnCardUsePotion"},{"floor":38.0,"key":"Swift Potion"},{"floor":39.0,"key":"SteroidPotion"},{"floor":44.0,"key":"Adrenaline Potion"},{"floor":47.0,"key":"Weak Potion"},{"floor":48,"key":"Swift Potion"}],"is_trial":false,"path_per_floor":["M","M","T","?","M","R","E","R","T","$","?","E","?","M","R","B",null,"M","$","M","?","M","$","M","R","T","M","E","M","M","M","R","B",null,"M","M","M","M","M","R","M","?","T","M","R","?","M","NM","R","B",null],"character_chosen":"BEAKED_THE_CULTIST","items_purchased":["MerchantsRug","FairyPotion","DollysMirror"],"campfire_rested":2,"item_purchase_floors":[10,19,23],"current_hp_per_floor":[49,57,57,57,39,39,24,24,24,24,24,41,56,57,57,43,62,51,51,62,62,36,36,45,45,45,62,39,11,42,22,40,15,62,17,23,17,19,14,14,38,8,8,61,61,61,61,57,82,20],"gold":45,"neow_bonus":"TWENTY_PERCENT_HP_BONUS","is_daily":false,"chose_seed":false,"campfire_upgraded":6,"win_rate":0.0,"timestamp":1613847963,"path_taken":["M","M","?","?","M","R","E","R","T","$","?","E","?","M","R","BOSS","M","$","M","?","M","$","M","R","T","M","E","M","M","M","R","BOSS","M","M","M","M","?","R","M","?","T","M","R","?","M","NM","R","BOSS"],"items_purchased_type":["Relic","Potion","Relic"],"build_version":"2020-12-22","purchased_purges":0,"victory":true,"max_hp_per_floor":[60,60,60,60,60,60,60,60,60,60,60,62,62,62,62,62,62,62,62,62,62,62,62,62,62,62,62,62,62,62,62,62,62,62,65,68,71,71,74,74,77,77,77,80,80,80,83,86,86,89],"card_choices":[{"not_picked":["beaked:CrazyRituals","beaked:Daydream"],"picked":"beaked:Cower","floor":1.0},{"not_picked":["beaked:Tradeoff","beaked:Foresight"],"picked":"beaked:BraceForImpact","floor":2.0},{"not_picked":["beaked:SacrificialAttack","ReplayTheSpireMod:Wings of Steel+1"],"picked":"beaked:SurvivalInstinct+1","floor":5.0},{"not_picked":["beaked:Cower+1","beaked:Insight"],"picked":"beaked:BloodForTheGods+1","floor":7.0},{"not_picked":["beaked:Replenish+1","ReplayTheSpireMod:Wings of Steel+1"],"picked":"beaked:Insight","floor":12.0},{"not_picked":["beaked:BraceForImpact+1","beaked:Foresight+1"],"picked":"beaked:Hexing","floor":14.0},{"not_picked":["beaked:DarkTribute+1","beaked:SacrificialScars+1"],"picked":"beaked:AwakenedForm","floor":16.0},{"not_picked":["beaked:Daydream+1","beaked:Brace+1"],"picked":"beaked:BounceBack+1","floor":18.0},{"not_picked":["beaked:Tradeoff+1","beaked:Insight"],"picked":"beaked:Foresight+1","floor":20.0},{"not_picked":["beaked:Daydream+1","beaked:Poke+1"],"picked":"beaked:MachineSpirit+1","floor":22.0},{"not_picked":["beaked:MimicWarrior+1","beaked:WarriorEssence+1"],"picked":"beaked:MachineEssence","floor":24.0},{"not_picked":["beaked:Hexing","beaked:Roost+1"],"picked":"beaked:BloodRitual+1","floor":27.0},{"not_picked":["beaked:Devastation","beaked:MimicHuntress+1"],"picked":"beaked:DesperateSwing+1","floor":28.0},{"not_picked":["ReplayTheSpireMod:Wings of Steel+1","beaked:Pecker+1"],"picked":"beaked:Tweet+1","floor":29.0},{"not_picked":["beaked:Recite+1","beaked:Pecker+1"],"picked":"beaked:Foresight+1","floor":30.0},{"not_picked":["beaked:DarkPact+1","beaked:SacrificialAttack+1"],"picked":"beaked:BarbedWire+1","floor":31.0},{"not_picked":["beaked:KnowThyFoe+1","beaked:MachineEssence"],"picked":"beaked:SacrificialScars+1","floor":33.0},{"not_picked":["beaked:Devastation","beaked:Tweet+1"],"picked":"beaked:HuntressSpirit+1","floor":35.0},{"not_picked":["beaked:TuckingFeathers+1","beaked:StickSmack+1"],"picked":"beaked:MaddeningMurmurs","floor":36.0},{"not_picked":["beaked:DesperateSwing+1","beaked:TuckingFeathers+1"],"picked":"beaked:Tweet+1","floor":37.0},{"not_picked":["beaked:TuckingFeathers+1","beaked:StickSmack+1"],"picked":"beaked:SurvivalInstinct+1","floor":38.0},{"not_picked":["beaked:Tweet+1","beaked:BraceForImpact+1"],"picked":"beaked:Overpower+1","floor":39.0},{"not_picked":["beaked:DarkPact+1","beaked:Redirect+1"],"picked":"beaked:Tweet+1","floor":41.0},{"not_picked":["beaked:Daydream+1","beaked:SacrificialDive+1"],"picked":"beaked:SurvivalInstinct+1","floor":42.0},{"not_picked":["beaked:FullHouse+1","beaked:Tradeoff+1"],"picked":"beaked:FeelMyPain+1","floor":42.0},{"not_picked":["ReplayTheSpireMod:Wings of Steel+1","beaked:BarbedWire+1"],"picked":"beaked:WarriorSpirit+1","floor":42.0},{"not_picked":["beaked:Pecker+1","beaked:Insight+1"],"picked":"beaked:WarriorEssence+1","floor":44.0},{"not_picked":["beaked:Evade+1","beaked:Flinch+1"],"picked":"beaked:FeelMyPain+1","floor":47.0},{"not_picked":["beaked:Windmill+1","beaked:Tradeoff+1"],"picked":"beaked:KnowThyFoe+1","floor":48}],"player_experience":1813394,"relics_obtained":[{"floor":1.0,"key":"LetterFromLob"},{"floor":3.0,"key":"Toxic Egg 2"},{"floor":5.0,"key":"RedMistMask"},{"floor":7.0,"key":"Molten Egg 2"},{"floor":9.0,"key":"infinitespire:Eraser"},{"floor":12.0,"key":"Replay:Baseball"},{"floor":26.0,"key":"Art of War"},{"floor":28.0,"key":"Nunchaku"},{"floor":43.0,"key":"conspire:BottledYoYo"},{"floor":48,"key":"hubris:SlimyHat"}],"event_choices":[{"damage_healed":0.0,"max_hp_gain":0.0,"max_hp_loss":0.0,"gold_gain":175.0,"event_name":"Liars Game","player_choice":"AGREE","floor":4.0,"gold_loss":0.0,"damage_taken":0.0,"cards_obtained":["Doubt"]},{"damage_healed":15.0,"max_hp_gain":0.0,"max_hp_loss":0.0,"gold_gain":0.0,"event_name":"The Cleric","player_choice":"Healed","floor":13.0,"gold_loss":35.0,"damage_taken":0.0},{"damage_healed":0.0,"max_hp_gain":0.0,"max_hp_loss":0.0,"gold_gain":0.0,"event_name":"The Joust","player_choice":"Bet on Murderer","floor":21.0,"gold_loss":50.0,"damage_taken":0.0},{"damage_healed":0.0,"max_hp_gain":0.0,"max_hp_loss":0.0,"gold_gain":0.0,"event_name":"Tomb of Lord Red Mask","player_choice":"Paid","floor":46.0,"gold_loss":644.0,"damage_taken":0.0,"relics_obtained":["Red Mask"]}],"is_beta":false,"boss_relics":[{"not_picked":["Pandora\u0027s Box","infinitespire:Cupcake"],"picked":"Replay:Bronze Core"},{"not_picked":["halation:PlatinumPhoenix","Runic Dome"],"picked":"Runic Pyramid"}],"items_purged_floors":[],"is_endless":false,"potions_floor_spawned":[5,12,14,16,22,24,29,33,37,38,39,44,47,48],"ascension_level":0}}