{"host":"tm3ghj8mno6gwywm","time":1613820176,"event":{"mods":["2.2 Compatiblity","AchievementEnabler","Bard","BaseMod","Beaked The Cultist","Better Third Choice","Colored Map","Colored Powertips","Conspire","Downfall","Glutton Mod","GungeonMod","Halation","Hermit","Hubris","Infinite Spire","Jorbs\u0027s Wanderer Trilogy","Mad Scientist","Marisa????????","Marked Mod","Mimic Mod","Minty Spire (QoL Compilation)","Potionbrewer","Quick Restart","Replay The Spire","Shade Mod","Shop Mod","Somnambulant","Spicy Shops","StSLib","SuperFastMode","The Bug Knight","The Construct","The Cursed","The Disciple","The Hierophant","The IronCluck","The Judge","The Jungle","The Necromancer","The Runesmith","The Servant 0.9.4","egg"],"gold_per_floor":[413,411,411,422,422,422,166,197,197,119,139,159,181,181,181,231,231,245,344,344,358,358,358,372,372,426,36,36,36,46,65,65,134,284,283,153,202,238,249,249,249,250,250,250,250,298,167,167,167,167,167,167,14,40,90],"floor_reached":56,"language":"ENG","playtime":2293,"items_purged":[],"score":1460,"play_id":"34203807-494c-4775-82bc-b843bf5fca21","local_time":"20210220062256","is_ascension_mode":false,"campfire_choices":[{"floor":6.0,"key":"RECALL"},{"floor":15.0,"key":"REST"},{"floor":23.0,"key":"REST"},{"data":"hierophant:Defend_Hierophant","floor":28.0,"key":"SMITH"},{"floor":32.0,"key":"REST"},{"floor":40.0,"key":"REST"},{"floor":49.0,"key":"REST"}],"circlet_count":0,"master_deck":["hierophant:Strike_Hierophant","hierophant:Strike_Hierophant","hierophant:Strike_Hierophant","hierophant:Strike_Hierophant","hierophant:Punish+1","hierophant:Defend_Hierophant","hierophant:Defend_Hierophant","hierophant:Defend_Hierophant","hierophant:Defend_Hierophant+1","hierophant:ChurchCoffers+1","hierophant:MorningPrayer+1","hierophant:Zeal+1","hierophant:Upheaval+1","hierophant:Encroach+1","hierophant:ArchangelShield+1","hierophant:Patience+1","hierophant:Endure+1","hierophant:HolyVerse+1","hierophant:HammerAndAnvil+1","hierophant:Martyrdom+1","hierophant:PristineSoul+1","hierophant:SealAway+1","hierophant:PassingBell+1","hierophant:Repentance+1","hierophant:Shelter+1","hierophant:RepressedViolence+1","hierophant:FaithHealing+1","hierophant:Flagellation+1","hierophant:ThreeLashes+1","hierophant:TollTheBells+1","hierophant:Community+1"],"relics":["hierophant:PropheticMaskRelic","Old Coin","WingedGreaves","Lizard Tail","Mummified Hand","Black Star","Molten Egg 2","Toxic Egg 2","Frozen Egg 2","Quantum Egg","Membership Card","HandDrill","hubris:SlimyHat","Pocketwatch","Boot","Orrery","hubris:MobiusCoin","DemoMod:Bottle","Replay:Wax Seal","Lee\u0027s Waffle","Orichalcum","Replay:Mystery Machine","Art of War","Omamori","Mercury Hourglass","Counterbalance","hubris:64BitClover","DemoMod:GreenGuonStone","potionbrewer:BhaskarasWheel","OrangePellets","Meat on the Bone","Bag of Marbles","halation:KoshaPiece","halation:PinkSoulGem","Juzu Bracelet","Chameleon Ring","Oddly Smooth Stone","Bag of Preparation","DemoMod:PinkGuonStone","halation:AfternoonTea"],"acts_visited":["Exordium","TheCity","TheBeyond","TheEnding"],"potions_floor_usage":[55,55,55,55],"damage_taken":[{"damage":4.0,"enemies":"infinitespire:Voidling","floor":1.0,"turns":3.0},{"damage":1.0,"enemies":"Jaw Worm","floor":2.0,"turns":4.0},{"damage":0.0,"enemies":"Cultist","floor":4.0,"turns":3.0},{"damage":0.0,"enemies":"Large Slime","floor":5.0,"turns":3.0},{"damage":0.0,"enemies":"HollowMod:MossKnight","floor":8.0,"turns":4.0},{"damage":0.0,"enemies":"conspire:2 RoseBushes","floor":11.0,"turns":4.0},{"damage":0.0,"enemies":"Exordium Wildlife","floor":12.0,"turns":1.0},{"damage":5.0,"enemies":"3 Sentries","floor":13.0,"turns":5.0},{"damage":0.0,"enemies":"The Guardian","floor":16.0,"turns":8.0},{"damage":0.0,"enemies":"Spheric Guardian","floor":18.0,"turns":1.0},{"damage":10.0,"enemies":"conspire:FuzzyDice","floor":21.0,"turns":5.0},{"damage":8.0,"enemies":"Snake Plant","floor":22.0,"turns":2.0},{"damage":0.0,"enemies":"Cultist and Chosen","floor":24.0,"turns":5.0},{"damage":0.0,"enemies":"3 Cultists","floor":25.0,"turns":3.0},{"damage":8.0,"enemies":"Snake Plant","floor":30.0,"turns":6.0},{"damage":4.0,"enemies":"Chosen and Byrds","floor":31.0,"turns":4.0},{"damage":1.0,"enemies":"Automaton","floor":33.0,"turns":10.0},{"damage":3.0,"enemies":"3 Darklings","floor":35.0,"turns":4.0},{"damage":27.0,"enemies":"2 Orb Walkers","floor":37.0,"turns":4.0},{"damage":4.0,"enemies":"3 Shapes","floor":38.0,"turns":8.0},{"damage":0.0,"enemies":"3 Shapes","floor":39.0,"turns":5.0},{"damage":0.0,"enemies":"R_Hoarder","floor":42.0,"turns":6.0},{"damage":60.0,"enemies":"infinitespire:MassOfShapes","floor":50.0,"turns":13.0},{"damage":16,"enemies":"Shield and Spear","floor":54,"turns":3},{"damage":134,"enemies":"The Heart","floor":55,"turns":14}],"seed_played":"7528432324823493330","potions_obtained":[{"floor":4.0,"key":"FearPotion"},{"floor":8.0,"key":"DemoMod:LeadSkinPotion"},{"floor":12.0,"key":"LiquidBronze"},{"floor":16.0,"key":"Weak Potion"},{"floor":18.0,"key":"Adrenaline Potion"},{"floor":30.0,"key":"potionbrewer:CleansingPotion"},{"floor":31.0,"key":"Energy Potion"},{"floor":33.0,"key":"Strength Potion"},{"floor":39.0,"key":"DuplicationPotion"},{"floor":42.0,"key":"Energy Potion"},{"floor":52,"key":"Ancient Potion"}],"is_trial":false,"path_per_floor":["M","M","?","M","M","R","$","E","T","$","M","M","E","?","R","B",null,"M","?","?","M","M","R","M","M","T","$","R","$","M","M","R","B",null,"M","$","?","MIM","M","R","AVR","E","T","?","?","T","$","?","R","B",null,"R","$","E","B",null],"character_chosen":"HIEROPHANT","items_purchased":["HandDrill","hierophant:Encroach+1","hierophant:ArchangelShield+1","hierophant:Patience+1","hubris:SlimyHat","Orrery","Lee\u0027s Waffle","hierophant:RepressedViolence+1","Orichalcum","Replay:Mystery Machine","Art of War","Omamori","Mercury Hourglass","Chameleon Ring","Oddly Smooth Stone","Bag of Preparation"],"campfire_rested":5,"item_purchase_floors":[7,7,7,7,7,10,27,27,27,27,27,27,36,47,53,53],"current_hp_per_floor":[71,70,70,70,70,70,70,70,70,70,70,70,65,65,75,75,75,75,75,75,65,57,75,75,75,75,82,82,82,74,70,82,81,82,79,79,52,48,48,72,72,72,72,72,72,72,72,72,82,40,82,82,82,73,48],"gold":90,"neow_bonus":"UPGRADE_CARD","is_daily":false,"chose_seed":false,"campfire_upgraded":1,"win_rate":0.0,"timestamp":1613820176,"path_taken":["M","?","?","M","M","R","$","E","T","$","?","M","E","?","R","BOSS","M","?","?","M","M","R","M","M","T","$","R","$","?","M","R","BOSS","M","$","?","?","M","R","AVR","E","T","?","?","?","$","?","R","BOSS","R","$","E","BOSS"],"items_purchased_type":["Relic","Card","Card","Card","Relic","Relic","Relic","Card","Relic","Relic","Relic","Relic","Relic","Relic","Relic","Relic"],"build_version":"2020-12-22","purchased_purges":0,"victory":true,"max_hp_per_floor":[75,75,75,75,75,75,75,75,75,75,75,75,75,75,75,75,75,75,75,75,75,75,75,75,75,75,82,82,82,82,82,82,82,82,82,82,82,82,82,82,82,82,82,82,82,82,82,82,82,82,82,82,82,89,89],"card_choices":[{"not_picked":["hierophant:AuricBeam+1","hierophant:Rebuild+1","hierophant:Bribe+1"],"picked":"SKIP","floor":1.0},{"not_picked":["hierophant:FieryStrike+1","hierophant:Blessing+1"],"picked":"hierophant:MorningPrayer+1","floor":2.0},{"not_picked":["hierophant:Rebuild+1","hierophant:MirrorShield+1"],"picked":"hierophant:Zeal+1","floor":4.0},{"not_picked":["hierophant:SealAway+1","hierophant:Doubloon+1"],"picked":"hierophant:Upheaval+1","floor":5.0},{"not_picked":["hierophant:Mercenaries+1","hierophant:DivineIntervention+1"],"picked":"hierophant:Endure+1","floor":8.0},{"not_picked":["hierophant:ThreeLashes+1","hierophant:Purify+1"],"picked":"hierophant:HolyVerse+1","floor":10.0},{"not_picked":["hierophant:RepressedViolence+1","hierophant:MorningPrayer+1"],"picked":"hierophant:HammerAndAnvil+1","floor":10.0},{"not_picked":["hierophant:EyeForCoin+1","hierophant:Exaltation+1"],"picked":"hierophant:Martyrdom+1","floor":11.0},{"not_picked":["hierophant:ConvertCurrency+1","hierophant:ArchangelShield+1"],"picked":"hierophant:PristineSoul+1","floor":12.0},{"not_picked":["hierophant:CursedGold+1","hierophant:OrnateJavelin+1"],"picked":"hierophant:SealAway+1","floor":13.0},{"not_picked":["hierophant:Remorse+1","hierophant:Charity+1","hierophant:Dazzle+1"],"picked":"SKIP","floor":18.0},{"not_picked":["hierophant:OrnateJavelin+1","hierophant:Patience+1"],"picked":"hierophant:PassingBell+1","floor":21.0},{"not_picked":["hierophant:Remorse+1","hierophant:DisplayOfPower+1"],"picked":"hierophant:Repentance+1","floor":22.0},{"not_picked":["hierophant:AuricShield+1","hierophant:PristineSoul+1","hierophant:Embezzle+1"],"picked":"SKIP","floor":24.0},{"not_picked":["hierophant:Doomsaying+1","hierophant:MorningPrayer+1"],"picked":"hierophant:Shelter+1","floor":25.0},{"not_picked":["hierophant:PassingBell+1","hierophant:SealAway+1"],"picked":"hierophant:FaithHealing+1","floor":30.0},{"not_picked":["hierophant:FieryStrike+1","hierophant:HolyVerse+1"],"picked":"hierophant:Flagellation+1","floor":31.0},{"not_picked":["hierophant:Zeal+1","hierophant:DisplayOfPower+1","hierophant:Mercenaries+1"],"picked":"SKIP","floor":35.0},{"not_picked":["hierophant:Sermon+1","hierophant:Remorse+1"],"picked":"hierophant:ThreeLashes+1","floor":38.0},{"not_picked":["hierophant:HolyVerse+1","hierophant:DisplayOfPower+1"],"picked":"hierophant:TollTheBells+1","floor":39.0},{"not_picked":["hierophant:AuricShield+1","hierophant:RepressedViolence+1","hierophant:HammerAndAnvil+1"],"picked":"SKIP","floor":42.0},{"not_picked":["hierophant:Chorus+1","hierophant:Shelter+1"],"picked":"hierophant:Community+1","floor":54}],"player_experience":888344,"relics_obtained":[{"floor":8.0,"key":"Pocketwatch"},{"floor":8.0,"key":"Boot"},{"floor":13.0,"key":"hubris:MobiusCoin"},{"floor":13.0,"key":"DemoMod:Bottle"},{"floor":26.0,"key":"Replay:Wax Seal"},{"floor":37.0,"key":"Counterbalance"},{"floor":38.0,"key":"hubris:64BitClover"},{"floor":38.0,"key":"DemoMod:GreenGuonStone"},{"floor":42.0,"key":"Meat on the Bone"},{"floor":42.0,"key":"Bag of Marbles"},{"floor":43.0,"key":"halation:KoshaPiece"},{"floor":46.0,"key":"Juzu Bracelet"},{"floor":54,"key":"DemoMod:PinkGuonStone"},{"floor":54,"key":"halation:AfternoonTea"}],"event_choices":[{"damage_healed":0.0,"max_hp_gain":0.0,"max_hp_loss":0.0,"gold_gain":0.0,"event_name":"Upgrade Shrine","player_choice":"Upgraded","floor":3.0,"gold_loss":0.0,"damage_taken":0.0,"cards_upgraded":["hierophant:ChurchCoffers"]},{"damage_healed":0.0,"max_hp_gain":0.0,"max_hp_loss":0.0,"gold_gain":0.0,"event_name":"betterThird:BetterSerpent","player_choice":"Ignored","floor":14.0,"gold_loss":0.0,"damage_taken":181.0},{"damage_healed":0.0,"max_hp_gain":0.0,"max_hp_loss":0.0,"gold_gain":99.0,"event_name":"betterThird:BetterNest","player_choice":"Steal","floor":19.0,"gold_loss":0.0,"damage_taken":0.0},{"damage_healed":0.0,"max_hp_gain":0.0,"max_hp_loss":0.0,"gold_gain":0.0,"event_name":"Transmorgrifier","player_choice":"Ignored","floor":20.0,"gold_loss":0.0,"damage_taken":0.0},{"damage_healed":0.0,"max_hp_gain":0.0,"max_hp_loss":0.0,"gold_gain":0.0,"event_name":"Mysterious Sphere","player_choice":"Fight","floor":37.0,"gold_loss":0.0,"damage_taken":0.0},{"damage_healed":0.0,"max_hp_gain":0.0,"max_hp_loss":0.0,"gold_gain":0.0,"event_name":"conspire:Investor","player_choice":"Leave","floor":48.0,"gold_loss":0.0,"damage_taken":0.0}],"is_beta":false,"boss_relics":[{"not_picked":["Replay:Fungal Core","halation:LoveArrow","Honey Jar"]},{"not_picked":["Replay:Bronze Core","hubris:VirtuousBlindfold","Kintsugi"]}],"items_purged_floors":[],"is_endless":false,"potions_floor_spawned":[4,8,12,16,18,24,30,31,33,39,42],"ascension_level":0}}