{"host":"y76clbnovzmw9ubx","time":1613865041,"event":{"mods":["AchievementEnabler","BaseMod","Minty Spire (QoL Compilation)","Permanent Neow","Relic Stats"],"gold_per_floor":[154,154,190,190,190,283,283,283,283],"floor_reached":8,"language":"ENG","playtime":380,"items_purged":[],"score":108,"play_id":"6ea089f5-7eeb-4262-8183-64441417a64b","local_time":"20210220185041","is_ascension_mode":true,"campfire_choices":[{"floor":7,"key":"REST"}],"circlet_count":0,"master_deck":["AscendersBane","Strike_R","Strike_R","Strike_R","Strike_R","Defend_R","Defend_R","Defend_R","Defend_R","Bash","Injury","HandOfGreed","Combust","Second Wind"],"relics":["Burning Blood","Golden Idol","The Courier"],"acts_visited":["Exordium"],"potions_floor_usage":[6,8],"damage_taken":[{"damage":3,"enemies":"2 Louse","floor":1,"turns":3},{"damage":19,"enemies":"Jaw Worm","floor":3,"turns":4},{"damage":24,"enemies":"3 Sentries","floor":6,"turns":20},{"damage":44,"enemies":"Lagavulin","floor":8,"turns":5}],"seed_played":"-6090802060049622049","potions_obtained":[{"floor":3,"key":"PowerPotion"},{"floor":6,"key":"PowerPotion"}],"is_trial":false,"path_per_floor":["M","?","M","?","?","E","R","E"],"character_chosen":"IRONCLAD","items_purchased":[],"campfire_rested":1,"item_purchase_floors":[],"current_hp_per_floor":[71,64,51,51,25,7,29,0,0],"gold":283,"neow_bonus":"RANDOM_COLORLESS_2","is_daily":false,"chose_seed":false,"campfire_upgraded":0,"win_rate":0.0,"timestamp":1613865041,"path_taken":["M","?","M","?","?","E","R","E"],"items_purchased_type":[],"build_version":"2020-12-22","purchased_purges":0,"victory":false,"max_hp_per_floor":[75,75,75,75,75,75,75,75,75],"relic_stats":{"counters":[4,32],"Golden Idol":7,"obtain_stats":[{"Golden Idol":5,"The Courier":6,"Burning Blood":0},{"Golden Idol":2,"The Courier":3,"Burning Blood":0},{"Golden Idol":7,"The Courier":27,"Burning Blood":0}],"Burning Blood":18},"card_choices":[{"not_picked":["Metamorphosis","Magnetism"],"picked":"HandOfGreed","floor":0},{"not_picked":["Perfected Strike","Dropkick","Havoc"],"picked":"SKIP","floor":1},{"not_picked":["Body Slam","Bloodletting"],"picked":"Combust","floor":3},{"not_picked":["Barricade","Havoc"],"picked":"Second Wind","floor":6}],"player_experience":3269663,"relics_obtained":[{"floor":6,"key":"The Courier"}],"event_choices":[{"cards_removed":["Strike_R"],"damage_healed":0,"gold_gain":0,"player_choice":"Card Removal","damage_taken":7,"max_hp_gain":0,"max_hp_loss":0,"event_name":"Golden Wing","floor":2,"gold_loss":0},{"damage_healed":0,"gold_gain":0,"player_choice":"Ignored","damage_taken":0,"max_hp_gain":0,"max_hp_loss":0,"event_name":"Liars Game","floor":4,"gold_loss":0},{"damage_healed":0,"gold_gain":0,"player_choice":"Take Damage","damage_taken":26,"relics_obtained":["Golden Idol"],"max_hp_gain":0,"max_hp_loss":0,"event_name":"Golden Idol","floor":5,"gold_loss":0}],"is_beta":false,"boss_relics":[],"items_purged_floors":[],"is_endless":false,"potions_floor_spawned":[3,6],"killed_by":"Lagavulin","ascension_level":20}}