{"host":"v0n6ky7dmveherv3","time":1613860163,"event":{"mods":["BaseMod","Better Third Choice","Downfall","Minty Spire (QoL Compilation)","StSLib"],"gold_per_floor":[0,16,32,45,55,55,80,99,99,132,132,132,132,145,159,256,256,256,268,278,298,41,56,56,73,99,118,130,130,161,161,177,275,275,275,287,302,355,455,473,473,243,143,173,173,186,212,67,81,81],"floor_reached":51,"language":"ENG","playtime":2730,"items_purged":["Pain"],"score":873,"play_id":"04ae08fc-761d-4fa5-b1d8-36230bd2c578","local_time":"20210220152923","is_ascension_mode":true,"campfire_choices":[{"data":"1","floor":1.0,"key":"LIFT"},{"data":"2","floor":6.0,"key":"LIFT"},{"data":"3","floor":9.0,"key":"LIFT"},{"data":"hexamod:HeatMetal","floor":11.0,"key":"SMITH"},{"data":"hexamod:EtherealExpedition","floor":18.0,"key":"SMITH"},{"data":"hexamod:RecurringNightmare","floor":29.0,"key":"SMITH"},{"data":"hexamod:WildfireWeapon","floor":35,"key":"SMITH"},{"data":"hexamod:TimeWarp","floor":43,"key":"SMITH"},{"data":"hexamod:Rewind","floor":45,"key":"SMITH"}],"circlet_count":0,"master_deck":["hexamod:Sear","hexamod:Float+1","hexamod:HeatMetal+1","hexamod:SwordOfDarkness","hexamod:ThirdSeal","hexamod:PhantomFireball+1","hexamod:ThermalTransfer","hexamod:EtherealExpedition+1","hexamod:RecurringNightmare+1","hexamod:TimeOfNeed","hexamod:Hexaguard","hexamod:Rewind+1","hexamod:TimeOfNeed","CurseOfTheBell","hexamod:GhostOfSpirePast","hexamod:NightmareStrike+1","hexamod:TimeWarp+1","hexamod:FastForward+1","hexamod:ThermalTransfer+1","hexamod:SwordOfDarkness+1","hexamod:RecurringNightmare+1","hexamod:AdvancingGuard+1","hexamod:CouncilsJustice+1","hexamod:CouncilsJustice","hexamod:CouncilsJustice","Ghostly","Ghostly","Ghostly","hexamod:GhostLash+1","hexamod:SixthSeal","hexamod:WildfireWeapon+1","hexamod:FirstSeal","hexamod:ThermalTransfer+1","hexamod:RecurringNightmare+1","hexamod:BacktrackSmack+1","Thinking Ahead","hexamod:ApocalypticArmor+1","hexamod:Hexaguard","hexamod:FastForward+1","hexamod:GhostOfSpirePast+1","hexamod:GhostLash+1"],"relics":["hexamod:SpiritBrand","Girya","War Paint","Bronze Scales","MealTicket","WarpedTongs","Calling Bell","Strawberry","Mercury Hourglass","Thread and Needle","Shuriken","Ice Cream","Lantern","Mummified Hand","Runic Dome","Ancient Tea Set","Potion Belt","Anchor","downfall:HeartBlessingBlue","Frozen Egg 2","Dream Catcher","hexamod:MatchstickCase"],"acts_visited":["Exordium","TheCity","TheBeyond"],"potions_floor_usage":[33,33],"damage_taken":[{"damage":0.0,"enemies":"Cultist","floor":2.0,"turns":3.0},{"damage":0.0,"enemies":"2 Louse","floor":3.0,"turns":2.0},{"damage":0.0,"enemies":"Small Slimes","floor":4.0,"turns":2.0},{"damage":3.0,"enemies":"Gremlin Gang","floor":5.0,"turns":5.0},{"damage":0.0,"enemies":"Exordium Thugs","floor":8.0,"turns":3.0},{"damage":17.0,"enemies":"Gremlin Nob","floor":10.0,"turns":4.0},{"damage":3.0,"enemies":"3 Louse","floor":14.0,"turns":2.0},{"damage":6.0,"enemies":"Lots of Slimes","floor":15.0,"turns":4.0},{"damage":39.0,"enemies":"DF_ARCHETYPE_STREAMLINE","floor":16.0,"turns":8.0},{"damage":0.0,"enemies":"Shell Parasite","floor":19.0,"turns":3.0},{"damage":5.0,"enemies":"Chosen","floor":20.0,"turns":4.0},{"damage":5.0,"enemies":"Centurion and Healer","floor":21.0,"turns":6.0},{"damage":6.0,"enemies":"downfall:FleeingMerchant","floor":22.0,"turns":4.0},{"damage":4.0,"enemies":"Chosen and Byrds","floor":23.0,"turns":3.0},{"damage":7.0,"enemies":"Snecko","floor":25.0,"turns":5.0},{"damage":2.0,"enemies":"Cultist and Chosen","floor":27.0,"turns":3.0},{"damage":7.0,"enemies":"Snake Plant","floor":28.0,"turns":3.0},{"damage":7.0,"enemies":"Slavers","floor":30.0,"turns":3.0},{"damage":0,"enemies":"Centurion and Healer","floor":32,"turns":3},{"damage":11,"enemies":"WA_ARCHETYPE_CALM","floor":33,"turns":7},{"damage":9,"enemies":"3 Darklings","floor":36,"turns":5},{"damage":5,"enemies":"Orb Walker","floor":37,"turns":2},{"damage":0,"enemies":"Writhing Mass","floor":40,"turns":4},{"damage":1,"enemies":"downfall:FleeingMerchant","floor":42,"turns":4},{"damage":0,"enemies":"Giant Head","floor":44,"turns":4},{"damage":2,"enemies":"Sphere and 2 Shapes","floor":46,"turns":4},{"damage":33,"enemies":"Reptomancer","floor":47,"turns":5},{"damage":0,"enemies":"3 Darklings","floor":49,"turns":5},{"damage":2,"enemies":"SI_POISON_ARCHETYPE","floor":50,"turns":6}],"seed_played":"7295476043579346023","potions_obtained":[{"floor":2.0,"key":"PowerPotion"},{"floor":3.0,"key":"AttackPotion"},{"floor":8.0,"key":"SneckoOil"},{"floor":16.0,"key":"ColorlessPotion"},{"floor":19.0,"key":"Block Potion"},{"floor":21.0,"key":"BlessingOfTheForge"},{"floor":27.0,"key":"CultistPotion"},{"floor":33,"key":"Fire Potion"},{"floor":36,"key":"Dexterity Potion"},{"floor":49,"key":"FearPotion"}],"is_trial":false,"path_per_floor":["R","M","M","M","M","R","T","M","R","E","R","?","?","M","M","B",null,"R","M","M","M","$","M","T","M","T","M","M","R","E","?","M","B",null,"R","M","M","?","?","M","T","$","R","E","R","M","E","$","M","B",null],"character_chosen":"THE_SPIRIT","items_purchased":["Shuriken","Potion Belt","Anchor","Thinking Ahead","hexamod:MatchstickCase"],"campfire_rested":0,"item_purchase_floors":[22,42,42,42,48],"current_hp_per_floor":[70,70,70,70,67,67,67,67,67,50,50,50,50,47,41,2,77,77,77,72,67,71,67,67,60,60,58,51,51,44,38,38,27,38,38,29,24,24,24,24,24,38,48,48,48,48,22,37,44,48],"gold":81,"neow_bonus":"ONE_RARE_RELIC","is_daily":false,"chose_seed":false,"campfire_upgraded":6,"win_rate":0.0,"timestamp":1613860163,"path_taken":["R","M","M","M","M","R","T","?","R","E","R","?","?","M","M","BOSS","R","M","M","M","$","?","T","?","?","M","M","R","E","?","M","BOSS","R","M","M","?","?","M","T","$","R","E","R","M","E","$","M","BOSS"],"items_purchased_type":["Relic","Relic","Relic","Card","Relic"],"build_version":"2020-12-22","purchased_purges":1,"victory":true,"max_hp_per_floor":[70,70,70,70,70,70,70,70,70,70,70,70,70,70,70,70,77,77,77,77,77,77,77,77,77,77,77,77,77,77,38,38,38,38,38,38,38,38,38,38,38,38,48,48,48,48,48,48,48,48],"card_choices":[{"not_picked":["hexamod:ExtraCrispy","hexamod:StepThrough"],"picked":"hexamod:HeatMetal","floor":2.0},{"not_picked":["hexamod:NecessarySacrifice","hexamod:PowerFromBeyond","hexamod:SwordOfDarkness"],"picked":"SKIP","floor":3.0},{"not_picked":["hexamod:NecessarySacrifice","hexamod:PowerFromBeyond"],"picked":"hexamod:SwordOfDarkness","floor":3.0},{"not_picked":["hexamod:EtherealExpedition","hexamod:PowerFromBeyond"],"picked":"hexamod:ThirdSeal","floor":4.0},{"not_picked":["hexamod:SuperheatedStrike","hexamod:Again"],"picked":"hexamod:PhantomFireball","floor":5.0},{"not_picked":["hexamod:ShieldOfDarkness","hexamod:Firestarter"],"picked":"hexamod:ThermalTransfer","floor":8.0},{"not_picked":["hexamod:Firestarter","hexamod:SpectersWail","hexamod:HauntingEcho"],"picked":"SKIP","floor":8.0},{"not_picked":["hexamod:Firestarter","hexamod:FourthSeal"],"picked":"hexamod:EtherealExpedition","floor":10.0},{"not_picked":["hexamod:InspiringFlames","hexamod:GhostLash"],"picked":"hexamod:RecurringNightmare","floor":10.0},{"not_picked":["hexamod:SpectersWail","hexamod:CatchUp"],"picked":"hexamod:TimeOfNeed","floor":14.0},{"not_picked":["hexamod:FourthSeal","hexamod:GhostLash"],"picked":"hexamod:Hexaguard","floor":14.0},{"not_picked":["hexamod:HauntingEcho","hexamod:GhostShield"],"picked":"hexamod:Rewind","floor":15.0},{"not_picked":["hexamod:UnlimitedPower","hexamod:Toasty"],"picked":"hexamod:TimeOfNeed","floor":16.0},{"not_picked":["hexamod:GhostShield","hexamod:ShieldOfDarkness","hexamod:SpectralSpark"],"picked":"SKIP","floor":19.0},{"not_picked":["hexamod:GhostLash","hexamod:SpectersWail"],"picked":"hexamod:GhostOfSpirePast","floor":20.0},{"not_picked":["hexamod:DynamicBlow+1","hexamod:Firestarter"],"picked":"hexamod:NightmareStrike+1","floor":20.0},{"not_picked":["hexamod:SuperheatedStrike","hexamod:ShieldOfDarkness"],"picked":"hexamod:TimeWarp","floor":21.0},{"not_picked":["hexamod:GhostShield","hexamod:SoulSteal"],"picked":"hexamod:FastForward","floor":21.0},{"not_picked":["hexamod:GhostOfSpirePresent","hexamod:GhostOfSpireFuture"],"picked":"hexamod:ThermalTransfer+1","floor":22.0},{"not_picked":["hexamod:HeatCrush","hexamod:SpectersWail"],"picked":"hexamod:SwordOfDarkness+1","floor":23.0},{"not_picked":["hexamod:PowerFromBeyond","hexamod:EtherealExpedition"],"picked":"hexamod:RecurringNightmare+1","floor":25.0},{"not_picked":["hexamod:Firestarter","hexamod:FourthSeal"],"picked":"hexamod:AdvancingGuard","floor":25.0},{"not_picked":["hexamod:HauntingEcho","hexamod:SoulSteal","hexamod:SkipABeat"],"picked":"SKIP","floor":27.0},{"not_picked":["hexamod:InspiringFlames","hexamod:GhostLash","hexamod:SoulSteal+1"],"picked":"SKIP","floor":28.0},{"not_picked":["hexamod:RadiantFlame","hexamod:PhantomFireball","hexamod:HauntingEcho"],"picked":"SKIP","floor":30.0},{"not_picked":["hexamod:FlamesFromBeyond","hexamod:BurningTouch"],"picked":"hexamod:GhostLash+1","floor":32},{"not_picked":["hexamod:TimeOfNeed","hexamod:ApocalypseNow"],"picked":"hexamod:SixthSeal","floor":33},{"not_picked":["hexamod:GhostflameInferno","hexamod:SixthSeal"],"picked":"hexamod:WildfireWeapon","floor":33},{"not_picked":["hexamod:HauntingEcho","hexamod:EmpoweredFlame","hexamod:DynamicBlow"],"picked":"SKIP","floor":36},{"not_picked":["hexamod:GhostOfSpireFuture","hexamod:GhostShield+1"],"picked":"hexamod:FirstSeal","floor":37},{"not_picked":["hexamod:SuperheatedStrike","hexamod:HeatMetal"],"picked":"hexamod:ThermalTransfer+1","floor":40},{"not_picked":["hexamod:SpectralSpark","hexamod:StepThrough+1"],"picked":"hexamod:RecurringNightmare+1","floor":40},{"not_picked":["hexamod:SixthSeal","hexamod:FlamesFromBeyond+1"],"picked":"hexamod:BacktrackSmack+1","floor":42},{"not_picked":["hexamod:BacktrackSmack","hexamod:NightmareGuise","hexamod:GhostShield+1"],"picked":"SKIP","floor":42},{"not_picked":["hexamod:SuperheatedStrike","hexamod:Again+1"],"picked":"hexamod:ApocalypticArmor+1","floor":44},{"not_picked":["hexamod:NightmareStrike+1","hexamod:HeatMetal","hexamod:GhostShield+1"],"picked":"SKIP","floor":44},{"not_picked":["hexamod:HauntingEcho","hexamod:ExtraCrispy+1"],"picked":"hexamod:Hexaguard","floor":46},{"not_picked":["hexamod:ExtraCrispy+1","hexamod:SoulSteal+1"],"picked":"hexamod:FastForward+1","floor":46},{"not_picked":["hexamod:PowerFromBeyond","hexamod:FifthSeal","hexamod:SecondSeal"],"picked":"SKIP","floor":47},{"not_picked":["hexamod:StepThrough+1","hexamod:FastForward"],"picked":"hexamod:GhostOfSpirePast+1","floor":49},{"not_picked":["hexamod:Haunt+1","hexamod:BacktrackSmack"],"picked":"hexamod:GhostLash+1","floor":49}],"player_experience":155689,"relics_obtained":[{"floor":7.0,"key":"War Paint"},{"floor":10.0,"key":"Bronze Scales"},{"floor":17.0,"key":"Strawberry"},{"floor":17.0,"key":"Mercury Hourglass"},{"floor":17.0,"key":"Thread and Needle"},{"floor":24.0,"key":"Ice Cream"},{"floor":26.0,"key":"Lantern"},{"floor":30.0,"key":"Mummified Hand"},{"floor":41,"key":"Ancient Tea Set"},{"floor":44,"key":"Frozen Egg 2"},{"floor":47,"key":"Dream Catcher"}],"event_choices":[{"damage_healed":0.0,"max_hp_gain":0.0,"max_hp_loss":0.0,"gold_gain":0.0,"event_name":"Accursed Blacksmith","player_choice":"Rummage","floor":13.0,"gold_loss":0.0,"damage_taken":0.0,"relics_obtained":["WarpedTongs"],"cards_obtained":["Pain"]}],"is_beta":false,"boss_relics":[{"not_picked":["Philosopher\u0027s Stone","SacredBark"],"picked":"Calling Bell"},{"not_picked":["Pandora\u0027s Box","Fusion Hammer"],"picked":"Runic Dome"}],"items_purged_floors":[42],"is_endless":false,"potions_floor_spawned":[2,3,8,16,19,21,27,28,33,36,37,49],"ascension_level":1}}