{"host":"43wsnxh97mgjl5zw","time":1613804043,"event":{"mods":["Aspiration","BaseMod","Colored Map","Colored Powertips","Conspire","Downfall","Halation","Hubris","Minty Spire (QoL Compilation)","Quick Restart","Rare Cards Sparkle","Relic Sorter","Replay The Spire","StSLib"],"gold_per_floor":[110,124,124,136,150,183,19,19,19,29,62,77,7,25,25,25,25],"floor_reached":16,"language":"ENG","playtime":322,"items_purged":[],"score":228,"play_id":"89f6ac6a-c021-455d-bd91-03a22ecd05d1","local_time":"20210220085403","is_ascension_mode":true,"campfire_choices":[{"data":"Perfected Strike","floor":8.0,"key":"SMITH"},{"data":"Double Tap","floor":15.0,"key":"SMITH"}],"circlet_count":0,"master_deck":["AscendersBane","Strike_R","Strike_R","Strike_R","Strike_R","Strike_R","Defend_R","Defend_R","Defend_R","Defend_R","Bash","Perfected Strike+1","Pommel Strike","ReplayTheSpireMod:Limb From Limb","conspire:ExplosiveBarrier","Double Tap+1","Metallicize","Pommel Strike"],"relics":["Burning Blood","NeowsBlessing","hubris:OldNail","Membership Card","Paper Frog","conspire:DecoderRing"],"acts_visited":["Exordium"],"potions_floor_usage":[],"damage_taken":[{"damage":0.0,"enemies":"Cultist","floor":1.0,"turns":1.0},{"damage":0.0,"enemies":"Jaw Worm","floor":2.0,"turns":1.0},{"damage":0.0,"enemies":"Small Slimes","floor":4.0,"turns":1.0},{"damage":16.0,"enemies":"Exordium Thugs","floor":5.0,"turns":5.0},{"damage":35.0,"enemies":"3 Sentries","floor":6.0,"turns":7.0},{"damage":16.0,"enemies":"3 Louse","floor":10.0,"turns":4.0},{"damage":11.0,"enemies":"Lagavulin","floor":11.0,"turns":4.0},{"damage":4.0,"enemies":"Red Slaver","floor":12.0,"turns":3.0},{"damage":6.0,"enemies":"Looter","floor":14.0,"turns":3.0},{"damage":0,"enemies":"Fading Forest","floor":16,"turns":1}],"seed_played":"-2098993079006999100","potions_obtained":[{"floor":2.0,"key":"BlessingOfTheForge"},{"floor":6.0,"key":"Energy Potion"},{"floor":10.0,"key":"EssenceOfSteel"}],"is_trial":false,"path_per_floor":["M","M","?","M","M","E","$","R","T","M","E","M","$","M","R","B"],"character_chosen":"IRONCLAD","items_purchased":["Membership Card","Metallicize","FearPotion"],"campfire_rested":0,"item_purchase_floors":[7,13,13],"current_hp_per_floor":[74,75,64,70,60,31,31,31,31,21,16,18,18,18,18,18,18],"gold":25,"neow_bonus":"THREE_ENEMY_KILL","is_daily":false,"chose_seed":false,"campfire_upgraded":2,"win_rate":0.0,"timestamp":1613804043,"path_taken":["M","?","?","M","?","E","$","R","T","M","E","M","$","M","R","BOSS"],"items_purchased_type":["Relic","Card","Potion"],"build_version":"2020-12-22","purchased_purges":0,"victory":false,"max_hp_per_floor":[75,75,75,75,75,75,75,75,75,75,75,75,75,75,75,75,75],"card_choices":[{"not_picked":["Blood for Blood","hubris:ReadiedAction"],"picked":"Perfected Strike","floor":1.0},{"not_picked":["ReplayTheSpireMod:Muscle Training","Massacre"],"picked":"Pommel Strike","floor":2.0},{"not_picked":["Rampage","Clothesline","ReplayReversal"],"picked":"SKIP","floor":4.0},{"not_picked":["Clothesline","Life Link"],"picked":"ReplayTheSpireMod:Limb From Limb","floor":5.0},{"not_picked":["Body Slam","hubris:ReadiedAction"],"picked":"conspire:ExplosiveBarrier","floor":6.0},{"not_picked":["Anger","Entrench","ReplayReversal"],"picked":"SKIP","floor":10.0},{"not_picked":["Warcry","Sentinel"],"picked":"Double Tap","floor":11.0},{"not_picked":["Cleave","Heavy Blade","True Grit"],"picked":"SKIP","floor":12.0},{"not_picked":["Dropkick","Warcry"],"picked":"Pommel Strike","floor":14.0}],"player_experience":1267639,"relics_obtained":[{"floor":6.0,"key":"hubris:OldNail"},{"floor":9.0,"key":"Paper Frog"},{"floor":11.0,"key":"conspire:DecoderRing"}],"event_choices":[{"damage_healed":0.0,"max_hp_gain":0.0,"max_hp_loss":0.0,"gold_gain":0.0,"event_name":"Wheel of Change","player_choice":"Damaged","floor":3.0,"gold_loss":0.0,"damage_taken":11.0}],"is_beta":false,"boss_relics":[],"items_purged_floors":[],"is_endless":false,"potions_floor_spawned":[2,6,10],"killed_by":"Fading Forest","ascension_level":20}}