{"host":"eoyiepan94o8zmpo","time":1613851407,"event":{"mods":["2.2 Compatiblity","BaseMod","Dark Map","Highlight Path","Minty Spire (QoL Compilation)","Quick Restart"],"gold_per_floor":[112,130,130,80,92,92,104,125,125,125,143,174,274,307,307,402,402,419,232,232,248,298,298,325,325,325,341,341,341],"floor_reached":28,"language":"ENG","playtime":1417,"items_purged":[],"score":258,"play_id":"6170ddd2-4149-4903-9adf-20cd52adc6dc","local_time":"20210220210327","is_ascension_mode":true,"campfire_choices":[{"data":"Neutralize","floor":6,"key":"SMITH"},{"data":"Cloak And Dagger","floor":10,"key":"SMITH"},{"data":"Accuracy","floor":15,"key":"SMITH"},{"data":"After Image","floor":23,"key":"SMITH"},{"data":"Poisoned Stab","floor":25,"key":"SMITH"}],"circlet_count":0,"master_deck":["Strike_G","Strike_G","Strike_G","Strike_G","Strike_G","Defend_G","Defend_G","Defend_G","Defend_G","Defend_G","Survivor+1","Neutralize+1","Escape Plan","Accuracy+1","Adrenaline","Cloak And Dagger+1","Prepared","Deflect+1","Burst+1","Blur+1","After Image+1","Concentrate+1","Apotheosis+1","Outmaneuver+1","Poisoned Stab+1","Riddle With Holes"],"relics":["Ring of the Snake","Strawberry","Regal Pillow","Odd Mushroom","Toxic Egg 2","Meat on the Bone","White Beast Statue","Black Star","Frozen Egg 2","PreservedInsect","Bag of Preparation"],"acts_visited":["Exordium","TheCity"],"potions_floor_usage":[12,12,16,18,24,27,27,28],"damage_taken":[{"damage":0,"enemies":"Jaw Worm","floor":1,"turns":4},{"damage":0,"enemies":"2 Louse","floor":2,"turns":3},{"damage":0,"enemies":"Cultist","floor":5,"turns":5},{"damage":0,"enemies":"Blue Slaver","floor":7,"turns":5},{"damage":11,"enemies":"The Mushroom Lair","floor":8,"turns":6},{"damage":2,"enemies":"Lots of Slimes","floor":11,"turns":5},{"damage":40,"enemies":"Gremlin Nob","floor":12,"turns":6},{"damage":1,"enemies":"Lagavulin","floor":14,"turns":8},{"damage":32,"enemies":"Hexaghost","floor":16,"turns":19},{"damage":10,"enemies":"3 Byrds","floor":18,"turns":12},{"damage":2,"enemies":"Shell Parasite","floor":21,"turns":7},{"damage":29,"enemies":"Book of Stabbing","floor":24,"turns":9},{"damage":27,"enemies":"3 Cultists","floor":27,"turns":10},{"damage":56,"enemies":"Gremlin Leader","floor":28,"turns":7}],"seed_played":"8311792684323286586","potions_obtained":[{"floor":5,"key":"Regen Potion"},{"floor":8,"key":"Energy Potion"},{"floor":11,"key":"Dexterity Potion"},{"floor":14,"key":"PowerPotion"},{"floor":16,"key":"SteroidPotion"},{"floor":18,"key":"Regen Potion"},{"floor":21,"key":"FearPotion"},{"floor":24,"key":"PowerPotion"},{"floor":27,"key":"Dexterity Potion"}],"is_trial":false,"path_per_floor":["M","M","?","?","M","R","M","?","T","R","M","E","?","E","R","B",null,"M","$","?","M","?","R","E","R","T","M","E"],"character_chosen":"THE_SILENT","items_purchased":["Apotheosis+1"],"campfire_rested":0,"item_purchase_floors":[19],"current_hp_per_floor":[77,77,77,77,77,77,77,66,66,66,64,33,33,44,44,24,77,67,67,67,65,65,65,48,48,48,48,0,0],"gold":341,"neow_bonus":"RANDOM_COMMON_RELIC","is_daily":false,"chose_seed":false,"campfire_upgraded":5,"win_rate":0.0,"timestamp":1613851407,"path_taken":["M","M","?","?","M","R","?","?","T","R","M","E","?","E","R","BOSS","M","?","?","?","?","R","E","R","T","M","E"],"items_purchased_type":["Card"],"build_version":"2020-12-22","purchased_purges":0,"victory":false,"max_hp_per_floor":[77,77,77,77,77,77,77,77,77,77,77,77,77,77,77,77,77,77,77,77,77,77,77,77,77,77,77,77,77],"card_choices":[{"not_picked":["Outmaneuver","Flying Knee"],"picked":"Escape Plan","floor":1},{"not_picked":["Quick Slash","Blade Dance"],"picked":"Accuracy","floor":2},{"not_picked":["Bane","Calculated Gamble"],"picked":"Adrenaline","floor":5},{"not_picked":["Terror","Noxious Fumes"],"picked":"Cloak And Dagger","floor":7},{"not_picked":["Quick Slash","Crippling Poison"],"picked":"Prepared","floor":8},{"not_picked":["Masterful Stab","Dash"],"picked":"Deflect+1","floor":11},{"not_picked":["Slice","PiercingWail+1"],"picked":"Burst+1","floor":12},{"not_picked":["Caltrops","Crippling Poison+1"],"picked":"Blur+1","floor":14},{"not_picked":["Envenom","Corpse Explosion+1"],"picked":"After Image","floor":16},{"not_picked":["Bane","Backflip+1"],"picked":"Concentrate+1","floor":18},{"not_picked":["Flying Knee+1","Poisoned Stab"],"picked":"Outmaneuver+1","floor":21},{"not_picked":["All Out Attack","Bane"],"picked":"Poisoned Stab","floor":24},{"not_picked":["Acrobatics+1","Poisoned Stab"],"picked":"Riddle With Holes","floor":27}],"player_experience":291841,"relics_obtained":[{"floor":8,"key":"Odd Mushroom"},{"floor":9,"key":"Toxic Egg 2"},{"floor":12,"key":"Meat on the Bone"},{"floor":14,"key":"White Beast Statue"},{"floor":24,"key":"Frozen Egg 2"},{"floor":24,"key":"PreservedInsect"},{"floor":26,"key":"Bag of Preparation"}],"event_choices":[{"damage_healed":0,"gold_gain":0,"player_choice":"Grow","damage_taken":0,"max_hp_gain":0,"max_hp_loss":0,"event_name":"Living Wall","floor":3,"gold_loss":0,"cards_upgraded":["Survivor"]},{"damage_healed":0,"gold_gain":0,"player_choice":"Paid Gold","damage_taken":0,"relics_obtained":["Regal Pillow"],"max_hp_gain":0,"max_hp_loss":0,"event_name":"WeMeetAgain","floor":4,"gold_loss":50},{"damage_healed":0,"gold_gain":0,"player_choice":"Fought Mushrooms","damage_taken":0,"max_hp_gain":0,"max_hp_loss":0,"event_name":"Mushrooms","floor":8,"gold_loss":0},{"damage_healed":0,"gold_gain":100,"player_choice":"Pray","damage_taken":0,"max_hp_gain":0,"max_hp_loss":0,"event_name":"Golden Shrine","floor":13,"gold_loss":0},{"damage_healed":0,"gold_gain":0,"player_choice":"Ignored","damage_taken":0,"max_hp_gain":0,"max_hp_loss":0,"event_name":"Vampires","floor":20,"gold_loss":0},{"damage_healed":0,"gold_gain":100,"player_choice":"Bet on Murderer","damage_taken":0,"max_hp_gain":0,"max_hp_loss":0,"event_name":"The Joust","floor":22,"gold_loss":50}],"is_beta":false,"boss_relics":[{"not_picked":["HoveringKite","Busted Crown"],"picked":"Black Star"}],"items_purged_floors":[],"is_endless":false,"potions_floor_spawned":[5,8,11,14,16,18,21,24,27],"killed_by":"Gremlin Leader","ascension_level":1}}