{"host":"1dhlu4qzehvrzpot","time":1613860336,"event":{"mods":["2.2 Compatiblity","AchievementEnabler","BaseMod","Block Reminder","Minty Spire (QoL Compilation)","Permanent Neow","Quick Restart","Rare Cards Sparkle","Relic Stats","Say the Spire","Slay-I","StSLib","SuperFastMode"],"gold_per_floor":[118,68,68,88,104,104,139,64,64,64,98,116,116,116,116,245,245,265,283,283,283,308,308,308,308],"floor_reached":24,"language":"ENG","playtime":548,"items_purged":["Strike_B"],"score":391,"play_id":"b20e8ebf-6d6e-4bbe-8952-5583332687f9","local_time":"20210220233216","is_ascension_mode":true,"campfire_choices":[{"data":"Loop","floor":6,"key":"SMITH"},{"data":"Creative AI","floor":10,"key":"SMITH"},{"floor":15,"key":"REST"},{"data":"Capacitor","floor":23,"key":"SMITH"}],"circlet_count":0,"master_deck":["AscendersBane","Strike_B+1","Strike_B","Defend_B","Defend_B","Defend_B+1","Defend_B","Zap","Dualcast","Rainbow","Auto Shields","Loop+1","Creative AI+1","Injury","Storm","Capacitor+1","Ghostly","Ghostly","Ghostly","Ghostly","Ghostly"],"relics":["FrozenCore","Thread and Needle","Singing Bowl","MealTicket","StrikeDummy","Golden Idol"],"acts_visited":["Exordium","TheCity"],"potions_floor_usage":[7,22],"damage_taken":[{"damage":3,"enemies":"2 Louse","floor":1,"turns":3},{"damage":1,"enemies":"Small Slimes","floor":4,"turns":3},{"damage":2,"enemies":"Jaw Worm","floor":5,"turns":4},{"damage":13,"enemies":"Lagavulin","floor":7,"turns":6},{"damage":46,"enemies":"3 Sentries","floor":11,"turns":10},{"damage":0,"enemies":"Large Slime","floor":12,"turns":4},{"damage":5,"enemies":"Hexaghost","floor":16,"turns":8},{"damage":4,"enemies":"Spheric Guardian","floor":18,"turns":7},{"damage":1,"enemies":"Shell Parasite","floor":19,"turns":6},{"damage":0,"enemies":"Snecko","floor":22,"turns":6},{"damage":48,"enemies":"Slavers","floor":24,"turns":7}],"seed_played":"4997717875761167422","potions_obtained":[{"floor":4,"key":"Weak Potion"},{"floor":5,"key":"FairyPotion"},{"floor":16,"key":"PotionOfCapacity"},{"floor":18,"key":"Energy Potion"}],"is_trial":false,"path_per_floor":["M","?","?","M","M","R","E","$","T","R","E","M","?","?","R","B",null,"M","M","?","?","M","R","E"],"character_chosen":"DEFECT","items_purchased":[],"campfire_rested":1,"item_purchase_floors":[],"current_hp_per_floor":[65,65,50,49,47,47,34,34,34,34,14,16,9,9,32,29,68,66,65,65,41,43,43,0,0],"gold":308,"neow_bonus":"ONE_RANDOM_RARE_CARD","is_daily":false,"chose_seed":false,"campfire_upgraded":3,"win_rate":0.0,"timestamp":1613860336,"path_taken":["M","?","?","M","M","R","E","?","T","R","E","M","?","?","R","BOSS","M","M","?","?","M","R","E"],"items_purchased_type":[],"build_version":"2020-12-22","purchased_purges":1,"victory":false,"max_hp_per_floor":[75,75,75,75,75,75,75,75,75,75,77,79,79,79,79,81,81,83,83,83,41,43,43,43,43],"relic_stats":{"Singing Bowl":10,"counters":[11,63],"Golden Idol":39,"MealTicket":0,"obtain_stats":[{"Singing Bowl":9,"Golden Idol":14,"Thread and Needle":7,"MealTicket":11,"Cracked Core":0,"StrikeDummy":13,"FrozenCore":17},{"Singing Bowl":4,"Golden Idol":6,"Thread and Needle":4,"MealTicket":5,"Cracked Core":0,"StrikeDummy":6,"FrozenCore":7},{"Singing Bowl":16,"Golden Idol":29,"Thread and Needle":16,"MealTicket":25,"Cracked Core":0,"StrikeDummy":29,"FrozenCore":37}],"FrozenCore":[14]},"card_choices":[{"not_picked":["Barrage","Undo"],"picked":"Auto Shields","floor":1},{"not_picked":["Gash","Streamline","Rebound"],"picked":"SKIP","floor":4},{"not_picked":["Barrage","Sweeping Beam"],"picked":"Loop","floor":5},{"not_picked":["Sweeping Beam","Tempest"],"picked":"Creative AI","floor":7},{"not_picked":["Darkness","Turbo","Barrage"],"picked":"Singing Bowl","floor":11},{"not_picked":["Rebound","Streamline","Hologram"],"picked":"Singing Bowl","floor":12},{"not_picked":["All For One","Hyperbeam","Thunder Strike"],"picked":"Singing Bowl","floor":16},{"not_picked":["Beam Cell","Leap","Barrage"],"picked":"Singing Bowl","floor":18},{"not_picked":["Genetic Algorithm","Streamline"],"picked":"Storm","floor":19},{"not_picked":["Redo","Ball Lightning","Genetic Algorithm"],"picked":"Singing Bowl","floor":22}],"player_experience":558832,"relics_obtained":[{"floor":7,"key":"Thread and Needle"},{"floor":9,"key":"Singing Bowl"},{"floor":11,"key":"MealTicket"}],"event_choices":[{"cards_removed":["Strike_B"],"damage_healed":0,"gold_gain":0,"player_choice":"Card Removal","damage_taken":0,"max_hp_gain":0,"max_hp_loss":0,"event_name":"The Cleric","floor":2,"gold_loss":50},{"damage_healed":0,"gold_gain":0,"player_choice":"Entered Light","damage_taken":15,"max_hp_gain":0,"max_hp_loss":0,"event_name":"Shining Light","floor":3,"gold_loss":0,"cards_upgraded":["Defend_B","Strike_B"]},{"damage_healed":0,"gold_gain":0,"player_choice":"Success","damage_taken":7,"relics_obtained":["StrikeDummy"],"max_hp_gain":0,"max_hp_loss":0,"event_name":"Scrap Ooze","floor":13,"gold_loss":0},{"damage_healed":0,"gold_gain":0,"player_choice":"Take Wound","damage_taken":0,"relics_obtained":["Golden Idol"],"max_hp_gain":0,"max_hp_loss":0,"event_name":"Golden Idol","floor":14,"gold_loss":0,"cards_obtained":["Injury"]},{"damage_healed":0,"gold_gain":0,"player_choice":"Read","damage_taken":0,"max_hp_gain":0,"max_hp_loss":0,"event_name":"The Library","floor":20,"gold_loss":0,"cards_obtained":["Capacitor"]},{"damage_healed":0,"gold_gain":0,"player_choice":"Became a Ghost","damage_taken":0,"max_hp_gain":0,"max_hp_loss":42,"event_name":"Ghosts","floor":21,"gold_loss":0,"cards_obtained":["Ghostly","Ghostly","Ghostly","Ghostly","Ghostly"]}],"is_beta":false,"boss_relics":[{"not_picked":["Sozu","Philosopher\u0027s Stone"],"picked":"FrozenCore"}],"items_purged_floors":[8],"is_endless":false,"potions_floor_spawned":[4,5,16,18],"killed_by":"Slavers","ascension_level":12}}