{"host":"cjhtzh7tp54jdfyv","time":1613780662,"event":{"mods":["AchievementEnabler","BaseMod","Colored Map","Colored Powertips","Curses Come First","DeckTracker","Filter the Spire","Minty Spire (QoL Compilation)","RNG Fix","Relic Sorter","Relic Stats","StSLib","UnlockEverythingMod","ojb\u0027s Better Paths Mod","ojb\u0027s Info Mod"],"gold_per_floor":[109,109,122,141,66,66,99,99,122,155,172,189,218,234,234,311,311,321,321,333,56,56,83,96,115,167,199,199,228,228,228,228,299,299,316,276,288,288,301,335,347,378,378,32,82,116,129,156,156,156,156,156,156,34,65,65],"floor_reached":57,"language":"ENG","playtime":7075,"items_purged":["Defend_P","Defend_P+1"],"score":3550,"play_id":"9a8c33d1-f56c-4150-a095-c9b281f8c3d3","local_time":"20210219192422","is_ascension_mode":true,"campfire_choices":[{"data":"Eruption","floor":6.0,"key":"SMITH"},{"data":"Prostrate","floor":8.0,"key":"SMITH"},{"data":"Vault","floor":15.0,"key":"SMITH"},{"data":"CrushJoints","floor":28.0,"key":"SMITH"},{"data":"Ragnarok","floor":30.0,"key":"SMITH"},{"data":"Scrawl","floor":32.0,"key":"SMITH"},{"floor":49.0,"key":"RECALL"},{"data":"MentalFortress","floor":53,"key":"SMITH"}],"circlet_count":0,"master_deck":["AscendersBane","Strike_P+1","Strike_P+1","Strike_P+1","Strike_P+1","Defend_P+1","Eruption+1","Vigilance+1","CutThroughFate","Sanctity","Prostrate+1","Blasphemy","Consecrate","Vault+1","FearNoEvil","Scrawl+1","CrushJoints+1","InnerPeace","Ragnarok+1","JustLucky","FlurryOfBlows+1","Vengeance","DeusExMachina","CutThroughFate+1","Dark Shackles","Dark Shackles","Trip+1","FlurryOfBlows+1","Tantrum+1","Sanctity","MentalFortress+1","LessonLearned","MentalFortress+1","WaveOfTheHand","Wireheading","EmptyMind","Wireheading"],"relics":["Runic Pyramid","Matryoshka","Regal Pillow","Toy Ornithopter","Strawberry","Boot","SlaversCollar","TeardropLocket","Kunai","Pen Nib","Mango","Bag of Marbles","Philosopher\u0027s Stone","Oddly Smooth Stone","Vajra","GoldenEye","Sundial","Lantern","Mummified Hand"],"acts_visited":["Exordium","TheCity","TheBeyond","TheEnding"],"potions_floor_usage":[],"damage_taken":[{"damage":0.0,"enemies":"Cultist","floor":1.0,"turns":3.0},{"damage":2.0,"enemies":"2 Louse","floor":3.0,"turns":3.0},{"damage":0.0,"enemies":"Small Slimes","floor":4.0,"turns":3.0},{"damage":2.0,"enemies":"Lagavulin","floor":7.0,"turns":6.0},{"damage":16.0,"enemies":"Gremlin Nob","floor":10.0,"turns":3.0},{"damage":0.0,"enemies":"Exordium Wildlife","floor":11.0,"turns":2.0},{"damage":3.0,"enemies":"Looter","floor":12.0,"turns":2.0},{"damage":0.0,"enemies":"Lagavulin","floor":13.0,"turns":3.0},{"damage":4.0,"enemies":"Blue Slaver","floor":14.0,"turns":2.0},{"damage":5.0,"enemies":"The Guardian","floor":16.0,"turns":9.0},{"damage":0.0,"enemies":"3 Byrds","floor":18.0,"turns":3.0},{"damage":0.0,"enemies":"Spheric Guardian","floor":20.0,"turns":4.0},{"damage":4.0,"enemies":"Slavers","floor":23.0,"turns":3.0},{"damage":6.0,"enemies":"Cultist and Chosen","floor":24.0,"turns":4.0},{"damage":3.0,"enemies":"Centurion and Healer","floor":25.0,"turns":2.0},{"damage":0.0,"enemies":"Book of Stabbing","floor":27.0,"turns":2.0},{"damage":0.0,"enemies":"Slavers","floor":29.0,"turns":1.0},{"damage":0.0,"enemies":"Collector","floor":33.0,"turns":2.0},{"damage":2.0,"enemies":"3 Shapes","floor":35.0,"turns":7.0},{"damage":0.0,"enemies":"Orb Walker","floor":37.0,"turns":1.0},{"damage":0.0,"enemies":"Transient","floor":39.0,"turns":6.0},{"damage":0.0,"enemies":"Reptomancer","floor":40.0,"turns":1.0},{"damage":8.0,"enemies":"Writhing Mass","floor":41.0,"turns":2.0},{"damage":0.0,"enemies":"Nemesis","floor":42.0,"turns":2.0},{"damage":24.0,"enemies":"Giant Head","floor":46.0,"turns":5.0},{"damage":0.0,"enemies":"4 Shapes","floor":47.0,"turns":2.0},{"damage":0.0,"enemies":"Nemesis","floor":48.0,"turns":3.0},{"damage":0,"enemies":"Donu and Deca","floor":50,"turns":3},{"damage":0,"enemies":"Time Eater","floor":51,"turns":4},{"damage":4,"enemies":"Shield and Spear","floor":55,"turns":4},{"damage":103,"enemies":"The Heart","floor":56,"turns":8}],"seed_played":"7864778538638364623","potions_obtained":[{"floor":1.0,"key":"AttackPotion"},{"floor":3.0,"key":"Regen Potion"},{"floor":7.0,"key":"BlessingOfTheForge"},{"floor":13.0,"key":"Weak Potion"},{"floor":24.0,"key":"Strength Potion"},{"floor":27.0,"key":"SpeedPotion"},{"floor":33.0,"key":"ColorlessPotion"},{"floor":36.0,"key":"Energy Potion"},{"floor":36.0,"key":"FairyPotion"}],"is_trial":false,"path_per_floor":["M","?","M","M","$","R","E","R","T","E","M","M","E","M","R","B",null,"M","?","M","$","?","E","M","M","T","E","R","E","R","?","R","B",null,"M","?","M","?","M","E","M","E","T","$","?","E","M","E","R","B","B",null,"R","$","E","B",null],"character_chosen":"WATCHER","items_purchased":["TeardropLocket","MentalFortress","LessonLearned","Wireheading","EmptyMind"],"campfire_rested":0,"item_purchase_floors":[21,44,44,54,54],"current_hp_per_floor":[61,61,59,59,59,59,57,57,57,53,53,50,50,46,46,41,67,67,67,67,67,67,68,62,64,64,78,78,78,78,52,52,52,84,87,87,87,77,77,77,69,69,69,69,69,45,45,45,45,45,45,82,82,82,78,4],"gold":65,"neow_bonus":"BOSS_RELIC","is_daily":false,"chose_seed":false,"campfire_upgraded":7,"win_rate":0.0,"timestamp":1613780662,"path_taken":["M","?","M","M","$","R","E","R","T","E","M","M","E","M","R","BOSS","M","?","M","$","?","E","M","M","T","E","R","E","R","?","R","BOSS","M","?","M","?","M","E","M","E","T","$","?","E","M","E","R","BOSS","BOSS","R","$","E","BOSS"],"items_purchased_type":["Relic","Card","Card","Card","Card"],"build_version":"2020-12-22","purchased_purges":2,"victory":true,"max_hp_per_floor":[68,68,68,68,68,68,68,68,68,75,75,75,75,75,75,75,75,75,75,75,75,75,75,75,75,75,89,89,89,89,94,94,94,94,94,94,94,94,94,94,94,94,94,94,94,94,94,94,94,94,94,94,94,94,94,94],"relic_stats":{"Regal Pillow":0,"counters":[31,105],"Sundial":[2],"Mummified Hand":[6],"Pen Nib":[20],"Kunai":[56],"Boot":[34],"GoldenEye":[44],"obtain_stats":[{"Regal Pillow":9,"Lantern":48,"Oddly Smooth Stone":40,"Vajra":42,"Mango":27,"Pen Nib":26,"TeardropLocket":21,"Boot":13,"GoldenEye":43,"SlaversCollar":17,"Matryoshka":7,"Sundial":46,"Mummified Hand":55,"Strawberry":10,"Philosopher\u0027s Stone":34,"Bag of Marbles":29,"Kunai":23,"PureWater":0,"Toy Ornithopter":9,"Runic Pyramid":0},{"Regal Pillow":4,"Lantern":27,"Oddly Smooth Stone":22,"Vajra":24,"Mango":16,"Pen Nib":15,"TeardropLocket":12,"Boot":8,"GoldenEye":24,"SlaversCollar":10,"Matryoshka":4,"Sundial":25,"Mummified Hand":30,"Strawberry":5,"Philosopher\u0027s Stone":18,"Bag of Marbles":17,"Kunai":13,"PureWater":0,"Toy Ornithopter":4,"Runic Pyramid":0},{"Regal Pillow":15,"Lantern":86,"Oddly Smooth Stone":72,"Vajra":76,"Mango":54,"Pen Nib":52,"TeardropLocket":43,"Boot":25,"GoldenEye":76,"SlaversCollar":36,"Matryoshka":15,"Sundial":81,"Mummified Hand":97,"Strawberry":18,"Philosopher\u0027s Stone":57,"Bag of Marbles":55,"Kunai":46,"PureWater":0,"Toy Ornithopter":15,"Runic Pyramid":0}],"Toy Ornithopter":20},"card_choices":[{"not_picked":["WaveOfTheHand","EmptyBody"],"picked":"CutThroughFate","floor":1.0},{"not_picked":["SignatureMove","FollowUp"],"picked":"Sanctity","floor":3.0},{"not_picked":["JustLucky","Study"],"picked":"Prostrate","floor":4.0},{"not_picked":["ThirdEye","SignatureMove","Worship"],"picked":"SKIP","floor":7.0},{"not_picked":["FollowUp","Halt"],"picked":"Blasphemy","floor":10.0},{"not_picked":["CutThroughFate","SignatureMove","Fasting2"],"picked":"SKIP","floor":11.0},{"not_picked":["EmptyBody","EmptyFist"],"picked":"Consecrate","floor":12.0},{"not_picked":["EmptyFist","FlyingSleeves"],"picked":"Vault","floor":13.0},{"not_picked":["FollowUp","Crescendo"],"picked":"FearNoEvil","floor":14.0},{"not_picked":["Blasphemy","DevaForm"],"picked":"Scrawl","floor":16.0},{"not_picked":["Sanctity","Fasting2"],"picked":"CrushJoints","floor":18.0},{"not_picked":["Halt+1","Protect+1"],"picked":"InnerPeace","floor":20.0},{"not_picked":["Protect","Wireheading"],"picked":"Ragnarok","floor":23.0},{"not_picked":["WheelKick","Prostrate","Halt"],"picked":"SKIP","floor":24.0},{"not_picked":["Prostrate","FearNoEvil"],"picked":"JustLucky","floor":25.0},{"not_picked":["Conclude","EmptyFist"],"picked":"FlurryOfBlows","floor":27.0},{"not_picked":["Vengeance","Consecrate","EmptyFist"],"picked":"SKIP","floor":29.0},{"not_picked":["Consecrate","EmptyFist"],"picked":"Vengeance","floor":29.0},{"not_picked":["ConjureBlade","MasterReality"],"picked":"DeusExMachina","floor":33.0},{"not_picked":["Prostrate","InnerPeace"],"picked":"CutThroughFate+1","floor":35.0},{"not_picked":["ForeignInfluence","Prostrate","LikeWater"],"picked":"SKIP","floor":37.0},{"not_picked":["Sadistic Nature","HandOfGreed"],"picked":"Dark Shackles","floor":38.0},{"not_picked":["Purity","Chrysalis"],"picked":"Dark Shackles","floor":38.0},{"not_picked":["Swift Strike","Deep Breath"],"picked":"Trip","floor":38.0},{"not_picked":["ThirdEye+1","Protect"],"picked":"FlurryOfBlows","floor":39.0},{"not_picked":["FlyingSleeves","ClearTheMind"],"picked":"Tantrum+1","floor":40.0},{"not_picked":["FollowUp","BowlingBash"],"picked":"Sanctity","floor":41.0},{"not_picked":["SignatureMove+1","Alpha","Vengeance"],"picked":"SKIP","floor":42.0},{"not_picked":["WindmillStrike+1","Conclude"],"picked":"MentalFortress","floor":46.0},{"not_picked":["ThirdEye","Sanctity"],"picked":"WaveOfTheHand","floor":47.0},{"not_picked":["SashWhip","Prostrate","LikeWater"],"picked":"SKIP","floor":48.0},{"not_picked":["Meditate","FearNoEvil"],"picked":"Wireheading","floor":55}],"player_experience":4718713,"relics_obtained":[{"floor":7.0,"key":"Matryoshka"},{"floor":9.0,"key":"Regal Pillow"},{"floor":9.0,"key":"Toy Ornithopter"},{"floor":10.0,"key":"Strawberry"},{"floor":13.0,"key":"Boot"},{"floor":23.0,"key":"Kunai"},{"floor":26.0,"key":"Pen Nib"},{"floor":27.0,"key":"Mango"},{"floor":29.0,"key":"Bag of Marbles"},{"floor":40.0,"key":"Oddly Smooth Stone"},{"floor":42.0,"key":"Vajra"},{"floor":43.0,"key":"GoldenEye"},{"floor":46.0,"key":"Sundial"},{"floor":48.0,"key":"Lantern"},{"floor":55,"key":"Mummified Hand"}],"event_choices":[{"cards_removed":["Defend_P"],"damage_healed":0.0,"max_hp_gain":0.0,"max_hp_loss":0.0,"gold_gain":0.0,"event_name":"Living Wall","player_choice":"Forget","floor":2.0,"gold_loss":0.0,"damage_taken":0.0},{"damage_healed":0.0,"max_hp_gain":0.0,"max_hp_loss":0.0,"gold_gain":0.0,"event_name":"Back to Basics","player_choice":"Simplicity","floor":19.0,"gold_loss":0.0,"damage_taken":0.0,"cards_upgraded":["Strike_P","Strike_P","Strike_P","Strike_P","Defend_P","Defend_P"]},{"damage_healed":0.0,"max_hp_gain":0.0,"max_hp_loss":0.0,"gold_gain":0.0,"event_name":"Ghosts","player_choice":"Ignored","floor":22.0,"gold_loss":0.0,"damage_taken":0.0},{"damage_healed":0.0,"max_hp_gain":5.0,"max_hp_loss":0.0,"gold_gain":0.0,"event_name":"Forgotten Altar","player_choice":"Shed Blood","floor":31.0,"gold_loss":0.0,"damage_taken":31.0},{"damage_healed":0.0,"max_hp_gain":0.0,"max_hp_loss":0.0,"gold_gain":0.0,"event_name":"The Woman in Blue","player_choice":"Bought 3 Potions","floor":36.0,"gold_loss":0.0,"damage_taken":0.0},{"damage_healed":0.0,"max_hp_gain":0.0,"max_hp_loss":0.0,"gold_gain":0.0,"event_name":"SensoryStone","player_choice":"Memory 3","floor":38.0,"gold_loss":0.0,"damage_taken":10.0},{"damage_healed":0.0,"max_hp_gain":0.0,"max_hp_loss":0.0,"gold_gain":50.0,"event_name":"Golden Shrine","player_choice":"Pray","floor":45.0,"gold_loss":0.0,"damage_taken":0.0}],"is_beta":false,"boss_relics":[{"not_picked":["Pandora\u0027s Box","Sozu"],"picked":"SlaversCollar"},{"not_picked":["Busted Crown","Cursed Key"],"picked":"Philosopher\u0027s Stone"}],"items_purged_floors":[5,44],"is_endless":false,"potions_floor_spawned":[1,3,7,13,16,24,27,33,39,41,42,47],"ascension_level":20}}