{"host":"dscols65uipasqd2","time":1613800097,"event":{"mods":["2.2 Compatiblity","AchievementEnabler","Aspiration","BaseMod","Colored Powertips","Downfall","Energized Spire","GifTheSpireLib","Hermit","Hubris","Infinite Spire","Jorbs\u0027s Wanderer Trilogy","Minty Spire (QoL Compilation)","Rare Cards Sparkle","Relic Stats","Replay The Spire","Robot Space Explorer","Shade Mod","StSLib","Stuff the Spire","The Blue Laboratory","The Cursed","The Disciple","The Forsaken","The Hierophant","The Judge","The Jungle","The Mystic","The Runesmith","TheFirefly","Wandering Minibosses"],"gold_per_floor":[99,126,149,149,174,74,99,99,141,174,213,246,146,146,178,279,279,279,300,300,263,263,267,267,267],"floor_reached":23,"language":"ENG","playtime":1291,"items_purged":[],"score":271,"play_id":"29952ec2-5761-4f2c-b299-39f9d14d6f23","local_time":"20210220004817","is_ascension_mode":true,"campfire_choices":[{"floor":1,"key":"RECALL"},{"floor":6,"key":"REST"},{"data":"sneckomod:SnekBite","floor":8,"key":"SMITH"},{"floor":13,"key":"REST"},{"data":"sneckomod:UnknownRarePower","floor":18,"key":"SMITH"}],"circlet_count":0,"master_deck":["sneckomod:Strike","sneckomod:Strike","sneckomod:Strike","sneckomod:Defend","sneckomod:Defend","sneckomod:Defend","sneckomod:TailWhip","sneckomod:SnekBite+1","sneckomod:Unknown","sneckomod:Unknown","sneckomod:UnknownDexterity","sneckomod:QuickBite","sneckomod:SoulExchange","sneckomod:IronFang","sneckomod:SerpentIdol","sneckomod:UnknownUncommonAttack","sneckomod:UnknownDexterity","sneckomod:Unknown1Cost","sneckomod:UnknownRarePower+1","sneckomod:UnknownDexterity+1","StuffTheSpire:Rapture","Pain","sneckomod:ImprovisedAttack","StuffTheSpire:Rapture"],"relics":["sneckomod:SneckoSoul","Replay:Bandana","hubris:Icosahedron","downfall:HeartBlessingRed","hubris:MysteriousPyramids","Runesmith:Nanobots","downfall:HeartBlessingBlue","energizedSpire:SpiderWeb"],"acts_visited":["Exordium","TheCity"],"potions_floor_usage":[9,16],"damage_taken":[{"damage":8,"enemies":"2 Louse","floor":2,"turns":3},{"damage":0,"enemies":"Small Slimes","floor":3,"turns":2},{"damage":2,"enemies":"Cultist","floor":5,"turns":4},{"damage":20,"enemies":"3 Sentries","floor":9,"turns":4},{"damage":3,"enemies":"Blue Slaver","floor":10,"turns":3},{"damage":8,"enemies":"Lagavulin","floor":11,"turns":10},{"damage":0,"enemies":"Gremlin Gang","floor":12,"turns":4},{"damage":6,"enemies":"Large Slime","floor":15,"turns":3},{"damage":38,"enemies":"WA_ARCHETYPE_RETAIN","floor":16,"turns":9},{"damage":20,"enemies":"Spheric Guardian","floor":19,"turns":4},{"damage":60,"enemies":"downfall:LooterAlt2","floor":21,"turns":7},{"damage":26,"enemies":"Shelled Parasite and Fungi","floor":23,"turns":2}],"seed_played":"-3474028475491182357","potions_obtained":[{"floor":2,"key":"Swift Potion"},{"floor":3,"key":"Elixir"},{"floor":11,"key":"Toxic Potion"},{"floor":16,"key":"hexamod:SoulburnPotion"}],"is_trial":false,"path_per_floor":["R","M","M","?","M","R","T","R","E","M","E","M","R","?","M","B",null,"R","M","?","M","?","M"],"character_chosen":"THE_SNECKO","items_purchased":[],"campfire_rested":2,"item_purchase_floors":[],"current_hp_per_floor":[81,73,73,73,71,90,90,90,70,67,59,59,99,99,93,57,91,91,71,71,17,17,0,0,0],"gold":267,"neow_bonus":"RANDOM_COMMON_RELIC","is_daily":false,"chose_seed":false,"campfire_upgraded":2,"win_rate":0.0,"timestamp":1613800097,"path_taken":["R","M","M","?","M","R","T","R","E","M","E","M","R","?","M","BOSS","R","M","?","M","?","M"],"items_purchased_type":[],"build_version":"2020-12-22","purchased_purges":0,"victory":false,"max_hp_per_floor":[90,90,90,90,90,90,90,90,90,90,90,90,100,100,100,102,102,102,102,102,102,102,102,102,102],"relic_stats":{"counters":[12,55],"obtain_stats":[{"Replay:Bandana":0,"Runesmith:Nanobots":11,"hubris:Icosahedron":4,"downfall:HeartBlessingRed":6,"downfall:HeartBlessingBlue":13,"hubris:MysteriousPyramids":9,"energizedSpire:SpiderWeb":17,"sneckomod:SneckoSoul":0},{"Replay:Bandana":0,"Runesmith:Nanobots":6,"hubris:Icosahedron":2,"downfall:HeartBlessingRed":3,"downfall:HeartBlessingBlue":7,"hubris:MysteriousPyramids":4,"energizedSpire:SpiderWeb":9,"sneckomod:SneckoSoul":0},{"Replay:Bandana":0,"Runesmith:Nanobots":26,"hubris:Icosahedron":5,"downfall:HeartBlessingRed":9,"downfall:HeartBlessingBlue":30,"hubris:MysteriousPyramids":13,"energizedSpire:SpiderWeb":42,"sneckomod:SneckoSoul":0}]},"card_choices":[{"not_picked":["sneckomod:UnknownCommonAttack","sneckomod:RainOfDice"],"picked":"sneckomod:UnknownDexterity","floor":2},{"not_picked":["sneckomod:UnknownBlock","sneckomod:SnekBeam"],"picked":"sneckomod:QuickBite","floor":3},{"not_picked":["sneckomod:QuickMove","sneckomod:RainOfDice"],"picked":"sneckomod:SoulExchange","floor":5},{"not_picked":["sneckomod:DiceCrush","sneckomod:SoulRoll"],"picked":"sneckomod:IronFang","floor":9},{"not_picked":["sneckomod:UnknownCommonAttack","sneckomod:UnknownBlock"],"picked":"sneckomod:SerpentIdol","floor":10},{"not_picked":["sneckomod:Nope","sneckomod:IronFang"],"picked":"sneckomod:UnknownUncommonAttack","floor":11},{"not_picked":["sneckomod:DiceBlock","sneckomod:SoulRoll"],"picked":"sneckomod:UnknownDexterity","floor":12},{"not_picked":["sneckomod:UnknownExhaust","sneckomod:UnknownVulnerable"],"picked":"sneckomod:Unknown1Cost","floor":15},{"not_picked":["sneckomod:DangerNoodle","sneckomod:Unknown3Cost"],"picked":"sneckomod:UnknownRarePower","floor":16},{"not_picked":["sneckomod:QuickBite","sneckomod:UnknownStrike"],"picked":"sneckomod:UnknownDexterity+1","floor":19},{"not_picked":["sneckomod:UnknownCommonSkill","sneckomod:UnknownWeak"],"picked":"sneckomod:ImprovisedAttack","floor":21}],"player_experience":655644,"relics_obtained":[{"floor":9,"key":"hubris:MysteriousPyramids"},{"floor":11,"key":"Runesmith:Nanobots"}],"event_choices":[],"is_beta":false,"boss_relics":[{"not_picked":["StuffTheSpire:RunicConfusion","energizedSpire:RedRose"],"picked":"energizedSpire:SpiderWeb"}],"items_purged_floors":[],"is_endless":false,"potions_floor_spawned":[2,3,11,16],"killed_by":"Shelled Parasite and Fungi","ascension_level":7}}