{"host":"bakf0s4odzu8z5xt","time":1613804332,"event":{"mods":["2.2 Compatiblity","BaseMod","Downfall","Friendly Minions","Minty Spire (QoL Compilation)","StSLib"],"gold_per_floor":[99,111,125,125,35,67,67,82,82,116,116,127,27,73,92,197,197,197,214,225,225,240,340,409,209,209,241,109,109,126,141,158,260,260,260,272,184,184,200,200,200,200,213,231,244,261,294,8,25,25,25,25],"floor_reached":50,"language":"ENG","playtime":4311,"items_purged":["bronze:Strike","bronze:CleanCode","bronze:Defend","bronze:Separator+1"],"score":693,"play_id":"280d4f7a-3fb5-4785-83c9-c629226e11f1","local_time":"20210220005852","is_ascension_mode":true,"campfire_choices":[{"data":"bronze:Goto","floor":1.0,"key":"SMITH"},{"floor":9.0,"key":"REST"},{"data":"bronze:BugBarrage","floor":13.0,"key":"SMITH"},{"floor":18.0,"key":"RECALL"},{"data":"bronze:DecaBeam","floor":25.0,"key":"SMITH"},{"data":"bronze:FindAndReplace","floor":29.0,"key":"SMITH"},{"data":"bronze:HyperBeam","floor":35.0,"key":"SMITH"},{"data":"bronze:MaxOutput","floor":40.0,"key":"SMITH"}],"circlet_count":0,"master_deck":["bronze:Defend+1","bronze:Defend","bronze:Defend+1","bronze:Replicate","bronze:Goto+1","bronze:Boost","bronze:HyperBeam+1","bronze:Fortify+1","bronze:Assembly","bronze:BugBarrage+1","bronze:Refactor","bronze:FindAndReplace+1","bronze:Constructor+1","bronze:ChildClass+1","bronze:DecaBeam+1","bronze:Shield","bronze:Assembly","bronze:MaxOutput+1","bronze:BugBarrage","bronze:DarkDash","bronze:FineTuning+1","bronze:FindAndReplace","bronze:Iterate+1","bronze:Shield","bronze:BitShift+1","bronze:Return","bronze:Repulsor","bronze:ItsAFeature"],"relics":["bronze:BronzeCore","Happy Flower","Bronze Scales","PreservedInsect","Boot","War Paint","downfall:HeartBlessingGreen","hexamod:BolsterEngine","Runic Dome","downfall:HeartBlessingRed","downfall:HeartBlessingBlue","The Courier","Busted Crown","OrangePellets","Kunai","StrikeDummy","Potion Belt"],"acts_visited":["Exordium","TheCity","TheBeyond"],"potions_floor_usage":[50],"damage_taken":[{"damage":10.0,"enemies":"2 Louse","floor":2.0,"turns":3.0},{"damage":2.0,"enemies":"Jaw Worm","floor":3.0,"turns":4.0},{"damage":0.0,"enemies":"downfall:FleeingMerchant","floor":5.0,"turns":4.0},{"damage":18.0,"enemies":"Gremlin Nob","floor":6.0,"turns":4.0},{"damage":0.0,"enemies":"Small Slimes","floor":8.0,"turns":3.0},{"damage":10.0,"enemies":"Lagavulin","floor":10.0,"turns":5.0},{"damage":0.0,"enemies":"Blue Slaver","floor":12.0,"turns":3.0},{"damage":0.0,"enemies":"2 Fungi Beasts","floor":15.0,"turns":3.0},{"damage":8.0,"enemies":"WA_ARCHETYPE_RETAIN","floor":16.0,"turns":5.0},{"damage":0.0,"enemies":"Chosen","floor":19.0,"turns":3.0},{"damage":4.0,"enemies":"3 Byrds","floor":20.0,"turns":3.0},{"damage":2.0,"enemies":"Sentry and Sphere","floor":22.0,"turns":3.0},{"damage":0.0,"enemies":"Sentry and Sphere","floor":23.0,"turns":3.0},{"damage":0.0,"enemies":"Slavers","floor":27.0,"turns":5.0},{"damage":0.0,"enemies":"downfall:FleeingMerchant","floor":28.0,"turns":4.0},{"damage":3.0,"enemies":"Cultist and Chosen","floor":30.0,"turns":5.0},{"damage":1.0,"enemies":"Shelled Parasite and Fungi","floor":31.0,"turns":4.0},{"damage":0.0,"enemies":"3 Cultists","floor":32.0,"turns":4.0},{"damage":0.0,"enemies":"DF_ARCHETYPE_CLAW","floor":33.0,"turns":6.0},{"damage":3.0,"enemies":"3 Darklings","floor":36.0,"turns":5.0},{"damage":0.0,"enemies":"downfall:FleeingMerchant","floor":37.0,"turns":4.0},{"damage":0.0,"enemies":"3 Shapes","floor":39.0,"turns":4.0},{"damage":0.0,"enemies":"Jaw Worm Horde","floor":43.0,"turns":4.0},{"damage":0.0,"enemies":"4 Shapes","floor":44.0,"turns":2.0},{"damage":24.0,"enemies":"Transient","floor":45.0,"turns":5.0},{"damage":0.0,"enemies":"Sphere and 2 Shapes","floor":46.0,"turns":4.0},{"damage":15.0,"enemies":"Reptomancer","floor":47.0,"turns":5.0},{"damage":0.0,"enemies":"3 Darklings","floor":49.0,"turns":4.0},{"damage":38,"enemies":"IC_BLOCK_ARCHETYPE","floor":50,"turns":9}],"seed_played":"-4005111802006937193","potions_obtained":[{"floor":3.0,"key":"DistilledChaos"},{"floor":6.0,"key":"AttackPotion"},{"floor":10.0,"key":"SpeedPotion"},{"floor":19.0,"key":"bronze:FreeFunctionsPotion"},{"floor":27.0,"key":"hexamod:SoulburnPotion"},{"floor":31.0,"key":"Swift Potion"},{"floor":36.0,"key":"Ancient Potion"},{"floor":47.0,"key":"SkillPotion"}],"is_trial":false,"path_per_floor":["R","M","M","?","$","E","T","M","R","E","?","M","R","T","M","B",null,"R","M","M","?","M","?","T","R","?","E","$","R","M","M","M","B",null,"R","M","$","?","M","R","T","?","M","M","M","M","E","$","M","B"],"character_chosen":"THE_AUTOMATON","items_purchased":["bronze:BugBarrage","OrangePellets","Kunai","bronze:Repulsor","bronze:ItsAFeature","Block Potion"],"campfire_rested":1,"item_purchase_floors":[28,37,37,48,48,48],"current_hp_per_floor":[70,60,58,46,46,28,28,28,49,39,39,39,39,39,39,31,70,70,70,66,66,64,64,64,74,74,74,74,74,71,70,70,70,80,80,77,77,77,77,77,77,77,77,77,53,53,38,38,38,0,0,0],"gold":25,"neow_bonus":"RANDOM_COMMON_RELIC","is_daily":false,"chose_seed":false,"campfire_upgraded":6,"win_rate":0.0,"timestamp":1613804332,"path_taken":["R","M","M","?","$","E","T","M","R","E","?","M","R","?","M","BOSS","R","M","M","?","M","?","T","R","?","E","$","R","M","M","M","BOSS","R","M","$","?","M","R","T","?","?","M","M","M","E","$","M","BOSS"],"items_purchased_type":["Card","Relic","Relic","Card","Card","Potion"],"build_version":"2020-12-22","purchased_purges":4,"victory":false,"max_hp_per_floor":[70,70,70,70,70,70,70,70,70,70,70,70,70,70,70,70,70,70,70,70,70,70,70,70,80,80,80,80,80,80,80,80,80,80,80,80,80,80,80,80,80,80,80,80,80,80,80,80,80,80,80,80],"card_choices":[{"not_picked":["bronze:BugBarrage","bronze:Invalidate"],"picked":"bronze:Separator","floor":2.0},{"not_picked":["bronze:Safeguard","bronze:Backtrace"],"picked":"bronze:Boost","floor":3.0},{"not_picked":["bronze:Return","bronze:FineTuning"],"picked":"bronze:HyperBeam","floor":5.0},{"not_picked":["bronze:Branch","bronze:Deprecate"],"picked":"bronze:Fortify","floor":6.0},{"not_picked":["bronze:DelayedSlice","bronze:ForLoop"],"picked":"bronze:Assembly","floor":8.0},{"not_picked":["bronze:Overheat","bronze:Verify","bronze:WildBeam"],"picked":"SKIP","floor":10.0},{"not_picked":["bronze:Invalidate","bronze:BugBarrage","bronze:Overheat"],"picked":"SKIP","floor":12.0},{"not_picked":["bronze:Invalidate","bronze:Overheat"],"picked":"bronze:BugBarrage","floor":12.0},{"not_picked":["bronze:ForceShield","bronze:Invalidate"],"picked":"bronze:Refactor","floor":15.0},{"not_picked":["bronze:Hardcode","bronze:SpaghettiCode"],"picked":"bronze:FindAndReplace","floor":16.0},{"not_picked":["bronze:Iterate","bronze:DelayedSlice"],"picked":"bronze:Constructor+1","floor":19.0},{"not_picked":["bronze:Constructor","bronze:Safeguard+1"],"picked":"bronze:ChildClass","floor":20.0},{"not_picked":["bronze:Frontload","bronze:Invalidate","bronze:DelayedGuard"],"picked":"SKIP","floor":22.0},{"not_picked":[],"picked":"bronze:DecaBeam","floor":23.0},{"not_picked":["bronze:Verify","bronze:Constructor"],"picked":"bronze:Shield","floor":23.0},{"not_picked":["bronze:CutThrough","bronze:Branch+1","bronze:BuggyMess"],"picked":"SKIP","floor":27.0},{"not_picked":["bronze:BugBarrage","bronze:ClassDefault"],"picked":"bronze:MaxOutput","floor":28.0},{"not_picked":["bronze:CutThrough","bronze:FollowUp","bronze:OilSpill"],"picked":"SKIP","floor":30.0},{"not_picked":["bronze:Iterate","bronze:Overheat"],"picked":"bronze:DarkDash","floor":31.0},{"not_picked":["bronze:Overload","bronze:Shield"],"picked":"bronze:FineTuning+1","floor":32.0},{"not_picked":["bronze:CleanCode","bronze:HyperBeam"],"picked":"bronze:FindAndReplace","floor":33.0},{"not_picked":[],"picked":"bronze:Iterate+1","floor":36.0},{"not_picked":["bronze:Frontload"],"picked":"SKIP","floor":37.0},{"not_picked":[],"picked":"bronze:Shield","floor":39.0},{"not_picked":["bronze:DigitalCarnage"],"picked":"SKIP","floor":43.0},{"not_picked":[],"picked":"bronze:BitShift+1","floor":44.0},{"not_picked":[],"picked":"bronze:Return","floor":45.0},{"not_picked":["bronze:Constructor"],"picked":"SKIP","floor":46.0},{"not_picked":["bronze:DarkDash+1"],"picked":"SKIP","floor":47.0},{"not_picked":["bronze:Safeguard"],"picked":"SKIP","floor":49.0}],"player_experience":2229793,"relics_obtained":[{"floor":6.0,"key":"PreservedInsect"},{"floor":7.0,"key":"Boot"},{"floor":10.0,"key":"War Paint"},{"floor":14.0,"key":"hexamod:BolsterEngine"},{"floor":27.0,"key":"The Courier"},{"floor":41.0,"key":"StrikeDummy"},{"floor":47.0,"key":"Potion Belt"}],"event_choices":[{"damage_healed":0.0,"max_hp_gain":0.0,"max_hp_loss":0.0,"gold_gain":0.0,"event_name":"Scrap Ooze","player_choice":"Success","floor":4.0,"gold_loss":0.0,"damage_taken":12.0,"relics_obtained":["Bronze Scales"]},{"cards_removed":["bronze:Strike"],"damage_healed":0.0,"max_hp_gain":0.0,"max_hp_loss":0.0,"gold_gain":0.0,"event_name":"The Cleric","player_choice":"Card Removal","floor":11.0,"gold_loss":0.0,"damage_taken":0.0},{"damage_healed":0.0,"max_hp_gain":0.0,"max_hp_loss":0.0,"gold_gain":0.0,"cards_transformed":["bronze:Strike","bronze:Strike"],"event_name":"Drug Dealer","player_choice":"Became Test Subject","floor":26.0,"gold_loss":0.0,"damage_taken":0.0,"cards_obtained":["bronze:Assembly","bronze:CleanCode"]}],"is_beta":false,"boss_relics":[{"not_picked":["Pandora\u0027s Box","Cursed Key"],"picked":"Runic Dome"},{"not_picked":["SacredBark","Fusion Hammer"],"picked":"Busted Crown"}],"items_purged_floors":[5,28,37,48],"is_endless":false,"potions_floor_spawned":[3,6,10,19,27,31,36,43,44,47],"killed_by":"IC_BLOCK_ARCHETYPE","ascension_level":3}}