{"host":"krw8kyiy0um8ye49","time":1613824875,"event":{"mods":["BaseMod","Minty Spire (QoL Compilation)","StSLib"],"gold_per_floor":[114,129,141,161,161,161,191,208,259,293,303,338,348,62,62,160,160,175,187,197,112,132,132,160,160,214,229,258,286,305,305,305,305,305],"floor_reached":33,"language":"ENG","playtime":2231,"items_purged":[],"score":403,"play_id":"154ad196-3e96-4b91-8ee8-1dd6fb1c81fe","local_time":"20210220134115","is_ascension_mode":true,"campfire_choices":[{"data":"Dualcast","floor":6,"key":"SMITH"},{"data":"Streamline","floor":15,"key":"SMITH"},{"data":"Static Discharge","floor":23,"key":"SMITH"},{"data":"Electrodynamics","floor":32,"key":"SMITH"}],"circlet_count":0,"master_deck":["Strike_B","Strike_B","Strike_B","Strike_B","Defend_B","Defend_B","Defend_B","Defend_B","Zap","Dualcast+1","Undo","Steam","FTL","Redo","Streamline+1","Amplify","Electrodynamics+1","Go for the Eyes","Ball Lightning+1","Static Discharge+1","Echo Form","Dualcast+1","Turbo+1","Barrage+1","Self Repair+1","Compile Driver+1"],"relics":["Cracked Core","NeowsBlessing","Potion Belt","PreservedInsect","Meat on the Bone","Pen Nib","Ice Cream","Inserter","StoneCalendar","Omamori","Anchor","Molten Egg 2","Red Mask","Pear"],"acts_visited":["Exordium","TheCity"],"potions_floor_usage":[7,10,12,16,18,19,24,30],"damage_taken":[{"damage":0,"enemies":"Cultist","floor":1,"turns":1},{"damage":0,"enemies":"Small Slimes","floor":2,"turns":1},{"damage":0,"enemies":"Jaw Worm","floor":3,"turns":1},{"damage":21,"enemies":"Lots of Slimes","floor":4,"turns":4},{"damage":6,"enemies":"3 Sentries","floor":7,"turns":8},{"damage":2,"enemies":"3 Louse","floor":8,"turns":3},{"damage":6,"enemies":"Gremlin Nob","floor":10,"turns":3},{"damage":7,"enemies":"Exordium Wildlife","floor":11,"turns":3},{"damage":13,"enemies":"Lagavulin","floor":12,"turns":6},{"damage":0,"enemies":"Looter","floor":13,"turns":2},{"damage":37,"enemies":"Slime Boss","floor":16,"turns":12},{"damage":28,"enemies":"Shell Parasite","floor":18,"turns":7},{"damage":12,"enemies":"3 Byrds","floor":19,"turns":3},{"damage":42,"enemies":"Snake Plant","floor":20,"turns":4},{"damage":0,"enemies":"Centurion and Healer","floor":22,"turns":5},{"damage":24,"enemies":"Book of Stabbing","floor":24,"turns":4},{"damage":7,"enemies":"Snecko","floor":27,"turns":4},{"damage":0,"enemies":"Gremlin Leader","floor":28,"turns":5},{"damage":17,"enemies":"Masked Bandits","floor":29,"turns":3},{"damage":27,"enemies":"3 Cultists","floor":30,"turns":4},{"damage":96,"enemies":"Automaton","floor":33,"turns":6}],"seed_played":"1316933833738219493","potions_obtained":[{"floor":2,"key":"Weak Potion"},{"floor":3,"key":"Dexterity Potion"},{"floor":10,"key":"SkillPotion"},{"floor":12,"key":"Block Potion"},{"floor":13,"key":"Energy Potion"},{"floor":16,"key":"Regen Potion"},{"floor":20,"key":"LiquidBronze"},{"floor":22,"key":"FairyPotion"},{"floor":29,"key":"Explosive Potion"}],"is_trial":false,"path_per_floor":["M","M","M","M","?","R","E","M","T","E","M","E","M","$","R","B",null,"M","M","M","?","M","R","E","?","T","M","E","?","M","T","R","B"],"character_chosen":"DEFECT","items_purchased":["Ice Cream"],"campfire_rested":0,"item_purchase_floors":[14],"current_hp_per_floor":[75,75,75,54,59,59,53,51,51,45,38,37,49,49,49,24,75,57,45,15,15,27,27,15,15,15,20,32,27,44,54,54,0,0],"gold":305,"neow_bonus":"THREE_ENEMY_KILL","is_daily":false,"chose_seed":false,"campfire_upgraded":4,"win_rate":0.0,"timestamp":1613824875,"path_taken":["M","M","?","M","?","R","E","M","T","E","?","E","M","$","R","BOSS","M","M","M","?","M","R","E","?","T","?","E","?","M","?","R","BOSS"],"items_purchased_type":["Relic"],"build_version":"2020-12-22","purchased_purges":0,"victory":false,"max_hp_per_floor":[75,75,75,75,75,75,75,75,75,75,75,75,75,75,75,75,75,75,75,75,75,75,75,75,75,75,75,75,75,75,85,85,85,85],"card_choices":[{"not_picked":["Conserve Battery","Self Repair"],"picked":"Undo","floor":1},{"not_picked":["White Noise","Hologram"],"picked":"Steam","floor":2},{"not_picked":["White Noise","Hyperbeam"],"picked":"Streamline","floor":3},{"not_picked":["Steam","Ball Lightning"],"picked":"FTL","floor":4},{"not_picked":["Compile Driver","Beam Cell"],"picked":"Redo","floor":7},{"not_picked":["Coolheaded","Steam Power","Turbo"],"picked":"SKIP","floor":8},{"not_picked":["Steam","Coolheaded"],"picked":"Streamline","floor":10},{"not_picked":["Stack","Beam Cell","Reboot"],"picked":"SKIP","floor":11},{"not_picked":["Barrage","Hologram","Undo"],"picked":"SKIP","floor":12},{"not_picked":["Barrage","Rebound"],"picked":"Amplify","floor":13},{"not_picked":["Buffer","Meteor Strike"],"picked":"Electrodynamics","floor":16},{"not_picked":["Rebound","Self Repair"],"picked":"Go for the Eyes","floor":18},{"not_picked":["Capacitor","Sweeping Beam"],"picked":"Ball Lightning+1","floor":19},{"not_picked":["Redo","Turbo"],"picked":"Static Discharge","floor":20},{"not_picked":["Rip and Tear","Ball Lightning","Sweeping Beam"],"picked":"SKIP","floor":22},{"not_picked":["Blizzard","Leap+1"],"picked":"Echo Form","floor":24},{"not_picked":["Cold Snap","Reprogram"],"picked":"Turbo+1","floor":27},{"not_picked":["Hyperbeam+1","Cold Snap+1"],"picked":"Barrage+1","floor":28},{"not_picked":["Hello World+1","Chaos"],"picked":"Self Repair+1","floor":29},{"not_picked":["Storm","Gash+1"],"picked":"Compile Driver+1","floor":30}],"player_experience":190400,"relics_obtained":[{"floor":7,"key":"Potion Belt"},{"floor":9,"key":"PreservedInsect"},{"floor":10,"key":"Meat on the Bone"},{"floor":12,"key":"Pen Nib"},{"floor":24,"key":"Omamori"},{"floor":26,"key":"Anchor"},{"floor":28,"key":"Molten Egg 2"},{"floor":29,"key":"Red Mask"},{"floor":31,"key":"Pear"}],"event_choices":[{"cards_removed":["Streamline"],"damage_healed":5,"gold_gain":0,"player_choice":"Offered Common","damage_taken":0,"max_hp_gain":0,"max_hp_loss":0,"event_name":"Bonfire Elementals","floor":5,"gold_loss":0},{"cards_removed":["Streamline"],"damage_healed":5,"gold_gain":0,"player_choice":"Offered Special","damage_taken":0,"max_hp_gain":0,"max_hp_loss":0,"event_name":"Bonfire Elementals","floor":5,"gold_loss":0},{"damage_healed":0,"gold_gain":0,"player_choice":"Obtained Relic","damage_taken":0,"relics_obtained":["StoneCalendar"],"max_hp_gain":0,"max_hp_loss":0,"event_name":"Addict","floor":21,"gold_loss":85},{"damage_healed":0,"gold_gain":0,"player_choice":"Copied","damage_taken":0,"max_hp_gain":0,"max_hp_loss":0,"event_name":"Duplicator","floor":25,"gold_loss":0,"cards_obtained":["Dualcast"]},{"damage_healed":0,"gold_gain":0,"player_choice":"Fought Bandits","damage_taken":0,"max_hp_gain":0,"max_hp_loss":0,"event_name":"Masked Bandits","floor":29,"gold_loss":0}],"is_beta":false,"boss_relics":[{"not_picked":["Nuclear Battery","Ectoplasm"],"picked":"Inserter"}],"items_purged_floors":[],"is_endless":false,"potions_floor_spawned":[2,3,10,12,13,16,20,22,29],"killed_by":"Automaton","ascension_level":4}}