{"host":"nb3r5a3er9rrnn3n","time":1613808380,"event":{"mods":["Always Whale","BaseMod","Colored Map","Minty Spire (QoL Compilation)","Relic Stats","StSLib","everything is the same but u backflip on backflip"],"gold_per_floor":[211,211,224,2,21,53,53,84,84,102,113,148,159,6,6,102,102,119,134,152,9,9,9,9,19,19,119,149,149,178,178,178,279,279,293,293,243,263,281,314,314,348,374,394,494,524,524,555,555,555,555,555,30,64,64],"floor_reached":56,"language":"ENG","playtime":8841,"items_purged":["Pain","Strike_G","Bane","Dagger Spray"],"score":1538,"play_id":"eba91a5b-20f5-4e0c-8e73-94e66137f6c5","local_time":"20210220190620","is_ascension_mode":true,"campfire_choices":[{"floor":7,"key":"REST"},{"data":"Well Laid Plans","floor":15,"key":"SMITH"},{"data":"Wraith Form v2","floor":23,"key":"SMITH"},{"data":"Catalyst","floor":29,"key":"SMITH"},{"data":"Exhume","floor":32,"key":"SMITH"},{"floor":41,"key":"RECALL"},{"data":"Wireheading","floor":49,"key":"SMITH"},{"data":"PanicButton","floor":52,"key":"SMITH"}],"circlet_count":0,"master_deck":["Defend_G+1","Defend_G+1","Defend_G+1","Defend_G+1","Survivor","Neutralize","Deadly Poison","Catalyst+1","Footwork","Well Laid Plans+1","Blade Dance","Dodge and Roll","Poisoned Stab","Backflip","Dodge and Roll","Exhume+1","Corpse Explosion+1","Deadly Poison+1","Outmaneuver+1","Headbutt","Shrug It Off+1","Wireheading+1","PanicButton+1","Wraith Form v2+1","Outmaneuver","Glass Knife","Whirlwind+1","Night Terror","Madness","Omniscience","PanicButton+1","Scrape+1","Master of Strategy"],"relics":["Ring of the Snake","WarpedTongs","Torii","Ornamental Fan","Incense Burner","Smiling Mask","PrismaticShard","Astrolabe","Gambling Chip","Eternal Feather","StrikeDummy","Juzu Bracelet","Ice Cream","Snecko Eye","Tingsha","Thread and Needle","Bag of Preparation","Bottled Flame","Toy Ornithopter","Centennial Puzzle","Toolbox","Akabeko"],"acts_visited":["Exordium","TheCity","TheBeyond","TheEnding"],"potions_floor_usage":[6,12,20,27,39,55,55,55],"damage_taken":[{"damage":4,"enemies":"Small Slimes","floor":1,"turns":3},{"damage":2,"enemies":"Cultist","floor":3,"turns":4},{"damage":0,"enemies":"Jaw Worm","floor":5,"turns":3},{"damage":19,"enemies":"Gremlin Nob","floor":6,"turns":4},{"damage":19,"enemies":"Lagavulin","floor":8,"turns":7},{"damage":1,"enemies":"Large Slime","floor":10,"turns":5},{"damage":0,"enemies":"2 Fungi Beasts","floor":11,"turns":2},{"damage":1,"enemies":"Gremlin Nob","floor":12,"turns":3},{"damage":0,"enemies":"3 Louse","floor":13,"turns":5},{"damage":0,"enemies":"Slime Boss","floor":16,"turns":11},{"damage":10,"enemies":"2 Thieves","floor":18,"turns":2},{"damage":2,"enemies":"Shell Parasite","floor":19,"turns":6},{"damage":1,"enemies":"Chosen and Byrds","floor":20,"turns":4},{"damage":3,"enemies":"Snake Plant","floor":25,"turns":5},{"damage":11,"enemies":"Colosseum Slavers","floor":27,"turns":9},{"damage":2,"enemies":"Colosseum Nobs","floor":27,"turns":4},{"damage":3,"enemies":"Gremlin Leader","floor":28,"turns":6},{"damage":5,"enemies":"Slavers","floor":30,"turns":7},{"damage":6,"enemies":"Collector","floor":33,"turns":3},{"damage":18,"enemies":"3 Darklings","floor":35,"turns":5},{"damage":0,"enemies":"Orb Walker","floor":38,"turns":1},{"damage":10,"enemies":"3 Darklings","floor":39,"turns":3},{"damage":1,"enemies":"Nemesis","floor":40,"turns":3},{"damage":0,"enemies":"Giant Head","floor":42,"turns":4},{"damage":0,"enemies":"Writhing Mass","floor":44,"turns":3},{"damage":1,"enemies":"Reptomancer","floor":46,"turns":9},{"damage":0,"enemies":"Giant Head","floor":48,"turns":3},{"damage":55,"enemies":"Awakened One","floor":50,"turns":15},{"damage":0,"enemies":"Shield and Spear","floor":54,"turns":3},{"damage":20,"enemies":"The Heart","floor":55,"turns":7}],"seed_played":"-4324736943386667013","potions_obtained":[{"floor":3,"key":"BlessingOfTheForge"},{"floor":6,"key":"Strength Potion"},{"floor":10,"key":"Swift Potion"},{"floor":13,"key":"SneckoOil"},{"floor":16,"key":"LiquidBronze"},{"floor":18,"key":"PowerPotion"},{"floor":20,"key":"Strength Potion"},{"floor":30,"key":"CunningPotion"},{"floor":38,"key":"DuplicationPotion"},{"floor":44,"key":"Fire Potion"},{"floor":46,"key":"BlessingOfTheForge"}],"is_trial":false,"path_per_floor":["M","?","M","$","M","E","R","E","T","M","M","E","M","$","R","B",null,"M","M","M","$","?","R","?","M","T","?","E","R","E","?","R","B",null,"M","?","$","M","M","E","R","E","T","M","?","E","?","E","R","B",null,"R","$","E","B",null],"character_chosen":"THE_SILENT","items_purchased":["Catalyst","Footwork","PrismaticShard","PanicButton","Centennial Puzzle","Toolbox","Master of Strategy"],"campfire_rested":1,"item_purchase_floors":[4,4,14,21,53,53,53],"current_hp_per_floor":[66,66,64,64,64,45,66,47,47,46,46,45,45,45,45,45,70,60,58,57,57,57,57,57,54,54,41,38,56,51,51,69,63,70,52,52,52,52,42,41,59,59,59,59,59,58,58,58,66,11,66,66,66,66,48],"gold":64,"neow_bonus":"HUNDRED_GOLD","is_daily":false,"chose_seed":false,"campfire_upgraded":6,"win_rate":0.0,"timestamp":1613808380,"path_taken":["M","?","M","$","?","E","R","E","T","M","M","E","M","?","R","BOSS","M","M","M","$","?","R","?","M","T","?","E","R","E","?","R","BOSS","M","?","$","M","M","E","R","E","T","M","?","E","?","E","R","BOSS","R","$","E","BOSS"],"items_purchased_type":["Card","Card","Relic","Card","Relic","Relic","Card"],"build_version":"2020-12-22","purchased_purges":4,"victory":true,"max_hp_per_floor":[70,70,70,70,70,70,70,70,70,70,70,70,70,70,70,70,70,70,70,70,70,70,70,70,70,70,70,70,70,70,70,70,70,70,70,66,66,66,66,66,66,66,66,66,66,66,66,66,66,66,66,66,66,66,66],"relic_stats":{"Torii":27,"counters":[30,149],"Astrolabe":["Corpse Explosion","Deadly Poison","Outmaneuver"],"Eternal Feather":62,"Tingsha":[141],"Juzu Bracelet":1,"Bag of Preparation":[4],"Smiling Mask":225,"WarpedTongs":[144],"Centennial Puzzle":[3],"Ornamental Fan":[88],"Gambling Chip":[77],"Snecko Eye":[98,115,128,121],"obtain_stats":[{"Ice Cream":31,"Torii":6,"Astrolabe":17,"Eternal Feather":27,"Tingsha":40,"Thread and Needle":42,"Incense Burner":9,"Juzu Bracelet":30,"Bag of Preparation":43,"Smiling Mask":12,"PrismaticShard":14,"Akabeko":54,"WarpedTongs":2,"Bottled Flame":46,"Centennial Puzzle":53,"Ornamental Fan":8,"Gambling Chip":27,"Snecko Eye":34,"Toolbox":53,"StrikeDummy":28,"Toy Ornithopter":48,"Ring of the Snake":0},{"Ice Cream":18,"Torii":4,"Astrolabe":10,"Eternal Feather":16,"Tingsha":23,"Thread and Needle":24,"Incense Burner":5,"Juzu Bracelet":18,"Bag of Preparation":24,"Smiling Mask":8,"PrismaticShard":9,"Akabeko":29,"WarpedTongs":1,"Bottled Flame":26,"Centennial Puzzle":28,"Ornamental Fan":5,"Gambling Chip":16,"Snecko Eye":19,"Toolbox":28,"StrikeDummy":17,"Toy Ornithopter":27,"Ring of the Snake":0},{"Ice Cream":90,"Torii":14,"Astrolabe":47,"Eternal Feather":77,"Tingsha":105,"Thread and Needle":109,"Incense Burner":21,"Juzu Bracelet":90,"Bag of Preparation":109,"Smiling Mask":31,"PrismaticShard":36,"Akabeko":142,"WarpedTongs":3,"Bottled Flame":121,"Centennial Puzzle":139,"Ornamental Fan":21,"Gambling Chip":77,"Snecko Eye":93,"Toolbox":139,"StrikeDummy":83,"Toy Ornithopter":124,"Ring of the Snake":0}],"Toy Ornithopter":2,"Ring of the Snake":[60]},"card_choices":[{"not_picked":["Flying Knee","Sucker Punch"],"picked":"Deadly Poison","floor":1},{"not_picked":["Calculated Gamble","PiercingWail"],"picked":"Bane","floor":3},{"not_picked":["Deadly Poison","Flechettes"],"picked":"Well Laid Plans","floor":5},{"not_picked":["Riddle With Holes","Dagger Spray"],"picked":"Blade Dance","floor":6},{"not_picked":["Dash","Slice"],"picked":"Dagger Spray","floor":8},{"not_picked":["Deflect","Tools of the Trade"],"picked":"Dodge and Roll","floor":10},{"not_picked":["Setup","Underhanded Strike"],"picked":"Poisoned Stab","floor":11},{"not_picked":["Bane","Poisoned Stab"],"picked":"Backflip","floor":12},{"not_picked":["Quick Slash","Cloak And Dagger"],"picked":"Dodge and Roll","floor":13},{"not_picked":["Phantasmal Killer","Scrawl"],"picked":"Exhume","floor":16},{"not_picked":["Halt","Redo+1"],"picked":"Headbutt","floor":18},{"not_picked":["True Grit","Halt"],"picked":"Shrug It Off+1","floor":19},{"not_picked":["Rebound","CrushJoints+1"],"picked":"Wireheading","floor":20},{"not_picked":["Bane+1","CutThroughFate"],"picked":"Glass Knife","floor":25},{"not_picked":["Recycle","Conserve Battery"],"picked":"Whirlwind+1","floor":27},{"not_picked":["Shrug It Off","CutThroughFate"],"picked":"Night Terror","floor":28},{"not_picked":["Streamline","Clash+1"],"picked":"Madness","floor":30},{"not_picked":["Storm of Steel","Die Die Die"],"picked":"Omniscience","floor":33},{"not_picked":["Rebound+1","Slice+1","Coolheaded+1"],"picked":"SKIP","floor":35},{"not_picked":["Sword Boomerang","Rage","Madness+1"],"picked":"SKIP","floor":38},{"not_picked":["Searing Blow+1","Pray+1","Dropkick+1"],"picked":"SKIP","floor":39},{"not_picked":["True Grit","Shrug It Off+1"],"picked":"PanicButton+1","floor":40},{"not_picked":["EmptyMind","Backstab+1","JustLucky+1"],"picked":"SKIP","floor":42},{"not_picked":["Clothesline+1","Self Repair+1","FlurryOfBlows+1"],"picked":"SKIP","floor":44},{"not_picked":["Crescendo+1","Wallop"],"picked":"Scrape+1","floor":46},{"not_picked":["Tempest+1","Bane","Adaptation+1"],"picked":"SKIP","floor":48},{"not_picked":["CutThroughFate+1","Dagger Spray","Vengeance"],"picked":"SKIP","floor":54}],"player_experience":1659377,"relics_obtained":[{"floor":6,"key":"Torii"},{"floor":8,"key":"Ornamental Fan"},{"floor":9,"key":"Incense Burner"},{"floor":12,"key":"Smiling Mask"},{"floor":27,"key":"Gambling Chip"},{"floor":27,"key":"Eternal Feather"},{"floor":28,"key":"StrikeDummy"},{"floor":30,"key":"Juzu Bracelet"},{"floor":40,"key":"Tingsha"},{"floor":42,"key":"Thread and Needle"},{"floor":43,"key":"Bag of Preparation"},{"floor":46,"key":"Bottled Flame"},{"floor":48,"key":"Toy Ornithopter"},{"floor":54,"key":"Akabeko"}],"event_choices":[{"damage_healed":0,"gold_gain":0,"player_choice":"Rummage","damage_taken":0,"relics_obtained":["WarpedTongs"],"max_hp_gain":0,"max_hp_loss":0,"event_name":"Accursed Blacksmith","floor":2,"gold_loss":0,"cards_obtained":["Pain"]},{"damage_healed":0,"gold_gain":0,"cards_transformed":["Strike_G","Strike_G"],"player_choice":"Became Test Subject","damage_taken":0,"max_hp_gain":0,"max_hp_loss":0,"event_name":"Drug Dealer","floor":22,"gold_loss":0,"cards_obtained":["Wraith Form v2","Outmaneuver"]},{"damage_healed":0,"gold_gain":0,"player_choice":"Simplicity","damage_taken":0,"max_hp_gain":0,"max_hp_loss":0,"event_name":"Back to Basics","floor":24,"gold_loss":0,"cards_upgraded":["Defend_G","Defend_G","Defend_G","Defend_G"]},{"damage_healed":0,"gold_gain":0,"player_choice":"Fight","damage_taken":0,"max_hp_gain":0,"max_hp_loss":0,"event_name":"Colosseum","floor":27,"gold_loss":0},{"damage_healed":0,"gold_gain":0,"player_choice":"Fought Nobs","damage_taken":0,"max_hp_gain":0,"max_hp_loss":0,"event_name":"Colosseum","floor":27,"gold_loss":0},{"damage_healed":0,"gold_gain":0,"player_choice":"Opened","damage_taken":0,"relics_obtained":["Ice Cream"],"max_hp_gain":0,"max_hp_loss":0,"event_name":"The Mausoleum","floor":31,"gold_loss":0},{"damage_healed":0,"gold_gain":0,"player_choice":"Max HP","damage_taken":0,"max_hp_gain":0,"max_hp_loss":4,"event_name":"Winding Halls","floor":36,"gold_loss":0},{"damage_healed":0,"gold_gain":100,"player_choice":"Pray","damage_taken":0,"max_hp_gain":0,"max_hp_loss":0,"event_name":"Golden Shrine","floor":45,"gold_loss":0},{"damage_healed":0,"gold_gain":0,"player_choice":"Ignored","damage_taken":0,"max_hp_gain":0,"max_hp_loss":0,"event_name":"NoteForYourself","floor":47,"gold_loss":0}],"is_beta":false,"boss_relics":[{"not_picked":["Busted Crown","SacredBark"],"picked":"Astrolabe"},{"not_picked":["HoveringKite","Runic Pyramid"],"picked":"Snecko Eye"}],"items_purged_floors":[4,21,37,53],"is_endless":false,"potions_floor_spawned":[3,6,10,13,16,18,20,30,33,38,44,46],"ascension_level":2}}