{"host":"5pruifpvrxoc6ior","time":1613837990,"event":{"mods":["AchievementEnabler","Aspiration","BaseMod","Colored Map","Colored Powertips","Downfall","Googly Eyes","Hermit","Hubris","Jorbs\u0027s Wanderer Trilogy","Marisa????????","Minty Spire (QoL Compilation)","Quick Restart","Remilia??????","Replay The Spire","StSLib","SuperFastMode","The Bug Knight","The Cursed","The Disciple","The Hierophant","The Jungle","The Necromancer","The Servant 0.9.4"],"gold_per_floor":[115,115,127,147,147,147,177,45,45,77,77,2,37,57,138,138,138],"floor_reached":16,"language":"ENG","playtime":4346,"items_purged":[],"score":136,"play_id":"5b1d1603-15ea-4f16-9ffb-cf425a8e0396","local_time":"20210220111950","is_ascension_mode":true,"campfire_choices":[{"data":"Summon_Lich","floor":6.0,"key":"SMITH"},{"data":"hubris:DuctTapeCard","floor":11,"key":"SMITH"}],"circlet_count":0,"master_deck":["Strike_W","Strike_W","Strike_W","Strike_W","Defend_W","Defend_W","Defend_W","Defend_W","Negative_Energy_Arrows","Bone_Wall+1","Vampiric_Strike","Negative_Energy_Burst","Negative_Energy_Javelin","Shade_Step+1","hubris:DuctTapeCard+2","Bone_Armor","Spectral_Walk","Summon_Undead_Army","Bone_Armor","ReplayTheSpireMod:Splinters","Negative_Energy_Sphere"],"relics":["Vampire_Amulet","hubris:ToyBattleship","hubris:PeanutButter","hubris:DuctTape","Pantograph","ReplayTheSpireMod:Lightbulb"],"acts_visited":["Exordium"],"potions_floor_usage":[],"damage_taken":[{"damage":0.0,"enemies":"Small Slimes","floor":1.0,"turns":4.0},{"damage":0.0,"enemies":"Cultist","floor":3.0,"turns":5.0},{"damage":10.0,"enemies":"2 Louse","floor":4.0,"turns":3.0},{"damage":17,"enemies":"Lagavulin","floor":7,"turns":10},{"damage":25,"enemies":"Gremlin Nob","floor":10,"turns":5},{"damage":2,"enemies":"3 Sentries","floor":13,"turns":3},{"damage":0,"enemies":"Exordium Thugs","floor":14,"turns":5},{"damage":95,"enemies":"Fading Forest","floor":16,"turns":9}],"seed_played":"5922599560160408010","potions_obtained":[{"floor":7,"key":"SpeedPotion"},{"floor":13,"key":"Swift Potion"},{"floor":14,"key":"Reflective Coating"},{"floor":15,"key":"Strength Potion"}],"is_trial":false,"path_per_floor":["M","?","M","M","?","R","E","$","T","E","R","$","E","M","R_BF","B"],"character_chosen":"NECROMANCER","items_purchased":["Shade_Step+1","Summon_Lich","Spectral_Walk"],"campfire_rested":0,"item_purchase_floors":[8,8,12],"current_hp_per_floor":[75,75,75,71,71,71,58,58,58,37,37,37,41,46,46,0,0],"gold":138,"neow_bonus":"UPGRADE_CARD","is_daily":false,"chose_seed":false,"campfire_upgraded":2,"win_rate":0.0,"timestamp":1613837990,"path_taken":["M","?","M","?","?","R","E","?","T","E","R","$","E","M","R_BF","BOSS"],"items_purchased_type":["Card","Card","Card"],"build_version":"2020-12-22","purchased_purges":0,"victory":false,"max_hp_per_floor":[75,75,75,75,75,75,75,75,75,75,75,75,75,75,75,75,75],"card_choices":[{"not_picked":["Consume_Illness","Negative_Energy_Sphere"],"picked":"Vampiric_Strike","floor":1.0},{"not_picked":["Epidemic","Bone_Spikes"],"picked":"Summon_Lich","floor":3.0},{"not_picked":["Bone_Bullets","Shackles_Of_Pain"],"picked":"Blood_Shield","floor":4.0},{"not_picked":["Life_Drain","Grasp_Heart"],"picked":"Negative_Energy_Javelin","floor":7},{"not_picked":["Necromantic_Selection","Skeleton_Dragon"],"picked":"Bone_Armor","floor":10},{"not_picked":["Death_Knell","Blood_Is_Power"],"picked":"Summon_Undead_Army","floor":13},{"not_picked":["Scare","Death_Knell"],"picked":"Bone_Armor","floor":14},{"not_picked":["Corrupt","Shackles_Of_Pain"],"picked":"Negative_Energy_Sphere","floor":15}],"player_experience":39407,"relics_obtained":[{"floor":7,"key":"hubris:ToyBattleship"},{"floor":9,"key":"hubris:PeanutButter"},{"floor":10,"key":"hubris:DuctTape"},{"floor":13,"key":"Pantograph"},{"floor":15,"key":"ReplayTheSpireMod:Lightbulb"}],"event_choices":[{"damage_healed":0.0,"max_hp_gain":0.0,"max_hp_loss":0.0,"gold_gain":0.0,"event_name":"The Woman in Blue","player_choice":"Bought 0 Potions","floor":2.0,"gold_loss":0.0,"damage_taken":0.0},{"damage_healed":0.0,"max_hp_gain":0.0,"max_hp_loss":0.0,"gold_gain":0.0,"cards_transformed":["Blood_Shield"],"event_name":"Transmorgrifier","player_choice":"Transformed","floor":5.0,"gold_loss":0.0,"damage_taken":0.0,"cards_obtained":["Negative_Energy_Burst"]}],"is_beta":false,"boss_relics":[],"items_purged_floors":[],"is_endless":false,"potions_floor_spawned":[7,13,14],"killed_by":"Fading Forest","ascension_level":3}}