{"host":"7hgb9mjb8q1kiawz","time":1613849027,"event":{"mods":["BaseMod","Better Third Choice","Colored Map","Downfall","Marisa????????","Minty Spire (QoL Compilation)","Replay The Spire","StSLib","The Cursed","The Disciple","The Servant 0.9.4"],"gold_per_floor":[99,114,114,132,66,66,66,96,115,115,115,115,135,152,152,185,202,307,307,207,226,243,3,22,41,66,66,99,99,109,137,137,166,177,274,274,74,84,104,104,114,141,167,192,220,243,279,296,326,326,341,341,341,374,124,124,124,124],"floor_reached":59,"language":"ENG","playtime":7068,"items_purged":["Slimebound:Defend_Slimebound","Slimebound:ServeAndProtect"],"score":1505,"play_id":"b8870c56-8c72-4b12-97da-e5cf6d05a246","local_time":"20210220202347","is_ascension_mode":true,"campfire_choices":[{"data":"Slimebound:CorrosiveSpit","floor":1,"key":"SMITH"},{"data":"Slimebound:Split","floor":6,"key":"SMITH"},{"data":"Slimebound:GrowthPunch","floor":15,"key":"SMITH"},{"data":"Slimebound:TagTeam","floor":20,"key":"SMITH"},{"floor":27,"key":"RECALL"},{"data":"Slimebound:SlimeBarrage","floor":29,"key":"SMITH"},{"data":"Slimebound:MassFeed","floor":37,"key":"SMITH"},{"data":"Slimebound:LevelUp","floor":56,"key":"SMITH"}],"circlet_count":0,"master_deck":["Slimebound:Defend_Slimebound","Slimebound:Split+1","Slimebound:CorrosiveSpit+1","Slimebound:Gluttony","Slimebound:GoopSpray","Slimebound:Repurpose","Slimebound:SplitLeeching","Slimebound:LevelUp+1","Slimebound:SamplingLick","Slimebound:MegaLick","Slimebound:LevelUp+1","Slimebound:GrowthPunch+1","Slimebound:LevelUp","Slimebound:Prepare","Slimebound:TagTeam+1","Slimebound:ViciousTackle+1","Slimebound:SlimeTap","Slimebound:Prepare","Slimebound:LeechLife","Slimebound:SlimeBarrage+1","Slimebound:ForwardTackle+1","Slimebound:FormOfPuddle","Slimebound:RainOfGoop+1","Slimebound:LeechEnergy","Slimebound:MassFeed+1","Slimebound:SplitAcid","Slimebound:LevelUp+1","Slimebound:DisruptingSlam+1","Slimebound:SamplingLick","Slimebound:Schlurp+1","Slimebound:Schlurp","Slimebound:LeechEnergy+1","Slimebound:AcidTongue+1","Slimebound:OozeBath","CurseOfTheBell","CurseOfTheBell","Slimebound:LeechEnergy+1"],"relics":["Slimebound:AbsorbEndCombat","StoneCalendar","Potion Belt","Slimebound:PotencyRelic","Sozu","downfall:HeartBlessingGreen","Lantern","Pet Ghost","StrikeDummy","Simple Rune","Replay:Drink Me","downfall:HeartBlessingRed","downfall:HeartBlessingBlue","Art of War","MawBank","Replay:Baseball","Anchor","White Beast Statue","downfall:ExtraCursedBell","Blood Vial","InkBottle","Durian","Boot","Slimebound:AggressiveSlimeRelic"],"acts_visited":["Exordium","TheCity","TheBeyond","TheEnding"],"potions_floor_usage":[8,16,58],"damage_taken":[{"damage":2,"enemies":"Small Slimes","floor":2,"turns":4},{"damage":6,"enemies":"Jaw Worm","floor":4,"turns":3},{"damage":0,"enemies":"downfall:FleeingMerchant","floor":5,"turns":4},{"damage":20,"enemies":"Gremlin Nob","floor":8,"turns":4},{"damage":8,"enemies":"2 Louse","floor":9,"turns":3},{"damage":5,"enemies":"downfall:LooterAlt","floor":13,"turns":4},{"damage":16,"enemies":"Large Slime","floor":14,"turns":3},{"damage":2,"enemies":"3 Sentries","floor":16,"turns":7},{"damage":0,"enemies":"Blue Slaver","floor":17,"turns":3},{"damage":12,"enemies":"WA_ARCHETYPE_RETAIN","floor":18,"turns":7},{"damage":7,"enemies":"Chosen","floor":21,"turns":3},{"damage":11,"enemies":"downfall:LooterAlt2","floor":22,"turns":4},{"damage":3,"enemies":"downfall:FleeingMerchant","floor":23,"turns":4},{"damage":0,"enemies":"Centurion and Healer","floor":24,"turns":2},{"damage":0,"enemies":"Shelled Parasite and Fungi","floor":25,"turns":4},{"damage":18,"enemies":"Slavers","floor":28,"turns":7},{"damage":0,"enemies":"Chosen and Byrds","floor":30,"turns":3},{"damage":0,"enemies":"Gremlin Leader","floor":31,"turns":5},{"damage":6,"enemies":"Book of Stabbing","floor":33,"turns":4},{"damage":0,"enemies":"Snake Plant","floor":34,"turns":2},{"damage":18,"enemies":"DF_ARCHETYPE_CLAW","floor":35,"turns":5},{"damage":0,"enemies":"Orb Walker","floor":38,"turns":3},{"damage":15,"enemies":"3 Darklings","floor":39,"turns":4},{"damage":0,"enemies":"Jaw Worm Horde","floor":41,"turns":3},{"damage":11,"enemies":"Reptomancer","floor":42,"turns":4},{"damage":0,"enemies":"Maw","floor":44,"turns":5},{"damage":1,"enemies":"Sphere and 2 Shapes","floor":45,"turns":4},{"damage":0,"enemies":"Transient","floor":46,"turns":5},{"damage":0,"enemies":"downfall:FleeingMerchant","floor":47,"turns":4},{"damage":5,"enemies":"Maw","floor":48,"turns":4},{"damage":11,"enemies":"Giant Head","floor":49,"turns":6},{"damage":0,"enemies":"Sphere and 2 Shapes","floor":51,"turns":4},{"damage":0,"enemies":"SI_POISON_ARCHETYPE","floor":52,"turns":6},{"damage":6,"enemies":"downfall:CharBossMerchant","floor":54,"turns":5},{"damage":24,"enemies":"downfall:NeowBoss","floor":57,"turns":10},{"damage":0,"enemies":"downfall:NeowBossFinal","floor":58,"turns":9}],"seed_played":"6486470938586060427","potions_obtained":[{"floor":2,"key":"Cursed Concoction"},{"floor":13,"key":"SkillPotion"},{"floor":14,"key":"EssenceOfSteel"},{"floor":16,"key":"Explosive Potion"}],"is_trial":false,"path_per_floor":["R","M","?","M","$","R","T","E","M","?","PTL","PTL","M","M","R","E","M","B",null,"R","M","M","$","M","M","T","R","E","R","M","E","?","E","M","B",null,"R","M","M","?","M","E","T","M","M","M","$","M","E","?","M","B",null,"E","$","R","B","B",null],"character_chosen":"SLIMEBOUND","items_purchased":["Slimebound:LevelUp+1","Lantern","Replay:Baseball","Anchor","Slimebound:AggressiveSlimeRelic"],"campfire_rested":0,"item_purchase_floors":[5,23,47,47,55],"current_hp_per_floor":[47,53,53,51,57,57,57,41,37,42,42,42,41,29,29,35,39,35,70,70,63,60,65,67,70,70,70,54,54,62,70,70,68,70,58,53,63,63,63,63,75,71,71,75,74,75,75,72,64,69,83,84,84,84,84,84,60,70],"gold":124,"neow_bonus":"TRANSFORM_TWO_CARDS","is_daily":false,"chose_seed":false,"campfire_upgraded":7,"win_rate":0.0,"timestamp":1613849027,"path_taken":["R","M","?","M","$","R","T","E","M","?","PTL","PTL","M","M","R","E","M","BOSS","R","M","M","$","M","M","T","R","E","R","M","E","?","E","M","BOSS","R","M","M","?","M","E","T","M","M","M","$","M","E","?","M","BOSS","E","$","R","BOSS","BOSS"],"items_purchased_type":["Card","Relic","Relic","Relic","Relic"],"build_version":"2020-12-22","purchased_purges":2,"victory":true,"max_hp_per_floor":[65,65,65,65,65,65,65,65,65,70,70,70,70,70,70,70,70,70,70,70,70,70,70,70,70,70,70,70,70,70,70,70,70,70,70,53,63,63,63,63,75,75,75,75,75,75,75,75,75,80,84,84,84,84,84,84,84,84],"card_choices":[{"not_picked":["Slimebound:ProtectTheBoss","Slimebound:Prepare"],"picked":"Slimebound:GoopSpray","floor":2},{"not_picked":["Slimebound:RollThrough","Slimebound:SlimeTap"],"picked":"Slimebound:Repurpose","floor":4},{"not_picked":["Slimebound:TongueLash","Slimebound:PressTheAttack"],"picked":"Slimebound:SplitLeeching","floor":5},{"not_picked":["Slimebound:SlimeSpikes","Slimebound:GoopSpray"],"picked":"Slimebound:SamplingLick","floor":8},{"not_picked":["Slimebound:GoopTackle","Slimebound:DivideAndConquer"],"picked":"Slimebound:MegaLick","floor":9},{"not_picked":["Slimebound:ComboTackle","Slimebound:Schlurp"],"picked":"Slimebound:LevelUp","floor":13},{"not_picked":["Slimebound:SplitBruiser","Slimebound:SplitMire"],"picked":"Slimebound:GrowthPunch","floor":14},{"not_picked":["Slimebound:ComboTackle","Slimebound:MegaLick"],"picked":"Slimebound:LevelUp","floor":16},{"not_picked":["Slimebound:SplitAcid","Slimebound:GoopSpray"],"picked":"Slimebound:Prepare","floor":17},{"not_picked":["Slimebound:Overexert","Slimebound:SelfFormingGoo"],"picked":"Slimebound:TagTeam","floor":18},{"not_picked":["Slimebound:RejuvenatingLick","Slimebound:ComboTackle"],"picked":"Slimebound:ViciousTackle+1","floor":21},{"not_picked":["Slimebound:SplitMire+1","Slimebound:SplitLeeching"],"picked":"Slimebound:SlimeTap","floor":22},{"not_picked":["Slimebound:SlimeSpikes","Slimebound:LivingWall+1"],"picked":"Slimebound:Prepare","floor":23},{"not_picked":["Slimebound:SplitLeeching+1","Slimebound:FlameTackle"],"picked":"Slimebound:LeechLife","floor":24},{"not_picked":["Slimebound:RollThrough","Slimebound:Dissolve"],"picked":"Slimebound:Chomp+1","floor":25},{"not_picked":["Slimebound:ItLooksTasty","Slimebound:SplitLeeching"],"picked":"Slimebound:SlimeBarrage","floor":28},{"not_picked":["Slimebound:LeechEnergy","Slimebound:ComboTackle"],"picked":"Slimebound:ForwardTackle+1","floor":30},{"not_picked":["Slimebound:SplitBruiser","Slimebound:PrepareCrush"],"picked":"Slimebound:FormOfPuddle","floor":31},{"not_picked":["Slimebound:ViciousTackle","Slimebound:Gluttony+1"],"picked":"Slimebound:RainOfGoop+1","floor":33},{"not_picked":["Slimebound:GoopTackle","Slimebound:SamplingLick"],"picked":"Slimebound:LeechEnergy","floor":34},{"not_picked":["Slimebound:SlimeSlap","Slimebound:DouseInSlime"],"picked":"Slimebound:MassFeed","floor":35},{"not_picked":["Slimebound:SamplingLick","Slimebound:Replication+1"],"picked":"Slimebound:SplitAcid","floor":38},{"not_picked":["Slimebound:SplitBruiser","Slimebound:DivideAndConquer"],"picked":"Slimebound:LevelUp+1","floor":39},{"not_picked":["Slimebound:Equalize","Slimebound:ComboTackle+1"],"picked":"Slimebound:DisruptingSlam+1","floor":41},{"not_picked":["Slimebound:LivingWall","Slimebound:RainOfGoop+1"],"picked":"Slimebound:SamplingLick","floor":42},{"not_picked":["Slimebound:SplitBruiser","Slimebound:SplitMire"],"picked":"Slimebound:Schlurp+1","floor":44},{"not_picked":["Slimebound:PressTheAttack","Slimebound:FormOfPuddle"],"picked":"Slimebound:Schlurp","floor":45},{"not_picked":["Slimebound:ItLooksTasty","Slimebound:SlimeSlap"],"picked":"Slimebound:LeechEnergy+1","floor":46},{"not_picked":["Slimebound:ComboTackle","Slimebound:RollThrough","Slimebound:ItLooksTasty"],"picked":"SKIP","floor":47},{"not_picked":["Slimebound:LeechingTouch+1","Slimebound:SplitLeeching+1"],"picked":"Slimebound:AcidTongue+1","floor":48},{"not_picked":["Slimebound:Schlurp","Slimebound:ComboTackle+1"],"picked":"Slimebound:OozeBath","floor":49},{"not_picked":["Slimebound:AcidTongue","Slimebound:FlameTackle"],"picked":"Slimebound:LeechEnergy+1","floor":51},{"not_picked":["Slimebound:Grow","Slimebound:SplitLeeching","Slimebound:ProtectTheBoss"],"picked":"SKIP","floor":54}],"player_experience":889986,"relics_obtained":[{"floor":7,"key":"StoneCalendar"},{"floor":8,"key":"Potion Belt"},{"floor":16,"key":"Slimebound:PotencyRelic"},{"floor":28,"key":"Pet Ghost"},{"floor":31,"key":"StrikeDummy"},{"floor":33,"key":"Simple Rune"},{"floor":42,"key":"Art of War"},{"floor":43,"key":"MawBank"},{"floor":49,"key":"White Beast Statue"},{"floor":50,"key":"Blood Vial"},{"floor":50,"key":"InkBottle"},{"floor":50,"key":"Durian"},{"floor":54,"key":"Boot"}],"event_choices":[{"damage_healed":0,"gold_gain":0,"player_choice":"Donut","damage_taken":0,"max_hp_gain":5,"max_hp_loss":0,"event_name":"Big Fish","floor":10,"gold_loss":0},{"cards_removed":["Slimebound:Chomp"],"damage_healed":0,"gold_gain":0,"player_choice":"Removed Attack","damage_taken":0,"max_hp_gain":0,"max_hp_loss":0,"event_name":"Falling","floor":40,"gold_loss":0}],"is_beta":false,"boss_relics":[{"not_picked":["SlaversCollar","Kintsugi"],"picked":"Sozu"},{"not_picked":["SacredBark","Astrolabe"],"picked":"Replay:Drink Me"}],"items_purged_floors":[23,55],"is_endless":false,"potions_floor_spawned":[2,13,14,16,24,25,30,31,35,38,41,46,48,49,51,54],"ascension_level":1}}