{"host":"anox4050deqdcqoh","time":1613848452,"event":{"mods":["BaseMod","Colored Map","Displayed Cursed Tome","Highlight Path","Minty Spire (QoL Compilation)","Quick Restart","Rare Cards Sparkle","everything is the same but u backflip on backflip"],"gold_per_floor":[114,114,130,146,166,196,45,73,73,73,73,104,116,129,129,228,228,246,262,262,280,296,296,107,120,146,146,160,160,174,56,56,158,158,175,191,215,15,34,68,68,418,470,480,480,480,480,499,499,499,499,499,19,50,50,50],"floor_reached":55,"language":"ENG","playtime":3444,"items_purged":["Barricade"],"score":970,"play_id":"8c7a56ee-93bd-4a68-be71-a0f6f301044c","local_time":"20210220141412","is_ascension_mode":true,"campfire_choices":[{"data":"Berserk","floor":10,"key":"SMITH"},{"data":"Inflame","floor":15,"key":"SMITH"},{"data":"True Grit","floor":23,"key":"SMITH"},{"data":"Apotheosis","floor":29,"key":"SMITH"},{"floor":32,"key":"REST"},{"floor":41,"key":"REST"},{"floor":46,"key":"RECALL"},{"data":"Metallicize","floor":49,"key":"SMITH"},{"floor":52,"key":"REST"}],"circlet_count":0,"master_deck":["Strike_R","Strike_R","Strike_R","Strike_R","Strike_R","Defend_R","Defend_R","Defend_R","Bash","Inflame+1","Perfected Strike","Clothesline","Clash","Twin Strike","Berserk+1","Dual Wield+1","Dramatic Entrance","Headbutt","Spot Weakness","Pommel Strike","Rage","Reaper","Intimidate","Bloodletting","True Grit+1","Apotheosis+1","Infernal Blade","Dark Embrace","Brutality","Wild Strike+1","Rage","Demon Form","Rage+1","Whirlwind+1","Evolve","Reaper","True Grit+1","Heavy Blade+1","Metallicize+1","Rupture","Rage","Body Slam+1"],"relics":["Burning Blood","Bag of Preparation","Tiny Chest","The Courier","Ancient Tea Set","Shuriken","Mark of Pain","HornCleat","Akabeko","Membership Card","SlaversCollar","Bottled Lightning","Anchor","Smiling Mask","Old Coin","Potion Belt","StrikeDummy","Turnip","Self Forming Clay","Pear","OrangePellets","Pantograph"],"acts_visited":["Exordium","TheCity","TheBeyond","TheEnding"],"potions_floor_usage":[6,8,14,16,30,40,40,50,50,54,54,55,55],"damage_taken":[{"damage":9,"enemies":"Jaw Worm","floor":1,"turns":3},{"damage":1,"enemies":"Cultist","floor":3,"turns":3},{"damage":0,"enemies":"2 Louse","floor":4,"turns":3},{"damage":10,"enemies":"Gremlin Gang","floor":5,"turns":4},{"damage":12,"enemies":"Gremlin Nob","floor":6,"turns":3},{"damage":45,"enemies":"Lagavulin","floor":8,"turns":6},{"damage":0,"enemies":"Gremlin Nob","floor":12,"turns":2},{"damage":0,"enemies":"3 Louse","floor":13,"turns":1},{"damage":12,"enemies":"Exordium Wildlife","floor":14,"turns":2},{"damage":29,"enemies":"The Guardian","floor":16,"turns":7},{"damage":0,"enemies":"Chosen","floor":18,"turns":4},{"damage":11,"enemies":"Spheric Guardian","floor":19,"turns":3},{"damage":9,"enemies":"Chosen and Byrds","floor":21,"turns":4},{"damage":44,"enemies":"Shelled Parasite and Fungi","floor":22,"turns":5},{"damage":0,"enemies":"Snecko","floor":25,"turns":3},{"damage":0,"enemies":"Snake Plant","floor":28,"turns":2},{"damage":18,"enemies":"Shelled Parasite and Fungi","floor":30,"turns":2},{"damage":62,"enemies":"Collector","floor":33,"turns":7},{"damage":16,"enemies":"Orb Walker","floor":35,"turns":2},{"damage":15,"enemies":"3 Shapes","floor":36,"turns":2},{"damage":49,"enemies":"Writhing Mass","floor":39,"turns":7},{"damage":28,"enemies":"Nemesis","floor":40,"turns":5},{"damage":0,"enemies":"Mind Bloom Boss Battle","floor":42,"turns":5},{"damage":0,"enemies":"Sphere and 2 Shapes","floor":44,"turns":1},{"damage":1,"enemies":"Spire Growth","floor":48,"turns":3},{"damage":51,"enemies":"Awakened One","floor":50,"turns":9},{"damage":6,"enemies":"Shield and Spear","floor":54,"turns":5},{"damage":101,"enemies":"The Heart","floor":55,"turns":8}],"seed_played":"-1876455248820717082","potions_obtained":[{"floor":3,"key":"SteroidPotion"},{"floor":5,"key":"Regen Potion"},{"floor":8,"key":"Swift Potion"},{"floor":14,"key":"FearPotion"},{"floor":16,"key":"Fruit Juice"},{"floor":19,"key":"Dexterity Potion"},{"floor":22,"key":"DuplicationPotion"},{"floor":30,"key":"Dexterity Potion"},{"floor":33,"key":"PowerPotion"},{"floor":42,"key":"ElixirPotion"},{"floor":44,"key":"DuplicationPotion"},{"floor":48,"key":"Swift Potion"}],"is_trial":false,"path_per_floor":["M","?","M","M","M","E","$","E","T","R","?","E","M","M","R","B",null,"M","M","T","M","M","R","$","M","T","?","M","R","M","$","R","B",null,"M","M","T","$","M","E","R","?","T","M","?","R","T","M","R","B",null,"R","$","E","B"],"character_chosen":"IRONCLAD","items_purchased":["Dual Wield","Dramatic Entrance","Apotheosis","Infernal Blade","Membership Card","Bottled Lightning","Anchor","Rupture","Rage","Turnip","Self Forming Clay","Pear","OrangePellets","DistilledChaos","AttackPotion"],"campfire_rested":3,"item_purchase_floors":[7,7,24,24,31,38,38,53,53,53,53,53,53,53,53],"current_hp_per_floor":[77,65,70,76,72,66,66,36,36,36,36,42,48,42,42,19,65,80,75,75,80,58,58,58,64,64,64,70,70,68,68,80,24,66,56,80,80,80,46,24,48,63,63,69,69,69,69,80,80,56,74,80,90,90,0,0],"gold":50,"neow_bonus":"TRANSFORM_CARD","is_daily":false,"chose_seed":false,"campfire_upgraded":5,"win_rate":0.0,"timestamp":1613848452,"path_taken":["M","?","M","M","M","E","$","E","T","R","?","E","M","?","R","BOSS","M","?","?","?","M","R","$","M","T","?","M","R","?","$","R","BOSS","M","M","?","$","?","E","R","?","T","M","?","R","?","M","R","BOSS","R","$","E","BOSS"],"items_purchased_type":["Card","Card","Card","Card","Relic","Relic","Relic","Card","Card","Relic","Relic","Relic","Relic","Potion","Potion"],"build_version":"2020-12-22","purchased_purges":1,"victory":false,"max_hp_per_floor":[80,80,80,80,80,80,80,80,80,80,80,80,80,80,80,80,80,80,80,80,80,80,80,80,80,80,80,80,80,80,80,80,80,80,80,80,80,80,80,80,80,80,80,80,80,80,80,80,80,80,80,80,90,90,95,95],"card_choices":[{"not_picked":["Warcry","Havoc"],"picked":"Perfected Strike","floor":1},{"not_picked":["Iron Wave","Wild Strike"],"picked":"Clothesline","floor":3},{"not_picked":["Searing Blow","Body Slam"],"picked":"Clash","floor":4},{"not_picked":["Thunderclap","Evolve"],"picked":"Twin Strike","floor":5},{"not_picked":["Flame Barrier","Shockwave"],"picked":"Berserk","floor":6},{"not_picked":["Anger","Warcry"],"picked":"Headbutt","floor":8},{"not_picked":["Body Slam","Dropkick"],"picked":"Spot Weakness","floor":12},{"not_picked":["Bludgeon","Dual Wield"],"picked":"Pommel Strike","floor":13},{"not_picked":["Clash","Rupture"],"picked":"Rage","floor":14},{"not_picked":["Juggernaut","Bludgeon"],"picked":"Reaper","floor":16},{"not_picked":["Havoc","Thunderclap+1","Anger+1"],"picked":"SKIP","floor":18},{"not_picked":["Entrench","Clothesline"],"picked":"Intimidate","floor":19},{"not_picked":["Thunderclap","Headbutt"],"picked":"Bloodletting","floor":21},{"not_picked":["Inflame","Cleave+1"],"picked":"True Grit","floor":22},{"not_picked":["Sword Boomerang","Entrench"],"picked":"Barricade","floor":25},{"not_picked":["Clothesline","Feel No Pain"],"picked":"Wild Strike+1","floor":28},{"not_picked":["Headbutt+1","Rampage"],"picked":"Rage","floor":30},{"not_picked":["Corruption","Feed"],"picked":"Demon Form","floor":33},{"not_picked":["Pommel Strike","Thunderclap+1"],"picked":"Rage+1","floor":35},{"not_picked":["Sword Boomerang","Dropkick+1"],"picked":"Whirlwind+1","floor":36},{"not_picked":["Cleave","Feed"],"picked":"Evolve","floor":39},{"not_picked":["Body Slam","Blood for Blood"],"picked":"Reaper","floor":40},{"not_picked":["Cleave","Shrug It Off"],"picked":"True Grit+1","floor":42},{"not_picked":["Cleave+1","Clothesline"],"picked":"Heavy Blade+1","floor":44},{"not_picked":["Twin Strike","Evolve"],"picked":"Metallicize","floor":48},{"not_picked":["Wild Strike","Havoc"],"picked":"Body Slam+1","floor":54}],"player_experience":483824,"relics_obtained":[{"floor":6,"key":"Tiny Chest"},{"floor":8,"key":"The Courier"},{"floor":9,"key":"Ancient Tea Set"},{"floor":12,"key":"Shuriken"},{"floor":20,"key":"HornCleat"},{"floor":26,"key":"Akabeko"},{"floor":40,"key":"Smiling Mask"},{"floor":42,"key":"Old Coin"},{"floor":43,"key":"Potion Belt"},{"floor":47,"key":"StrikeDummy"},{"floor":54,"key":"Pantograph"}],"event_choices":[{"damage_healed":0,"gold_gain":0,"player_choice":"Success","damage_taken":12,"relics_obtained":["Bag of Preparation"],"max_hp_gain":0,"max_hp_loss":0,"event_name":"Scrap Ooze","floor":2,"gold_loss":0},{"damage_healed":0,"gold_gain":0,"player_choice":"Forge","damage_taken":0,"max_hp_gain":0,"max_hp_loss":0,"event_name":"Accursed Blacksmith","floor":11,"gold_loss":0,"cards_upgraded":["Dual Wield"]},{"damage_healed":0,"gold_gain":0,"player_choice":"2 cards matched","damage_taken":0,"max_hp_gain":0,"max_hp_loss":0,"event_name":"Match and Keep!","floor":27,"gold_loss":0,"cards_obtained":["Dark Embrace","Brutality"]},{"damage_healed":0,"gold_gain":0,"player_choice":"Fight","damage_taken":0,"max_hp_gain":0,"max_hp_loss":0,"event_name":"MindBloom","floor":42,"gold_loss":0},{"damage_healed":0,"gold_gain":0,"player_choice":"Ignored","damage_taken":0,"max_hp_gain":0,"max_hp_loss":0,"event_name":"Mysterious Sphere","floor":45,"gold_loss":0}],"is_beta":false,"boss_relics":[{"not_picked":["Snecko Eye","Sozu"],"picked":"Mark of Pain"},{"not_picked":["Busted Crown","Empty Cage"],"picked":"SlaversCollar"}],"items_purged_floors":[38],"is_endless":false,"potions_floor_spawned":[3,5,8,14,16,19,22,30,33,39,42,44,48],"killed_by":"The Heart","ascension_level":5}}