{"host":"prxrhpgaxnj4om9r","time":1613793414,"event":{"mods":["AchievementEnabler","BaseMod","Colored Map","DeckTracker","Minty Spire (QoL Compilation)"],"gold_per_floor":[118,130,130,144,144,173,173,92,116,135,165,180,191,222,222,222,222],"floor_reached":16,"language":"KOR","playtime":601,"items_purged":[],"score":153,"play_id":"64e1509f-8b22-43f5-9eb6-4fd988907aed","local_time":"20210220125654","is_ascension_mode":true,"campfire_choices":[{"floor":7,"key":"REST"},{"data":"Infernal Blade","floor":15,"key":"SMITH"}],"circlet_count":0,"master_deck":["Strike_R","Strike_R","Strike_R","Strike_R","Strike_R","Defend_R","Defend_R+1","Defend_R","Defend_R+1","Bash","Fiend Fire","Body Slam","Bloodletting","Twin Strike","Impervious","Infernal Blade+1","Flex","Rampage","Heavy Blade","Cleave","Shrug It Off"],"relics":["Burning Blood","Regal Pillow","War Paint","Toy Ornithopter","Bag of Preparation","Sundial"],"acts_visited":["Exordium"],"potions_floor_usage":[4,11,16],"damage_taken":[{"damage":10,"enemies":"Small Slimes","floor":1,"turns":3},{"damage":6,"enemies":"Cultist","floor":2,"turns":3},{"damage":8,"enemies":"Jaw Worm","floor":4,"turns":3},{"damage":67,"enemies":"Lagavulin","floor":6,"turns":7},{"damage":3,"enemies":"Exordium Wildlife","floor":10,"turns":4},{"damage":6,"enemies":"Gremlin Nob","floor":11,"turns":3},{"damage":3,"enemies":"3 Louse","floor":12,"turns":3},{"damage":13,"enemies":"Blue Slaver","floor":13,"turns":3},{"damage":13,"enemies":"3 Sentries","floor":14,"turns":5},{"damage":60,"enemies":"Hexaghost","floor":16,"turns":7}],"seed_played":"-5587444674436507972","potions_obtained":[{"floor":2,"key":"EssenceOfSteel"},{"floor":4,"key":"SpeedPotion"},{"floor":6,"key":"Block Potion"},{"floor":14,"key":"AttackPotion"}],"is_trial":false,"path_per_floor":["M","M","?","M","?","E","R","$","T","M","E","M","M","E","R","B"],"character_chosen":"IRONCLAD","items_purchased":["Infernal Blade"],"campfire_rested":1,"item_purchase_floors":[8],"current_hp_per_floor":[76,76,76,74,74,13,52,52,52,55,60,63,56,49,49,0,0],"gold":222,"neow_bonus":"ONE_RANDOM_RARE_CARD","is_daily":false,"chose_seed":false,"campfire_upgraded":1,"win_rate":0.0,"timestamp":1613793414,"path_taken":["M","M","?","M","?","E","R","$","T","M","E","M","?","E","R","BOSS"],"items_purchased_type":["Card"],"build_version":"2020-12-22","purchased_purges":0,"victory":false,"max_hp_per_floor":[80,80,80,80,80,80,80,80,80,80,80,80,80,80,80,80,80],"card_choices":[{"not_picked":["Anger","Sentinel"],"picked":"Body Slam","floor":1},{"not_picked":["Rupture","Havoc"],"picked":"Bloodletting","floor":2},{"not_picked":["Metallicize","Havoc"],"picked":"Twin Strike","floor":4},{"not_picked":["Body Slam","Anger"],"picked":"Impervious","floor":6},{"not_picked":["Evolve","Thunderclap"],"picked":"Flex","floor":10},{"not_picked":["Thunderclap","Sentinel"],"picked":"Rampage","floor":11},{"not_picked":["Rupture","Armaments"],"picked":"Heavy Blade","floor":12},{"not_picked":["Dropkick","Dual Wield"],"picked":"Cleave","floor":13},{"not_picked":["Clash","Rupture"],"picked":"Shrug It Off","floor":14}],"player_experience":548063,"relics_obtained":[{"floor":6,"key":"War Paint"},{"floor":9,"key":"Toy Ornithopter"},{"floor":11,"key":"Bag of Preparation"},{"floor":14,"key":"Sundial"}],"event_choices":[{"damage_healed":0,"gold_gain":0,"player_choice":"Box","damage_taken":0,"relics_obtained":["Regal Pillow"],"max_hp_gain":0,"max_hp_loss":0,"event_name":"Big Fish","floor":3,"gold_loss":0,"cards_obtained":["Regret"]},{"cards_removed":["Regret"],"damage_healed":0,"gold_gain":0,"player_choice":"Removed Curses","damage_taken":0,"max_hp_gain":0,"max_hp_loss":0,"event_name":"Fountain of Cleansing","floor":5,"gold_loss":0}],"is_beta":false,"boss_relics":[],"items_purged_floors":[],"is_endless":false,"potions_floor_spawned":[2,4,6,14],"killed_by":"Hexaghost","ascension_level":5}}