{"host":"zsf7u5n6ehqeseos","time":1613855682,"event":{"mods":["AchievementEnabler","BaseMod","Colored Map","Colored Powertips","Googly Eyes","Minty Spire (QoL Compilation)"],"gold_per_floor":[117,117,188,31,44,69,69,96,96,96,111,124,124,136,136,231,231,250,349,67,85,85,85,85,85],"floor_reached":24,"language":"ENG","playtime":1051,"items_purged":[],"score":224,"play_id":"28f8d354-9a2c-409d-bda8-01f504e21fad","local_time":"20210220221442","is_ascension_mode":true,"campfire_choices":[{"data":"Bludgeon","floor":7.0,"key":"SMITH"},{"data":"Cleave","floor":10.0,"key":"SMITH"},{"data":"Armaments","floor":13.0,"key":"SMITH"},{"data":"Clash","floor":15.0,"key":"SMITH"},{"data":"Heavy Blade","floor":23.0,"key":"SMITH"}],"circlet_count":0,"master_deck":["Strike_R","Strike_R","Strike_R","Strike_R","Defend_R","Defend_R+1","Defend_R","Bash+1","Dropkick","Cleave+1","Bludgeon+1","Clash+1","Armaments+1","Juggernaut","Anger+1","Heavy Blade+1","Spot Weakness","Thunderclap+1","Armaments+1"],"relics":["Burning Blood","Bronze Scales","Charon\u0027s Ashes","InkBottle","Matryoshka","SacredBark","Pen Nib"],"acts_visited":["Exordium","TheCity"],"potions_floor_usage":[],"damage_taken":[{"damage":0.0,"enemies":"Small Slimes","floor":1.0,"turns":4.0},{"damage":7.0,"enemies":"Jaw Worm","floor":5.0,"turns":2.0},{"damage":23.0,"enemies":"Lagavulin","floor":6.0,"turns":5.0},{"damage":1.0,"enemies":"3 Sentries","floor":8.0,"turns":5.0},{"damage":0.0,"enemies":"Cultist","floor":11.0,"turns":2.0},{"damage":5.0,"enemies":"2 Fungi Beasts","floor":12.0,"turns":3.0},{"damage":0.0,"enemies":"Blue Slaver","floor":14.0,"turns":2.0},{"damage":12.0,"enemies":"Slime Boss","floor":16.0,"turns":8.0},{"damage":36.0,"enemies":"Shell Parasite","floor":18.0,"turns":3.0},{"damage":11.0,"enemies":"2 Thieves","floor":21.0,"turns":4.0},{"damage":37,"enemies":"Slavers","floor":24,"turns":2}],"seed_played":"2187644710270361584","potions_obtained":[{"floor":5.0,"key":"SpeedPotion"},{"floor":6.0,"key":"ColorlessPotion"},{"floor":14.0,"key":"Strength Potion"},{"floor":16.0,"key":"Strength Potion"}],"is_trial":false,"path_per_floor":["M","?","?","$","M","E","R","E","T","R","M","M","R","M","R","B",null,"M","?","$","M","?","R","E"],"character_chosen":"IRONCLAD","items_purchased":["Bronze Scales","Pen Nib","Heavy Blade","Spot Weakness"],"campfire_rested":0,"item_purchase_floors":[4,20,20,20],"current_hp_per_floor":[72,58,58,58,57,40,40,45,45,45,51,52,52,58,58,52,72,42,42,42,37,37,37,0,0],"gold":85,"neow_bonus":"REMOVE_TWO","is_daily":false,"chose_seed":false,"campfire_upgraded":5,"win_rate":0.0,"timestamp":1613855682,"path_taken":["M","?","?","$","M","E","R","E","T","R","M","M","R","M","R","BOSS","M","?","$","M","?","R","E"],"items_purchased_type":["Relic","Relic","Card","Card"],"build_version":"2020-12-22","purchased_purges":0,"victory":false,"max_hp_per_floor":[72,72,72,72,72,72,72,72,72,72,72,72,72,72,72,72,72,72,72,72,72,72,72,72,72],"card_choices":[{"not_picked":["Clash","Blood for Blood"],"picked":"Dropkick","floor":1.0},{"not_picked":["Shrug It Off","Pommel Strike"],"picked":"Cleave","floor":5.0},{"not_picked":["True Grit","Impervious"],"picked":"Bludgeon","floor":6.0},{"not_picked":["Feel No Pain","Twin Strike"],"picked":"Clash","floor":8.0},{"not_picked":["Headbutt","Warcry"],"picked":"Armaments","floor":11.0},{"not_picked":["Cleave","Body Slam","Wild Strike"],"picked":"SKIP","floor":12.0},{"not_picked":["Body Slam","Wild Strike","Headbutt"],"picked":"SKIP","floor":14.0},{"not_picked":["Impervious","Brutality"],"picked":"Juggernaut","floor":16.0},{"not_picked":["Havoc","Reckless Charge"],"picked":"Anger+1","floor":18.0},{"not_picked":["Body Slam+1","Dark Embrace"],"picked":"Thunderclap+1","floor":21.0}],"player_experience":246553,"relics_obtained":[{"floor":6.0,"key":"Charon\u0027s Ashes"},{"floor":8.0,"key":"InkBottle"},{"floor":9.0,"key":"Matryoshka"}],"event_choices":[{"damage_healed":0.0,"max_hp_gain":0.0,"max_hp_loss":0.0,"gold_gain":0.0,"event_name":"Shining Light","player_choice":"Entered Light","floor":2.0,"gold_loss":0.0,"damage_taken":14.0,"cards_upgraded":["Defend_R","Bash"]},{"damage_healed":0.0,"max_hp_gain":0.0,"max_hp_loss":0.0,"gold_gain":71.0,"event_name":"Golden Wing","player_choice":"Gained Gold","floor":3.0,"gold_loss":0.0,"damage_taken":0.0},{"damage_healed":0.0,"max_hp_gain":0.0,"max_hp_loss":0.0,"gold_gain":99.0,"event_name":"Nest","player_choice":"Stole From Cult","floor":19.0,"gold_loss":0.0,"damage_taken":0.0},{"damage_healed":0.0,"max_hp_gain":0.0,"max_hp_loss":0.0,"gold_gain":0.0,"event_name":"Duplicator","player_choice":"Copied","floor":22.0,"gold_loss":0.0,"damage_taken":0.0,"cards_obtained":["Armaments"]}],"is_beta":false,"boss_relics":[{"not_picked":["Mark of Pain","Runic Dome"],"picked":"SacredBark"}],"items_purged_floors":[],"is_endless":false,"potions_floor_spawned":[5,6,14,16],"killed_by":"Slavers","ascension_level":2}}