{"host":"6ggzka4dag2kvku2","time":1613794325,"event":{"mods":["AchievementEnabler","BaseMod","DeckTracker","Minty Spire (QoL Compilation)","Permanent Neow","Quick Restart","SuperFastMode"],"gold_per_floor":[110,122,138,70,80,113,130,163,163,163,180,180,198,232,232,330,330,340,354,373,401,425,453,470,470,495,522,537,551,551,551],"floor_reached":30,"language":"KOR","playtime":2101,"items_purged":[],"score":380,"play_id":"3e88c7cb-3e4b-49b9-9872-c05e596684dc","local_time":"20210220131205","is_ascension_mode":true,"campfire_choices":[{"floor":10,"key":"REST"},{"data":"Venomology","floor":15,"key":"SMITH"},{"data":"Catalyst","floor":25,"key":"SMITH"}],"circlet_count":0,"master_deck":["Strike_G","Strike_G","Strike_G","Strike_G","Strike_G","Defend_G","Defend_G","Defend_G","Defend_G","Defend_G","Survivor","Neutralize","Venomology+1","Catalyst+1","Flying Knee","Noxious Fumes","Bouncing Flask","Catalyst","Die Die Die","Footwork","Blur","PiercingWail","Backflip","Escape Plan","Bullet Time","Dodge and Roll+1","Acrobatics+1","Prepared+1","Deadly Poison+1","Corpse Explosion","Outmaneuver+1","Distraction"],"relics":["Ring of the Snake","Happy Flower","Tiny Chest","HornCleat","Pear","Black Star","Red Mask","Snake Skull","StrikeDummy","Calipers","Omamori","Boot","Mango"],"acts_visited":["Exordium","TheCity"],"potions_floor_usage":[3,5,6,6,6,7,8,8,11,13,14,16,16,18,20,20,21,23,27,27,27,28,29],"damage_taken":[{"damage":6,"enemies":"Cultist","floor":1,"turns":5},{"damage":3,"enemies":"Small Slimes","floor":2,"turns":5},{"damage":6,"enemies":"2 Louse","floor":3,"turns":3},{"damage":15,"enemies":"Exordium Thugs","floor":5,"turns":4},{"damage":10,"enemies":"3 Sentries","floor":6,"turns":5},{"damage":13,"enemies":"Large Slime","floor":7,"turns":4},{"damage":20,"enemies":"Lagavulin","floor":8,"turns":5},{"damage":4,"enemies":"Exordium Wildlife","floor":11,"turns":4},{"damage":0,"enemies":"Red Slaver","floor":13,"turns":3},{"damage":18,"enemies":"Gremlin Nob","floor":14,"turns":4},{"damage":15,"enemies":"Slime Boss","floor":16,"turns":11},{"damage":2,"enemies":"Shell Parasite","floor":18,"turns":6},{"damage":14,"enemies":"Chosen","floor":19,"turns":6},{"damage":8,"enemies":"Centurion and Healer","floor":20,"turns":9},{"damage":9,"enemies":"Masked Bandits","floor":21,"turns":6},{"damage":30,"enemies":"Book of Stabbing","floor":23,"turns":7},{"damage":5,"enemies":"Snake Plant","floor":24,"turns":4},{"damage":12,"enemies":"Slavers","floor":27,"turns":3},{"damage":17,"enemies":"Shelled Parasite and Fungi","floor":28,"turns":5},{"damage":5,"enemies":"Chosen and Byrds","floor":29,"turns":4},{"damage":10,"enemies":"Cultist and Chosen","floor":30,"turns":4}],"seed_played":"8573096400497476746","potions_obtained":[{"floor":2,"key":"DuplicationPotion"},{"floor":6,"key":"FearPotion"},{"floor":8,"key":"PowerPotion"},{"floor":14,"key":"Poison Potion"},{"floor":16,"key":"EssenceOfSteel"},{"floor":20,"key":"Explosive Potion"},{"floor":21,"key":"DistilledChaos"},{"floor":23,"key":"EssenceOfSteel"}],"is_trial":false,"path_per_floor":["M","M","M","$","M","E","M","E","T","R","M","?","M","E","R","B",null,"M","M","M","?","T","E","M","R","T","E","M","M","M"],"character_chosen":"THE_SILENT","items_purchased":["Bouncing Flask"],"campfire_rested":1,"item_purchase_floors":[4],"current_hp_per_floor":[64,61,55,55,40,42,29,9,9,30,26,26,26,18,18,3,80,78,64,56,47,47,32,27,27,27,29,12,7,0,0],"gold":551,"neow_bonus":"ONE_RANDOM_RARE_CARD","is_daily":false,"chose_seed":false,"campfire_upgraded":2,"win_rate":0.0,"timestamp":1613794325,"path_taken":["M","M","M","?","M","E","M","E","T","R","M","?","M","E","R","BOSS","M","M","?","?","?","E","M","R","T","E","M","?","M"],"items_purchased_type":["Card"],"build_version":"2020-12-22","purchased_purges":0,"victory":false,"max_hp_per_floor":[70,70,70,70,70,70,70,70,70,70,70,70,70,80,80,80,80,80,80,80,80,80,80,80,80,80,94,94,94,94,94],"card_choices":[{"not_picked":["Crippling Poison","Flying Knee"],"picked":"Catalyst","floor":1},{"not_picked":["Outmaneuver","Underhanded Strike"],"picked":"Flying Knee","floor":2},{"not_picked":["Poisoned Stab","Dagger Throw"],"picked":"Noxious Fumes","floor":3},{"not_picked":["Blade Dance","Bane"],"picked":"Catalyst","floor":5},{"not_picked":["Dagger Spray","Dash"],"picked":"Die Die Die","floor":6},{"not_picked":["Blur","Prepared"],"picked":"Footwork","floor":7},{"not_picked":["Deadly Poison","Dagger Spray"],"picked":"Blur","floor":8},{"not_picked":["Quick Slash","Dagger Throw"],"picked":"PiercingWail","floor":11},{"not_picked":["Bane","Dagger Throw"],"picked":"Backflip","floor":13},{"not_picked":["Dash","Caltrops"],"picked":"Escape Plan","floor":14},{"not_picked":["Storm of Steel","Grand Finale"],"picked":"Bullet Time","floor":16},{"not_picked":["Quick Slash","PiercingWail"],"picked":"Dodge and Roll+1","floor":18},{"not_picked":["Outmaneuver","Dodge and Roll"],"picked":"Acrobatics+1","floor":19},{"not_picked":["Slice+1","Escape Plan"],"picked":"Prepared+1","floor":20},{"not_picked":["Heel Hook+1","Catalyst"],"picked":"Deadly Poison+1","floor":21},{"not_picked":["Skewer+1","Acrobatics","Dagger Throw"],"picked":"SKIP","floor":23},{"not_picked":["Heel Hook","Poisoned Stab"],"picked":"Corpse Explosion","floor":24},{"not_picked":["Acrobatics","Tactician+1"],"picked":"Outmaneuver+1","floor":27},{"not_picked":["Underhanded Strike+1","Backflip"],"picked":"Distraction","floor":28},{"not_picked":["Doppelganger","Dagger Throw","Distraction"],"picked":"SKIP","floor":29}],"player_experience":97606,"relics_obtained":[{"floor":6,"key":"Happy Flower"},{"floor":8,"key":"Tiny Chest"},{"floor":9,"key":"HornCleat"},{"floor":14,"key":"Pear"},{"floor":21,"key":"Red Mask"},{"floor":22,"key":"Snake Skull"},{"floor":23,"key":"StrikeDummy"},{"floor":23,"key":"Calipers"},{"floor":26,"key":"Omamori"},{"floor":27,"key":"Boot"},{"floor":27,"key":"Mango"}],"event_choices":[{"damage_healed":0,"gold_gain":0,"player_choice":"0 cards matched","damage_taken":0,"max_hp_gain":0,"max_hp_loss":0,"event_name":"Match and Keep!","floor":12,"gold_loss":0,"cards_obtained":[]},{"damage_healed":0,"gold_gain":0,"player_choice":"Fought Bandits","damage_taken":0,"max_hp_gain":0,"max_hp_loss":0,"event_name":"Masked Bandits","floor":21,"gold_loss":0}],"is_beta":false,"boss_relics":[{"not_picked":["Cursed Key","Fusion Hammer"],"picked":"Black Star"}],"items_purged_floors":[],"is_endless":false,"potions_floor_spawned":[2,3,6,8,14,16,20,21,23],"killed_by":"Cultist and Chosen","ascension_level":4}}