{"host":"s41rn2jhghpwfrvz","time":1613797334,"event":{"mods":["BaseMod","Minty Spire (QoL Compilation)","Quick Restart","Relic Stats","SuperFastMode"],"gold_per_floor":[116,116,129,129,142,169,169,202,202,202,218,249,249,269,269,345,345,365,375,375,407,418,453,470,505,505,505,505,537,553,571,571,571,571],"floor_reached":33,"language":"ENG","playtime":1065,"items_purged":[],"score":844,"play_id":"5f4e4bce-ad0a-42df-b49e-26a854aab295","local_time":"20210220070214","daily_mods":["SealedDeck","Diverse","DeadlyEvents"],"is_ascension_mode":true,"campfire_choices":[{"data":"Prostrate","floor":7.0,"key":"SMITH"},{"data":"Streamline","floor":10.0,"key":"SMITH"},{"data":"Rip and Tear","floor":13.0,"key":"SMITH"},{"data":"Beam Cell","floor":15.0,"key":"SMITH"},{"data":"Scrawl","floor":27.0,"key":"SMITH"},{"data":"Adrenaline","floor":32,"key":"SMITH"}],"circlet_count":0,"master_deck":["AscendersBane","Wild Strike","Backflip","Beam Cell+1","Rip and Tear+1","Prostrate+1","Streamline+1","Evolve","Feel No Pain","Adrenaline+1","Blur+1","WreathOfFlame+1","Entrench+1","Scrawl+1"],"relics":["Burning Blood","Strawberry","White Beast Statue","Question Card","Bottled Tornado","Mercury Hourglass","Black Star","Red Mask","Lantern","Frozen Egg 2","Singing Bowl","Toxic Egg 2","Shuriken","Meat on the Bone","War Paint"],"acts_visited":["Exordium","TheCity"],"potions_floor_usage":[30],"damage_taken":[{"damage":0.0,"enemies":"Small Slimes","floor":1.0,"turns":3.0},{"damage":0.0,"enemies":"Jaw Worm","floor":3.0,"turns":2.0},{"damage":1.0,"enemies":"Cultist","floor":5.0,"turns":3.0},{"damage":0.0,"enemies":"Lagavulin","floor":6.0,"turns":5.0},{"damage":11.0,"enemies":"3 Sentries","floor":8.0,"turns":7.0},{"damage":0.0,"enemies":"Exordium Thugs","floor":11.0,"turns":3.0},{"damage":0.0,"enemies":"Gremlin Nob","floor":12.0,"turns":2.0},{"damage":0.0,"enemies":"3 Louse","floor":14.0,"turns":2.0},{"damage":25.0,"enemies":"Hexaghost","floor":16.0,"turns":5.0},{"damage":7.0,"enemies":"2 Thieves","floor":18.0,"turns":4.0},{"damage":24.0,"enemies":"3 Byrds","floor":19.0,"turns":5.0},{"damage":5.0,"enemies":"Masked Bandits","floor":21.0,"turns":3.0},{"damage":28.0,"enemies":"Snake Plant","floor":22.0,"turns":3.0},{"damage":22.0,"enemies":"Book of Stabbing","floor":23.0,"turns":4.0},{"damage":0.0,"enemies":"Centurion and Healer","floor":24.0,"turns":5.0},{"damage":5.0,"enemies":"Gremlin Leader","floor":25.0,"turns":4.0},{"damage":26.0,"enemies":"Slavers","floor":28.0,"turns":5.0},{"damage":0.0,"enemies":"Book of Stabbing","floor":29.0,"turns":6.0},{"damage":0,"enemies":"Snecko","floor":30,"turns":4},{"damage":18,"enemies":"Snake Plant","floor":31,"turns":3},{"damage":41,"enemies":"Collector","floor":33,"turns":8}],"seed_played":"-6793171541223000453","potions_obtained":[{"floor":1.0,"key":"DistilledChaos"},{"floor":3.0,"key":"LiquidBronze"},{"floor":12.0,"key":"Strength Potion"},{"floor":18.0,"key":"EntropicBrew"},{"floor":21.0,"key":"Block Potion"},{"floor":23.0,"key":"Ancient Potion"},{"floor":24.0,"key":"SmokeBomb"},{"floor":30,"key":"Block Potion"},{"floor":31,"key":"ColorlessPotion"}],"is_trial":true,"path_per_floor":["M","?","M","?","M","E","R","E","T","R","M","E","R","M","R","B",null,"M","M","?","?","M","E","M","E","T","R","E","E","M","M","R","B"],"character_chosen":"IRONCLAD","items_purchased":[],"campfire_rested":0,"item_purchase_floors":[],"current_hp_per_floor":[74,63,69,82,82,82,82,77,77,77,82,82,82,82,82,63,77,76,58,58,59,37,21,27,30,30,30,10,18,38,40,40,0,0],"gold":571,"neow_bonus":"","is_daily":false,"chose_seed":false,"campfire_upgraded":6,"win_rate":0.0,"timestamp":1613797334,"path_taken":["M","?","M","?","M","E","R","?","T","R","?","E","R","M","R","BOSS","M","M","?","?","?","E","M","E","T","R","?","E","M","M","R","BOSS"],"items_purchased_type":[],"build_version":"2020-12-22","purchased_purges":0,"victory":false,"max_hp_per_floor":[75,82,82,82,82,82,82,82,82,82,82,82,82,82,82,82,82,82,82,82,82,82,82,82,84,84,84,84,86,88,90,90,90,90],"relic_stats":{"Singing Bowl":8,"counters":[21,85],"Shuriken":[0],"Black Star":4,"War Paint":["Blur","WreathOfFlame"],"Question Card":14,"obtain_stats":[{"Lantern":23,"Singing Bowl":25,"Bottled Tornado":9,"Frozen Egg 2":23,"War Paint":29,"Question Card":8,"Burning Blood":0,"White Beast Statue":6,"Mercury Hourglass":12,"Shuriken":26,"Strawberry":2,"Black Star":17,"Red Mask":21,"Toxic Egg 2":25,"Meat on the Bone":29},{"Lantern":14,"Singing Bowl":16,"Bottled Tornado":5,"Frozen Egg 2":14,"War Paint":18,"Question Card":5,"Burning Blood":0,"White Beast Statue":4,"Mercury Hourglass":7,"Shuriken":16,"Strawberry":1,"Black Star":9,"Red Mask":12,"Toxic Egg 2":16,"Meat on the Bone":18},{"Lantern":50,"Singing Bowl":59,"Bottled Tornado":20,"Frozen Egg 2":50,"War Paint":70,"Question Card":20,"Burning Blood":0,"White Beast Statue":13,"Mercury Hourglass":25,"Shuriken":59,"Strawberry":3,"Black Star":32,"Red Mask":44,"Toxic Egg 2":59,"Meat on the Bone":70}],"Burning Blood":96,"Mercury Hourglass":[304],"Meat on the Bone":24},"card_choices":[{"not_picked":["Cleave","Outmaneuver","Hemokinesis"],"picked":"SKIP","floor":1.0},{"not_picked":["PiercingWail","Sentinel"],"picked":"Feel No Pain","floor":3.0},{"not_picked":["Sanctity","Steam","Whirlwind"],"picked":"SKIP","floor":5.0},{"not_picked":["FTL","CrushJoints","White Noise"],"picked":"SKIP","floor":6.0},{"not_picked":["Backflip","FollowUp","Calculated Gamble"],"picked":"SKIP","floor":8.0},{"not_picked":["Noxious Fumes","ClearTheMind","Beam Cell","Backflip"],"picked":"SKIP","floor":11.0},{"not_picked":["Leg Sweep","Quick Slash","Prepared","Blizzard"],"picked":"SKIP","floor":12.0},{"not_picked":["Backstab","Fasting2","Deflect","Escape Plan"],"picked":"SKIP","floor":14.0},{"not_picked":["Corruption","Machine Learning","Thunder Strike"],"picked":"Adrenaline","floor":16.0},{"not_picked":["Masterful Stab","Protect+1","Armaments","Warcry"],"picked":"SKIP","floor":18.0},{"not_picked":["Force Field","Go for the Eyes","Power Through","Fusion"],"picked":"SKIP","floor":19.0},{"not_picked":["Entrench+1","Bane","ClearTheMind","Intimidate"],"picked":"SKIP","floor":22.0},{"not_picked":["Bane","ClearTheMind","Intimidate"],"picked":"Entrench+1","floor":22.0},{"not_picked":["Core Surge","DeceiveReality","CutThroughFate"],"picked":"Scrawl","floor":23.0},{"not_picked":["Beam Cell","Iron Wave","Leap","True Grit"],"picked":"SKIP","floor":24.0},{"not_picked":["Steam+1","Study+1","Biased Cognition+1","Beam Cell"],"picked":"Singing Bowl","floor":25.0},{"not_picked":["Masterful Stab","Sentinel+1","Flying Knee+1","InnerPeace+1"],"picked":"Singing Bowl","floor":29.0},{"not_picked":["Undo+1","Shrug It Off+1","Heatsinks+1","SashWhip"],"picked":"Singing Bowl","floor":30},{"not_picked":["Thunderclap","Sucker Punch","Intimidate+1","Coolheaded+1"],"picked":"Singing Bowl","floor":31}],"player_experience":1942809,"relics_obtained":[{"floor":6.0,"key":"White Beast Statue"},{"floor":8.0,"key":"Question Card"},{"floor":9.0,"key":"Bottled Tornado"},{"floor":12.0,"key":"Mercury Hourglass"},{"floor":21.0,"key":"Red Mask"},{"floor":23.0,"key":"Lantern"},{"floor":23.0,"key":"Frozen Egg 2"},{"floor":25.0,"key":"Singing Bowl"},{"floor":25.0,"key":"Toxic Egg 2"},{"floor":26.0,"key":"Shuriken"},{"floor":29.0,"key":"Meat on the Bone"},{"floor":29.0,"key":"War Paint"}],"event_choices":[{"damage_healed":0.0,"max_hp_gain":0.0,"max_hp_loss":0.0,"gold_gain":0.0,"event_name":"Scrap Ooze","player_choice":"Success","floor":2.0,"gold_loss":0.0,"damage_taken":18.0,"relics_obtained":["Strawberry"]},{"cards_removed":["Intimidate"],"damage_healed":13.0,"max_hp_gain":0.0,"max_hp_loss":0.0,"gold_gain":0.0,"event_name":"Bonfire Elementals","player_choice":"Offered Uncommon","floor":4.0,"gold_loss":0.0,"damage_taken":0.0},{"damage_healed":0.0,"max_hp_gain":0.0,"max_hp_loss":0.0,"gold_gain":0.0,"cards_transformed":["Power Through","Gash"],"event_name":"Drug Dealer","player_choice":"Became Test Subject","floor":20.0,"gold_loss":0.0,"damage_taken":0.0,"cards_obtained":["Blur","WreathOfFlame"]},{"damage_healed":0.0,"max_hp_gain":0.0,"max_hp_loss":0.0,"gold_gain":0.0,"event_name":"Masked Bandits","player_choice":"Fought Bandits","floor":21.0,"gold_loss":0.0,"damage_taken":0.0}],"is_beta":false,"boss_relics":[{"not_picked":["Ectoplasm","Empty Cage"],"picked":"Black Star"}],"items_purged_floors":[],"is_endless":false,"potions_floor_spawned":[1,3,8,11,12,14,16,18,19,21,22,23,24,25,28,29,30,31],"killed_by":"Collector","ascension_level":20}}