{"host":"3geh3yhkfzzmefye","time":1613864578,"event":{"mods":["BaseMod","Beaked The Cultist","Conspire","Downfall","Friendly Minions","Hubris","Koishi","Minty Spire (QoL Compilation)","Replay The Spire","StSLib","The Construct","The Cursed"],"gold_per_floor":[99,111,1,12,22,22,47,60,60,35,35,52,52,67,82,177,177,177,191,209,209,225,225,252,252,268,268,282,297,297,297,297,41,57,57,57,57],"floor_reached":35,"language":"ENG","playtime":28945,"items_purged":["hubris:Lust"],"score":280,"play_id":"a50590f8-5a08-4c64-a355-43093e87f6e5","local_time":"20210221004258","is_ascension_mode":false,"campfire_choices":[{"data":"bronze:Replicate","floor":1,"key":"SMITH"},{"data":"expansioncontent:PolyBeam","floor":6,"key":"SMITH"},{"data":"bronze:FollowUp","floor":9,"key":"SMITH"},{"data":"bronze:CloningBeam","floor":11,"key":"SMITH"},{"data":"bronze:ClassDefault","floor":13,"key":"SMITH"},{"data":"bronze:Format","floor":18,"key":"SMITH"},{"data":"bronze:InfiniteBeams","floor":23,"key":"SMITH"},{"data":"bronze:Separator","floor":25,"key":"SMITH"},{"data":"bronze:Return","floor":30,"key":"SMITH"}],"circlet_count":0,"master_deck":["bronze:Strike","bronze:Strike","bronze:Strike","bronze:Strike","bronze:Defend","bronze:Defend","bronze:Defend","bronze:Replicate+1","bronze:Goto","bronze:DelayedSlice","bronze:FollowUp+1","bronze:Shield","expansioncontent:PolyBeam+1","bronze:ClassDefault+1","bronze:Branch","bronze:DelayedGuard","bronze:Branch","bronze:CloningBeam+1","bronze:Separator+1","bronze:WhirlingStrike","bronze:CloningBeam","bronze:InfiniteBeams+1","bronze:Format+1","bronze:WildBeam+1","bronze:FollowUp+1","bronze:GetLatest","Pot Of Greed","Pot Of Greed","Pot Of Greed","bronze:Return+1","bronze:WhirlingStrike","bronze:Constructor","bronze:Assembly","expansioncontent:QuickStudy","bronze:OilSpill","bronze:OilSpill"],"relics":["bronze:BronzeCore","Orichalcum","ReplayTheSpireMod:CursedCoin","conspire:SlowCooker","Grinning Jar"],"acts_visited":["Exordium","TheCity"],"potions_floor_usage":[16,22,27,33,33],"damage_taken":[{"damage":0,"enemies":"Cultist","floor":2,"turns":2},{"damage":1,"enemies":"downfall:FleeingMerchant","floor":3,"turns":4},{"damage":3,"enemies":"Jaw Worm","floor":4,"turns":3},{"damage":0,"enemies":"Small Slimes","floor":5,"turns":3},{"damage":2,"enemies":"Blue Slaver","floor":8,"turns":3},{"damage":0,"enemies":"downfall:FleeingMerchant","floor":10,"turns":4},{"damage":0,"enemies":"3 Louse","floor":12,"turns":3},{"damage":5,"enemies":"Red Slaver","floor":14,"turns":2},{"damage":0,"enemies":"Large Slime","floor":15,"turns":4},{"damage":21,"enemies":"IC_STATUS_ARCHETYPE","floor":16,"turns":7},{"damage":5,"enemies":"Chosen","floor":19,"turns":5},{"damage":3,"enemies":"conspire:FuzzyDice","floor":20,"turns":4},{"damage":1,"enemies":"Sentry and Sphere","floor":22,"turns":4},{"damage":12,"enemies":"Shelled Parasite and Fungi","floor":26,"turns":5},{"damage":0,"enemies":"3 Cultists","floor":27,"turns":2},{"damage":0,"enemies":"Snecko","floor":28,"turns":4},{"damage":4,"enemies":"Cultist and Chosen","floor":29,"turns":4},{"damage":0,"enemies":"downfall:FleeingMerchant","floor":33,"turns":4},{"damage":10,"enemies":"3 Cultists","floor":34,"turns":5},{"damage":35,"enemies":"SI_MIRROR_ARCHETYPE","floor":35,"turns":4}],"seed_played":"-4421228025930115339","potions_obtained":[{"floor":4,"key":"SpeedPotion"},{"floor":5,"key":"Block Potion"},{"floor":15,"key":"AttackPotion"},{"floor":19,"key":"hexamod:SoulburnPotion"},{"floor":26,"key":"SmokeBomb"}],"is_trial":false,"path_per_floor":["R","M","$","M","M","R","T","M","R","$","R","M","R","M","M","B",null,"R","M","M","?","M","R","T","R","M","M","M","M","R","PTL","PTL","$","M","B"],"character_chosen":"THE_AUTOMATON","items_purchased":["expansioncontent:PolyBeam","ReplayTheSpireMod:CursedCoin","bronze:CloningBeam","bronze:Separator","expansioncontent:QuickStudy","bronze:OilSpill"],"campfire_rested":0,"item_purchase_floors":[3,10,10,10,33,33],"current_hp_per_floor":[70,70,69,66,66,66,66,64,64,64,64,64,64,59,59,38,70,70,65,62,62,61,61,61,61,49,49,49,45,45,45,45,45,35,0,0,0],"gold":57,"neow_bonus":"THREE_CARDS","is_daily":false,"chose_seed":false,"campfire_upgraded":9,"win_rate":0.0,"timestamp":1613864578,"path_taken":["R","M","$","?","M","R","T","M","R","$","R","M","R","M","M","BOSS","R","M","M","?","M","R","T","R","M","?","M","M","R","PTL","PTL","$","M","BOSS"],"items_purchased_type":["Card","Relic","Card","Card","Card","Card"],"build_version":"2020-12-22","purchased_purges":1,"victory":false,"max_hp_per_floor":[70,70,70,70,70,70,70,70,70,70,70,70,70,70,70,70,70,70,70,70,70,70,70,70,70,70,70,70,70,70,70,70,70,70,70,70,70],"card_choices":[{"not_picked":["bronze:Shield","bronze:Deprecate"],"picked":"bronze:DelayedSlice","floor":0},{"not_picked":["bronze:Invalidate","bronze:ForceShield"],"picked":"bronze:FollowUp","floor":2},{"not_picked":["bronze:ChildClass","bronze:Deprecate"],"picked":"bronze:Shield","floor":3},{"not_picked":["bronze:MaxOutput","bronze:BugBarrage"],"picked":"bronze:ClassDefault","floor":4},{"not_picked":["bronze:DelayedSlice","bronze:ChildClass"],"picked":"bronze:Branch","floor":5},{"not_picked":["bronze:CutThrough","bronze:BugBarrage"],"picked":"bronze:DelayedGuard","floor":8},{"not_picked":["bronze:DarkDash","bronze:Turbo"],"picked":"bronze:Branch","floor":10},{"not_picked":["bronze:BronzeOrb","bronze:Deprecate"],"picked":"bronze:WhirlingStrike","floor":12},{"not_picked":["bronze:BugBarrage","bronze:WildBeam"],"picked":"bronze:CloningBeam","floor":14},{"not_picked":["bronze:FineTuning","bronze:Safeguard"],"picked":"bronze:InfiniteBeams","floor":15},{"not_picked":["bronze:Virus","bronze:HyperBeam"],"picked":"bronze:Format","floor":16},{"not_picked":["bronze:Invalidate+1","bronze:DelayedSlice"],"picked":"bronze:WildBeam+1","floor":19},{"not_picked":["bronze:Branch","bronze:DelayedGuard"],"picked":"bronze:FollowUp+1","floor":20},{"not_picked":["bronze:Repulsor+1","bronze:Safeguard"],"picked":"bronze:GetLatest","floor":22},{"not_picked":["bronze:Deprecate","bronze:ForceShield+1"],"picked":"bronze:Return","floor":26},{"not_picked":["bronze:CloningBeam+1","bronze:Frontload+1"],"picked":"bronze:WhirlingStrike","floor":28},{"not_picked":["bronze:ChildClass","bronze:Shield"],"picked":"bronze:Constructor","floor":29},{"not_picked":["bronze:WildBeam","bronze:GetLatest"],"picked":"bronze:Assembly","floor":33},{"not_picked":["bronze:ForceShield","bronze:DelayedGuard+1"],"picked":"bronze:OilSpill","floor":34}],"player_experience":5591638,"relics_obtained":[{"floor":7,"key":"Orichalcum"},{"floor":24,"key":"Grinning Jar"}],"event_choices":[],"is_beta":false,"boss_relics":[{"not_picked":["Empty Cage","hubris:TerracottaHorce"],"picked":"conspire:SlowCooker"}],"items_purged_floors":[10],"is_endless":false,"potions_floor_spawned":[4,5,15,19,26,27],"killed_by":"SI_MIRROR_ARCHETYPE","ascension_level":0}}