{"host":"or8fr2mp0k3eluj8","time":1613841450,"event":{"mods":["AchievementEnabler","BaseMod","Colored Map","DeckTracker","Keyboard Shortcuts","Minty Spire (QoL Compilation)","StSLib","SuperFastMode","everything is the same but u backflip on backflip"],"gold_per_floor":[117,42,62,62,76,107,107,107,155,6,6,6,25,42,42,146,146,158,233,250,264,283,314,329,329,352,352,214,214,214,232,232,333,333,348,348,448,74,91,91,91],"floor_reached":40,"language":"KOR","playtime":1343,"items_purged":["Pain","Strike_G","Strike_G"],"score":474,"play_id":"ee942d0b-207a-45ba-a425-84e95b434991","local_time":"20210221021730","is_ascension_mode":true,"campfire_choices":[{"floor":12,"key":"REST"},{"data":"Deadly Poison","floor":15,"key":"SMITH"},{"data":"After Image","floor":25,"key":"SMITH"},{"data":"Noxious Fumes","floor":27,"key":"SMITH"},{"data":"Tactician","floor":30,"key":"SMITH"},{"data":"Bouncing Flask","floor":32,"key":"SMITH"}],"circlet_count":0,"master_deck":["Strike_G+1","Defend_G","Defend_G","Defend_G","Defend_G","Defend_G","Survivor","Neutralize","Dagger Spray","Deflect","Deadly Poison","Slice","Cloak And Dagger","PiercingWail","Backstab+1","Tactician+1","Acrobatics","Deadly Poison+1","After Image+1","Backflip","Die Die Die","CurseOfTheBell","Caltrops+1","Prepared+1","Noxious Fumes+1","Catalyst","Terror+1","Catalyst+1","Bouncing Flask+1","Necronomicurse","Envenom"],"relics":["Ring of the Snake","Prayer Wheel","Potion Belt","Happy Flower","Blood Vial","Meat on the Bone","Calling Bell","Boot","HornCleat","Lizard Tail","Dream Catcher","Whetstone","Necronomicon","Black Star","Kunai"],"acts_visited":["Exordium","TheCity","TheBeyond"],"potions_floor_usage":[6,33,33,33,33,33,33],"damage_taken":[{"damage":5,"enemies":"Small Slimes","floor":1,"turns":4},{"damage":1,"enemies":"Cultist","floor":3,"turns":4},{"damage":0,"enemies":"Jaw Worm","floor":5,"turns":3},{"damage":44,"enemies":"Lagavulin","floor":6,"turns":7},{"damage":1,"enemies":"Looter","floor":13,"turns":3},{"damage":0,"enemies":"Exordium Wildlife","floor":14,"turns":3},{"damage":11,"enemies":"The Guardian","floor":16,"turns":10},{"damage":13,"enemies":"Chosen","floor":18,"turns":5},{"damage":18,"enemies":"Spheric Guardian","floor":20,"turns":5},{"damage":17,"enemies":"Centurion and Healer","floor":21,"turns":5},{"damage":0,"enemies":"Snake Plant","floor":22,"turns":4},{"damage":29,"enemies":"Slavers","floor":23,"turns":5},{"damage":32,"enemies":"3 Cultists","floor":24,"turns":6},{"damage":12,"enemies":"Centurion and Healer","floor":31,"turns":6},{"damage":44,"enemies":"Collector","floor":33,"turns":8},{"damage":16,"enemies":"3 Shapes","floor":35,"turns":5},{"damage":1,"enemies":"Orb Walker","floor":39,"turns":4},{"damage":73,"enemies":"Nemesis","floor":40,"turns":5}],"seed_played":"9114054328680270426","potions_obtained":[{"floor":3,"key":"SteroidPotion"},{"floor":6,"key":"Regen Potion"},{"floor":21,"key":"Dexterity Potion"},{"floor":22,"key":"EssenceOfSteel"},{"floor":24,"key":"EntropicBrew"},{"floor":33,"key":"Swift Potion"}],"is_trial":false,"path_per_floor":["M","$","M","?","M","E","?","?","T","$","?","R","M","M","R","B",null,"M","?","M","M","M","E","M","R","T","R","$","?","R","M","R","B",null,"M","?","?","$","M","E"],"character_chosen":"THE_SILENT","items_purchased":["Blood Vial","Bouncing Flask","Kunai"],"campfire_rested":1,"item_purchase_floors":[10,28,38],"current_hp_per_floor":[65,65,64,64,64,20,20,20,20,20,13,34,47,49,49,40,70,57,50,46,43,45,30,47,47,47,47,47,31,31,33,33,17,70,54,54,54,54,55,0,0],"gold":91,"neow_bonus":"ONE_RARE_RELIC","is_daily":false,"chose_seed":false,"campfire_upgraded":5,"win_rate":0.0,"timestamp":1613841450,"path_taken":["M","$","M","?","?","E","?","?","T","?","?","R","?","M","R","BOSS","M","?","?","M","M","E","M","R","T","R","$","?","R","M","R","BOSS","M","?","?","$","?","E"],"items_purchased_type":["Relic","Card","Relic"],"build_version":"2020-12-22","purchased_purges":3,"victory":false,"max_hp_per_floor":[70,70,70,70,70,70,70,70,70,70,70,70,70,70,70,70,70,70,70,70,70,70,70,70,70,70,70,70,70,70,70,70,70,70,70,70,70,70,70,70,70],"card_choices":[{"not_picked":["Well Laid Plans","Skewer"],"picked":"Dagger Spray","floor":1},{"not_picked":["Acrobatics","Catalyst"],"picked":"Deflect","floor":1},{"not_picked":["Underhanded Strike","Acrobatics"],"picked":"Deadly Poison","floor":3},{"not_picked":["Finisher","Acrobatics"],"picked":"Slice","floor":3},{"not_picked":["Prepared","Dodge and Roll"],"picked":"PiercingWail","floor":5},{"not_picked":["Tactician","Bane"],"picked":"Backstab","floor":5},{"not_picked":["Concentrate","PiercingWail"],"picked":"Tactician","floor":6},{"not_picked":["Endless Agony","PiercingWail"],"picked":"Acrobatics","floor":13},{"not_picked":["Outmaneuver","Quick Slash"],"picked":"Deadly Poison","floor":13},{"not_picked":["Deflect","Cloak And Dagger"],"picked":"After Image","floor":14},{"not_picked":["Dagger Spray","Outmaneuver"],"picked":"Backflip","floor":14},{"not_picked":["Night Terror","Malaise"],"picked":"Die Die Die","floor":16},{"not_picked":["All Out Attack","Quick Slash"],"picked":"Caltrops+1","floor":18},{"not_picked":["Dagger Spray","Prepared","PiercingWail+1"],"picked":"SKIP","floor":18},{"not_picked":["Dagger Spray","PiercingWail"],"picked":"Prepared+1","floor":20},{"not_picked":["Sucker Punch","Dodge and Roll"],"picked":"Noxious Fumes","floor":20},{"not_picked":["Acrobatics","Expertise+1"],"picked":"Catalyst","floor":21},{"not_picked":["Prepared","Predator","Cloak And Dagger"],"picked":"SKIP","floor":21},{"not_picked":["Envenom","Backstab"],"picked":"Terror+1","floor":22},{"not_picked":["Distraction","Outmaneuver","Tactician"],"picked":"SKIP","floor":22},{"not_picked":["Predator+1","Deadly Poison","Quick Slash"],"picked":"SKIP","floor":23},{"not_picked":["Quick Slash","Blur+1"],"picked":"Catalyst+1","floor":24},{"not_picked":["Acrobatics+1","Skewer","Accuracy+1"],"picked":"SKIP","floor":24},{"not_picked":["Underhanded Strike","Dodge and Roll","Slice"],"picked":"SKIP","floor":31},{"not_picked":["Outmaneuver","Masterful Stab","Infinite Blades"],"picked":"SKIP","floor":31},{"not_picked":["A Thousand Cuts","Phantasmal Killer"],"picked":"Envenom","floor":33},{"not_picked":["Deflect","Eviscerate+1","Slice"],"picked":"SKIP","floor":35},{"not_picked":["Blade Dance+1","Outmaneuver+1","Cloak And Dagger"],"picked":"SKIP","floor":35},{"not_picked":["Dodge and Roll+1","Calculated Gamble+1","Noxious Fumes+1"],"picked":"SKIP","floor":39},{"not_picked":["Sucker Punch+1","Deadly Poison+1","Setup+1"],"picked":"SKIP","floor":39}],"player_experience":413615,"relics_obtained":[{"floor":6,"key":"Potion Belt"},{"floor":9,"key":"Happy Flower"},{"floor":17,"key":"Boot"},{"floor":17,"key":"HornCleat"},{"floor":17,"key":"Lizard Tail"},{"floor":23,"key":"Dream Catcher"},{"floor":26,"key":"Whetstone"},{"floor":29,"key":"Necronomicon"}],"event_choices":[{"damage_healed":0,"gold_gain":0,"cards_transformed":["Strike_G"],"player_choice":"Transformed","damage_taken":0,"max_hp_gain":0,"max_hp_loss":0,"event_name":"Transmorgrifier","floor":4,"gold_loss":0,"cards_obtained":["Cloak And Dagger"]},{"damage_healed":0,"gold_gain":0,"player_choice":"Ignored","damage_taken":0,"max_hp_gain":0,"max_hp_loss":0,"event_name":"Liars Game","floor":7,"gold_loss":0},{"cards_removed":["Strike_G"],"damage_healed":0,"gold_gain":0,"player_choice":"Forget","damage_taken":0,"max_hp_gain":0,"max_hp_loss":0,"event_name":"Living Wall","floor":8,"gold_loss":0},{"damage_healed":0,"gold_gain":0,"player_choice":"Success","damage_taken":7,"relics_obtained":["Meat on the Bone"],"max_hp_gain":0,"max_hp_loss":0,"event_name":"Scrap Ooze","floor":11,"gold_loss":0},{"damage_healed":0,"gold_gain":75,"player_choice":"Touch","damage_taken":7,"max_hp_gain":0,"max_hp_loss":0,"event_name":"FaceTrader","floor":19,"gold_loss":0},{"damage_healed":0,"gold_gain":0,"player_choice":"Obtained Book","damage_taken":16,"max_hp_gain":0,"max_hp_loss":0,"event_name":"Cursed Tome","floor":29,"gold_loss":0},{"damage_healed":0,"gold_gain":0,"player_choice":"Memory 1","damage_taken":0,"max_hp_gain":0,"max_hp_loss":0,"event_name":"SensoryStone","floor":36,"gold_loss":0},{"damage_healed":0,"gold_gain":100,"player_choice":"Pray","damage_taken":0,"max_hp_gain":0,"max_hp_loss":0,"event_name":"Golden Shrine","floor":37,"gold_loss":0}],"is_beta":false,"boss_relics":[{"not_picked":["Fusion Hammer","HoveringKite"],"picked":"Calling Bell"},{"not_picked":["Busted Crown","Philosopher\u0027s Stone"],"picked":"Black Star"}],"items_purged_floors":[2,28,38],"is_endless":false,"potions_floor_spawned":[3,6,21,22,24,33],"killed_by":"Nemesis","ascension_level":2}}