{"host":"hs7osbknmfkgg1pt","time":1613823453,"event":{"mods":["Act Like it!","BaseMod","Hallownest","Minty Spire (QoL Compilation)","Reliquary","StSLib","SuperFastMode"],"gold_per_floor":[116,116,127,127,207,238,238,265,327,339,369,381,393,424,436,550,562,590,13,13,13,13,13,44,44,44,60,72,105,105,121,121,218,218,230,230,330,350,350,350,350],"floor_reached":40,"language":"ZHS","playtime":2204,"items_purged":["Defend_G"],"score":577,"play_id":"5a07d839-c592-4ff4-8db0-5302ead62975","local_time":"20210220201733","is_ascension_mode":true,"campfire_choices":[{"data":"Neutralize","floor":7.0,"key":"SMITH"},{"data":"Burst","floor":15.0,"key":"SMITH"},{"data":"After Image","floor":23.0,"key":"SMITH"},{"floor":32.0,"key":"REST"}],"circlet_count":0,"master_deck":["Strike_G","Strike_G+1","Strike_G","Strike_G","Strike_G","Defend_G","Defend_G","Defend_G+1","Defend_G","Survivor","Neutralize+1","Outmaneuver+1","Dagger Spray+1","Poisoned Stab","Burst+1","Dagger Spray","Prepared","After Image+1","Backstab","Noxious Fumes","Hallownest:curseDreamersLament","Shame","Night Terror","Bullet Time","CurseOfTheBell","Underhanded Strike","Footwork","Discovery"],"relics":["Ring of the Snake","NeowsBlessing","Hallownest:DreamNailRelic","InkBottle","reliquary:Aerogel","MawBank","War Paint","Ornamental Fan","reliquary:ThirdArm","reliquary:RadioactivePellet","Mango","Hallownest:WatcherSealRelic","WarpedTongs","Bottled Flame","Sundial","Potion Belt","reliquary:PartyBalloon","Calling Bell","Boot","Kunai","reliquary:OuijaBoard"],"acts_visited":["Hallownest:Greenpath","Hallownest:CityofTears","TheBeyond"],"potions_floor_usage":[40,40,40],"damage_taken":[{"damage":0.0,"enemies":"Hallownest:2_Baldur","floor":1.0,"turns":1.0},{"damage":0.0,"enemies":"Hallownest:monsterHuskWarrior","floor":3.0,"turns":1.0},{"damage":0.0,"enemies":"Hallownest:eliteMossKnight","floor":6.0,"turns":1.0},{"damage":4.0,"enemies":"Hallownest:eliteVengeflyKing","floor":8.0,"turns":9.0},{"damage":5.0,"enemies":"Hallownest:monsterHuskGuard","floor":11.0,"turns":4.0},{"damage":11.0,"enemies":"Hallownest:1_Ooma_and_2_Uuma","floor":14.0,"turns":2.0},{"damage":35.0,"enemies":"Hallownest:BossFalseKnight","floor":16.0,"turns":15.0},{"damage":15.0,"enemies":"Hallownest:Guard_and_Sentry","floor":18.0,"turns":6.0},{"damage":13.0,"enemies":"Hallownest:Guard_and_Sentry","floor":20.0,"turns":4.0},{"damage":2.0,"enemies":"Hallownest:Nosk","floor":24.0,"turns":9.0},{"damage":1.0,"enemies":"Hallownest:Flukemon_and_Top","floor":27.0,"turns":6.0},{"damage":8.0,"enemies":"Hallownest:Warrior_and_Youth","floor":28.0,"turns":7.0},{"damage":2.0,"enemies":"Hallownest:eliteWatcherKnight","floor":29.0,"turns":14.0},{"damage":13.0,"enemies":"Hallownest:2_Husk_Sentries","floor":31.0,"turns":5.0},{"damage":31,"enemies":"Hallownest:BossMantisLord","floor":33,"turns":7},{"damage":0,"enemies":"3 Shapes","floor":35,"turns":3},{"damage":26,"enemies":"Orb Walker","floor":38,"turns":6},{"damage":69,"enemies":"Nemesis","floor":40,"turns":10}],"seed_played":"-2735537719363112962","potions_obtained":[{"floor":1.0,"key":"Regen Potion"},{"floor":16.0,"key":"EssenceOfSteel"},{"floor":24.0,"key":"Swift Potion"},{"floor":29.0,"key":"Ancient Potion"},{"floor":31.0,"key":"Swift Potion"},{"floor":35,"key":"Regen Potion"},{"floor":38,"key":"DistilledChaos"}],"is_trial":false,"path_per_floor":["M","?","M","?","T","E","R","E","T","$","M","?","T","M","R","B",null,"M","$","?","?","?","R","E","$","T","M","M","E","?","M","R","B",null,"M","?","?","M","?","E"],"character_chosen":"THE_SILENT","items_purchased":["reliquary:RadioactivePellet","Mango","Noxious Fumes"],"campfire_rested":1,"item_purchase_floors":[19,19,19],"current_hp_per_floor":[70,70,70,70,70,70,70,66,66,66,61,69,69,58,58,38,78,63,77,64,64,64,64,62,62,62,61,53,51,51,38,65,34,92,92,92,92,66,66,0,0],"gold":350,"neow_bonus":"THREE_ENEMY_KILL","is_daily":false,"chose_seed":false,"campfire_upgraded":3,"win_rate":0.0,"timestamp":1613823453,"path_taken":["M","?","?","?","?","E","R","E","T","$","M","?","?","?","R","BOSS","M","$","?","?","?","R","E","$","T","M","?","E","?","M","R","BOSS","M","?","?","?","?","E"],"items_purchased_type":["Relic","Relic","Card"],"build_version":"2020-12-22","purchased_purges":1,"victory":false,"max_hp_per_floor":[70,70,70,70,70,70,70,70,70,70,70,78,78,78,78,78,78,78,92,92,92,92,92,92,92,92,92,92,92,92,92,92,92,92,92,92,92,92,92,92,92],"card_choices":[{"not_picked":["Crippling Poison","Slice"],"picked":"Outmaneuver","floor":1.0},{"not_picked":["Sucker Punch","Quick Slash"],"picked":"Dagger Spray","floor":3.0},{"not_picked":["Acrobatics","Slice"],"picked":"Poisoned Stab","floor":6.0},{"not_picked":["Backflip","Quick Slash"],"picked":"Burst","floor":8.0},{"not_picked":["Reflex","Blur"],"picked":"Dagger Spray","floor":11.0},{"not_picked":["Acrobatics","Poisoned Stab"],"picked":"Prepared","floor":14.0},{"not_picked":["Unload","Wraith Form v2"],"picked":"After Image","floor":16.0},{"not_picked":["Blade Dance","Dash+1"],"picked":"Backstab","floor":18.0},{"not_picked":["PiercingWail","Flechettes+1","Finisher"],"picked":"SKIP","floor":24.0},{"not_picked":["Finisher","Calculated Gamble+1","Predator"],"picked":"SKIP","floor":27.0},{"not_picked":["Underhanded Strike","Blade Dance","Calculated Gamble"],"picked":"SKIP","floor":28.0},{"not_picked":["Deflect+1","Riddle With Holes","Quick Slash"],"picked":"SKIP","floor":29.0},{"not_picked":["Flying Knee","Crippling Poison"],"picked":"Night Terror","floor":31.0},{"not_picked":["After Image","Burst"],"picked":"Bullet Time","floor":33},{"not_picked":["Dagger Spray+1","Caltrops","Prepared"],"picked":"SKIP","floor":35},{"not_picked":["Acrobatics+1","Dagger Throw+1"],"picked":"Underhanded Strike","floor":38}],"player_experience":13251,"relics_obtained":[{"floor":5.0,"key":"InkBottle"},{"floor":6.0,"key":"reliquary:Aerogel"},{"floor":8.0,"key":"MawBank"},{"floor":9.0,"key":"War Paint"},{"floor":13.0,"key":"Ornamental Fan"},{"floor":24.0,"key":"Bottled Flame"},{"floor":26.0,"key":"Sundial"},{"floor":29.0,"key":"Potion Belt"},{"floor":34,"key":"Boot"},{"floor":34,"key":"Kunai"},{"floor":34,"key":"reliquary:OuijaBoard"}],"event_choices":[{"damage_healed":0,"gold_gain":0,"player_choice":"Ignored","damage_taken":0,"max_hp_gain":0,"max_hp_loss":0,"event_name":"Tomb of Lord Red Mask","floor":36,"gold_loss":0},{"damage_healed":0,"gold_gain":100,"player_choice":"Pray","damage_taken":0,"max_hp_gain":0,"max_hp_loss":0,"event_name":"Golden Shrine","floor":37,"gold_loss":0},{"damage_healed":0,"gold_gain":0,"player_choice":"2 cards matched","damage_taken":0,"max_hp_gain":0,"max_hp_loss":0,"event_name":"Match and Keep!","floor":39,"gold_loss":0,"cards_obtained":["Footwork","Discovery"]}],"is_beta":false,"boss_relics":[{"not_picked":["Runic Pyramid","SlaversCollar"],"picked":"reliquary:ThirdArm"},{"not_picked":["Velvet Choker","SacredBark"],"picked":"Calling Bell"}],"items_purged_floors":[19],"is_endless":false,"potions_floor_spawned":[1,16,24,29,31,35,38],"killed_by":"Nemesis","ascension_level":1}}