{"host":"r6jigiblrojhp6xe","time":1613823014,"event":{"mods":["AchievementEnabler","BaseMod","DeckTracker","Hermit","Minty Spire (QoL Compilation)","Quick Restart","Rare Cards Sparkle","Relic Stats","StSLib","SuperFastMode","everything is the same but u backflip on backflip"],"gold_per_floor":[111,121,132,132,132,132,132],"floor_reached":6,"language":"KOR","playtime":173,"items_purged":[],"score":72,"play_id":"e4230bb6-5cb4-4b52-8c4c-0aaca55d84e0","local_time":"20210220211014","is_ascension_mode":true,"campfire_choices":[],"circlet_count":0,"master_deck":["AscendersBane","Strike_P","Strike_P","Strike_P","Strike_P","Defend_P","Defend_P","Defend_P","Defend_P","Eruption","Vigilance","EmptyFist","InnerPeace","MentalFortress"],"relics":["PureWater"],"acts_visited":["Exordium"],"potions_floor_usage":[6],"damage_taken":[{"damage":10.0,"enemies":"Cultist","floor":1.0,"turns":5.0},{"damage":0.0,"enemies":"2 Louse","floor":2.0,"turns":5.0},{"damage":0.0,"enemies":"Jaw Worm","floor":3.0,"turns":3.0},{"damage":65,"enemies":"3 Sentries","floor":6,"turns":12}],"seed_played":"2760456288960656902","potions_obtained":[{"floor":2.0,"key":"Dexterity Potion"}],"is_trial":false,"path_per_floor":["M","M","M","?","?","E"],"character_chosen":"WATCHER","items_purchased":[],"campfire_rested":0,"item_purchase_floors":[],"current_hp_per_floor":[57,57,57,57,62,0,0],"gold":132,"neow_bonus":"TEN_PERCENT_HP_BONUS","is_daily":false,"chose_seed":false,"campfire_upgraded":0,"win_rate":0.0,"timestamp":1613823014,"path_taken":["M","M","?","?","?","E"],"items_purchased_type":[],"build_version":"2020-12-22","purchased_purges":0,"victory":false,"max_hp_per_floor":[74,74,74,74,79,79,79],"relic_stats":{"counters":[4,25],"obtain_stats":[{"PureWater":0},{"PureWater":0},{"PureWater":0}]},"card_choices":[{"not_picked":["BowlingBash","Prostrate"],"picked":"EmptyFist","floor":1.0},{"not_picked":["Protect","ThirdEye"],"picked":"InnerPeace","floor":2.0},{"not_picked":["FlurryOfBlows","Nirvana"],"picked":"MentalFortress","floor":3.0}],"player_experience":615327,"relics_obtained":[],"event_choices":[{"damage_healed":0.0,"max_hp_gain":0.0,"max_hp_loss":0.0,"gold_gain":0.0,"event_name":"Liars Game","player_choice":"Ignored","floor":4.0,"gold_loss":0.0,"damage_taken":0.0},{"damage_healed":0.0,"max_hp_gain":5.0,"max_hp_loss":0.0,"gold_gain":0.0,"event_name":"Big Fish","player_choice":"Donut","floor":5.0,"gold_loss":0.0,"damage_taken":0.0}],"is_beta":false,"boss_relics":[],"items_purged_floors":[],"is_endless":false,"potions_floor_spawned":[2],"killed_by":"3 Sentries","ascension_level":20}}