{"host":"qc1sjgtdjonvdsd8","time":1613796400,"event":{"mods":["BaseMod","Colored Map","Colored Powertips","Curses Come First","Minty Spire (QoL Compilation)","Replay The Spire","StSLib"],"gold_per_floor":[118,141,159,434,70,70,89,99,125,125,125,149,143,143,143,143,143],"floor_reached":16,"language":"ENG","playtime":1009,"items_purged":["Regret"],"score":110,"play_id":"bee832f7-4f42-4fa0-838a-c821efd2ff7d","local_time":"20210219204640","is_ascension_mode":true,"campfire_choices":[{"data":"ReplayTheSpireMod:Necrogeddon","floor":6,"key":"SMITH"},{"data":"Warcry","floor":11,"key":"SMITH"}],"circlet_count":0,"master_deck":["Strike_R","Strike_R","Strike_R","Strike_R+1","Strike_R","Defend_R","Defend_R","Defend_R","Defend_R","Bash","ReplayTheSpireMod:Necrogeddon+1","Feel No Pain","Flame Barrier","Warcry+1","Armaments","Shrug It Off","Carnage+1"],"relics":["Burning Blood","PreservedInsect","Medical Kit","Lantern","Golden Idol"],"acts_visited":["Exordium"],"potions_floor_usage":[12,13,16],"damage_taken":[{"damage":6,"enemies":"Cultist","floor":1,"turns":3},{"damage":19,"enemies":"Jaw Worm","floor":3,"turns":6},{"damage":3,"enemies":"2 Louse","floor":7,"turns":4},{"damage":5,"enemies":"Looter","floor":8,"turns":5},{"damage":1,"enemies":"3 Louse","floor":12,"turns":3},{"damage":21,"enemies":"Exordium Thugs","floor":13,"turns":6},{"damage":43,"enemies":"Hexaghost","floor":16,"turns":14}],"seed_played":"4260820717573616587","potions_obtained":[{"floor":3,"key":"SkillPotion"},{"floor":7,"key":"Fire Potion"},{"floor":8,"key":"SteroidPotion"}],"is_trial":false,"path_per_floor":["M","T","M","?","$","R","M","M","T","?","R","M","M","?","R_BF","B"],"character_chosen":"IRONCLAD","items_purchased":["Medical Kit","Feel No Pain","Flame Barrier"],"campfire_rested":0,"item_purchase_floors":[5,5,5],"current_hp_per_floor":[72,72,59,59,59,59,62,63,63,63,63,67,52,57,43,0,0],"gold":143,"neow_bonus":"RANDOM_COLORLESS_2","is_daily":false,"chose_seed":false,"campfire_upgraded":2,"win_rate":0.0,"timestamp":1613796400,"path_taken":["M","?","?","?","$","R","M","?","T","?","R","M","M","?","R_BF","BOSS"],"items_purchased_type":["Relic","Card","Card"],"build_version":"2020-12-22","purchased_purges":1,"victory":false,"max_hp_per_floor":[72,72,72,72,72,72,72,72,72,67,67,67,67,72,72,72,72],"card_choices":[{"not_picked":["Violence","HandOfGreed"],"picked":"ReplayTheSpireMod:Necrogeddon","floor":0},{"not_picked":["Dropkick","Rupture","Life Link"],"picked":"SKIP","floor":1},{"not_picked":["Entrench","Fire Breathing","Headbutt"],"picked":"SKIP","floor":3},{"not_picked":["Dropkick","Flame Barrier"],"picked":"Warcry","floor":7},{"not_picked":["Replay:Undeath\u0027s Touch","Anger"],"picked":"Armaments","floor":8},{"not_picked":["Clothesline","Run Through"],"picked":"Shrug It Off","floor":12},{"not_picked":["Sword Boomerang","Armaments"],"picked":"Carnage","floor":13}],"player_experience":314436,"relics_obtained":[{"floor":2,"key":"PreservedInsect"},{"floor":9,"key":"Lantern"}],"event_choices":[{"damage_healed":0,"gold_gain":275,"player_choice":"Desecrate","damage_taken":0,"max_hp_gain":0,"max_hp_loss":0,"event_name":"Golden Shrine","floor":4,"gold_loss":0,"cards_obtained":["Regret"]},{"damage_healed":0,"gold_gain":0,"player_choice":"Lose Max HP","damage_taken":0,"relics_obtained":["Golden Idol"],"max_hp_gain":0,"max_hp_loss":5,"event_name":"Golden Idol","floor":10,"gold_loss":0},{"damage_healed":0,"gold_gain":0,"player_choice":"Donut","damage_taken":0,"max_hp_gain":5,"max_hp_loss":0,"event_name":"Big Fish","floor":14,"gold_loss":0},{"damage_healed":0,"gold_gain":0,"player_choice":"Entered Light","damage_taken":14,"max_hp_gain":0,"max_hp_loss":0,"event_name":"Shining Light","floor":15,"gold_loss":0,"cards_upgraded":["Strike_R","Carnage"]}],"is_beta":false,"boss_relics":[],"items_purged_floors":[5],"is_endless":false,"potions_floor_spawned":[3,7,8],"killed_by":"Hexaghost","ascension_level":4}}