{"host":"qgrlfjrqk9z96gfi","time":1613853896,"event":{"mods":["BaseMod","Block Reminder","Colored Map","Custom Start","DeckTracker","Minty Spire (QoL Compilation)"],"gold_per_floor":[115,135,153,23,37,62,78,78,78,103,103,123,198,227,227,302,302,313,14,0,0],"floor_reached":20,"language":"ENG","playtime":721,"items_purged":["Strike_G"],"score":438,"play_id":"8b824f92-a3e9-48b4-acbb-06233cf5216b","local_time":"20210220104456","is_ascension_mode":true,"campfire_choices":[{"floor":11,"key":"REST"},{"floor":15,"key":"REST"}],"circlet_count":0,"master_deck":["AscendersBane","Strike_G","Strike_G","Strike_G","Strike_G","Defend_G","Defend_G","Defend_G","Defend_G","Defend_G","Survivor","Neutralize","PiercingWail","Quick Slash","Poisoned Stab","Slice","Blade Dance","Parasite","Phantasmal Killer","Dagger Throw","Tools of the Trade","Underhanded Strike","Blade Dance"],"relics":["Ring of the Snake","NeowsBlessing","Pantograph","HornCleat","Potion Belt","StoneCalendar","Snecko Eye","Eternal Feather"],"acts_visited":["Exordium","TheCity"],"potions_floor_usage":[6,6,14],"damage_taken":[{"damage":0,"enemies":"2 Louse","floor":1,"turns":1},{"damage":0,"enemies":"Small Slimes","floor":2,"turns":1},{"damage":0,"enemies":"Cultist","floor":3,"turns":1},{"damage":1,"enemies":"Lots of Slimes","floor":5,"turns":6},{"damage":32,"enemies":"Gremlin Nob","floor":6,"turns":4},{"damage":1,"enemies":"Red Slaver","floor":7,"turns":5},{"damage":27,"enemies":"3 Sentries","floor":10,"turns":14},{"damage":0,"enemies":"2 Fungi Beasts","floor":12,"turns":2},{"damage":0,"enemies":"Gremlin Nob","floor":14,"turns":2},{"damage":56,"enemies":"Slime Boss","floor":16,"turns":13},{"damage":40,"enemies":"3 Byrds","floor":18,"turns":7},{"damage":13,"enemies":"2 Thieves","floor":20,"turns":2}],"seed_played":"-5490484084559590392","potions_obtained":[{"floor":2,"key":"ColorlessPotion"},{"floor":3,"key":"DistilledChaos"},{"floor":10,"key":"SkillPotion"},{"floor":18,"key":"SpeedPotion"}],"is_trial":false,"path_per_floor":["M","M","M","$","M","E","M","?","T","E","R","M","?","E","R","B",null,"M","$","M"],"character_chosen":"THE_SILENT","items_purchased":["Slice","Eternal Feather","Blade Dance"],"campfire_rested":2,"item_purchase_floors":[4,19,19],"current_hp_per_floor":[59,59,59,59,58,26,25,41,41,14,33,33,22,22,41,10,52,12,12,0,0],"gold":0,"neow_bonus":"THREE_ENEMY_KILL","is_daily":false,"chose_seed":false,"campfire_upgraded":0,"win_rate":0.0,"timestamp":1613853896,"path_taken":["M","M","M","$","M","E","M","?","T","E","R","M","?","E","R","BOSS","M","$","M"],"items_purchased_type":["Card","Relic","Card"],"build_version":"2020-12-22","purchased_purges":1,"victory":false,"max_hp_per_floor":[66,66,66,66,66,66,66,66,66,66,66,66,66,66,66,66,66,66,66,66,66],"card_choices":[{"not_picked":["Well Laid Plans","Caltrops"],"picked":"PiercingWail","floor":1},{"not_picked":["Expertise","Cloak And Dagger"],"picked":"Quick Slash","floor":2},{"not_picked":["Acrobatics","Deadly Poison"],"picked":"Poisoned Stab","floor":3},{"not_picked":["Heel Hook","Catalyst","Acrobatics"],"picked":"SKIP","floor":5},{"not_picked":["Leg Sweep","Infinite Blades"],"picked":"Blade Dance","floor":6},{"not_picked":["Underhanded Strike","Poisoned Stab","Riddle With Holes"],"picked":"SKIP","floor":7},{"not_picked":["Outmaneuver","Backflip"],"picked":"Phantasmal Killer","floor":10},{"not_picked":["Slice","Deflect"],"picked":"Dagger Throw","floor":12},{"not_picked":["Poisoned Stab","Sucker Punch","Dagger Throw"],"picked":"SKIP","floor":14},{"not_picked":["Glass Knife","Adrenaline"],"picked":"Tools of the Trade","floor":16},{"not_picked":["Deflect","Deadly Poison"],"picked":"Underhanded Strike","floor":18}],"player_experience":1173643,"relics_obtained":[{"floor":6,"key":"Pantograph"},{"floor":9,"key":"HornCleat"},{"floor":10,"key":"Potion Belt"},{"floor":14,"key":"StoneCalendar"}],"event_choices":[{"damage_healed":16,"gold_gain":0,"player_choice":"Healed and dodged fight","damage_taken":0,"max_hp_gain":0,"max_hp_loss":0,"event_name":"Mushrooms","floor":8,"gold_loss":0,"cards_obtained":["Parasite"]},{"damage_healed":0,"gold_gain":75,"player_choice":"Gather Gold","damage_taken":11,"max_hp_gain":0,"max_hp_loss":0,"event_name":"World of Goop","floor":13,"gold_loss":0}],"is_beta":false,"boss_relics":[{"not_picked":["Runic Dome","Busted Crown"],"picked":"Snecko Eye"}],"items_purged_floors":[4],"is_endless":false,"potions_floor_spawned":[2,3,5,10,18],"killed_by":"2 Thieves","ascension_level":20}}