{"host":"skr63qsdfgeey3it","time":1613859803,"event":{"mods":["BaseMod","Colored Map","Hubris","Minty Spire (QoL Compilation)","Monster B Gone","Reliquary","Replay The Spire","Spicy Shops","StSLib"],"gold_per_floor":[119,119,269,279,279,279,313,313,313,313,313,332,4,17,17,116,116,129,129,145,23,23,23,23],"floor_reached":23,"language":"ENG","playtime":475,"items_purged":[],"score":484,"play_id":"95995344-8096-401b-9dde-4737ee17445d","local_time":"20210220162323","is_ascension_mode":true,"campfire_choices":[{"data":"Streamline","floor":6,"key":"SMITH"},{"data":"Beam Cell","floor":8,"key":"SMITH"},{"data":"Zap","floor":10,"key":"SMITH"},{"floor":15,"key":"REST"}],"circlet_count":0,"master_deck":["AscendersBane","Defend_B","Defend_B","Defend_B","Defend_B","Zap+1","Dualcast","Streamline+1","Redo","Beam Cell+1","Undo","Consume","Rebound","Crystallizer","Chill","White Noise","Conserve Battery+1","HandOfGreed","Dramatic Entrance","Jack Of All Trades","Bite","Bite","Bite","Bite","Bite"],"relics":["Cracked Core","NeowsBlessing","hubris:Icosahedron","Replay:Bottled Steam","reliquary:Stiletto","Golden Idol","Matryoshka","Cursed Key","Prayer Wheel","ReplayTheSpireMod:ShopPack"],"acts_visited":["Exordium","TheCity"],"potions_floor_usage":[12,18],"damage_taken":[{"damage":0,"enemies":"Small Slimes","floor":1,"turns":1},{"damage":0,"enemies":"2 Louse","floor":4,"turns":1},{"damage":0,"enemies":"Lagavulin","floor":7,"turns":1},{"damage":0,"enemies":"Jaw Worm","floor":12,"turns":3},{"damage":9,"enemies":"2 Fungi Beasts","floor":14,"turns":2},{"damage":0,"enemies":"Slime Boss","floor":16,"turns":7},{"damage":36,"enemies":"3 Byrds","floor":18,"turns":5},{"damage":9,"enemies":"Shell Parasite","floor":20,"turns":3},{"damage":20,"enemies":"Book of Stabbing","floor":23,"turns":2}],"seed_played":"650284060164166416","potions_obtained":[{"floor":1,"key":"Languid Potion"},{"floor":7,"key":"Block Potion"}],"is_trial":false,"path_per_floor":["M","?","?","M","?","R","E","R","T","R","?","M","$","M","R","B",null,"M","?","M","$","?","E"],"character_chosen":"DEFECT","items_purchased":["Matryoshka","Consume","ReplayTheSpireMod:ShopPack"],"campfire_rested":1,"item_purchase_floors":[13,13,21],"current_hp_per_floor":[64,64,64,64,57,57,57,57,57,57,33,33,33,24,45,45,65,29,29,20,20,20,0,0],"gold":23,"neow_bonus":"THREE_ENEMY_KILL","is_daily":false,"chose_seed":false,"campfire_upgraded":3,"win_rate":0.0,"timestamp":1613859803,"path_taken":["M","?","?","M","?","R","E","R","T","R","?","M","$","M","R","BOSS","M","?","M","$","?","E"],"items_purchased_type":["Relic","Card","Relic"],"build_version":"2020-12-22","purchased_purges":0,"victory":false,"max_hp_per_floor":[71,71,71,71,71,71,71,71,71,71,71,71,71,71,71,71,71,71,71,71,71,49,49,49],"card_choices":[{"not_picked":["Melter","Cold Snap"],"picked":"Streamline","floor":1},{"not_picked":["Reprogram","ReplayTheSpireMod:Repulse"],"picked":"Redo","floor":4},{"not_picked":["Redo","Reprogram"],"picked":"Beam Cell","floor":7},{"not_picked":["Sweeping Beam","Ball Lightning"],"picked":"Undo","floor":12},{"not_picked":["Barrage","All For One"],"picked":"Rebound","floor":14},{"not_picked":["hubris:SpecializedCircuitry","Thunder Strike"],"picked":"ReplayTheSpireMod:Fabricate Wheel","floor":16},{"not_picked":["Rebound","Barrage"],"picked":"Crystallizer","floor":18},{"not_picked":["Rebound","Beam Cell"],"picked":"Chill","floor":18},{"not_picked":["Stack","Redo"],"picked":"White Noise","floor":20},{"not_picked":["Sweeping Beam","Stack"],"picked":"Conserve Battery+1","floor":20},{"not_picked":["Master of Strategy","Magnetism"],"picked":"HandOfGreed","floor":21},{"not_picked":["Mind Blast","Magnetism"],"picked":"Dramatic Entrance","floor":21},{"not_picked":["ReplayTheSpireMod:Uncanny Aura","Violence"],"picked":"Jack Of All Trades","floor":21}],"player_experience":977394,"relics_obtained":[{"floor":7,"key":"Replay:Bottled Steam"},{"floor":9,"key":"reliquary:Stiletto"}],"event_choices":[{"damage_healed":0,"gold_gain":150,"player_choice":"AGREE","damage_taken":0,"max_hp_gain":0,"max_hp_loss":0,"event_name":"Liars Game","floor":3,"gold_loss":0,"cards_obtained":["Doubt"]},{"cards_removed":["Doubt"],"damage_healed":0,"gold_gain":0,"player_choice":"Card Removal","damage_taken":7,"max_hp_gain":0,"max_hp_loss":0,"event_name":"Golden Wing","floor":5,"gold_loss":0},{"damage_healed":0,"gold_gain":0,"player_choice":"Take Damage","damage_taken":24,"relics_obtained":["Golden Idol"],"max_hp_gain":0,"max_hp_loss":0,"event_name":"Golden Idol","floor":11,"gold_loss":0},{"damage_healed":0,"gold_gain":0,"player_choice":"Became a vampire","damage_taken":0,"max_hp_gain":0,"max_hp_loss":22,"event_name":"Vampires","floor":22,"gold_loss":0,"cards_obtained":["Bite","Bite","Bite","Bite","Bite"]}],"is_beta":false,"boss_relics":[{"not_picked":["ReplayTheSpireMod:DimensionalGlitch","SacredBark"],"picked":"Cursed Key"}],"items_purged_floors":[],"is_endless":false,"potions_floor_spawned":[1,7],"killed_by":"Book of Stabbing","ascension_level":15}}