{"host":"6r9t33axn0fzb9aq","time":1613828046,"event":{"mods":["Aspiration","BaseMod","Better Altar","Better Match","Better Note","Better Third Choice","Bossed Relics","CatGirl Mod","Clockwork Mod","Colored Map","Colored Powertips","Conspire","Curses Come First","Custom Start","Energized Spire","Halation","Hubris","Infinite Spire","Koishi","Marisa????????","Minty Spire (QoL Compilation)","Onozuka Komachi Mod","Poor People Problems","Reliquary","Remilia??????","Replay The Spire","Reworked Bosses","Shade Mod","Spicy Shops","Spire Arcade","StSLib","The Administrix","The Blackbeard","The Bladedancer","The Blue Laboratory","The Cursed","The Death Knight","The Hierophant","The Marked","The Necromancer","The Servant 0.9.4","TheHero","Trackpad","Waifu the Spire","Wandering Minibosses"],"gold_per_floor":[113,113,130,144,174,174,201,123,150,150,187,201,215,246,246,343,343,382,36,74,93,112,112,131,178,226,261,312,332,332,332],"floor_reached":29,"language":"ENG","playtime":2622,"items_purged":[],"score":315,"play_id":"ba1f5c90-5d92-4b18-8fd5-6740cc714a7b","local_time":"20210220133406","is_ascension_mode":false,"campfire_choices":[{"data":"blackbeard:Cutlass","floor":6,"key":"SMITH"},{"data":"blackbeard:CaptainsHat","floor":15,"key":"SMITH"},{"floor":23,"key":"REST"}],"circlet_count":0,"master_deck":["blackbeard:BlackbeardStrike","blackbeard:BlackbeardStrike","blackbeard:BlackbeardStrike","blackbeard:BlackbeardStrike","blackbeard:IntimidatingStrike","blackbeard:BlackbeardDefend","blackbeard:BlackbeardDefend","blackbeard:BlackbeardDefend","blackbeard:BlackbeardDefend","blackbeard:Cutlass+1","blackbeard:Spear+1","blackbeard:BountyHunter+1","blackbeard:Fencing","blackbeard:CloakAndCannonball","blackbeard:CaptainsHat+1","blackbeard:CaptainsCabin","blackbeard:GoldenDefense","blackbeard:WeaponMastery","blackbeard:Toast+1","blackbeard:BlindAttacks","blackbeard:Sharpening","blackbeard:Shrapnel+1","blackbeard:Shrapnel","blackbeard:BuriedTreasure+1","blackbeard:PowderKeg","blackbeard:Anchor+1","blackbeard:WiseDefense+1"],"relics":["blackbeard:LoadTheCannons","Guide Book","halation:AfternoonTea","BargainBundle","infinitespire:PuzzleCube","Pantograph","Nunchaku","reliquary:Buckler"],"acts_visited":["Exordium","TheCity"],"potions_floor_usage":[18,21,25,25,29],"damage_taken":[{"damage":6,"enemies":"Cultist","floor":1,"turns":3},{"damage":0,"enemies":"2 Louse","floor":3,"turns":2},{"damage":7,"enemies":"infinitespire:Voidling","floor":4,"turns":4},{"damage":2,"enemies":"Looter","floor":5,"turns":4},{"damage":2,"enemies":"Blue Slaver","floor":7,"turns":4},{"damage":2,"enemies":"3 Louse","floor":11,"turns":2},{"damage":2,"enemies":"Looter","floor":12,"turns":3},{"damage":2,"enemies":"2 Fungi Beasts","floor":13,"turns":3},{"damage":9,"enemies":"Blue Slaver","floor":14,"turns":5},{"damage":0,"enemies":"Hexaghost","floor":16,"turns":11},{"damage":0,"enemies":"Spheric Guardian","floor":18,"turns":3},{"damage":0,"enemies":"3 Byrds","floor":20,"turns":5},{"damage":39,"enemies":"Cultist and Chosen","floor":21,"turns":9},{"damage":2,"enemies":"3 Cultists","floor":22,"turns":5},{"damage":40,"enemies":"Snecko","floor":24,"turns":8},{"damage":15,"enemies":"Nightmare","floor":25,"turns":11},{"damage":9,"enemies":"Cultist and Chosen","floor":27,"turns":5},{"damage":11,"enemies":"Book of Stabbing","floor":28,"turns":7},{"damage":14,"enemies":"Snake Plant","floor":29,"turns":4}],"seed_played":"1963572640175128424","potions_obtained":[{"floor":1,"key":"blueLaboratory:Moonshine"},{"floor":5,"key":"FearPotion"},{"floor":7,"key":"infinitespire:BlackPotion"},{"floor":10,"key":"Explosive Potion"},{"floor":13,"key":"blackbeard:OrangeJuicePotion"},{"floor":18,"key":"blueLaboratory:BottleOfVodka"},{"floor":21,"key":"blueLaboratory:PyrophylliteBrew"}],"is_trial":false,"path_per_floor":["M","?","M","M","M","R","M","$","T","?","M","M","M","M","R","B",null,"M","$","M","M","M","R","M","NM","T","M","E","M"],"character_chosen":"BLACKBEARD_CLASS","items_purchased":["Guide Book","BargainBundle","infinitespire:PuzzleCube","blackbeard:BlindAttacks","blackbeard:Sharpening"],"campfire_rested":1,"item_purchase_floors":[8,19,19,19,19],"current_hp_per_floor":[76,82,82,82,80,80,78,78,78,78,76,74,72,63,63,63,82,82,82,82,43,41,65,40,33,33,24,13,0,0,0],"gold":332,"neow_bonus":"TEN_PERCENT_HP_BONUS","is_daily":false,"chose_seed":false,"campfire_upgraded":2,"win_rate":0.0,"timestamp":1613828046,"path_taken":["M","?","M","?","?","R","M","$","T","?","M","M","M","M","R","BOSS","M","$","M","M","M","R","M","NM","T","M","E","M"],"items_purchased_type":["Relic","Relic","Relic","Card","Card"],"build_version":"2020-12-22","purchased_purges":0,"victory":false,"max_hp_per_floor":[82,82,82,82,82,82,82,82,82,82,82,82,82,82,82,82,82,82,82,82,82,82,82,82,82,82,82,82,82,82,82],"card_choices":[{"not_picked":["blackbeard:BlindAttacks","blackbeard:Fencing"],"picked":"blackbeard:InfiniteBarrage","floor":1},{"not_picked":["blackbeard:BeatUp","blackbeard:Sword"],"picked":"blackbeard:Spear","floor":3},{"not_picked":["blackbeard:Sharpening","blackbeard:BlindAttacks"],"picked":"blackbeard:BountyHunter","floor":4},{"not_picked":["blackbeard:Toast","blackbeard:Dagger"],"picked":"blackbeard:Fencing","floor":5},{"not_picked":["blackbeard:Sword","blackbeard:Shrapnel"],"picked":"blackbeard:CloakAndCannonball","floor":7},{"not_picked":["blackbeard:Toast","blackbeard:TerrorOfTheSeas","blackbeard:Scrap"],"picked":"SKIP","floor":11},{"not_picked":["blackbeard:Shrapnel","blackbeard:WoodenLeg"],"picked":"blackbeard:CaptainsHat","floor":12},{"not_picked":["blackbeard:DoubleCannonball","blackbeard:GoldenDefense"],"picked":"blackbeard:CaptainsCabin","floor":13},{"not_picked":["blackbeard:Provisioning","blackbeard:Sword"],"picked":"blackbeard:GoldenDefense","floor":14},{"not_picked":["blackbeard:Halberd","blackbeard:BoostMorale"],"picked":"blackbeard:WeaponMastery","floor":16},{"not_picked":["blackbeard:PirateEarring","blackbeard:Shrapnel+1"],"picked":"blackbeard:Toast+1","floor":18},{"not_picked":["blackbeard:FishingNets+1","blackbeard:PiratesWill","blackbeard:SwordDance"],"picked":"SKIP","floor":20},{"not_picked":["blackbeard:RearmingStrike","blackbeard:Scrap"],"picked":"blackbeard:Shrapnel+1","floor":21},{"not_picked":["blackbeard:PiratesWill","blackbeard:DelayedPain"],"picked":"blackbeard:Shrapnel","floor":22},{"not_picked":["blackbeard:RemoveScurvy","blackbeard:SmithingHammer+1"],"picked":"blackbeard:BuriedTreasure+1","floor":24},{"not_picked":["blackbeard:TacticalRetreat","blackbeard:UndeadForm"],"picked":"blackbeard:PowderKeg","floor":25},{"not_picked":["blackbeard:GhostInTheRum","blackbeard:DeadlyArsenal"],"picked":"blackbeard:Anchor","floor":27},{"not_picked":["blackbeard:TacticalRetreat","blackbeard:Shrapnel"],"picked":"blackbeard:WiseDefense","floor":28}],"player_experience":488593,"relics_obtained":[{"floor":9,"key":"halation:AfternoonTea"},{"floor":25,"key":"Pantograph"},{"floor":26,"key":"Nunchaku"},{"floor":28,"key":"reliquary:Buckler"}],"event_choices":[{"cards_removed":["blackbeard:InfiniteBarrage"],"damage_healed":6,"gold_gain":0,"player_choice":"Offered Uncommon","damage_taken":0,"max_hp_gain":0,"max_hp_loss":0,"event_name":"Bonfire Elementals","floor":2,"gold_loss":0},{"damage_healed":0,"gold_gain":0,"player_choice":"Got Potions","damage_taken":0,"max_hp_gain":0,"max_hp_loss":0,"event_name":"Lab","floor":10,"gold_loss":0}],"is_beta":false,"boss_relics":[{"not_picked":["Ectoplasm","reliquary:RedCape","aspiration:FutureDiary"]}],"items_purged_floors":[],"is_endless":true,"potions_floor_spawned":[1,5,7,13,18,20,21,22],"killed_by":"Snake Plant","ascension_level":0}}