{"host":"7xbu8gt067z192g2","time":1613797684,"event":{"mods":["BaseMod","Better Note","Colored Map","Colored Powertips","Downfall","Googly Eyes","Highlight Path","Minty Spire (QoL Compilation)","Rare Cards Sparkle","Replay The Spire","StSLib"],"gold_per_floor":[99,118,138,138,152,169,169,10,27,27,27,12,22,66,78,78,78,78],"floor_reached":16,"language":"ENG","playtime":1361,"items_purged":[],"score":94,"play_id":"fce0eb57-7906-439b-b32e-f50dfe1fd015","local_time":"20210220000804","is_ascension_mode":false,"campfire_choices":[{"data":"bronze:Goto","floor":1,"key":"SMITH"},{"data":"bronze:Replicate","floor":11,"key":"SMITH"}],"circlet_count":0,"master_deck":["bronze:Strike","bronze:Strike","bronze:Strike","bronze:Strike","bronze:Defend","bronze:Defend","bronze:Defend","bronze:Defend","bronze:Replicate+1","bronze:Goto+1","bronze:Branch","bronze:Iterate","bronze:Frontload","bronze:BitShift","bronze:CleanCode","bronze:Iterate","bronze:WildBeam","bronze:WhirlingStrike","ReplayTheSpireMod:Splinters","bronze:BronzeOrb","bronze:CloningBeam"],"relics":["bronze:BronzeCore","Mirror","Strange Spoon","Kunai"],"acts_visited":["Exordium"],"potions_floor_usage":[9,16,16],"damage_taken":[{"damage":8,"enemies":"Small Slimes","floor":2,"turns":3},{"damage":0,"enemies":"Cultist","floor":3,"turns":3},{"damage":0,"enemies":"2 Louse","floor":5,"turns":2},{"damage":6,"enemies":"Blue Slaver","floor":6,"turns":6},{"damage":0,"enemies":"downfall:FleeingMerchant","floor":8,"turns":4},{"damage":27,"enemies":"Lots of Slimes","floor":9,"turns":4},{"damage":0,"enemies":"downfall:FleeingMerchant","floor":12,"turns":4},{"damage":8,"enemies":"Gremlin Gang","floor":13,"turns":3},{"damage":29,"enemies":"Exordium Thugs","floor":15,"turns":3},{"damage":11,"enemies":"DF_ARCHETYPE_STREAMLINE","floor":16,"turns":3}],"seed_played":"-2734899788666103421","potions_obtained":[{"floor":3,"key":"bronze:FreeFunctionsPotion"},{"floor":4,"key":"Fruit Juice"},{"floor":4,"key":"ColorlessPotion"},{"floor":9,"key":"Explosive Potion"}],"is_trial":false,"path_per_floor":["R","M","M","?","M","M","T","$","M","T","R","$","M","?","M","B"],"character_chosen":"THE_AUTOMATON","items_purchased":["Strange Spoon"],"campfire_rested":0,"item_purchase_floors":[8],"current_hp_per_floor":[77,69,69,69,69,63,63,63,41,41,41,41,33,33,4,0,0,0],"gold":78,"neow_bonus":"TEN_PERCENT_HP_BONUS","is_daily":false,"chose_seed":false,"campfire_upgraded":2,"win_rate":0.0,"timestamp":1613797684,"path_taken":["R","M","M","?","?","M","T","$","M","?","R","$","M","?","M","BOSS"],"items_purchased_type":["Relic"],"build_version":"2020-12-22","purchased_purges":0,"victory":false,"max_hp_per_floor":[77,77,77,77,77,77,77,77,82,82,82,82,82,82,82,82,82,82],"card_choices":[{"not_picked":["bronze:ClassDefault","bronze:BuggyMess"],"picked":"bronze:Branch","floor":2},{"not_picked":["bronze:BuggyMess","bronze:ForceShield"],"picked":"bronze:Iterate","floor":3},{"not_picked":["bronze:WildBeam","bronze:DarkDash"],"picked":"bronze:Frontload","floor":5},{"not_picked":["bronze:Turbo","bronze:Branch"],"picked":"bronze:BitShift","floor":6},{"not_picked":["bronze:HardenedForm","bronze:ClassDefault"],"picked":"bronze:CleanCode","floor":8},{"not_picked":["bronze:OilSpill","bronze:Frontload"],"picked":"bronze:Iterate","floor":9},{"not_picked":["bronze:BitShift","bronze:Overheat"],"picked":"bronze:WildBeam","floor":12},{"not_picked":["bronze:Invalidate","bronze:Safeguard"],"picked":"bronze:WhirlingStrike","floor":13},{"not_picked":["bronze:Branch","bronze:ForceShield"],"picked":"bronze:BronzeOrb","floor":14},{"not_picked":["bronze:WildBeam","bronze:Repair"],"picked":"bronze:CloningBeam","floor":15}],"player_experience":224486,"relics_obtained":[{"floor":7,"key":"Mirror"},{"floor":14,"key":"Kunai"}],"event_choices":[{"damage_healed":0,"gold_gain":0,"player_choice":"Got Potions","damage_taken":0,"max_hp_gain":0,"max_hp_loss":0,"event_name":"Lab","floor":4,"gold_loss":0}],"is_beta":false,"boss_relics":[],"items_purged_floors":[],"is_endless":false,"potions_floor_spawned":[3,9,15],"killed_by":"DF_ARCHETYPE_STREAMLINE","ascension_level":0}}