{"host":"e4mqwdeqkh64qloq","time":1613864024,"event":{"mods":["BaseMod","Downfall","Minty Spire (QoL Compilation)","Relic Stats","Replay The Spire","StSLib","The Cursed"],"gold_per_floor":[99,113,133,48,59,78,78,78,105,105,105,123,140,154,170,272,272,172,192,205,190,217,117,117,130,147,147,157,292,192,192,210,315,315,315,335,349,359,359,359,359,385,395,395,444,455,455,467,487,487,487,512,128,128,128,128],"floor_reached":57,"language":"ENG","playtime":3610,"items_purged":["TheCursedMod:Strike_TheCursed"],"score":1262,"play_id":"94f817b7-c213-440a-b00f-089fe9df15ed","local_time":"20210220183344","is_ascension_mode":false,"campfire_choices":[{"data":"TheCursedMod:CursedWand","floor":1,"key":"SMITH"},{"floor":11,"key":"REST"},{"floor":18,"key":"RECALL"},{"data":"TheCursedMod:CleanUpWorkshop","floor":23,"key":"SMITH"},{"data":"Pot Of Greed","floor":30,"key":"SMITH"},{"floor":35,"key":"DIG"},{"data":"Pot Of Greed","floor":40,"key":"SMITH"},{"data":"Pot Of Greed","floor":44,"key":"SMITH"},{"data":"1","floor":47,"key":"LIFT"},{"data":"2","floor":54,"key":"LIFT"}],"circlet_count":0,"master_deck":["TheCursedMod:Strike_TheCursed","TheCursedMod:Strike_TheCursed","TheCursedMod:Strike_TheCursed","TheCursedMod:Defend_TheCursed","TheCursedMod:Defend_TheCursed","TheCursedMod:Defend_TheCursed","TheCursedMod:Defend_TheCursed","TheCursedMod:CursedWand+1","TheCursedMod:CleanUpWorkshop+1","TheCursedMod:Dregs","TheCursedMod:CircleOfFlame","TheCursedMod:RapidMovement","TheCursedMod:VoidForm","TheCursedMod:SoulReap","TheCursedMod:CursedMace","TheCursedMod:CircleOfBlood","TheCursedMod:SpreadPlague","TheCursedMod:Obscuration","TheCursedMod:CursedBoomerang","TheCursedMod:CircleOfFlame","TheCursedMod:DemonSword","TheCursedMod:Evocation","TheCursedMod:CursedBoomerang+1","Pot Of Greed+1","Pot Of Greed+1","Pot Of Greed+1","TheCursedMod:SurpriseAttack","TheCursedMod:SmokeScreen","TheCursedMod:CursedAmulet+1","TheCursedMod:DemonicPact","Doubt","Delirium","TheCursedMod:AntiAging","TheCursedMod:AbyssShockwave","TheCursedMod:CircleOfBlood","TheCursedMod:SpitefulStrike","downfall:Haunted","downfall:Haunted","Pot Of Greed","TheCursedMod:SoulReap+1","TheCursedMod:Evocation+1","TheCursedMod:Evocation+1"],"relics":["TheCursedMod:BlackMagic101","Tiny Chest","Snack Pack","Blue Candle","Coffee Dripper","downfall:HeartBlessingGreen","Grinning Jar","downfall:HeartBlessingRed","ReplayTheSpireMod:CursedCoin","downfall:HeartBlessingBlue","Ring of Hypnosis","ReplayTheSpireMod:Ring of Addiction","SacredBark","Toy Ornithopter","Snecko Eye","Nunchaku","Du-Vu Doll","Replay:Bottled Flurry","Regal Pillow","Girya","Golden Egg","Oddly Smooth Stone","Medical Kit"],"acts_visited":["Exordium","TheCity","TheBeyond","TheEnding"],"potions_floor_usage":[9,9,16,21,33,37,38],"damage_taken":[{"damage":0,"enemies":"Cultist","floor":2,"turns":4},{"damage":0,"enemies":"2 Louse","floor":3,"turns":1},{"damage":0,"enemies":"downfall:FleeingMerchant","floor":4,"turns":4},{"damage":7,"enemies":"Small Slimes","floor":5,"turns":3},{"damage":24,"enemies":"Exordium Wildlife","floor":6,"turns":5},{"damage":34,"enemies":"3 Sentries","floor":9,"turns":7},{"damage":12,"enemies":"Large Slime","floor":12,"turns":9},{"damage":8,"enemies":"2 Fungi Beasts","floor":13,"turns":4},{"damage":16,"enemies":"Exordium Thugs","floor":14,"turns":3},{"damage":7,"enemies":"Red Slaver","floor":15,"turns":4},{"damage":39,"enemies":"IC_STATUS_ARCHETYPE","floor":16,"turns":6},{"damage":17,"enemies":"Shell Parasite","floor":19,"turns":7},{"damage":12,"enemies":"Spheric Guardian","floor":20,"turns":6},{"damage":4,"enemies":"downfall:FleeingMerchant","floor":21,"turns":4},{"damage":7,"enemies":"Cultist and Chosen","floor":25,"turns":6},{"damage":10,"enemies":"Chosen and Byrds","floor":26,"turns":3},{"damage":38,"enemies":"Centurion and Healer","floor":28,"turns":4},{"damage":14,"enemies":"downfall:FleeingMerchant","floor":29,"turns":4},{"damage":33,"enemies":"Cultist and Chosen","floor":32,"turns":6},{"damage":58,"enemies":"SI_MIRROR_ARCHETYPE","floor":33,"turns":10},{"damage":39,"enemies":"3 Darklings","floor":36,"turns":6},{"damage":0,"enemies":"Orb Walker","floor":37,"turns":2},{"damage":0,"enemies":"Transient","floor":38,"turns":5},{"damage":1,"enemies":"3 Darklings","floor":43,"turns":2},{"damage":24,"enemies":"2 Orb Walkers","floor":45,"turns":2},{"damage":21,"enemies":"4 Shapes","floor":46,"turns":4},{"damage":19,"enemies":"Maw","floor":48,"turns":5},{"damage":18,"enemies":"Spire Growth","floor":49,"turns":3},{"damage":68,"enemies":"WA_ARCHETYPE_DIVINITY","floor":50,"turns":6},{"damage":87,"enemies":"downfall:CharBossMerchant","floor":52,"turns":6},{"damage":7,"enemies":"downfall:NeowBoss","floor":55,"turns":8},{"damage":132,"enemies":"downfall:NeowBossFinal","floor":56,"turns":10}],"seed_played":"6724401443387914160","potions_obtained":[{"floor":3,"key":"Energy Potion"},{"floor":6,"key":"Adrenaline Potion"},{"floor":12,"key":"FairyPotion"},{"floor":14,"key":"EntropicBrew"},{"floor":15,"key":"Fire Potion"},{"floor":19,"key":"SpeedPotion"},{"floor":28,"key":"LiquidBronze"},{"floor":31,"key":"LifebloodPotion"},{"floor":33,"key":"SpeedPotion"},{"floor":37,"key":"DistilledChaos"},{"floor":38,"key":"Elixir"},{"floor":46,"key":"TheCursedMod:DregsPotion"},{"floor":52,"key":"Adrenaline Potion"}],"is_trial":false,"path_per_floor":["R","M","M","$","M","M","T","?","E","?","R","M","M","M","M","B",null,"R","M","M","$","T","R","T","M","M","?","M","$","R","?","M","B",null,"R","M","M","M","?","R","T","T","M","R","?","M","R","M","M","B",null,"E","$","R","B","B",null],"character_chosen":"THE_CURSED","items_purchased":["TheCursedMod:SoulReap","ReplayTheSpireMod:CursedCoin","Oddly Smooth Stone","Medical Kit"],"campfire_rested":1,"item_purchase_floors":[4,29,53,53],"current_hp_per_floor":[75,75,75,75,73,54,54,54,35,35,57,52,55,50,48,15,75,75,67,65,70,70,70,70,68,65,51,38,36,46,46,33,8,90,90,55,62,92,92,92,92,90,90,90,74,73,73,88,77,64,90,46,46,46,92,56],"gold":128,"neow_bonus":"RANDOM_COMMON_RELIC","is_daily":false,"chose_seed":false,"campfire_upgraded":5,"win_rate":0.0,"timestamp":1613864024,"path_taken":["R","M","M","$","M","?","T","?","E","?","R","M","M","M","M","BOSS","R","M","M","$","?","R","T","M","M","?","M","$","R","?","M","BOSS","R","M","M","M","?","R","T","?","M","R","?","M","R","M","M","BOSS","E","$","R","BOSS","BOSS"],"items_purchased_type":["Card","Relic","Relic","Relic"],"build_version":"2020-12-22","purchased_purges":1,"victory":true,"max_hp_per_floor":[75,75,75,75,75,75,75,75,75,75,75,75,75,75,75,75,75,75,75,75,75,75,75,75,75,75,80,80,80,90,90,90,90,90,90,90,90,92,92,92,92,90,90,90,88,90,90,88,90,92,90,92,92,90,92,94],"relic_stats":{"Nunchaku":[13],"Regal Pillow":0,"counters":[32,159],"Blue Candle":[4],"Snecko Eye":[58,74,53,47],"Tiny Chest":2,"Medical Kit":[0],"obtain_stats":[{"TheCursedMod:BlackMagic101":0,"Girya":45,"Golden Egg":52,"Regal Pillow":42,"downfall:HeartBlessingRed":23,"Ring of Hypnosis":31,"ReplayTheSpireMod:CursedCoin":29,"Blue Candle":9,"ReplayTheSpireMod:Ring of Addiction":31,"SacredBark":31,"Oddly Smooth Stone":53,"downfall:HeartBlessingGreen":18,"Medical Kit":53,"Du-Vu Doll":39,"Nunchaku":35,"downfall:HeartBlessingBlue":30,"Snecko Eye":34,"Tiny Chest":0,"Snack Pack":7,"Coffee Dripper":17,"Replay:Bottled Flurry":41,"Grinning Jar":22,"Toy Ornithopter":31},{"TheCursedMod:BlackMagic101":0,"Girya":25,"Golden Egg":30,"Regal Pillow":23,"downfall:HeartBlessingRed":14,"Ring of Hypnosis":18,"ReplayTheSpireMod:CursedCoin":18,"Blue Candle":6,"ReplayTheSpireMod:Ring of Addiction":18,"SacredBark":18,"Oddly Smooth Stone":30,"downfall:HeartBlessingGreen":11,"Medical Kit":30,"Du-Vu Doll":23,"Nunchaku":20,"downfall:HeartBlessingBlue":18,"Snecko Eye":20,"Tiny Chest":0,"Snack Pack":5,"Coffee Dripper":11,"Replay:Bottled Flurry":23,"Grinning Jar":14,"Toy Ornithopter":18},{"TheCursedMod:BlackMagic101":0,"Girya":117,"Golden Egg":141,"Regal Pillow":113,"downfall:HeartBlessingRed":67,"Ring of Hypnosis":84,"ReplayTheSpireMod:CursedCoin":84,"Blue Candle":24,"ReplayTheSpireMod:Ring of Addiction":84,"SacredBark":84,"Oddly Smooth Stone":141,"downfall:HeartBlessingGreen":50,"Medical Kit":141,"Du-Vu Doll":113,"Nunchaku":100,"downfall:HeartBlessingBlue":84,"Snecko Eye":100,"Tiny Chest":0,"Snack Pack":17,"Coffee Dripper":50,"Replay:Bottled Flurry":113,"Grinning Jar":67,"Toy Ornithopter":84}],"Toy Ornithopter":15},"card_choices":[{"not_picked":["TheCursedMod:CursedAmulet","TheCursedMod:WearCloak"],"picked":"TheCursedMod:CircleOfFlame","floor":2},{"not_picked":["TheCursedMod:Obscuration","TheCursedMod:Mangle"],"picked":"TheCursedMod:RapidMovement","floor":3},{"not_picked":["TheCursedMod:VitalStrike","TheCursedMod:CircleOfAmplification"],"picked":"TheCursedMod:VoidForm","floor":4},{"not_picked":["TheCursedMod:CursedAmulet","TheCursedMod:VitalStrike"],"picked":"TheCursedMod:CursedMace","floor":5},{"not_picked":["TheCursedMod:SpitefulPlan","TheCursedMod:RapidMovement"],"picked":"TheCursedMod:CircleOfBlood","floor":6},{"not_picked":["TheCursedMod:CursedMace","TheCursedMod:Obscuration"],"picked":"TheCursedMod:SpreadPlague","floor":9},{"not_picked":["TheCursedMod:EmpowerCircles","TheCursedMod:CursedArmor"],"picked":"TheCursedMod:Obscuration","floor":12},{"not_picked":["TheCursedMod:AshesToAshes","TheCursedMod:CircleOfFlame"],"picked":"TheCursedMod:CursedBoomerang","floor":13},{"not_picked":["TheCursedMod:CursedMace","TheCursedMod:Obscuration"],"picked":"TheCursedMod:CircleOfFlame","floor":14},{"not_picked":["TheCursedMod:BloodBarrier","TheCursedMod:Torture","TheCursedMod:Obscuration"],"picked":"SKIP","floor":15},{"not_picked":["TheCursedMod:VoidForm","TheCursedMod:ParallelWorld"],"picked":"TheCursedMod:DemonSword","floor":16},{"not_picked":["TheCursedMod:SpitefulStrike","TheCursedMod:CursedAmulet"],"picked":"TheCursedMod:Evocation","floor":19},{"not_picked":["TheCursedMod:CursedShiv+1","TheCursedMod:TroublousMinions","TheCursedMod:VitalStrike"],"picked":"SKIP","floor":20},{"not_picked":["TheCursedMod:WearCloak","TheCursedMod:CircleOfAmplification"],"picked":"TheCursedMod:CursedBoomerang+1","floor":21},{"not_picked":["TheCursedMod:FleshFromBone","TheCursedMod:DoubleShield"],"picked":"TheCursedMod:SurpriseAttack","floor":25},{"not_picked":["TheCursedMod:CircleOfFocus","TheCursedMod:Torture"],"picked":"TheCursedMod:SmokeScreen","floor":26},{"not_picked":["TheCursedMod:WearCloak","TheCursedMod:TacticalStrike"],"picked":"TheCursedMod:CursedAmulet+1","floor":28},{"not_picked":["TheCursedMod:CursedMace+1","TheCursedMod:RavingStaff"],"picked":"TheCursedMod:DemonicPact","floor":29},{"not_picked":["TheCursedMod:SmokeScreen+1","TheCursedMod:RapidMovement","TheCursedMod:CursedMace+1"],"picked":"SKIP","floor":32},{"not_picked":["TheCursedMod:ParallelWorld","TheCursedMod:Neurasthenia"],"picked":"TheCursedMod:AntiAging","floor":33},{"not_picked":["TheCursedMod:Hemoplague+1","TheCursedMod:VitalStrike+1"],"picked":"TheCursedMod:AbyssShockwave","floor":36},{"not_picked":["TheCursedMod:BloodBarrier","TheCursedMod:Torture+1"],"picked":"TheCursedMod:CircleOfBlood","floor":37},{"not_picked":["TheCursedMod:Stigma","TheCursedMod:SmokeScreen"],"picked":"TheCursedMod:SpitefulStrike","floor":38},{"not_picked":["TheCursedMod:Obscuration","TheCursedMod:AshesToAshes+1","TheCursedMod:Wield"],"picked":"SKIP","floor":43},{"not_picked":["TheCursedMod:CursedBoomerang+1","TheCursedMod:TacticalStrike","TheCursedMod:TroublousMinions+1"],"picked":"SKIP","floor":46},{"not_picked":["TheCursedMod:DemonSword","TheCursedMod:AshesToAshes"],"picked":"TheCursedMod:SoulReap+1","floor":48},{"not_picked":["TheCursedMod:RapidMovement","TheCursedMod:AbyssShockwave"],"picked":"TheCursedMod:Evocation+1","floor":49},{"not_picked":["TheCursedMod:UltimatePain","TheCursedMod:Stretching"],"picked":"TheCursedMod:Evocation+1","floor":52}],"player_experience":256527,"relics_obtained":[{"floor":7,"key":"Snack Pack"},{"floor":9,"key":"Blue Candle"},{"floor":22,"key":"Grinning Jar"},{"floor":31,"key":"Ring of Hypnosis"},{"floor":31,"key":"ReplayTheSpireMod:Ring of Addiction"},{"floor":31,"key":"SacredBark"},{"floor":31,"key":"Toy Ornithopter"},{"floor":35,"key":"Nunchaku"},{"floor":41,"key":"Replay:Bottled Flurry"},{"floor":42,"key":"Regal Pillow"},{"floor":45,"key":"Girya"},{"floor":52,"key":"Golden Egg"}],"event_choices":[{"damage_healed":0,"gold_gain":0,"player_choice":"Fight","damage_taken":0,"max_hp_gain":0,"max_hp_loss":0,"event_name":"Mysterious Sphere","floor":45,"gold_loss":0}],"is_beta":false,"boss_relics":[{"not_picked":["Kintsugi","Ring of Chaos"],"picked":"Coffee Dripper"},{"not_picked":["Black Star","Runic Pyramid"],"picked":"Snecko Eye"}],"items_purged_floors":[53],"is_endless":false,"potions_floor_spawned":[3,6,12,14,15,19,28,32,33,37,38,46,48,52],"ascension_level":0}}