{"host":"87fdiiwflhrwsj8a","time":1613848640,"event":{"mods":["Aspiration","BaseMod","Better Match","Better Third Choice","BetterRewards","Colored Map","Conspire","GifTheSpireLib","Infinite Spire","Minty Spire (QoL Compilation)","Quick Restart","Relic Sorter","Replay The Spire","StSLib","Stuff the Spire","The Marked","The Servant 0.9.4"],"gold_per_floor":[109,109,109,109,127,159,11,11,87,87,99,134,153,181,181,278,278,297,297,307,321,321,321,356,372,372,372,403,420,420,229,229,334,334,350,350,350,194,208,239,258,293,320,80,96,44,44,60,60,60,60,60,60,89,89],"floor_reached":56,"language":"ENG","playtime":5145,"items_purged":[],"score":2056,"play_id":"95e3cd1f-05c0-4fa4-83cd-ab11a8ea44a1","local_time":"20210220141720","is_ascension_mode":true,"campfire_choices":[{"data":"Strike_S","floor":10.0,"key":"SMITH"},{"floor":15.0,"key":"REST"},{"floor":23,"key":"REST"},{"floor":27,"key":"RECALL"},{"floor":30,"key":"REST"},{"floor":32,"key":"DIG"},{"data":"KillingDoll","floor":47,"key":"SMITH"},{"data":"LightFlow","floor":49,"key":"SMITH"},{"data":"KidneyShot","floor":52,"key":"SMITH"}],"circlet_count":0,"master_deck":["AscendersBane","Strike_S+1","Defend_S","Defend_S","Defend_S","Defend_S","KidneyShot+1","Exchange","Rearm","BottledTime","LightFlow+1","Rearm","KillingDoll+1","BottledTime","Comet","BottledTime","BottledTime","FlawlessForm","Solidify","FastForward+1","Madness","Madness","Backflip","Aggregate","BottledTime","Limit Break"],"relics":["Uniform","NeowsBlessing","Vajra","Iron Hammer","StuffTheSpire:HistoryBook","ReplayTheSpireMod:TigerMarble","StuffTheSpire:Rhapsscallions","StuffTheSpire:OldFever","StuffTheSpire:GrapeVine","Replay:Ringing Soul","MealTicket","Garlic","Replay:Drink Me","Dead Branch","PrismaticShard","Snack Pack","Smiling Mask","aspiration:TomeofQuesting","conspire:DeflatedDodgeball","infinitespire:ShieldingShard"],"acts_visited":["Exordium","TheCity","TheBeyond","TheEnding"],"potions_floor_usage":[28,29,33,45],"damage_taken":[{"damage":0.0,"enemies":"Small Slimes","floor":1.0,"turns":2.0},{"damage":0.0,"enemies":"Jaw Worm","floor":5.0,"turns":1.0},{"damage":0.0,"enemies":"Lagavulin","floor":6.0,"turns":1.0},{"damage":0.0,"enemies":"2 Louse","floor":11.0,"turns":2.0},{"damage":31.0,"enemies":"Gremlin Nob","floor":12.0,"turns":6.0},{"damage":0.0,"enemies":"Looter","floor":13.0,"turns":2.0},{"damage":22.0,"enemies":"Lagavulin","floor":14.0,"turns":3.0},{"damage":12.0,"enemies":"Hexaghost","floor":16.0,"turns":7.0},{"damage":0,"enemies":"Spheric Guardian","floor":18,"turns":2},{"damage":16,"enemies":"2 Thieves","floor":20,"turns":2},{"damage":6,"enemies":"3 Cultists","floor":21,"turns":3},{"damage":11,"enemies":"conspire:SneckoGhost","floor":24,"turns":3},{"damage":0,"enemies":"Centurion and Healer","floor":25,"turns":4},{"damage":42,"enemies":"conspire:Head Lice","floor":28,"turns":3},{"damage":0,"enemies":"conspire:HollyBat","floor":29,"turns":7},{"damage":19,"enemies":"Champ","floor":33,"turns":9},{"damage":0,"enemies":"3 Shapes","floor":35,"turns":3},{"damage":0,"enemies":"Orb Walker","floor":39,"turns":1},{"damage":0,"enemies":"R_Hoarder","floor":40,"turns":4},{"damage":6,"enemies":"Transient","floor":41,"turns":5},{"damage":0,"enemies":"Nemesis","floor":42,"turns":1},{"damage":0,"enemies":"Writhing Mass","floor":45,"turns":3},{"damage":0,"enemies":"4 Shapes","floor":48,"turns":1},{"damage":0,"enemies":"Donu and Deca","floor":50,"turns":5},{"damage":0,"enemies":"Shield and Spear","floor":54,"turns":2},{"damage":4,"enemies":"The Heart","floor":55,"turns":5}],"seed_played":"-18994371802963135","potions_obtained":[{"floor":1.0,"key":"Weak Potion"},{"floor":11.0,"key":"SpeedPotion"},{"floor":21,"key":"PowerPotion"},{"floor":25,"key":"Reflective Coating"},{"floor":29,"key":"GamblersBrew"},{"floor":33,"key":"SkillPotion"},{"floor":35,"key":"SpeedPotion"},{"floor":45,"key":"EssenceOfSteel"}],"is_trial":false,"path_per_floor":["M","?","?","$","M","E","$","?","T","R","M","E","M","E","R","B",null,"M","?","M","M","?","R","E","M","T","R","E","M","R","$","R_BF","B",null,"M","?","T","$","M","E","M","E","T","$","M","$","R","M","R","B",null,"R","$","E","B",null],"character_chosen":"THE_SERVANT","items_purchased":["StuffTheSpire:HistoryBook","BottledTime","FlawlessForm","PrismaticShard","conspire:DeflatedDodgeball","BottledTime"],"campfire_rested":3,"item_purchase_floors":[7,31,31,38,44,46],"current_hp_per_floor":[59,52,52,52,52,52,52,52,56,56,56,25,25,3,23,11,55,55,55,39,33,33,53,45,45,45,45,3,3,24,42,42,26,51,54,49,49,64,67,67,65,67,67,71,71,74,74,77,77,77,77,77,77,77,77],"gold":89,"neow_bonus":"THREE_ENEMY_KILL","is_daily":false,"chose_seed":false,"campfire_upgraded":4,"win_rate":0.0,"timestamp":1613848640,"path_taken":["M","?","?","$","M","E","$","?","T","R","M","E","M","E","R","BOSS","M","?","M","M","?","R","E","M","T","R","E","M","R","$","R_BF","BOSS","M","?","?","$","M","E","M","E","T","$","?","?","R","M","R","BOSS","R","$","E","BOSS"],"items_purchased_type":["Relic","Card","Card","Relic","Relic","Card"],"build_version":"2020-12-22","purchased_purges":0,"victory":true,"max_hp_per_floor":[65,65,65,65,65,65,65,65,69,69,69,69,69,69,69,69,69,69,69,69,69,69,69,72,72,72,72,72,72,72,75,75,78,59,62,65,65,65,68,68,71,71,71,71,71,74,74,77,77,77,77,77,77,77,77],"card_choices":[{"not_picked":["TimeWarp","WasteNot"],"picked":"Rearm","floor":1.0},{"not_picked":["Revamp","Replace"],"picked":"BottledTime","floor":5.0},{"not_picked":["Orbit","Advance","Barrier"],"picked":"SKIP","floor":6.0},{"not_picked":["BestPractice","TimeWarp","FastForward"],"picked":"SKIP","floor":11.0},{"not_picked":["Misdirection","SpecialFormula","ShatteredReality"],"picked":"SKIP","floor":12.0},{"not_picked":["BottledTime","InstantArmor"],"picked":"LightFlow","floor":13.0},{"not_picked":["Ricochet","Orbit"],"picked":"Rearm","floor":14.0},{"not_picked":["Deny","SoulSculpture"],"picked":"KillingDoll","floor":16.0},{"not_picked":["ShatteredReality","Rearm","ReturningBlade"],"picked":"SKIP","floor":18},{"not_picked":["DoubleEdge","FastForward"],"picked":"BottledTime","floor":20},{"not_picked":["Luminosity","DancingSilver","Rearm+1"],"picked":"SKIP","floor":21},{"not_picked":["Collapse","Orbit"],"picked":"Comet","floor":24},{"not_picked":["Contraction","DoubleEdge","Revamp+1"],"picked":"SKIP","floor":25},{"not_picked":["SpecialFormula","Reset","Desolation"],"picked":"SKIP","floor":28},{"not_picked":["DoubleEdge","Unruled","Reset"],"picked":"SKIP","floor":29},{"not_picked":["FloweringNight","PendulumOfEternity"],"picked":"Solidify","floor":33},{"not_picked":["Desolation+1","Read"],"picked":"FastForward+1","floor":35},{"not_picked":["theMarked:ParalyzingBlade","LikeWater"],"picked":"Backflip","floor":39},{"not_picked":["Redo+1","Starlight","BowlingBash"],"picked":"SKIP","floor":40},{"not_picked":["ReplayTheSpireMod:Stacked","ThirdEye"],"picked":"Aggregate","floor":41},{"not_picked":["Redo","Noxious Fumes","Revamp"],"picked":"SKIP","floor":42},{"not_picked":["Survey Options","Sentinel+1","Perfected Strike"],"picked":"SKIP","floor":45},{"not_picked":["StuffTheSpire:BloodClot","theMarked:WastefulAttack+1"],"picked":"Limit Break","floor":48},{"not_picked":["CarveReality","Protect","Setup"],"picked":"SKIP","floor":54}],"player_experience":2664627,"relics_obtained":[{"floor":6.0,"key":"Iron Hammer"},{"floor":9.0,"key":"StuffTheSpire:Rhapsscallions"},{"floor":12.0,"key":"StuffTheSpire:OldFever"},{"floor":14.0,"key":"StuffTheSpire:GrapeVine"},{"floor":24,"key":"Replay:Ringing Soul"},{"floor":28,"key":"MealTicket"},{"floor":32,"key":"Garlic"},{"floor":37,"key":"Dead Branch"},{"floor":40,"key":"Snack Pack"},{"floor":42,"key":"Smiling Mask"},{"floor":43,"key":"aspiration:TomeofQuesting"},{"floor":54,"key":"infinitespire:ShieldingShard"}],"event_choices":[{"damage_healed":0.0,"max_hp_gain":0.0,"max_hp_loss":0.0,"gold_gain":0.0,"event_name":"betterThird:BetterScrap","player_choice":"Relic ","floor":2.0,"gold_loss":0.0,"damage_taken":7.0,"cards_obtained":["Replay:Hum"]},{"damage_healed":0.0,"max_hp_gain":0.0,"max_hp_loss":0.0,"gold_gain":0.0,"event_name":"The Cleric","player_choice":"Leave","floor":3.0,"gold_loss":0.0,"damage_taken":0.0},{"damage_healed":0.0,"max_hp_gain":0.0,"max_hp_loss":0.0,"gold_gain":0.0,"event_name":"Big Fish","player_choice":"Box","floor":8.0,"gold_loss":0.0,"damage_taken":0.0,"relics_obtained":["ReplayTheSpireMod:TigerMarble"],"cards_obtained":["Regret"]},{"damage_healed":0,"gold_gain":0,"player_choice":"Ignored","damage_taken":0,"max_hp_gain":0,"max_hp_loss":0,"event_name":"Beggar","floor":22,"gold_loss":0},{"damage_healed":0,"gold_gain":0,"player_choice":"Embrace Madness","damage_taken":8,"max_hp_gain":0,"max_hp_loss":0,"event_name":"Winding Halls","floor":36,"gold_loss":0,"cards_obtained":["Madness","Madness"]}],"is_beta":false,"boss_relics":[{"not_picked":["ReplayTheSpireMod:SealedPack","aspiration:SilentSkillbook","Runic Dome"]},{"not_picked":["Calling Bell","Snecko Heart"],"picked":"Replay:Drink Me"}],"items_purged_floors":[],"is_endless":false,"potions_floor_spawned":[1,11,21,25,29,33,35,41,42,45],"ascension_level":12}}