{"host":"js2su9tbbk4rmjfl","time":1613821660,"event":{"mods":["AchievementEnabler","BaseMod","Block Reminder","Colored Map","Colored Powertips","Highlight Path","Minty Spire (QoL Compilation)","Relic Stats"],"gold_per_floor":[362,362,376,394,3,3,13,13,38,51,51,76,76,95,95,95,95],"floor_reached":16,"language":"ENG","playtime":1039,"items_purged":["Pain"],"score":199,"play_id":"ff6b161a-02fe-44dc-98b7-663751c19786","local_time":"20210220124740","is_ascension_mode":true,"campfire_choices":[{"data":"Dramatic Entrance","floor":6,"key":"SMITH"},{"data":"Cleave","floor":8,"key":"SMITH"},{"floor":15,"key":"REST"}],"circlet_count":0,"master_deck":["AscendersBane","Strike_R","Strike_R+1","Strike_R","Strike_R","Strike_R","Defend_R","Defend_R","Defend_R","Defend_R","Bash","Havoc","Twin Strike","Disarm","Dramatic Entrance+1","Cleave+1","Metallicize+1","Disarm","Battle Trance"],"relics":["Burning Blood","Potion Belt","Dream Catcher","Oddly Smooth Stone","Bag of Marbles"],"acts_visited":["Exordium"],"potions_floor_usage":[12,14,16],"damage_taken":[{"damage":7,"enemies":"Cultist","floor":1,"turns":4},{"damage":11,"enemies":"Small Slimes","floor":3,"turns":5},{"damage":8,"enemies":"2 Louse","floor":4,"turns":4},{"damage":12,"enemies":"Looter","floor":7,"turns":4},{"damage":8,"enemies":"Blue Slaver","floor":10,"turns":3},{"damage":4,"enemies":"3 Sentries","floor":12,"turns":3},{"damage":1,"enemies":"Exordium Thugs","floor":14,"turns":4},{"damage":56,"enemies":"Slime Boss","floor":16,"turns":8}],"seed_played":"6567481166704451221","potions_obtained":[{"floor":1,"key":"Strength Potion"},{"floor":12,"key":"Block Potion"}],"is_trial":false,"path_per_floor":["M","?","M","M","$","R","M","R","T","M","?","E","?","M","R","B"],"character_chosen":"IRONCLAD","items_purchased":["Potion Belt","Dramatic Entrance","FearPotion"],"campfire_rested":1,"item_purchase_floors":[5,5,5],"current_hp_per_floor":[67,67,62,60,60,60,54,54,54,52,47,49,27,32,53,0,0],"gold":95,"neow_bonus":"TWO_FIFTY_GOLD","is_daily":false,"chose_seed":false,"campfire_upgraded":2,"win_rate":0.0,"timestamp":1613821660,"path_taken":["M","?","M","M","$","R","?","R","T","M","?","E","?","M","R","BOSS"],"items_purchased_type":["Relic","Card","Potion"],"build_version":"2020-12-22","purchased_purges":1,"victory":false,"max_hp_per_floor":[75,72,72,72,72,72,72,72,72,72,72,72,72,72,72,72,72],"relic_stats":{"Dream Catcher":1,"counters":[8,35],"obtain_stats":[{"Potion Belt":5,"Dream Catcher":9,"Oddly Smooth Stone":11,"Bag of Marbles":12,"Burning Blood":0},{"Potion Belt":3,"Dream Catcher":4,"Oddly Smooth Stone":5,"Bag of Marbles":6,"Burning Blood":0},{"Potion Belt":13,"Dream Catcher":17,"Oddly Smooth Stone":20,"Bag of Marbles":23,"Burning Blood":0}],"Burning Blood":42},"card_choices":[{"not_picked":["Entrench","Headbutt"],"picked":"Havoc","floor":1},{"not_picked":["Wild Strike","Sword Boomerang"],"picked":"Twin Strike","floor":3},{"not_picked":["Sever Soul","Armaments"],"picked":"Disarm","floor":4},{"not_picked":["Intimidate","True Grit"],"picked":"Cleave","floor":7},{"not_picked":["Cleave","Warcry"],"picked":"Metallicize","floor":10},{"not_picked":["Hemokinesis","Burning Pact"],"picked":"Disarm","floor":12},{"not_picked":["Thunderclap","Second Wind","Reckless Charge"],"picked":"SKIP","floor":14},{"not_picked":["Entrench","Spot Weakness"],"picked":"Battle Trance","floor":15}],"player_experience":877415,"relics_obtained":[{"floor":9,"key":"Dream Catcher"},{"floor":12,"key":"Bag of Marbles"}],"event_choices":[{"damage_healed":0,"gold_gain":0,"cards_transformed":["Parasite"],"player_choice":"Transformed","damage_taken":0,"max_hp_gain":0,"max_hp_loss":0,"event_name":"Transmorgrifier","floor":2,"gold_loss":0,"cards_obtained":["Pain"]},{"damage_healed":0,"gold_gain":0,"player_choice":"Success","damage_taken":5,"relics_obtained":["Oddly Smooth Stone"],"max_hp_gain":0,"max_hp_loss":0,"event_name":"Scrap Ooze","floor":11,"gold_loss":0},{"damage_healed":0,"gold_gain":0,"player_choice":"Entered Light","damage_taken":22,"max_hp_gain":0,"max_hp_loss":0,"event_name":"Shining Light","floor":13,"gold_loss":0,"cards_upgraded":["Metallicize","Strike_R"]}],"is_beta":false,"boss_relics":[],"items_purged_floors":[5],"is_endless":false,"potions_floor_spawned":[1,12],"killed_by":"Slime Boss","ascension_level":19}}