{"host":"0ke4ewd6kv0tgkyi","time":1613852266,"event":{"mods":["2.2 Compatiblity","Act Like it!","Aspiration","BaseMod","Conspire","Elementarium","Gensokyo","Hallownest","Highlight Path","Hubris","JesterMod","Menagerie","Minty Spire (QoL Compilation)","Pale of the Ancients","Permanent Neow","Quarter Circle Forward PUNCH!","Reliquary","Ruina","Shade Mod","StSLib","The Alterego","The Bug Knight","The Gatherer","The Judge","The Valiant","The Wild Card","The Witch","WarShipGirlsR/??è≠èóR mod","Yuri Mod","thorton"],"gold_per_floor":[153,78,78,78,78,78,108,108,135,135,135,171,171,210,210,336,336,349,34,34,77,121,121,121,121,121,121,132,132,146,146,146,247,247,282,299,299,344,381,381,166,211,260,260,274,22,22,22,22,22,63,63,83,134,134,153,153,28,28,28,28],"floor_reached":60,"language":"ENG","playtime":6256,"items_purged":["Strike_Witch","Strike_G","Gensokyo:Shovel"],"score":839,"play_id":"b86393e3-0f4d-49b2-9d95-131fe7389517","local_time":"20210220121746","is_ascension_mode":false,"campfire_choices":[{"data":"HandOfGreed","floor":6,"key":"SMITH"},{"data":"Foresight","floor":8,"key":"SMITH"},{"data":"Hexguard","floor":11,"key":"SMITH"},{"data":"CrystalResonance","floor":13,"key":"SMITH"},{"data":"Athame","floor":15,"key":"SMITH"},{"data":"Burst","floor":23,"key":"SMITH"},{"data":"Skewer","floor":25,"key":"SMITH"},{"data":"SummonOwlFamiliar","floor":27,"key":"SMITH"},{"data":"WickedThoughts","floor":29,"key":"SMITH"},{"data":"BlackBolt","floor":32,"key":"SMITH"},{"data":"EvilEye","floor":40,"key":"SMITH"},{"data":"Burst","floor":44,"key":"SMITH"},{"floor":47,"key":"REST"},{"floor":49,"key":"REST"},{"data":"MysticUnburial","floor":55,"key":"SMITH"},{"data":"Outmaneuver","floor":57,"key":"SMITH"}],"circlet_count":0,"master_deck":["HandOfGreed+1","BlackBolt+1","Hallownest:skillGreenpathMap","Hallownest:skillLeafShield","Hallownest:skillLeafShield+1","Hallownest:skillLeafShield","Hallownest:skillLeafShield","Writhe","Foresight+1","Heel Hook","Masterful Stab","CrystalResonance+1","Athame+1","ChosenOfTheMoon+1","MementoMori+1","Skewer+1","Burst+1","SummonOwlFamiliar+1","WickedThoughts+1","RiteOfWinter+1","Malady+1","DireShriek","MysticUnburial+1","Outmaneuver+1","Burst+1","EvilEye+1","Gensokyo:RustyChest","Twitch","Foresight","Harmlessness"],"relics":["BlackCat","hubris:SphereOfDissonance","HollowMod:PaleOreRelic","thethorton:BottledFunds","conspire:DeflatedDodgeball","Bottled Tornado","conspire:SpecialSausage","reliquary:CitrusReamer","Winged Necklace","Gensokyo:DualWield","paleoftheancients:Timepiece","paleoftheancients:KeyRelic","Sozu","Letter Opener","paleoftheancients:BlurryLens","qcfpunch:Black_Training_Shirt"],"acts_visited":["Exordium","Hallownest:Greenpath","ruina:Briah","Gensokyo:Gensokyoest"],"potions_floor_usage":[16,22,33,33,33,39,50,50,50],"damage_taken":[{"damage":0,"enemies":"Hallownest:2_Tiktiks_and_1_Crawlid","floor":1,"turns":4},{"damage":29,"enemies":"Hallownest:eliteCrystalGuardian","floor":7,"turns":6},{"damage":0,"enemies":"2_ Uuma","floor":12,"turns":3},{"damage":0,"enemies":"Hallownest:monsterHuskWarrior","floor":14,"turns":1},{"damage":21,"enemies":"Hallownest:BossFalseKnight","floor":16,"turns":7},{"damage":0,"enemies":"ruina:Nosferatu","floor":18,"turns":3},{"damage":0,"enemies":"ruina:2_Scarecrows","floor":21,"turns":3},{"damage":4,"enemies":"ruina:Woodsman","floor":22,"turns":3},{"damage":1,"enemies":"ruina:QueenOfHate","floor":28,"turns":3},{"damage":13,"enemies":"ruina:KnightOfDespair","floor":30,"turns":4},{"damage":34,"enemies":"ruina:Red_and_Wolf","floor":33,"turns":15},{"damage":0,"enemies":"Gensokyo:3_Bats","floor":35,"turns":4},{"damage":0,"enemies":"Gensokyo:3_Boulders","floor":36,"turns":5},{"damage":11,"enemies":"Gensokyo:4_Bats","floor":38,"turns":5},{"damage":9,"enemies":"Gensokyo:AtlasGolem","floor":39,"turns":6},{"damage":10,"enemies":"Gensokyo:3_Boulders","floor":42,"turns":4},{"damage":7,"enemies":"Gensokyo:Sharpion","floor":45,"turns":5},{"damage":12,"enemies":"Gensokyo:Scarlet_Devils","floor":50,"turns":10},{"damage":44,"enemies":"Gensokyo:Scarlet_Devils","floor":51,"turns":8},{"damage":47,"enemies":"Gensokyo:Scarlet_Devils","floor":52,"turns":8},{"damage":0,"enemies":"paleoftheancients:BASlime2","floor":53,"turns":1},{"damage":59,"enemies":"paleoftheancients:BASlime2","floor":56,"turns":9},{"damage":41,"enemies":"paleoftheancients:N","floor":60,"turns":8}],"seed_played":"2067810145948428026","potions_obtained":[{"floor":1,"key":"Energy Potion"},{"floor":12,"key":"Energy Potion"},{"floor":14,"key":"ColorlessPotion"},{"floor":21,"key":"SkillPotion"},{"floor":30,"key":"LiquidBronze"},{"floor":33,"key":"Regen Potion"},{"floor":38,"key":"SpeedPotion"},{"floor":39,"key":"Ancient Potion"},{"floor":42,"key":"CultistPotion"}],"is_trial":false,"path_per_floor":["M","?","?","?","?","R","E","R","T","?","R","M","R","M","R","B",null,"M","$","?","M","M","R","$","R","T","R","M","R","M","?","R","B",null,"M","M","?","M","M","R","COS","M","T","R","M","$","R","?","R","B","M","M","M","T","R","M","R","$","?","B"],"character_chosen":"WITCH","items_purchased":["conspire:DeflatedDodgeball","Regen Potion","Twitch"],"campfire_rested":2,"item_purchase_floors":[19,46,46],"current_hp_per_floor":[61,61,61,68,68,68,39,39,39,39,39,39,39,39,39,18,68,68,68,68,68,64,64,64,64,64,64,63,63,50,50,50,16,68,68,68,68,57,48,48,48,38,38,38,31,31,51,51,68,68,46,68,68,68,68,39,39,39,39,0,0],"gold":28,"neow_bonus":"RANDOM_COLORLESS_2","is_daily":false,"chose_seed":false,"campfire_upgraded":14,"win_rate":0.0,"timestamp":1613852266,"path_taken":["M","?","?","?","?","R","E","R","T","?","R","?","R","M","R","BOSS","M","?","?","M","M","R","$","R","T","R","?","R","M","?","R","BOSS","M","?","?","M","M","R","COS","M","T","R","?","?","R","?","R","BOSS","M","M","?","T","R","M","R","$","?","BOSS"],"items_purchased_type":["Relic","Potion","Card"],"build_version":"2020-12-22","purchased_purges":3,"victory":false,"max_hp_per_floor":[61,61,61,68,68,68,68,68,68,68,68,68,68,68,68,68,68,68,68,68,68,68,68,68,68,68,68,68,68,68,68,68,68,68,68,68,68,68,68,68,68,68,68,68,68,68,68,68,68,68,68,68,68,68,68,68,68,68,68,68,68],"card_choices":[{"not_picked":["Mayhem","Panache"],"picked":"HandOfGreed","floor":0},{"not_picked":["SkullFlask","MagicFang"],"picked":"BlackBolt","floor":1},{"not_picked":["Atonement","MercuryWand"],"picked":"Foresight","floor":7},{"not_picked":["Bewitch","Foresight"],"picked":"CrystalResonance","floor":12},{"not_picked":["Decrepify","SkullFlask"],"picked":"Athame","floor":14},{"not_picked":["IllusionOfStrength","RiteOfSpring"],"picked":"ChosenOfTheMoon","floor":16},{"not_picked":["BlackBolt+1","WretchedNails"],"picked":"MementoMori+1","floor":18},{"not_picked":["DeliriumForm","GrimVengeance"],"picked":"SummonOwlFamiliar","floor":21},{"not_picked":["Bewitch","GnarledBody+1"],"picked":"RiteOfWinter+1","floor":22},{"not_picked":["Thundercloud","GnarledBody","BleedOut"],"picked":"SKIP","floor":28},{"not_picked":["GhoulTouch","WickedThoughts"],"picked":"Malady+1","floor":30},{"not_picked":["Graveburst","StrangeBrew"],"picked":"DireShriek","floor":33},{"not_picked":["BleedOut","Broomstick"],"picked":"WickedThoughts","floor":35},{"not_picked":["WickedThoughts+1","GnarledBody+1"],"picked":"MysticUnburial","floor":36},{"not_picked":["Thundercloud+1","SummonBatFamiliar+1","KarmaDrain"],"picked":"SKIP","floor":38},{"not_picked":["MementoMori","WickedThoughts+1"],"picked":"EvilEye","floor":39},{"not_picked":["TwistedMind+1","SoulBarrier","SkullFlask+1"],"picked":"SKIP","floor":42},{"not_picked":["RustWall","KarmaDrain","Broomstick"],"picked":"SKIP","floor":45},{"not_picked":["Pillage+1","BalefulWard"],"picked":"Foresight","floor":51},{"not_picked":["WretchedNails","BlackShield","SoulBarrier"],"picked":"SKIP","floor":53},{"not_picked":["SkullFlask","Thundercloud+1"],"picked":"Harmlessness","floor":56}],"player_experience":1051932,"relics_obtained":[{"floor":7,"key":"hubris:SphereOfDissonance"},{"floor":9,"key":"HollowMod:PaleOreRelic"},{"floor":26,"key":"Bottled Tornado"},{"floor":43,"key":"Winged Necklace"},{"floor":53,"key":"paleoftheancients:BlurryLens"},{"floor":54,"key":"qcfpunch:Black_Training_Shirt"}],"event_choices":[],"is_beta":false,"boss_relics":[{"not_picked":["thethorton:CrushedCigarette","reliquary:KinkedSpring"],"picked":"thethorton:BottledFunds"},{"not_picked":["reliquary:RedPaperclip","Snecko Eye"],"picked":"conspire:SpecialSausage"}],"items_purged_floors":[19,46,58],"is_endless":false,"potions_floor_spawned":[1,12,14,21,30,33,38,39,42,56],"killed_by":"paleoftheancients:N","ascension_level":0}}