{"host":"bpr07pynnqpe5ded","time":1613850915,"event":{"mods":["2.2 Compatiblity","Aspiration","BaseMod","Better Note","Better Third Choice","BetterRewards","Downfall","Jorbs\u0027s Wanderer Trilogy","Minty Spire (QoL Compilation)","Replay The Spire","Shop Mod","StSLib","The Marked","??????REMEMod"],"gold_per_floor":[118,135,157,82,95,95,126,126,126,136,161,161,179,179,179,277,377,396,411,426,446,446,446,446],"floor_reached":23,"language":"ENG","playtime":1877,"items_purged":["stsjorbsmod:Defend_Wanderer"],"score":205,"play_id":"e95b2ca6-98fa-461f-968e-3a95369c1bf4","local_time":"20210220195515","is_ascension_mode":false,"campfire_choices":[{"data":"stsjorbsmod:BookOfTongues","floor":6,"key":"SMITH"},{"data":"stsjorbsmod:AnimateObjects","floor":8,"key":"SMITH"},{"floor":12,"key":"REST"},{"floor":15,"key":"DIG"}],"circlet_count":0,"master_deck":["stsjorbsmod:ForbiddenGrimoire+1","stsjorbsmod:Strike_Wanderer","stsjorbsmod:Strike_Wanderer","stsjorbsmod:Strike_Wanderer","stsjorbsmod:Strike_Wanderer","stsjorbsmod:Defend_Wanderer+1","stsjorbsmod:Defend_Wanderer","stsjorbsmod:Defend_Wanderer+1","stsjorbsmod:FreshAdventure","stsjorbsmod:EyeOfTheStorm","stsjorbsmod:AnimateObjects+1","stsjorbsmod:BookOfTongues+1","stsjorbsmod:Withdraw","stsjorbsmod:IvoryTower"],"relics":["stsjorbsmod:GrimoireRelic","REME_ComplimentaryCards","Kunai","Gremlin Food","Replay:Baseball","Quantum Egg","Replay:Wanted Poster"],"acts_visited":["Exordium","TheCity"],"potions_floor_usage":[7,16,16,19,19,23],"damage_taken":[{"damage":0,"enemies":"2 Louse","floor":1,"turns":3},{"damage":2,"enemies":"Jaw Worm","floor":2,"turns":5},{"damage":1,"enemies":"Cultist","floor":3,"turns":4},{"damage":9,"enemies":"3 Louse","floor":5,"turns":3},{"damage":23,"enemies":"Gremlin Nob","floor":7,"turns":5},{"damage":16,"enemies":"Exordium Thugs","floor":10,"turns":6},{"damage":14,"enemies":"Lagavulin","floor":11,"turns":8},{"damage":5,"enemies":"Exordium Wildlife","floor":13,"turns":6},{"damage":26,"enemies":"Hexaghost","floor":16,"turns":9},{"damage":10,"enemies":"3 Byrds","floor":18,"turns":4},{"damage":0,"enemies":"Spheric Guardian","floor":19,"turns":4},{"damage":4,"enemies":"Snake Plant","floor":20,"turns":4},{"damage":0,"enemies":"Centurion and Healer","floor":21,"turns":6},{"damage":71,"enemies":"REME_1_Revenger","floor":23,"turns":7}],"seed_played":"-806856760536365136","potions_obtained":[{"floor":2,"key":"Milkshake"},{"floor":3,"key":"AttackPotion"},{"floor":11,"key":"champ:CounterPotion"},{"floor":16,"key":"Slimebound:ThreeZeroPotion"},{"floor":18,"key":"Milkshake"},{"floor":19,"key":"DuplicationPotion"}],"is_trial":false,"path_per_floor":["M","M","M","$","M","R","E","R","T","M","E","R","M","?","R","B",null,"M","M","M","M","?","E"],"character_chosen":"WANDERER","items_purchased":[],"campfire_rested":1,"item_purchase_floors":[],"current_hp_per_floor":[68,70,70,70,63,63,42,42,42,28,14,35,31,36,36,10,75,66,68,66,69,69,0,0],"gold":446,"neow_bonus":"THREE_CARDS","is_daily":false,"chose_seed":false,"campfire_upgraded":2,"win_rate":0.0,"timestamp":1613850915,"path_taken":["M","M","M","$","M","R","E","R","T","M","E","R","M","?","R","BOSS","M","M","M","M","?","E"],"items_purchased_type":[],"build_version":"2020-12-22","purchased_purges":1,"victory":false,"max_hp_per_floor":[68,70,70,70,70,70,70,70,70,70,70,70,70,75,75,75,75,75,75,75,75,75,75,75],"card_choices":[{"not_picked":["stsjorbsmod:Firebolt","stsjorbsmod:ScorchingRay","stsjorbsmod:ChainLightning"],"picked":"SKIP","floor":1},{"not_picked":["stsjorbsmod:Prestidigitation","stsjorbsmod:WanderingMind"],"picked":"stsjorbsmod:BookOfTongues","floor":2},{"not_picked":["stsjorbsmod:BurningFlask","stsjorbsmod:FlameWard","stsjorbsmod:DisguiseSelf"],"picked":"SKIP","floor":3},{"not_picked":["stsjorbsmod:Index","stsjorbsmod:Hurt","stsjorbsmod:BurningFlask"],"picked":"SKIP","floor":5},{"not_picked":["stsjorbsmod:WeightOfMemory","stsjorbsmod:ParryingBlow","stsjorbsmod:DoubleCheck"],"picked":"SKIP","floor":7},{"not_picked":["stsjorbsmod:Counterspell","stsjorbsmod:FaerieFire"],"picked":"stsjorbsmod:Withdraw","floor":10},{"not_picked":["stsjorbsmod:Mania","stsjorbsmod:DoubleCheck","stsjorbsmod:MirrorImage"],"picked":"SKIP","floor":11},{"not_picked":["stsjorbsmod:Will","stsjorbsmod:LoseGrip","stsjorbsmod:Prepare"],"picked":"SKIP","floor":13},{"not_picked":["stsjorbsmod:MirrorImage","stsjorbsmod:HoldMonster"],"picked":"stsjorbsmod:IvoryTower","floor":16},{"not_picked":["stsjorbsmod:Message+1","stsjorbsmod:RayOfFrost","stsjorbsmod:FlameWard"],"picked":"SKIP","floor":18},{"not_picked":["stsjorbsmod:Thorns+1","stsjorbsmod:MagicMissiles","stsjorbsmod:Firebolt+1"],"picked":"SKIP","floor":19},{"not_picked":["stsjorbsmod:Index","stsjorbsmod:WeightOfMemory+1","stsjorbsmod:Firebolt+1"],"picked":"SKIP","floor":20},{"not_picked":["stsjorbsmod:Prepare+1","stsjorbsmod:MistyStep","stsjorbsmod:Patron"],"picked":"SKIP","floor":21}],"player_experience":1189568,"relics_obtained":[{"floor":7,"key":"Kunai"},{"floor":9,"key":"Gremlin Food"},{"floor":11,"key":"Replay:Baseball"},{"floor":15,"key":"Quantum Egg"}],"event_choices":[{"damage_healed":0,"gold_gain":0,"player_choice":"Donut","damage_taken":0,"max_hp_gain":5,"max_hp_loss":0,"event_name":"Big Fish","floor":14,"gold_loss":0},{"damage_healed":0,"gold_gain":0,"player_choice":"Ignored","damage_taken":0,"max_hp_gain":0,"max_hp_loss":0,"event_name":"betterNote:BetterNote","floor":22,"gold_loss":0,"cards_obtained":["REME_BattleFury"]}],"is_beta":false,"boss_relics":[{"not_picked":["aspiration:RitualDagger","Replay:Bronze Core"],"picked":"Replay:Wanted Poster"}],"items_purged_floors":[4],"is_endless":false,"potions_floor_spawned":[2,3,11,16,18,19],"killed_by":"REME_1_Revenger","ascension_level":0}}