{"host":"prxrhpgaxnj4om9r","time":1613807845,"event":{"mods":["AchievementEnabler","BaseMod","Colored Map","DeckTracker","Minty Spire (QoL Compilation)"],"gold_per_floor":[111,111,130,57,68,68,93,93,164,69,69,69,69],"floor_reached":12,"language":"KOR","playtime":310,"items_purged":[],"score":76,"play_id":"f442e1b4-2bfa-47e4-b36f-43abe64fb04a","local_time":"20210220165725","is_ascension_mode":false,"campfire_choices":[{"data":"Consecrate","floor":6,"key":"SMITH"},{"floor":8,"key":"REST"}],"circlet_count":0,"master_deck":["Strike_P","Strike_P","Strike_P","Strike_P","Defend_P","Defend_P","Defend_P","Defend_P+1","Eruption+1","Vigilance","ClearTheMind","Tantrum","SignatureMove","Consecrate+1","Conclude","ReachHeaven+1","EmptyBody"],"relics":["PureWater","Juzu Bracelet"],"acts_visited":["Exordium"],"potions_floor_usage":[7,12],"damage_taken":[{"damage":17,"enemies":"Jaw Worm","floor":1,"turns":2},{"damage":1,"enemies":"Cultist","floor":3,"turns":3},{"damage":0,"enemies":"Small Slimes","floor":5,"turns":2},{"damage":26,"enemies":"Lagavulin","floor":7,"turns":4},{"damage":59,"enemies":"Gremlin Nob","floor":12,"turns":4}],"seed_played":"9055069964252011576","potions_obtained":[{"floor":3,"key":"SteroidPotion"},{"floor":7,"key":"BottledMiracle"}],"is_trial":false,"path_per_floor":["M","?","M","$","M","R","E","R","T","$","?","E"],"character_chosen":"WATCHER","items_purchased":["SignatureMove","ReachHeaven","EmptyBody"],"campfire_rested":1,"item_purchase_floors":[4,10,10],"current_hp_per_floor":[55,60,59,59,59,59,33,56,56,56,41,0,0],"gold":69,"neow_bonus":"UPGRADE_CARD","is_daily":false,"chose_seed":false,"campfire_upgraded":1,"win_rate":0.0,"timestamp":1613807845,"path_taken":["M","?","M","?","?","R","E","R","T","$","?","E"],"items_purchased_type":["Card","Card","Card"],"build_version":"2020-12-22","purchased_purges":0,"victory":false,"max_hp_per_floor":[72,77,77,77,77,77,77,77,77,77,77,77,77],"card_choices":[{"not_picked":["EmptyFist","FollowUp"],"picked":"ClearTheMind","floor":1},{"not_picked":["JustLucky","Prostrate"],"picked":"Tantrum","floor":3},{"not_picked":["Evaluate","Meditate"],"picked":"Consecrate","floor":5},{"not_picked":["Study","ThirdEye"],"picked":"Conclude","floor":7}],"player_experience":550985,"relics_obtained":[{"floor":7,"key":"Juzu Bracelet"}],"event_choices":[{"damage_healed":0,"gold_gain":0,"player_choice":"Donut","damage_taken":0,"max_hp_gain":5,"max_hp_loss":0,"event_name":"Big Fish","floor":2,"gold_loss":0},{"damage_healed":0,"gold_gain":0,"player_choice":"Entered Light","damage_taken":15,"max_hp_gain":0,"max_hp_loss":0,"event_name":"Shining Light","floor":11,"gold_loss":0,"cards_upgraded":["ReachHeaven","Defend_P"]}],"is_beta":false,"boss_relics":[],"items_purged_floors":[],"is_endless":false,"potions_floor_spawned":[3,7],"killed_by":"Gremlin Nob","ascension_level":0}}