{"host":"w14xfy17z3c5mpoi","time":1613788595,"event":{"mods":["AchievementEnabler","BaseMod","Minty Spire (QoL Compilation)","Relic Stats"],"gold_per_floor":[113,124,139,154,154,184,184,106,156,185,185,210,210,225,225,326,326,339,355,355,40,53,53,53,53],"floor_reached":24,"language":"ENG","playtime":1533,"items_purged":["Defend_P"],"score":337,"play_id":"78145c7e-ba6d-4d39-ab90-530ee45309ab","local_time":"20210219213635","is_ascension_mode":true,"campfire_choices":[{"data":"ConjureBlade","floor":7,"key":"SMITH"},{"data":"Vigilance","floor":11,"key":"SMITH"},{"floor":13,"key":"REST"},{"data":"Eruption","floor":15,"key":"SMITH"},{"data":"Vault","floor":23,"key":"SMITH"}],"circlet_count":0,"master_deck":["Strike_P","Strike_P","Strike_P","Strike_P+1","Defend_P","Eruption+1","Vigilance+1","WheelKick+1","FollowUp+1","ConjureBlade+1","Consecrate+1","JustLucky","MentalFortress","Vault+1","Vengeance","RitualDagger","Scrawl","Adaptation"],"relics":["Empty Cage","Pear","Lantern","Whetstone","Bag of Marbles","Art of War","Philosopher\u0027s Stone"],"acts_visited":["Exordium","TheCity"],"potions_floor_usage":[6,6,16,24,24],"damage_taken":[{"damage":0,"enemies":"Small Slimes","floor":1,"turns":3},{"damage":7,"enemies":"2 Louse","floor":2,"turns":3},{"damage":0,"enemies":"Cultist","floor":3,"turns":2},{"damage":10,"enemies":"Large Slime","floor":4,"turns":2},{"damage":0,"enemies":"Gremlin Nob","floor":6,"turns":2},{"damage":7,"enemies":"3 Sentries","floor":10,"turns":4},{"damage":16,"enemies":"Lagavulin","floor":12,"turns":6},{"damage":0,"enemies":"Exordium Wildlife","floor":14,"turns":2},{"damage":27,"enemies":"The Guardian","floor":16,"turns":9},{"damage":0,"enemies":"2 Thieves","floor":18,"turns":2},{"damage":25,"enemies":"3 Byrds","floor":19,"turns":4},{"damage":0,"enemies":"Cultist and Chosen","floor":22,"turns":4},{"damage":62,"enemies":"Gremlin Leader","floor":24,"turns":2}],"seed_played":"-4397070305632167155","potions_obtained":[{"floor":3,"key":"Ambrosia"},{"floor":4,"key":"BottledMiracle"},{"floor":14,"key":"SpeedPotion"},{"floor":16,"key":"Ancient Potion"},{"floor":19,"key":"Regen Potion"}],"is_trial":false,"path_per_floor":["M","M","M","M","?","E","R","?","T","E","R","E","R","M","R","B",null,"M","M","?","$","M","R","E"],"character_chosen":"WATCHER","items_purchased":["Scrawl","Adaptation","FearPotion","BottledMiracle"],"campfire_rested":1,"item_purchase_floors":[21,21,21,21],"current_hp_per_floor":[65,58,58,48,34,44,44,44,44,37,37,21,45,45,45,18,66,66,41,35,35,35,35,0,0],"gold":53,"neow_bonus":"BOSS_RELIC","is_daily":false,"chose_seed":false,"campfire_upgraded":4,"win_rate":0.0,"timestamp":1613788595,"path_taken":["M","M","M","M","?","E","R","?","T","E","R","E","R","?","R","BOSS","M","M","?","$","M","R","E"],"items_purchased_type":["Card","Card","Potion","Potion"],"build_version":"2020-12-22","purchased_purges":1,"victory":false,"max_hp_per_floor":[72,72,72,72,72,82,82,82,82,82,82,82,82,82,82,82,82,82,82,82,82,82,82,82,82],"relic_stats":{"counters":[13,45],"Art of War":[2],"Whetstone":["WheelKick","Consecrate"],"obtain_stats":[{"Lantern":8,"Pear":6,"Philosopher\u0027s Stone":17,"Bag of Marbles":10,"Art of War":12,"Whetstone":9,"PureWater":0,"Empty Cage":0},{"Lantern":5,"Pear":5,"Philosopher\u0027s Stone":9,"Bag of Marbles":6,"Art of War":7,"Whetstone":5,"PureWater":0,"Empty Cage":0},{"Lantern":12,"Pear":12,"Philosopher\u0027s Stone":33,"Bag of Marbles":16,"Art of War":22,"Whetstone":12,"PureWater":0,"Empty Cage":0}]},"card_choices":[{"not_picked":["ThirdEye","FlurryOfBlows"],"picked":"WheelKick","floor":1},{"not_picked":["Prostrate","ClearTheMind"],"picked":"FollowUp","floor":2},{"not_picked":["Evaluate","Prostrate"],"picked":"ConjureBlade","floor":3},{"not_picked":["Halt","ClearTheMind"],"picked":"Consecrate","floor":4},{"not_picked":["Prostrate","ThirdEye","DevaForm"],"picked":"SKIP","floor":6},{"not_picked":["Prostrate","ThirdEye","DevaForm"],"picked":"SKIP","floor":6},{"not_picked":["LikeWater","ReachHeaven"],"picked":"JustLucky","floor":10},{"not_picked":["Pray","Prostrate","Weave"],"picked":"SKIP","floor":12},{"not_picked":["CutThroughFate","ForeignInfluence"],"picked":"MentalFortress","floor":14},{"not_picked":["Establishment","Ragnarok"],"picked":"Vault","floor":16},{"not_picked":["FlyingSleeves","PathToVictory","SashWhip"],"picked":"SKIP","floor":18},{"not_picked":["Crescendo+1","Swivel"],"picked":"Vengeance","floor":19},{"not_picked":["FlyingSleeves","ThirdEye+1","Study+1"],"picked":"SKIP","floor":22}],"player_experience":712152,"relics_obtained":[{"floor":6,"key":"Pear"},{"floor":9,"key":"Whetstone"},{"floor":10,"key":"Bag of Marbles"},{"floor":12,"key":"Art of War"}],"event_choices":[{"damage_healed":0,"gold_gain":0,"player_choice":"Entered Light","damage_taken":14,"max_hp_gain":0,"max_hp_loss":0,"event_name":"Shining Light","floor":5,"gold_loss":0,"cards_upgraded":["Strike_P","FollowUp"]},{"damage_healed":0,"gold_gain":0,"player_choice":"Paid Gold","damage_taken":0,"relics_obtained":["Lantern"],"max_hp_gain":0,"max_hp_loss":0,"event_name":"WeMeetAgain","floor":8,"gold_loss":78},{"damage_healed":0,"gold_gain":0,"player_choice":"Joined the Cult","damage_taken":6,"max_hp_gain":0,"max_hp_loss":0,"event_name":"Nest","floor":20,"gold_loss":0,"cards_obtained":["RitualDagger"]}],"is_beta":false,"boss_relics":[{"not_picked":["Tiny House","VioletLotus"],"picked":"Philosopher\u0027s Stone"}],"items_purged_floors":[21],"is_endless":false,"potions_floor_spawned":[3,4,14,16,19],"killed_by":"Gremlin Leader","ascension_level":8}}