{"host":"prxrhpgaxnj4om9r","time":1613821638,"event":{"mods":["AchievementEnabler","BaseMod","Colored Map","DeckTracker","Minty Spire (QoL Compilation)"],"gold_per_floor":[109,129,60,60,27,27,40,50,50,50,50],"floor_reached":10,"language":"KOR","playtime":380,"items_purged":[],"score":58,"play_id":"5d3b5185-c454-4509-ae99-420015d50b4e","local_time":"20210220204718","is_ascension_mode":false,"campfire_choices":[{"data":"LessonLearned","floor":6,"key":"SMITH"}],"circlet_count":0,"master_deck":["Strike_P","Strike_P+1","Strike_P","Strike_P","Defend_P","Defend_P","Defend_P","Defend_P","Eruption+1","Vigilance+1","Prostrate","Crescendo","LessonLearned+1","InnerPeace","FollowUp","JustLucky"],"relics":["PureWater","StoneCalendar","TungstenRod"],"acts_visited":["Exordium"],"potions_floor_usage":[],"damage_taken":[{"damage":0,"enemies":"Cultist","floor":1,"turns":2},{"damage":5,"enemies":"Small Slimes","floor":2,"turns":3},{"damage":1,"enemies":"Jaw Worm","floor":7,"turns":3},{"damage":4,"enemies":"Lots of Slimes","floor":8,"turns":4},{"damage":107,"enemies":"Gremlin Nob","floor":10,"turns":4}],"seed_played":"790246432052212989","potions_obtained":[{"floor":2,"key":"DuplicationPotion"}],"is_trial":false,"path_per_floor":["M","M","$","?","$","R","M","M","T","E"],"character_chosen":"WATCHER","items_purchased":["LessonLearned","InnerPeace"],"campfire_rested":0,"item_purchase_floors":[3,5],"current_hp_per_floor":[72,67,67,67,67,67,66,62,62,0,0],"gold":50,"neow_bonus":"UPGRADE_CARD","is_daily":false,"chose_seed":false,"campfire_upgraded":1,"win_rate":0.0,"timestamp":1613821638,"path_taken":["M","M","?","?","$","R","M","M","T","E"],"items_purchased_type":["Card","Card"],"build_version":"2020-12-22","purchased_purges":0,"victory":false,"max_hp_per_floor":[72,72,72,72,72,72,72,72,72,72,72],"card_choices":[{"not_picked":["ThirdEye","BowlingBash"],"picked":"Prostrate","floor":1},{"not_picked":["PathToVictory","SashWhip"],"picked":"Crescendo","floor":2},{"not_picked":["Weave","EmptyBody"],"picked":"FollowUp","floor":7},{"not_picked":["BowlingBash","Swivel"],"picked":"JustLucky","floor":8}],"player_experience":554097,"relics_obtained":[{"floor":9,"key":"TungstenRod"}],"event_choices":[{"damage_healed":0,"gold_gain":0,"player_choice":"Gave Potion","damage_taken":0,"relics_obtained":["StoneCalendar"],"max_hp_gain":0,"max_hp_loss":0,"event_name":"WeMeetAgain","floor":4,"gold_loss":0}],"is_beta":false,"boss_relics":[],"items_purged_floors":[],"is_endless":false,"potions_floor_spawned":[2],"killed_by":"Gremlin Nob","ascension_level":0}}