{"host":"yassvrowvc2yfwp2","time":1613791626,"event":{"mods":["2.2 Compatiblity","Act Like it!","BaseMod","Better Note","Curses Come First","Dota2Spire","Downfall","HololiveMod","Jorbs\u0027s Wanderer Trilogy","Minty Spire (QoL Compilation)","Prisma Mod","Rare Cards Sparkle","Reimu£®≤©¿ˆ¡È√Œ£©","Replay The Spire","Say the Spire","Spicy Shops","StSLib","The Bug Knight","The Cursed","The Servant 0.9.4"],"gold_per_floor":[114,114,130,154,169,169,203,203,250,250,270,289,302,341,341,465,565,578,599,599,599,615,615,651,651,651],"floor_reached":25,"language":"ZHS","playtime":1405,"items_purged":[],"score":260,"play_id":"0dde07c8-8dd0-4074-89ce-ceeb04a62e7b","local_time":"20210220112706","is_ascension_mode":false,"campfire_choices":[{"floor":6,"key":"REST"},{"data":"PrismaMod:IllyaUberChannel","floor":8,"key":"SMITH"},{"data":"PrismaMod:IllyaCommonDefend","floor":15,"key":"PURGE"},{"floor":23,"key":"REST"}],"circlet_count":0,"master_deck":["PrismaMod:IllyaCommonAttack","PrismaMod:IllyaCommonDefend","PrismaMod:IllyaCommonAttack","PrismaMod:IllyaCommonDefend","PrismaMod:IllyaCommonAttack","PrismaMod:IllyaCommonDefend","PrismaMod:IllyaCommonAttack","PrismaMod:IllyaCommonAttack","PrismaMod:IllyaCommonDefend","PrismaMod:IllyaUncommonAttack","PrismaMod:IllyaUncommonDefend","PrismaMod:IllyaCheapChannelAttack","PrismaMod:IllyaReinForce","PrismaMod:IllyaGrail","PrismaMod:IllyaUberChannel+1","PrismaMod:IllyaInstallMoonCancer","PrismaMod:IllyaEvokeAll","PrismaMod:IllyaSaphire","PrismaMod:IllyaDetonatingBlow","PrismaMod:IllyaCheapChannelAttack","PrismaMod:IllyaCarnivalAttack","PrismaMod:IllyaUberChannel","PrismaMod:IllyaPoisonBlock+1","Pain","PrismaMod:IllyaUberAttackChannel"],"relics":["Honey Jar","Golden Idol","Quantum Egg","Ancient Tea Set","ReplayTheSpireMod:Lightbulb","Dota2Spire:MaskOfMadness","Replay:Wanted Poster","WarpedTongs","Darkstone Periapt"],"acts_visited":["Exordium","TheCity"],"potions_floor_usage":[14],"damage_taken":[{"damage":0,"enemies":"Small Slimes","floor":1,"turns":3},{"damage":0,"enemies":"2 Louse","floor":3,"turns":3},{"damage":2,"enemies":"Cultist","floor":4,"turns":5},{"damage":8,"enemies":"Gremlin Gang","floor":5,"turns":7},{"damage":0,"enemies":"Lagavulin","floor":7,"turns":10},{"damage":9,"enemies":"2 Fungi Beasts","floor":11,"turns":4},{"damage":2,"enemies":"Blue Slaver","floor":12,"turns":3},{"damage":2,"enemies":"Large Slime","floor":13,"turns":5},{"damage":4,"enemies":"Gremlin Nob","floor":14,"turns":3},{"damage":17,"enemies":"The Guardian","floor":16,"turns":6},{"damage":14,"enemies":"2 Thieves","floor":18,"turns":4},{"damage":10,"enemies":"Shell Parasite","floor":19,"turns":5},{"damage":12,"enemies":"Snecko","floor":22,"turns":4},{"damage":22,"enemies":"Gremlin Leader","floor":24,"turns":5},{"damage":0,"enemies":"Centurion and Healer","floor":25,"turns":1}],"seed_played":"6715187560376089978","potions_obtained":[{"floor":1,"key":"SkillPotion"},{"floor":7,"key":"Dota2Spire:HealingSalve"},{"floor":11,"key":"ZuzhouPotion:ReiMu"},{"floor":13,"key":"SteroidPotion"},{"floor":16,"key":"Dexterity Potion"}],"is_trial":false,"path_per_floor":["M","?","M","M","M","R","E","R","T","?","M","M","M","E","R","B",null,"M","M","?","?","M","R","E","M"],"character_chosen":"ILLYA","items_purchased":[],"campfire_rested":2,"item_purchase_floors":[],"current_hp_per_floor":[75,57,57,55,47,69,69,69,69,69,60,58,56,52,52,35,75,61,51,51,51,41,63,41,41,41],"gold":651,"neow_bonus":"BOSS_RELIC","is_daily":false,"chose_seed":false,"campfire_upgraded":1,"win_rate":0.0,"timestamp":1613791626,"path_taken":["M","?","M","M","M","R","E","R","T","?","?","M","?","E","R","BOSS","M","M","?","?","M","R","E","M"],"items_purchased_type":[],"build_version":"2020-12-22","purchased_purges":0,"victory":false,"max_hp_per_floor":[75,75,75,75,75,75,75,75,75,75,75,75,75,75,75,75,75,75,75,75,75,75,75,75,75,75],"card_choices":[{"not_picked":["PrismaMod:IllyaPoisoningPhantasm","PrismaMod:IllyaSaphire","PrismaMod:IllyaMinorZwei"],"picked":"PrismaMod:IllyaCheapChannelAttack","floor":1},{"not_picked":["PrismaMod:IllyaFeed","PrismaMod:IllyaGrailKun","PrismaMod:IllyaUpgradeOrbs"],"picked":"PrismaMod:IllyaReinForce","floor":3},{"not_picked":["PrismaMod:IllyaMinorReinForce","PrismaMod:IllyaRubysPotion","PrismaMod:IllyaAOECommonAttack"],"picked":"PrismaMod:IllyaGrail","floor":4},{"not_picked":["PrismaMod:IllyaBlindPoisonToss","PrismaMod:IllyaBoysLove","PrismaMod:IllyaHassanGift"],"picked":"PrismaMod:IllyaUberChannel","floor":5},{"not_picked":["PrismaMod:IllyaCarnivalPrismaAstolfo","PrismaMod:IllyaReinForce","PrismaMod:IllyaUpgradeOrbs"],"picked":"PrismaMod:IllyaInstallMoonCancer","floor":7},{"not_picked":["PrismaMod:IllyaMinorRapidFire","PrismaMod:IllyaGrailKun","PrismaMod:IllyaGun"],"picked":"PrismaMod:IllyaEvokeAll","floor":11},{"not_picked":["PrismaMod:IllyaReinForce","PrismaMod:IllyaTestament","PrismaMod:IllyaUberPoisonBlock"],"picked":"PrismaMod:IllyaSaphire","floor":12},{"not_picked":["PrismaMod:IllyaGun","PrismaMod:IllyaCommonEvoke","PrismaMod:IllyaCheapChannelDefend"],"picked":"PrismaMod:IllyaDetonatingBlow","floor":13},{"not_picked":["PrismaMod:IllyaUpgradeOrbs","PrismaMod:IllyaInstallRuler","PrismaMod:IllyaGun"],"picked":"PrismaMod:IllyaCheapChannelAttack","floor":14},{"not_picked":["PrismaMod:IllyaCarnivalOrbs","PrismaMod:IllyaUberPoisonChannel","PrismaMod:IllyaZwei"],"picked":"PrismaMod:IllyaCarnivalAttack","floor":16},{"not_picked":["PrismaMod:IllyaDualEvoke","PrismaMod:IllyaPoisonTippedWeapons","PrismaMod:IllyaBride"],"picked":"PrismaMod:IllyaUberChannel","floor":18},{"not_picked":["PrismaMod:IllyaDetonatingBlow","PrismaMod:IllyaGun","PrismaMod:IllyaBoysLove"],"picked":"PrismaMod:IllyaPoisonBlock+1","floor":19},{"not_picked":["PrismaMod:IllyaGrailKun+1","PrismaMod:IllyaFeed","PrismaMod:IllyaAOECommonAttack+1","PrismaMod:IllyaCheapChannelDefend"],"picked":"SKIP","floor":22},{"not_picked":["PrismaMod:IllyaBerserCAR","PrismaMod:IllyaUpgradeOrbs","PrismaMod:IllyaPoisonBlock"],"picked":"PrismaMod:IllyaUberAttackChannel","floor":24}],"player_experience":2176097,"relics_obtained":[{"floor":7,"key":"Quantum Egg"},{"floor":9,"key":"Ancient Tea Set"},{"floor":14,"key":"Dota2Spire:MaskOfMadness"},{"floor":24,"key":"Darkstone Periapt"}],"event_choices":[{"damage_healed":0,"gold_gain":0,"player_choice":"Take Damage","damage_taken":18,"relics_obtained":["Golden Idol"],"max_hp_gain":0,"max_hp_loss":0,"event_name":"Golden Idol","floor":2,"gold_loss":0},{"damage_healed":0,"gold_gain":0,"player_choice":"Gave Potion","damage_taken":0,"relics_obtained":["ReplayTheSpireMod:Lightbulb"],"max_hp_gain":0,"max_hp_loss":0,"event_name":"WeMeetAgain","floor":10,"gold_loss":0},{"cards_removed":["PrismaMod:IllyaCommonDefend"],"damage_healed":0,"gold_gain":0,"player_choice":"Give","damage_taken":0,"max_hp_gain":0,"max_hp_loss":0,"event_name":"betterNote:BetterNote","floor":20,"gold_loss":0,"cards_obtained":["Strike_Lin:ReiMu"]},{"damage_healed":0,"gold_gain":0,"player_choice":"Rummage","damage_taken":0,"relics_obtained":["WarpedTongs"],"max_hp_gain":0,"max_hp_loss":0,"event_name":"Accursed Blacksmith","floor":21,"gold_loss":0,"cards_obtained":["Pain"]}],"is_beta":false,"boss_relics":[{"not_picked":["Replay:Drink Me","SlaversCollar"],"picked":"Replay:Wanted Poster"}],"items_purged_floors":[],"is_endless":false,"potions_floor_spawned":[1,7,11,13,16,22,24],"killed_by":"Centurion and Healer","ascension_level":0}}