{"host":"r4aerl4ckfvw1dw3","time":1613797068,"event":{"mods":["BaseMod","BetterRewards","Minty Spire (QoL Compilation)","Quick Restart","StSLib"],"gold_per_floor":[109,109,36,50,69,69,102,119,119,119,162,162,217,262,262,396,396,438,486,123,163,204,204,248,296,296,358,405,460,504,567,567,669,669,709,709,320,370,418,453,118,173,173,208,249,249,311,359,359,389,389,389,10,45,45],"floor_reached":56,"language":"ENG","playtime":8412,"items_purged":["Strike_P","Defend_P","Defend_P","Defend_P"],"score":1612,"play_id":"8f0c8a1a-44b8-465e-aabe-5b830d726a1a","local_time":"20210219205748","is_ascension_mode":true,"campfire_choices":[{"data":"SandsOfTime","floor":6.0,"key":"SMITH"},{"data":"Wish","floor":10.0,"key":"SMITH"},{"data":"Eruption","floor":12.0,"key":"SMITH"},{"data":"Consecrate","floor":15.0,"key":"SMITH"},{"data":"TalkToTheHand","floor":23.0,"key":"SMITH"},{"data":"Meditate","floor":32.0,"key":"SMITH"},{"floor":46.0,"key":"RECALL"},{"data":"Meditate","floor":49.0,"key":"SMITH"},{"data":"Blasphemy","floor":52,"key":"SMITH"}],"circlet_count":0,"master_deck":["Defend_P","Eruption+1","Vigilance","WheelKick","Halt","Consecrate+1","ThirdEye","FearNoEvil","SandsOfTime+1","Tantrum","Wish+1","Wallop","DeusExMachina","Blasphemy+1","TalkToTheHand+1","Protect","ThirdEye","MentalFortress+1","TalkToTheHand","MentalFortress","TalkToTheHand","Meditate+1","Tantrum+1","Consecrate","EmptyMind","Meditate+1","WaveOfTheHand+1","FlurryOfBlows","MentalFortress+1"],"relics":["HolyWater","Anchor","Singing Bowl","Bottled Lightning","Bag of Preparation","Empty Cage","Gremlin Horn","Centennial Puzzle","Darkstone Periapt","Boot","StrikeDummy","Membership Card","Kunai","CeramicFish","FossilizedHelix","Sling","The Courier","Vajra","Turnip","Bronze Scales","Bottled Flame","HornCleat","Yang"],"acts_visited":["Exordium","TheCity","TheBeyond","TheEnding"],"potions_floor_usage":[55,55],"damage_taken":[{"damage":0.0,"enemies":"2 Louse","floor":1.0,"turns":3.0},{"damage":0.0,"enemies":"Jaw Worm","floor":4.0,"turns":3.0},{"damage":0.0,"enemies":"Cultist","floor":5.0,"turns":2.0},{"damage":4.0,"enemies":"3 Sentries","floor":7.0,"turns":5.0},{"damage":0.0,"enemies":"Blue Slaver","floor":8.0,"turns":2.0},{"damage":6.0,"enemies":"Gremlin Gang","floor":11.0,"turns":4.0},{"damage":0.0,"enemies":"Gremlin Nob","floor":13.0,"turns":3.0},{"damage":0.0,"enemies":"3 Louse","floor":14.0,"turns":3.0},{"damage":20.0,"enemies":"Slime Boss","floor":16.0,"turns":5.0},{"damage":0.0,"enemies":"Chosen","floor":18.0,"turns":3.0},{"damage":2.0,"enemies":"3 Byrds","floor":19.0,"turns":4.0},{"damage":4.0,"enemies":"Sentry and Sphere","floor":21.0,"turns":4.0},{"damage":5.0,"enemies":"Centurion and Healer","floor":22.0,"turns":4.0},{"damage":2.0,"enemies":"Snake Plant","floor":24.0,"turns":3.0},{"damage":7.0,"enemies":"Sentry and Sphere","floor":25.0,"turns":4.0},{"damage":11.0,"enemies":"Book of Stabbing","floor":27.0,"turns":6.0},{"damage":9.0,"enemies":"Chosen and Byrds","floor":28.0,"turns":4.0},{"damage":11.0,"enemies":"Slavers","floor":29.0,"turns":3.0},{"damage":5.0,"enemies":"Shelled Parasite and Fungi","floor":30.0,"turns":8.0},{"damage":9.0,"enemies":"Book of Stabbing","floor":31.0,"turns":4.0},{"damage":99999.0,"enemies":"Champ","floor":33.0,"turns":8.0},{"damage":2.0,"enemies":"3 Shapes","floor":35.0,"turns":2.0},{"damage":16.0,"enemies":"Orb Walker","floor":38.0,"turns":4.0},{"damage":1.0,"enemies":"Writhing Mass","floor":39.0,"turns":8.0},{"damage":1.0,"enemies":"Reptomancer","floor":40.0,"turns":3.0},{"damage":0.0,"enemies":"Giant Head","floor":42.0,"turns":8.0},{"damage":0.0,"enemies":"Reptomancer","floor":44.0,"turns":4.0},{"damage":0.0,"enemies":"3 Darklings","floor":45.0,"turns":4.0},{"damage":0.0,"enemies":"Nemesis","floor":47.0,"turns":5.0},{"damage":0.0,"enemies":"Transient","floor":48.0,"turns":5.0},{"damage":21.0,"enemies":"Time Eater","floor":50.0,"turns":9.0},{"damage":40,"enemies":"Shield and Spear","floor":54,"turns":6},{"damage":1,"enemies":"The Heart","floor":55,"turns":8}],"seed_played":"-6168972597733392426","potions_obtained":[{"floor":4.0,"key":"FearPotion"},{"floor":11.0,"key":"BlessingOfTheForge"},{"floor":14.0,"key":"Strength Potion"},{"floor":16.0,"key":"Regen Potion"},{"floor":18.0,"key":"Block Potion"},{"floor":22.0,"key":"SpeedPotion"},{"floor":25.0,"key":"SpeedPotion"},{"floor":27.0,"key":"SneckoOil"},{"floor":29.0,"key":"FairyPotion"},{"floor":31.0,"key":"SkillPotion"},{"floor":33.0,"key":"Ancient Potion"},{"floor":38.0,"key":"EssenceOfSteel"},{"floor":44.0,"key":"DuplicationPotion"},{"floor":47.0,"key":"EntropicBrew"}],"is_trial":false,"path_per_floor":["M","?","$","M","M","R","E","M","T","R","M","R","E","M","R","B",null,"M","M","$","M","M","R","M","M","T","E","M","E","M","E","R","B",null,"M","?","$","M","M","E","$","E","T","E","M","R","E","M","R","B",null,"R","$","E","B",null],"character_chosen":"WATCHER","items_purchased":["Consecrate","ThirdEye","Gremlin Horn","ThirdEye","Membership Card","Kunai","Consecrate","EssenceOfSteel","FossilizedHelix","FlurryOfBlows","Sling","SpeedPotion","Bronze Scales","Bottled Flame","HornCleat","SteroidPotion","BottledMiracle"],"campfire_rested":0,"item_purchase_floors":[3,3,20,20,37,37,37,37,41,41,41,41,53,53,53,53,53],"current_hp_per_floor":[72,72,72,72,72,72,68,68,68,68,62,62,64,64,64,44,74,74,72,72,68,63,63,63,56,56,60,53,44,41,32,32,26,84,82,82,82,66,65,64,64,66,66,66,68,68,70,72,72,51,92,92,92,54,53],"gold":45,"neow_bonus":"RANDOM_COMMON_RELIC","is_daily":false,"chose_seed":false,"campfire_upgraded":8,"win_rate":0.0,"timestamp":1613797068,"path_taken":["M","?","$","M","M","R","E","M","T","R","M","R","E","M","R","BOSS","M","M","$","M","M","R","M","M","T","E","M","E","M","E","R","BOSS","M","?","$","M","?","E","$","E","T","E","M","R","E","M","R","BOSS","R","$","E","BOSS"],"items_purchased_type":["Card","Card","Relic","Card","Relic","Relic","Card","Potion","Relic","Card","Relic","Potion","Relic","Relic","Relic","Potion","Potion"],"build_version":"2020-12-22","purchased_purges":4,"victory":true,"max_hp_per_floor":[72,72,72,72,72,72,72,72,72,72,72,72,74,74,74,74,74,74,74,74,74,74,74,76,76,76,76,78,80,82,82,82,84,84,84,84,84,84,84,84,84,86,86,86,88,88,90,92,92,92,92,92,92,94,94],"card_choices":[{"not_picked":["ThirdEye","WindmillStrike"],"picked":"WheelKick","floor":1.0},{"not_picked":["Pray","WaveOfTheHand"],"picked":"FearNoEvil","floor":4.0},{"not_picked":["SashWhip","DeceiveReality"],"picked":"SandsOfTime","floor":5.0},{"not_picked":["Vengeance","Protect"],"picked":"Tantrum","floor":7.0},{"not_picked":["Consecrate","Pray"],"picked":"Wish","floor":8.0},{"not_picked":["CrushJoints","PathToVictory"],"picked":"Wallop","floor":11.0},{"not_picked":["JustLucky","EmptyBody","Study"],"picked":"Singing Bowl","floor":13.0},{"not_picked":["BowlingBash","SashWhip"],"picked":"DeusExMachina","floor":14.0},{"not_picked":["DeusExMachina","Establishment"],"picked":"Blasphemy","floor":16.0},{"not_picked":["Halt","Prostrate"],"picked":"TalkToTheHand","floor":18.0},{"not_picked":["Consecrate","Perseverance"],"picked":"Protect","floor":19.0},{"not_picked":["ForeignInfluence","Prostrate"],"picked":"MentalFortress+1","floor":21.0},{"not_picked":["JustLucky","FlyingSleeves"],"picked":"TalkToTheHand","floor":22.0},{"not_picked":["Collect","Prostrate","JustLucky"],"picked":"Singing Bowl","floor":24.0},{"not_picked":["Wallop","LikeWater"],"picked":"MentalFortress","floor":25.0},{"not_picked":["Evaluate+1","Vault"],"picked":"TalkToTheHand","floor":27.0},{"not_picked":["SandsOfTime","SashWhip","Crescendo"],"picked":"Singing Bowl","floor":28.0},{"not_picked":["Halt","Protect","LikeWater+1"],"picked":"Singing Bowl","floor":29.0},{"not_picked":["WheelKick","Study","SashWhip"],"picked":"Singing Bowl","floor":30.0},{"not_picked":["Study","WindmillStrike"],"picked":"Meditate","floor":31.0},{"not_picked":["ConjureBlade","Judgement","Ragnarok"],"picked":"Singing Bowl","floor":33.0},{"not_picked":["WreathOfFlame","BattleHymn"],"picked":"Tantrum+1","floor":35.0},{"not_picked":["FollowUp","Crescendo"],"picked":"EmptyMind","floor":38.0},{"not_picked":["PathToVictory+1","FollowUp+1"],"picked":"Meditate","floor":39.0},{"not_picked":["JustLucky+1","Brilliance"],"picked":"WaveOfTheHand+1","floor":40.0},{"not_picked":["CrushJoints","Nirvana","DeceiveReality"],"picked":"Singing Bowl","floor":42.0},{"not_picked":["Fasting2","BowlingBash"],"picked":"MentalFortress+1","floor":44.0},{"not_picked":["WheelKick","CrushJoints+1","Study+1"],"picked":"Singing Bowl","floor":45.0},{"not_picked":["Consecrate","Indignation+1","Conclude+1"],"picked":"Singing Bowl","floor":47.0},{"not_picked":["Tantrum","FlyingSleeves+1","Crescendo"],"picked":"Singing Bowl","floor":48.0},{"not_picked":["WaveOfTheHand","PathToVictory+1","Conclude+1"],"picked":"Singing Bowl","floor":54}],"player_experience":622619,"relics_obtained":[{"floor":7.0,"key":"Singing Bowl"},{"floor":9.0,"key":"Bottled Lightning"},{"floor":13.0,"key":"Bag of Preparation"},{"floor":26.0,"key":"Centennial Puzzle"},{"floor":27.0,"key":"Darkstone Periapt"},{"floor":29.0,"key":"Boot"},{"floor":31.0,"key":"StrikeDummy"},{"floor":40.0,"key":"CeramicFish"},{"floor":42.0,"key":"The Courier"},{"floor":44.0,"key":"Vajra"},{"floor":47.0,"key":"Turnip"},{"floor":54,"key":"Yang"}],"event_choices":[{"damage_healed":0.0,"max_hp_gain":0.0,"max_hp_loss":0.0,"gold_gain":0.0,"cards_transformed":["Strike_P"],"event_name":"Living Wall","player_choice":"Change","floor":2.0,"gold_loss":0.0,"damage_taken":0.0,"cards_obtained":["Halt"]},{"damage_healed":0.0,"max_hp_gain":0.0,"max_hp_loss":0.0,"gold_gain":0.0,"event_name":"Match and Keep!","player_choice":"0 cards matched","floor":36.0,"gold_loss":0.0,"damage_taken":0.0,"cards_obtained":[]}],"is_beta":false,"boss_relics":[{"not_picked":["Busted Crown","Calling Bell"],"picked":"Empty Cage"},{"not_picked":["Coffee Dripper","Black Star"],"picked":"HolyWater"}],"items_purged_floors":[20,37,41,53],"is_endless":false,"potions_floor_spawned":[4,11,14,16,18,22,25,27,29,31,33,38,44,45,47],"ascension_level":2}}