{"host":"2e5gbsni44p3458r","time":1613793478,"event":{"mods":["BaseMod","Colored Map","Downfall","Hermit","Minty Spire (QoL Compilation)","Replay The Spire","StSLib","The Cursed"],"gold_per_floor":[99,117,131,141,152,62,62,62,62,82,97,22,22,36,51,150,150,0,13,23,23,40,40,95,95,108,134,134,134,84,84,84,84],"floor_reached":31,"language":"ENG","playtime":1349,"items_purged":["Slimebound:Strike_Slimebound"],"score":324,"play_id":"83ebda3c-5109-48b7-bfaa-b0f55c19b9a5","local_time":"20210220125758","is_ascension_mode":true,"campfire_choices":[{"data":"Slimebound:Split","floor":1,"key":"SMITH"},{"data":"Slimebound:LevelUp","floor":13,"key":"SMITH"},{"floor":18,"key":"RECALL"},{"data":"Slimebound:MassRepurpose","floor":23,"key":"SMITH"},{"floor":30,"key":"REST"}],"circlet_count":0,"master_deck":["Slimebound:Tackle","Slimebound:Defend_Slimebound","Slimebound:Defend_Slimebound","Slimebound:Defend_Slimebound","Slimebound:Defend_Slimebound","Slimebound:Split+1","Slimebound:CorrosiveSpit","Slimebound:PressTheAttack","Slimebound:LevelUp+1","Slimebound:PressTheAttack","Slimebound:PressTheAttack","Slimebound:OozeBath","Slimebound:SlimeBarrage","Slimebound:LevelUp","Slimebound:MassRepurpose+1","Slimebound:ProtectTheBoss","Slimebound:GoopSpray"],"relics":["Pen Nib","m_BurningSludge","Slimebound:GreedOozeRelic","Busted Crown","downfall:HeartBlessingBlue","Strawberry","downfall:KnowingSkull","Lantern","ReplayTheSpireMod:Lightbulb"],"acts_visited":["Exordium","TheCity"],"potions_floor_usage":[6,16,16,16,26,26,27],"damage_taken":[{"damage":12,"enemies":"Jaw Worm","floor":2,"turns":5},{"damage":2,"enemies":"2 Louse","floor":3,"turns":3},{"damage":0,"enemies":"Small Slimes","floor":4,"turns":3},{"damage":15,"enemies":"Red Slaver","floor":5,"turns":5},{"damage":3,"enemies":"downfall:FleeingMerchant","floor":6,"turns":4},{"damage":7,"enemies":"Large Slime","floor":10,"turns":4},{"damage":3,"enemies":"Blue Slaver","floor":11,"turns":3},{"damage":10,"enemies":"Gremlin Gang","floor":14,"turns":4},{"damage":20,"enemies":"Large Slime","floor":15,"turns":3},{"damage":44,"enemies":"DF_ARCHETYPE_STREAMLINE","floor":16,"turns":6},{"damage":24,"enemies":"Shell Parasite","floor":19,"turns":4},{"damage":21,"enemies":"downfall:LooterAlt2","floor":20,"turns":5},{"damage":28,"enemies":"Centurion and Healer","floor":22,"turns":5},{"damage":5,"enemies":"3 Cultists","floor":26,"turns":4},{"damage":10,"enemies":"Gremlin Leader","floor":27,"turns":5},{"damage":37,"enemies":"Book of Stabbing","floor":31,"turns":4}],"seed_played":"6730917147235888227","potions_obtained":[{"floor":3,"key":"LiquidMemories"},{"floor":4,"key":"hexamod:SoulburnPotion"},{"floor":5,"key":"Regen Potion"},{"floor":11,"key":"DuplicationPotion"},{"floor":14,"key":"PowerPotion"},{"floor":20,"key":"Block Potion"},{"floor":22,"key":"SkillPotion"}],"is_trial":false,"path_per_floor":["R","M","M","M","M","$","T","?","?","M","M","?","R","M","M","B",null,"R","M","M","?","M","R","T","?","M","E","?","T","R","E"],"character_chosen":"SLIMEBOUND","items_purchased":[],"campfire_rested":1,"item_purchase_floors":[],"current_hp_per_floor":[65,59,61,65,54,59,59,59,59,56,57,57,57,53,39,16,65,75,57,42,42,20,20,27,21,22,18,18,18,42,5,5,5],"gold":84,"neow_bonus":"RANDOM_COMMON_RELIC","is_daily":false,"chose_seed":false,"campfire_upgraded":3,"win_rate":0.0,"timestamp":1613793478,"path_taken":["R","M","M","M","M","$","T","?","?","M","M","?","R","?","M","BOSS","R","M","M","?","?","R","T","?","?","E","?","?","R","E"],"items_purchased_type":[],"build_version":"2020-12-22","purchased_purges":1,"victory":false,"max_hp_per_floor":[65,65,65,65,65,65,65,65,65,65,65,65,65,65,65,65,65,75,75,75,75,75,75,82,82,82,82,82,82,82,82,82,82],"card_choices":[{"not_picked":["Slimebound:ItLooksTasty","Slimebound:Schlurp"],"picked":"Slimebound:PressTheAttack","floor":2},{"not_picked":["Slimebound:Prepare","Slimebound:GoopTackle","Slimebound:RollThrough"],"picked":"SKIP","floor":3},{"not_picked":["Slimebound:SplitAcid","Slimebound:SplitLeeching"],"picked":"Slimebound:LevelUp","floor":4},{"not_picked":["Slimebound:SlimeSpikes","Slimebound:Prepare","Slimebound:LeechEnergy"],"picked":"SKIP","floor":5},{"not_picked":["Slimebound:ServeAndProtect","Slimebound:Prepare"],"picked":"Slimebound:PressTheAttack","floor":6},{"not_picked":["Slimebound:TongueLash","Slimebound:Recollect"],"picked":"Slimebound:PressTheAttack","floor":10},{"not_picked":["Slimebound:Schlurp","Slimebound:GrowthPunch"],"picked":"Slimebound:OozeBath","floor":11},{"not_picked":["Slimebound:SlimeSpikes","Slimebound:HungryTackle"],"picked":"Slimebound:SlimeBarrage","floor":14},{"not_picked":["Evolve","Twin Strike"],"picked":"Slimebound:LevelUp","floor":15},{"not_picked":["Slimebound:SelfFormingGoo","Slimebound:TagTeam"],"picked":"Slimebound:MassRepurpose","floor":16},{"not_picked":["Slimebound:SplitLeeching"],"picked":"SKIP","floor":19},{"not_picked":["Slimebound:SlimeSpikes"],"picked":"SKIP","floor":20},{"not_picked":[],"picked":"Slimebound:GoopSpray","floor":22},{"not_picked":["Slimebound:ViciousTackle"],"picked":"SKIP","floor":26},{"not_picked":["Slimebound:BestDefense"],"picked":"SKIP","floor":27}],"player_experience":825433,"relics_obtained":[{"floor":24,"key":"Strawberry"},{"floor":27,"key":"Lantern"},{"floor":29,"key":"ReplayTheSpireMod:Lightbulb"}],"event_choices":[{"cards_removed":["Slimebound:Strike_Slimebound"],"damage_healed":0,"gold_gain":0,"player_choice":"Card Removal","damage_taken":0,"max_hp_gain":0,"max_hp_loss":0,"event_name":"The Cleric","floor":8,"gold_loss":0}],"is_beta":false,"boss_relics":[{"not_picked":["Snecko Heart","Calling Bell"],"picked":"Busted Crown"}],"items_purged_floors":[6],"is_endless":false,"potions_floor_spawned":[3,4,5,11,14,20,22],"killed_by":"Book of Stabbing","ascension_level":4}}