{"host":"suw5tyb7z6zbnnfs","time":1613799972,"event":{"mods":["AchievementEnabler","BaseMod","Colored Map","Minty Spire (QoL Compilation)"],"gold_per_floor":[363,51,64,64,78,78,95,115,192,206,206,8,35,48,48,145,145,155,155,155,173,189,189,189,189],"floor_reached":24,"language":"ENG","playtime":1774,"items_purged":["Pain"],"score":335,"play_id":"55dc18ef-3537-4338-9545-4df63ce8883b","local_time":"20210220004612","is_ascension_mode":true,"campfire_choices":[{"data":"Neutralize","floor":6,"key":"SMITH"},{"data":"Phantasmal Killer","floor":11,"key":"SMITH"},{"data":"Blade Dance","floor":15,"key":"SMITH"},{"data":"Wraith Form v2","floor":23,"key":"SMITH"}],"circlet_count":0,"master_deck":["AscendersBane","Defend_G","Defend_G","Defend_G","Defend_G","Defend_G","Survivor","Neutralize+1","PiercingWail","Caltrops","Blade Dance+1","Leg Sweep","Dagger Throw","Quick Slash","Phantasmal Killer+1","Sadistic Nature","Crippling Poison","Backstab","Wraith Form v2+1","Blade Dance","Bite","Bite","Bite","Bite","Bite","Backflip+1","Accuracy"],"relics":["Ring of the Snake","Oddly Smooth Stone","Bottled Tornado","Pocketwatch","Sozu"],"acts_visited":["Exordium","TheCity"],"potions_floor_usage":[13],"damage_taken":[{"damage":10,"enemies":"Jaw Worm","floor":1,"turns":6},{"damage":3,"enemies":"2 Louse","floor":3,"turns":4},{"damage":1,"enemies":"Small Slimes","floor":5,"turns":4},{"damage":7,"enemies":"3 Louse","floor":7,"turns":4},{"damage":0,"enemies":"Blue Slaver","floor":8,"turns":4},{"damage":0,"enemies":"Red Slaver","floor":10,"turns":3},{"damage":18,"enemies":"Lagavulin","floor":13,"turns":6},{"damage":0,"enemies":"Large Slime","floor":14,"turns":4},{"damage":8,"enemies":"Hexaghost","floor":16,"turns":9},{"damage":2,"enemies":"Chosen","floor":18,"turns":5},{"damage":9,"enemies":"2 Thieves","floor":21,"turns":4},{"damage":15,"enemies":"Snake Plant","floor":22,"turns":4},{"damage":47,"enemies":"Book of Stabbing","floor":24,"turns":6}],"seed_played":"3658421309729280473","potions_obtained":[{"floor":3,"key":"ColorlessPotion"},{"floor":8,"key":"LiquidBronze"},{"floor":10,"key":"Energy Potion"},{"floor":16,"key":"Ancient Potion"}],"is_trial":false,"path_per_floor":["M","$","M","?","M","R","M","M","T","M","R","$","E","M","R","B",null,"M","?","?","M","M","R","E"],"character_chosen":"THE_SILENT","items_purchased":["Oddly Smooth Stone","Caltrops","Blade Dance","Sadistic Nature","Crippling Poison"],"campfire_rested":0,"item_purchase_floors":[2,2,2,12,12],"current_hp_per_floor":[53,53,50,70,69,69,62,62,62,62,62,62,44,44,44,36,62,60,44,44,41,34,34,0,0],"gold":189,"neow_bonus":"TWO_FIFTY_GOLD","is_daily":false,"chose_seed":false,"campfire_upgraded":4,"win_rate":0.0,"timestamp":1613799972,"path_taken":["M","$","M","?","M","R","M","M","T","M","R","$","E","M","R","BOSS","M","?","?","M","M","R","E"],"items_purchased_type":["Relic","Card","Card","Card","Card"],"build_version":"2020-12-22","purchased_purges":1,"victory":false,"max_hp_per_floor":[70,70,70,70,70,70,70,70,70,70,70,70,70,70,70,70,70,70,70,49,49,49,49,49,49],"card_choices":[{"not_picked":["Sucker Punch","Backflip"],"picked":"PiercingWail","floor":1},{"not_picked":["Dagger Throw","Bouncing Flask"],"picked":"Leg Sweep","floor":3},{"not_picked":["Deflect","Acrobatics"],"picked":"Dagger Throw","floor":5},{"not_picked":["PiercingWail","Backflip"],"picked":"Quick Slash","floor":7},{"not_picked":["Slice","Outmaneuver","Expertise"],"picked":"SKIP","floor":8},{"not_picked":["Bane","Caltrops"],"picked":"Phantasmal Killer","floor":10},{"not_picked":["Crippling Poison","Well Laid Plans","Underhanded Strike"],"picked":"SKIP","floor":13},{"not_picked":["Dagger Spray","Skewer"],"picked":"Backstab","floor":14},{"not_picked":["Bullet Time","Malaise"],"picked":"Wraith Form v2","floor":16},{"not_picked":["PiercingWail+1","Prepared+1"],"picked":"Blade Dance","floor":18},{"not_picked":["Dodge and Roll","Quick Slash"],"picked":"Backflip+1","floor":21},{"not_picked":["Quick Slash","Venomology"],"picked":"Accuracy","floor":22}],"player_experience":963519,"relics_obtained":[{"floor":9,"key":"Bottled Tornado"},{"floor":13,"key":"Pocketwatch"}],"event_choices":[{"damage_healed":23,"gold_gain":0,"player_choice":"Banana","damage_taken":0,"max_hp_gain":0,"max_hp_loss":0,"event_name":"Big Fish","floor":4,"gold_loss":0},{"damage_healed":0,"gold_gain":0,"player_choice":"Obtained Book","damage_taken":16,"max_hp_gain":0,"max_hp_loss":0,"event_name":"Cursed Tome","floor":19,"gold_loss":0},{"damage_healed":0,"gold_gain":0,"player_choice":"Became a vampire","damage_taken":0,"max_hp_gain":0,"max_hp_loss":21,"event_name":"Vampires","floor":20,"gold_loss":0,"cards_obtained":["Bite","Bite","Bite","Bite","Bite"]}],"is_beta":false,"boss_relics":[{"not_picked":["Velvet Choker","Runic Dome"],"picked":"Sozu"}],"items_purged_floors":[2],"is_endless":false,"potions_floor_spawned":[3,8,10,16,21,22],"killed_by":"Book of Stabbing","ascension_level":11}}