{"host":"tlbbab9afexrkdtf","time":1613781862,"event":{"mods":["2.2 Compatiblity","AchievementEnabler","BaseMod","Colored Map","Colored Powertips","Minty Spire (QoL Compilation)","Rare Cards Sparkle","StSLib"],"gold_per_floor":[109,109,284,284,298,298,329,329,329,29,64,88,129,154,154,285,348,364,414,435,435,72,72,72],"floor_reached":23,"language":"ENG","playtime":413,"items_purged":[],"score":315,"play_id":"ea053c48-5f0f-4851-96f4-28209721bab5","local_time":"20210219194422","is_ascension_mode":true,"campfire_choices":[{"floor":6,"key":"RECALL"},{"data":"Flex","floor":8,"key":"SMITH"},{"floor":15,"key":"REST"}],"circlet_count":0,"master_deck":["Strike_R","Strike_R","Strike_R+1","Strike_R","Strike_R+1","Defend_R+1","Defend_R","Defend_R","Defend_R","Bash+1","Flex+1","Injury","Doubt","Pummel","Flex","Infernal Blade","Flex","Demon Form","Anger+1","Feed","Flex","Havoc","Thunderclap+1","Demon Form","Magnetism","Shrug It Off"],"relics":["Burning Blood","NeowsBlessing","Golden Idol","Torii","Blue Candle","Toolbox","Whetstone","Akabeko","White Beast Statue","Tiny House","Tiny Chest"],"acts_visited":["Exordium","TheCity"],"potions_floor_usage":[11,14,16,18,18,20,23],"damage_taken":[{"damage":0,"enemies":"Cultist","floor":1,"turns":1},{"damage":0,"enemies":"Small Slimes","floor":5,"turns":1},{"damage":0,"enemies":"Gremlin Nob","floor":7,"turns":1},{"damage":24,"enemies":"3 Sentries","floor":11,"turns":9},{"damage":1,"enemies":"Jaw Worm","floor":12,"turns":1},{"damage":18,"enemies":"Lagavulin","floor":13,"turns":5},{"damage":9,"enemies":"Blue Slaver","floor":14,"turns":3},{"damage":44,"enemies":"Hexaghost","floor":16,"turns":4},{"damage":34,"enemies":"Chosen","floor":18,"turns":5},{"damage":31,"enemies":"Shell Parasite","floor":20,"turns":3},{"damage":62,"enemies":"Slavers","floor":23,"turns":4}],"seed_played":"9012171243573633302","potions_obtained":[{"floor":1,"key":"FearPotion"},{"floor":11,"key":"SpeedPotion"},{"floor":13,"key":"Strength Potion"},{"floor":14,"key":"BloodPotion"},{"floor":16,"key":"BloodPotion"},{"floor":17,"key":"DuplicationPotion"},{"floor":18,"key":"BloodPotion"},{"floor":20,"key":"SteroidPotion"}],"is_trial":false,"path_per_floor":["M","?","?","?","M","R","E","R","T","$","E","M","E","M","R","B",null,"M","?","M","?","$","E"],"character_chosen":"IRONCLAD","items_purchased":["Toolbox","Whetstone","Tiny Chest","Magnetism","Shrug It Off"],"campfire_rested":1,"item_purchase_floors":[10,10,22,22,22],"current_hp_per_floor":[80,80,80,64,70,70,76,76,76,76,58,63,51,64,80,42,76,82,82,57,57,57,0,0],"gold":72,"neow_bonus":"THREE_ENEMY_KILL","is_daily":false,"chose_seed":false,"campfire_upgraded":1,"win_rate":0.0,"timestamp":1613781862,"path_taken":["M","?","?","?","M","R","E","R","T","?","E","?","E","M","R","BOSS","M","?","?","?","$","E"],"items_purchased_type":["Relic","Relic","Relic","Card","Card"],"build_version":"2020-12-22","purchased_purges":0,"victory":false,"max_hp_per_floor":[80,80,80,80,80,80,80,80,80,80,80,80,80,80,80,80,85,85,85,85,85,85,85,85],"card_choices":[{"not_picked":["Combust","Wild Strike"],"picked":"Flex","floor":1},{"not_picked":["Body Slam","Warcry"],"picked":"Pummel","floor":5},{"not_picked":["Iron Wave","Feel No Pain"],"picked":"Flex","floor":7},{"not_picked":["Cleave","Pommel Strike"],"picked":"Infernal Blade","floor":11},{"not_picked":["Clothesline","Ghostly Armor"],"picked":"Flex","floor":12},{"not_picked":["Feed","Intimidate"],"picked":"Demon Form","floor":13},{"not_picked":["Feel No Pain","Cleave"],"picked":"Anger","floor":14},{"not_picked":["Limit Break","Juggernaut"],"picked":"Feed","floor":16},{"not_picked":["Burning Pact","Pummel"],"picked":"Flex","floor":17},{"not_picked":["Dropkick","Warcry"],"picked":"Havoc","floor":18},{"not_picked":["Anger+1","Flex"],"picked":"Thunderclap+1","floor":20}],"player_experience":347597,"relics_obtained":[{"floor":7,"key":"Torii"},{"floor":9,"key":"Blue Candle"},{"floor":11,"key":"Akabeko"},{"floor":13,"key":"White Beast Statue"}],"event_choices":[{"damage_healed":0,"gold_gain":0,"player_choice":"Take Wound","damage_taken":0,"relics_obtained":["Golden Idol"],"max_hp_gain":0,"max_hp_loss":0,"event_name":"Golden Idol","floor":2,"gold_loss":0,"cards_obtained":["Injury"]},{"damage_healed":0,"gold_gain":175,"player_choice":"AGREE","damage_taken":0,"max_hp_gain":0,"max_hp_loss":0,"event_name":"Liars Game","floor":3,"gold_loss":0,"cards_obtained":["Doubt"]},{"damage_healed":0,"gold_gain":0,"player_choice":"Entered Light","damage_taken":16,"max_hp_gain":0,"max_hp_loss":0,"event_name":"Shining Light","floor":4,"gold_loss":0,"cards_upgraded":["Bash","Defend_R"]},{"damage_healed":0,"gold_gain":100,"player_choice":"Bet on Murderer","damage_taken":0,"max_hp_gain":0,"max_hp_loss":0,"event_name":"The Joust","floor":19,"gold_loss":50},{"damage_healed":0,"gold_gain":0,"player_choice":"Copied","damage_taken":0,"max_hp_gain":0,"max_hp_loss":0,"event_name":"Duplicator","floor":21,"gold_loss":0,"cards_obtained":["Demon Form"]}],"is_beta":false,"boss_relics":[{"not_picked":["Velvet Choker","Runic Dome"],"picked":"Tiny House"}],"items_purged_floors":[],"is_endless":false,"potions_floor_spawned":[1,11,13,14,16,18,20],"killed_by":"Slavers","ascension_level":5}}