{"host":"9rxgn077cyjlend4","time":1613861535,"event":{"mods":["BaseMod","Minty Spire (QoL Compilation)","StSLib"],"gold_per_floor":[112,127,127,137,149,149,8,8,35,35,54,86,96,115,115,193,193,212,31,31,49,49,49],"floor_reached":22,"language":"ENG","playtime":843,"items_purged":[],"score":329,"play_id":"3abb086c-db86-46c6-bc67-8a9d3ca9b049","local_time":"20210220225215","is_ascension_mode":true,"campfire_choices":[{"data":"Footwork","floor":6,"key":"SMITH"},{"data":"Corpse Explosion","floor":8,"key":"SMITH"},{"data":"Dodge and Roll","floor":10,"key":"SMITH"},{"data":"Noxious Fumes","floor":15,"key":"SMITH"}],"circlet_count":0,"master_deck":["AscendersBane","Strike_G","Strike_G","Defend_G","Defend_G","Defend_G","Defend_G","Defend_G","Survivor","Neutralize","Terror","Footwork+1","Dodge and Roll+1","Deflect","Corpse Explosion+1","Noxious Fumes+1","Backflip","Malaise","Dagger Throw","Well Laid Plans","Well Laid Plans","Dagger Spray"],"relics":["Ring of the Snake","NeowsBlessing","Bag of Preparation","Tiny Chest","Velvet Choker","Oddly Smooth Stone"],"acts_visited":["Exordium","TheCity"],"potions_floor_usage":[5,5,5,12,12,16,21],"damage_taken":[{"damage":0,"enemies":"Cultist","floor":1,"turns":1},{"damage":0,"enemies":"2 Louse","floor":2,"turns":1},{"damage":0,"enemies":"Small Slimes","floor":4,"turns":2},{"damage":0,"enemies":"3 Louse","floor":5,"turns":6},{"damage":7,"enemies":"Red Slaver","floor":11,"turns":3},{"damage":16,"enemies":"Gremlin Nob","floor":12,"turns":4},{"damage":0,"enemies":"Exordium Wildlife","floor":13,"turns":3},{"damage":2,"enemies":"Large Slime","floor":14,"turns":8},{"damage":25,"enemies":"The Guardian","floor":16,"turns":9},{"damage":16,"enemies":"3 Byrds","floor":18,"turns":4},{"damage":33,"enemies":"Chosen","floor":21,"turns":7},{"damage":17,"enemies":"Masked Bandits","floor":22,"turns":2}],"seed_played":"4362808023582586540","potions_obtained":[{"floor":1,"key":"EntropicBrew"},{"floor":4,"key":"FearPotion"},{"floor":11,"key":"CultistPotion"},{"floor":12,"key":"ColorlessPotion"},{"floor":13,"key":"Strength Potion"},{"floor":18,"key":"Regen Potion"},{"floor":21,"key":"EntropicBrew"}],"is_trial":false,"path_per_floor":["M","M","?","M","M","R","$","R","T","R","M","E","M","M","R","B",null,"M","$","?","M","?"],"character_chosen":"THE_SILENT","items_purchased":["Corpse Explosion","Oddly Smooth Stone","Well Laid Plans"],"campfire_rested":0,"item_purchase_floors":[7,19,19],"current_hp_per_floor":[59,59,59,59,59,59,59,59,59,59,52,36,36,34,34,9,52,36,36,36,17,0,0],"gold":49,"neow_bonus":"THREE_ENEMY_KILL","is_daily":false,"chose_seed":false,"campfire_upgraded":4,"win_rate":0.0,"timestamp":1613861535,"path_taken":["M","?","?","M","?","R","?","R","T","R","M","E","M","M","R","BOSS","M","$","?","M","?"],"items_purchased_type":["Card","Relic","Card"],"build_version":"2020-12-22","purchased_purges":0,"victory":false,"max_hp_per_floor":[66,66,66,66,66,66,66,66,66,66,66,66,66,66,66,66,66,66,66,66,66,66,66],"card_choices":[{"not_picked":["Dagger Throw","Concentrate"],"picked":"Terror","floor":1},{"not_picked":["Poisoned Stab","Sucker Punch"],"picked":"Footwork","floor":2},{"not_picked":["Expertise","Choke"],"picked":"Dodge and Roll","floor":4},{"not_picked":["Cloak And Dagger","Slice"],"picked":"Deflect","floor":5},{"not_picked":["Underhanded Strike","Heel Hook"],"picked":"Noxious Fumes","floor":11},{"not_picked":["Infinite Blades","Bane"],"picked":"Backflip","floor":12},{"not_picked":["Flying Knee","Quick Slash","Prepared"],"picked":"SKIP","floor":13},{"not_picked":["Accuracy","Underhanded Strike","Finisher"],"picked":"SKIP","floor":14},{"not_picked":["Burst","Storm of Steel"],"picked":"Malaise","floor":16},{"not_picked":["Riddle With Holes","Cloak And Dagger"],"picked":"Dagger Throw","floor":18},{"not_picked":["Slice","Outmaneuver","Dagger Throw"],"picked":"SKIP","floor":21}],"player_experience":684125,"relics_obtained":[{"floor":9,"key":"Bag of Preparation"},{"floor":12,"key":"Tiny Chest"}],"event_choices":[{"cards_removed":["Strike_G"],"damage_healed":0,"gold_gain":0,"player_choice":"Offered Basic","damage_taken":0,"max_hp_gain":0,"max_hp_loss":0,"event_name":"Bonfire Elementals","floor":3,"gold_loss":0},{"damage_healed":0,"gold_gain":0,"cards_transformed":["Strike_G","Strike_G"],"player_choice":"Became Test Subject","damage_taken":0,"max_hp_gain":0,"max_hp_loss":0,"event_name":"Drug Dealer","floor":20,"gold_loss":0,"cards_obtained":["Well Laid Plans","Dagger Spray"]},{"damage_healed":0,"gold_gain":0,"player_choice":"Fought Bandits","damage_taken":0,"max_hp_gain":0,"max_hp_loss":0,"event_name":"Masked Bandits","floor":22,"gold_loss":0}],"is_beta":false,"boss_relics":[{"not_picked":["Ring of the Serpent","Astrolabe"],"picked":"Velvet Choker"}],"items_purged_floors":[],"is_endless":false,"potions_floor_spawned":[1,4,11,12,13,18,21],"killed_by":"Masked Bandits","ascension_level":15}}