{"host":"8injpn8qs0kr8sd6","time":1613821078,"event":{"mods":["Act Like it!","BaseMod","Downfall","KinomotoSakuraMod(木之本樱)","Marisa（F雨　魔理沙）","Minty Spire (QoL Compilation)","Quick Restart","Reimu（博丽灵梦）","StSLib","【遗物卡牌】REMEMod"],"gold_per_floor":[110,122,132,132,148,181,181,206,233,233,246,246,39,54,54,51,51,51],"floor_reached":16,"language":"ZHS","playtime":698,"items_purged":["Poor:ReiMu"],"score":137,"play_id":"7013b499-f122-4e32-b266-74a5ebd69f3f","local_time":"20210220193758","is_ascension_mode":false,"campfire_choices":[{"data":"sneckomod:DiceBoulder","floor":7.0,"key":"SMITH"},{"data":"sneckomod:DiceBoulder+1","floor":15,"key":"SMITH"}],"circlet_count":0,"master_deck":["sneckomod:Defend","sneckomod:Defend","sneckomod:Defend","sneckomod:TailWhip","sneckomod:SnekBite","sneckomod:Unknown","REME_Shoggoth","sneckomod:RainOfDice","sneckomod:Cheat","sneckomod:SoulDraw","sneckomod:DiceCrush","sneckomod:DiceBoulder+2","sneckomod:SoulRoll","sneckomod:Nope","champ:EnchantCrown","sneckomod:UnknownClassMARISA_COLOR","sneckomod:UnknownExhaust"],"relics":["sneckomod:SneckoSoul","REME_ComplimentaryCards","Strawberry","Smiling Mask","Tiny Chest","YidongShenshe:ReiMu","REME_CardOfGreed"],"acts_visited":["Exordium"],"potions_floor_usage":[8,8,8,16],"damage_taken":[{"damage":8.0,"enemies":"Jaw Worm","floor":1.0,"turns":2.0},{"damage":0.0,"enemies":"Cultist","floor":2.0,"turns":2.0},{"damage":9.0,"enemies":"Small Slimes","floor":3.0,"turns":3.0},{"damage":5.0,"enemies":"3 Louse","floor":5.0,"turns":2.0},{"damage":40.0,"enemies":"3 Sentries","floor":6.0,"turns":9.0},{"damage":0,"enemies":"Gremlin Nob","floor":8,"turns":3},{"damage":7,"enemies":"Looter","floor":11,"turns":2},{"damage":0,"enemies":"Lots of Slimes","floor":14,"turns":2},{"damage":1,"enemies":"The Guardian","floor":16,"turns":2}],"seed_played":"1047754027390237140","potions_obtained":[{"floor":2.0,"key":"Weak Potion"},{"floor":3.0,"key":"Energy Potion"},{"floor":6.0,"key":"Block Potion"},{"floor":8,"key":"REME_GoldPotion"},{"floor":14,"key":"Strength Potion"}],"is_trial":false,"path_per_floor":["M","M","M","?","M","E","R","E","T","R","M","?","$","M","R","B"],"character_chosen":"THE_SNECKO","items_purchased":["REME_CardOfGreed"],"campfire_rested":0,"item_purchase_floors":[13],"current_hp_per_floor":[55,55,46,46,41,8,8,8,8,8,1,1,1,1,1,0,0,0],"gold":51,"neow_bonus":"TRANSFORM_TWO_CARDS","is_daily":false,"chose_seed":false,"campfire_upgraded":2,"win_rate":0.0,"timestamp":1613821078,"path_taken":["M","M","M","?","?","E","R","E","T","R","M","?","$","M","R","BOSS"],"items_purchased_type":["Relic"],"build_version":"2020-12-22","purchased_purges":1,"victory":false,"max_hp_per_floor":[90,90,90,90,90,97,97,97,97,97,97,97,97,97,97,97,97,97],"card_choices":[{"not_picked":["sneckomod:WideSting","sneckomod:SlitherStrike","sneckomod:SoulRoll"],"picked":"SKIP","floor":1.0},{"not_picked":["sneckomod:UnknownBlock","sneckomod:DiceBlock"],"picked":"sneckomod:SoulDraw","floor":2.0},{"not_picked":["sneckomod:Unknown1Cost","sneckomod:QuickBite"],"picked":"sneckomod:DiceCrush","floor":3.0},{"not_picked":["sneckomod:UnknownBlock","sneckomod:UnknownDraw"],"picked":"sneckomod:DiceBoulder","floor":5.0},{"not_picked":["sneckomod:UnknownClassSLIMEBOUND","sneckomod:DefensiveFlair"],"picked":"sneckomod:SoulRoll","floor":6.0},{"not_picked":["sneckomod:SoulDraw","sneckomod:UnknownUncommonPower"],"picked":"sneckomod:Nope","floor":8},{"not_picked":["sneckomod:UnknownClassSLIMEBOUND","sneckomod:IronFang"],"picked":"sneckomod:UnknownClassMARISA_COLOR","floor":11},{"not_picked":["sneckomod:UnknownUncommonSkill","sneckomod:DiceBoulder"],"picked":"sneckomod:UnknownExhaust","floor":14}],"player_experience":537311,"relics_obtained":[{"floor":6.0,"key":"Strawberry"},{"floor":8,"key":"Smiling Mask"},{"floor":9,"key":"Tiny Chest"}],"event_choices":[{"cards_removed":["sneckomod:Strike"],"damage_healed":0.0,"max_hp_gain":0.0,"max_hp_loss":0.0,"gold_gain":0.0,"event_name":"Purifier","player_choice":"Purged","floor":4.0,"gold_loss":0.0,"damage_taken":0.0},{"damage_healed":0,"gold_gain":0,"player_choice":"带走神社","damage_taken":0,"relics_obtained":["YidongShenshe:ReiMu"],"max_hp_gain":0,"max_hp_loss":0,"event_name":"yidonshenshe","floor":12,"gold_loss":0,"cards_obtained":["Poor:ReiMu"]}],"is_beta":false,"boss_relics":[],"items_purged_floors":[13],"is_endless":false,"potions_floor_spawned":[2,3,6,8,14],"killed_by":"The Guardian","ascension_level":0}}