{"host":"3c8x8j1h2jyrixpf","time":1613856348,"event":{"mods":["BaseMod","Colored Powertips","Highlight Path","Minty Spire (QoL Compilation)","StSLib"],"gold_per_floor":[163,163,163,183,9,9,25,25,25,25,53,76,88,88],"floor_reached":13,"language":"ENG","playtime":283,"items_purged":[],"score":137,"play_id":"663c8c9e-b57d-49b0-ad6c-6837be9fc843","local_time":"20210220152548","is_ascension_mode":true,"campfire_choices":[{"data":"Consecrate","floor":6,"key":"SMITH"},{"data":"JustLucky","floor":8,"key":"SMITH"}],"circlet_count":0,"master_deck":["AscendersBane","Strike_P","Strike_P","Strike_P+1","Strike_P","Defend_P","Defend_P","Defend_P","Defend_P","Eruption","Vigilance","Prostrate","JustLucky+1","JustLucky+1","Consecrate+1","Weave","WheelKick","SandsOfTime"],"relics":["Tiny House","Membership Card","Singing Bowl","MawBank"],"acts_visited":["Exordium"],"potions_floor_usage":[13,13],"damage_taken":[{"damage":0,"enemies":"Small Slimes","floor":1,"turns":4},{"damage":0,"enemies":"2 Louse","floor":4,"turns":4},{"damage":0,"enemies":"Cultist","floor":7,"turns":4},{"damage":32,"enemies":"Gremlin Nob","floor":11,"turns":3},{"damage":0,"enemies":"Large Slime","floor":12,"turns":2},{"damage":44,"enemies":"Lagavulin","floor":13,"turns":4}],"seed_played":"4370670910451167192","potions_obtained":[{"floor":0,"key":"SpeedPotion"},{"floor":1,"key":"SpeedPotion"},{"floor":11,"key":"Energy Potion"}],"is_trial":false,"path_per_floor":["M","?","?","M","$","R","M","R","T","$","E","M","E"],"character_chosen":"WATCHER","items_purchased":["Consecrate","Membership Card"],"campfire_rested":0,"item_purchase_floors":[5,5],"current_hp_per_floor":[70,70,70,70,70,70,70,70,70,70,38,38,0,0],"gold":88,"neow_bonus":"BOSS_RELIC","is_daily":false,"chose_seed":false,"campfire_upgraded":2,"win_rate":0.0,"timestamp":1613856348,"path_taken":["M","?","?","M","$","R","M","R","T","$","E","?","E"],"items_purchased_type":["Card","Relic"],"build_version":"2020-12-22","purchased_purges":0,"victory":false,"max_hp_per_floor":[77,77,77,77,77,77,77,77,77,77,77,77,77,77],"card_choices":[{"not_picked":["WindmillStrike","Protect"],"picked":"Prostrate","floor":0},{"not_picked":["LikeWater","Study"],"picked":"JustLucky","floor":1},{"not_picked":["Crescendo","WreathOfFlame"],"picked":"JustLucky","floor":4},{"not_picked":["Pray","BowlingBash"],"picked":"Weave","floor":7},{"not_picked":["Collect","CarveReality"],"picked":"WheelKick","floor":11},{"not_picked":["Halt","FollowUp"],"picked":"SandsOfTime","floor":12}],"player_experience":285267,"relics_obtained":[{"floor":9,"key":"Singing Bowl"},{"floor":11,"key":"MawBank"}],"event_choices":[{"damage_healed":0,"gold_gain":0,"player_choice":"Ignored","damage_taken":0,"max_hp_gain":0,"max_hp_loss":0,"event_name":"Liars Game","floor":2,"gold_loss":0},{"damage_healed":0,"gold_gain":0,"player_choice":"Upgraded","damage_taken":0,"max_hp_gain":0,"max_hp_loss":0,"event_name":"Upgrade Shrine","floor":3,"gold_loss":0,"cards_upgraded":["JustLucky"]}],"is_beta":false,"boss_relics":[],"items_purged_floors":[],"is_endless":false,"potions_floor_spawned":[1,11],"killed_by":"Lagavulin","ascension_level":13}}