{"host":"bq4pt811tk9yrmjl","time":1613839077,"event":{"mods":["AchievementEnabler","BaseMod","Colored Map","Colored Powertips","Defuse TimeMaze Blight","Minty Spire (QoL Compilation)","Smile Girya","StSLib","SuperFastMode"],"gold_per_floor":[112,124,5,22,22,22,22,22,68,78,78,103,118,138,138,235,235,222,66,66,66,66],"floor_reached":21,"language":"ENG","playtime":327,"items_purged":[],"score":188,"play_id":"e1a758f8-b493-4b73-a0e3-397effa82b1d","local_time":"20210220143757","is_ascension_mode":true,"campfire_choices":[{"data":"Noxious Fumes","floor":6.0,"key":"SMITH"},{"data":"Neutralize","floor":11.0,"key":"SMITH"},{"data":"Envenom","floor":15,"key":"SMITH"}],"circlet_count":0,"master_deck":["Strike_G","Strike_G","Strike_G","Strike_G","Strike_G","Defend_G","Defend_G","Defend_G","Defend_G","Defend_G","Survivor","Neutralize+1","Noxious Fumes+1","Accuracy","Cloak And Dagger","Envenom+1"],"relics":["Ring of the Snake","NeowsBlessing","Vajra","Eternal Feather","Black Star","Happy Flower","Nunchaku"],"acts_visited":["Exordium","TheCity"],"potions_floor_usage":[12,12,16],"damage_taken":[{"damage":0.0,"enemies":"Cultist","floor":1.0,"turns":1.0},{"damage":0.0,"enemies":"2 Louse","floor":2.0,"turns":1.0},{"damage":0.0,"enemies":"Jaw Worm","floor":4.0,"turns":1.0},{"damage":2.0,"enemies":"Gremlin Gang","floor":10.0,"turns":6.0},{"damage":9,"enemies":"3 Sentries","floor":12,"turns":6},{"damage":10,"enemies":"Looter","floor":13,"turns":4},{"damage":11,"enemies":"Large Slime","floor":14,"turns":6},{"damage":20,"enemies":"The Guardian","floor":16,"turns":10},{"damage":15,"enemies":"2 Thieves","floor":18,"turns":4},{"damage":0,"enemies":"Spheric Guardian","floor":21,"turns":2}],"seed_played":"-6245741140994376947","potions_obtained":[{"floor":2.0,"key":"BlessingOfTheForge"},{"floor":10.0,"key":"SkillPotion"},{"floor":14,"key":"PowerPotion"},{"floor":16,"key":"Strength Potion"},{"floor":18,"key":"SmokeBomb"}],"is_trial":false,"path_per_floor":["M","M","$","M","$","R","?","T","T","M","R","E","M","M","R","B",null,"M","$","?","M"],"character_chosen":"THE_SILENT","items_purchased":["Accuracy","Cloak And Dagger","Happy Flower"],"campfire_rested":0,"item_purchase_floors":[3,3,19],"current_hp_per_floor":[70,70,70,70,70,70,70,70,70,68,68,59,49,38,47,27,70,55,55,55,55,55],"gold":66,"neow_bonus":"THREE_ENEMY_KILL","is_daily":false,"chose_seed":false,"campfire_upgraded":3,"win_rate":0.0,"timestamp":1613839077,"path_taken":["M","M","$","?","?","R","?","?","T","?","R","E","M","M","R","BOSS","M","$","?","M"],"items_purchased_type":["Card","Card","Relic"],"build_version":"2020-12-22","purchased_purges":0,"victory":false,"max_hp_per_floor":[70,70,70,70,70,70,70,70,70,70,70,70,70,70,70,70,70,70,70,70,70,70],"card_choices":[{"not_picked":["Acrobatics","Blade Dance"],"picked":"Noxious Fumes","floor":1.0},{"not_picked":["Outmaneuver","Underhanded Strike","Footwork"],"picked":"SKIP","floor":2.0},{"not_picked":["Dodge and Roll","Underhanded Strike","Cloak And Dagger"],"picked":"SKIP","floor":4.0},{"not_picked":["Backflip","Footwork","Deadly Poison"],"picked":"SKIP","floor":10.0},{"not_picked":["Dodge and Roll","Prepared"],"picked":"Envenom","floor":12},{"not_picked":["Quick Slash","Underhanded Strike","Dodge and Roll"],"picked":"SKIP","floor":13},{"not_picked":["Outmaneuver","Underhanded Strike","Flechettes"],"picked":"SKIP","floor":14},{"not_picked":["Dagger Throw+1","Sucker Punch","Terror"],"picked":"SKIP","floor":18}],"player_experience":282840,"relics_obtained":[{"floor":9.0,"key":"Vajra"},{"floor":12,"key":"Eternal Feather"}],"event_choices":[{"damage_healed":0.0,"max_hp_gain":0.0,"max_hp_loss":0.0,"gold_gain":0.0,"event_name":"Liars Game","player_choice":"Ignored","floor":7.0,"gold_loss":0.0,"damage_taken":0.0},{"damage_healed":0,"gold_gain":0,"player_choice":"Opened","damage_taken":0,"relics_obtained":["Nunchaku"],"max_hp_gain":0,"max_hp_loss":0,"event_name":"The Mausoleum","floor":20,"gold_loss":0}],"is_beta":false,"boss_relics":[{"not_picked":["Velvet Choker","Runic Pyramid"],"picked":"Black Star"}],"items_purged_floors":[],"is_endless":false,"potions_floor_spawned":[2,10,14,16,18],"killed_by":"Spheric Guardian","ascension_level":1}}