{"host":"u2qrfxkm3wve0vp3","time":1613838106,"event":{"mods":["AchievementEnabler","BaseMod","Downfall","Minty Spire (QoL Compilation)","Quick Restart","Shop Mod","StSLib","The Cursed","The Marked"],"gold_per_floor":[118,118,3,3,3,3,336,336,336,369,387,238,238,266,266,266,266],"floor_reached":16,"language":"ZHS","playtime":313,"items_purged":["theMarked:Strike","theMarked:Defend"],"score":162,"play_id":"1fd219eb-ab5b-4f9c-83ec-bccd92344511","local_time":"20210221002146","is_ascension_mode":true,"campfire_choices":[{"data":"theMarked:SoldierOfQuellstein","floor":6,"key":"SMITH"},{"floor":8,"key":"RECALL"},{"data":"theMarked:Indomitable","floor":13,"key":"SMITH"},{"data":"theMarked:EmpowerWeapon","floor":15,"key":"SMITH"}],"circlet_count":0,"master_deck":["theMarked:Strike","theMarked:Strike","theMarked:Strike","theMarked:Strike","theMarked:Defend","theMarked:Defend+1","theMarked:SoldierOfQuellstein+1","theMarked:GodGivenPower+1","theMarked:Opportunist","theMarked:Indomitable+1","theMarked:EmpowerWeapon+1"],"relics":["theMarked:ArtifactOfAir","NeowsBlessing","Golden Idol","Old Coin","Matryoshka","Turnip","Odd Mushroom"],"acts_visited":["Exordium"],"potions_floor_usage":[14],"damage_taken":[{"damage":0,"enemies":"Small Slimes","floor":1,"turns":1},{"damage":0,"enemies":"Lagavulin","floor":7,"turns":1},{"damage":0,"enemies":"3 Sentries","floor":10,"turns":2},{"damage":1,"enemies":"2 Louse","floor":11,"turns":2},{"damage":18,"enemies":"The Mushroom Lair","floor":14,"turns":3},{"damage":35,"enemies":"The Guardian","floor":16,"turns":8}],"seed_played":"-7484724978926865146","potions_obtained":[{"floor":7,"key":"AttackPotion"},{"floor":10,"key":"Ancient Potion"}],"is_trial":false,"path_per_floor":["M","?","$","?","?","R","E","R","T","E","M","$","R","?","R","B"],"character_chosen":"THE_DEFAULT","items_purchased":["theMarked:GodGivenPower","theMarked:EmpowerWeapon"],"campfire_rested":0,"item_purchase_floors":[3,12],"current_hp_per_floor":[72,65,65,65,52,52,52,52,52,52,51,51,51,33,33,0,0],"gold":266,"neow_bonus":"THREE_ENEMY_KILL","is_daily":false,"chose_seed":false,"campfire_upgraded":3,"win_rate":0.0,"timestamp":1613838106,"path_taken":["M","?","$","?","?","R","E","R","T","E","M","$","R","?","R","BOSS"],"items_purchased_type":["Card","Card"],"build_version":"2020-12-22","purchased_purges":2,"victory":false,"max_hp_per_floor":[72,72,72,67,67,67,67,67,67,67,67,67,67,67,67,67,67],"card_choices":[{"not_picked":["theMarked:BanishingStrike","theMarked:TwofoldDefense","theMarked:ContemptForTheProud"],"picked":"SKIP","floor":1},{"not_picked":["theMarked:StartUp","theMarked:CreepingChasm"],"picked":"theMarked:Opportunist","floor":7},{"not_picked":["theMarked:TakeCover","theMarked:KeepCalmAndFight"],"picked":"theMarked:Indomitable","floor":10},{"not_picked":["theMarked:TunnelVision","theMarked:BanishingStrike","theMarked:TakeCover"],"picked":"SKIP","floor":11}],"player_experience":332338,"relics_obtained":[{"floor":7,"key":"Old Coin"},{"floor":9,"key":"Matryoshka"},{"floor":10,"key":"Turnip"},{"floor":14,"key":"Odd Mushroom"}],"event_choices":[{"cards_removed":["theMarked:Defend"],"damage_healed":0,"gold_gain":0,"player_choice":"Card Removal","damage_taken":7,"max_hp_gain":0,"max_hp_loss":0,"event_name":"Golden Wing","floor":2,"gold_loss":0},{"damage_healed":0,"gold_gain":0,"player_choice":"Lose Max HP","damage_taken":0,"relics_obtained":["Golden Idol"],"max_hp_gain":0,"max_hp_loss":5,"event_name":"Golden Idol","floor":4,"gold_loss":0},{"damage_healed":0,"gold_gain":0,"player_choice":"Entered Light","damage_taken":13,"max_hp_gain":0,"max_hp_loss":0,"event_name":"Shining Light","floor":5,"gold_loss":0,"cards_upgraded":["theMarked:Defend","theMarked:GodGivenPower"]},{"damage_healed":0,"gold_gain":0,"player_choice":"Fought Mushrooms","damage_taken":0,"max_hp_gain":0,"max_hp_loss":0,"event_name":"Mushrooms","floor":14,"gold_loss":0}],"is_beta":false,"boss_relics":[],"items_purged_floors":[3,12],"is_endless":false,"potions_floor_spawned":[7,10],"killed_by":"The Guardian","ascension_level":1}}