{"host":"r6jigiblrojhp6xe","time":1613823805,"event":{"mods":["AchievementEnabler","BaseMod","DeckTracker","Hermit","Minty Spire (QoL Compilation)","Quick Restart","Rare Cards Sparkle","Relic Stats","StSLib","SuperFastMode","everything is the same but u backflip on backflip"],"gold_per_floor":[119,133,133,147,147,147,178,195,218,232,232,249,14,27,27,101,101,115,131,148,148,198,228,228,228,297,317,327,344,344,344],"floor_reached":30,"language":"KOR","playtime":727,"items_purged":["Defend_P"],"score":512,"play_id":"d3523c53-c8ae-4da6-b887-7684774a84f3","local_time":"20210220212325","is_ascension_mode":true,"campfire_choices":[{"data":"Eruption","floor":6.0,"key":"SMITH"},{"data":"EmptyFist","floor":11.0,"key":"SMITH"},{"data":"CrushJoints","floor":15.0,"key":"SMITH"},{"data":"Ghostly","floor":25.0,"key":"SMITH"}],"circlet_count":0,"master_deck":["AscendersBane","Strike_P","Strike_P","Strike_P","Strike_P","Defend_P","Defend_P","Defend_P","Eruption+1","Vigilance","CrushJoints+1","EmptyFist+1","EmptyMind","DeusExMachina","CarveReality","FlurryOfBlows","Ghostly+1","Ghostly","Ghostly","InnerPeace","Adaptation"],"relics":["PureWater","NeowsBlessing","Gremlin Horn","Bird Faced Urn","Centennial Puzzle","Lee\u0027s Waffle","SacredBark","Ice Cream","Letter Opener"],"acts_visited":["Exordium","TheCity"],"potions_floor_usage":[],"damage_taken":[{"damage":0.0,"enemies":"Small Slimes","floor":1.0,"turns":2.0},{"damage":0.0,"enemies":"Cultist","floor":2.0,"turns":1.0},{"damage":0.0,"enemies":"2 Louse","floor":4.0,"turns":1.0},{"damage":37.0,"enemies":"Lagavulin","floor":7.0,"turns":7.0},{"damage":0.0,"enemies":"Large Slime","floor":8.0,"turns":2.0},{"damage":1.0,"enemies":"3 Louse","floor":10.0,"turns":3.0},{"damage":18.0,"enemies":"Exordium Wildlife","floor":12.0,"turns":2.0},{"damage":0.0,"enemies":"2 Fungi Beasts","floor":14.0,"turns":2.0},{"damage":17.0,"enemies":"The Guardian","floor":16.0,"turns":13.0},{"damage":12.0,"enemies":"2 Thieves","floor":18.0,"turns":2.0},{"damage":6.0,"enemies":"Spheric Guardian","floor":19.0,"turns":3.0},{"damage":26.0,"enemies":"Snecko","floor":20.0,"turns":3.0},{"damage":3.0,"enemies":"Book of Stabbing","floor":23.0,"turns":5.0},{"damage":2,"enemies":"Centurion and Healer","floor":27,"turns":4},{"damage":10,"enemies":"Shelled Parasite and Fungi","floor":28,"turns":5},{"damage":63,"enemies":"Snecko","floor":29,"turns":6},{"damage":0,"enemies":"Gremlin Leader","floor":30,"turns":2}],"seed_played":"405479979428127441","potions_obtained":[{"floor":1.0,"key":"ColorlessPotion"},{"floor":3.0,"key":"FairyPotion"},{"floor":3.0,"key":"Explosive Potion"},{"floor":7.0,"key":"Energy Potion"},{"floor":14.0,"key":"SkillPotion"},{"floor":19.0,"key":"Fire Potion"},{"floor":23.0,"key":"EssenceOfSteel"},{"floor":29,"key":"ColorlessPotion"}],"is_trial":false,"path_per_floor":["M","M","?","M","T","R","E","M","T","M","R","M","$","M","R","B",null,"M","M","M","?","?","E","?","R","T","M","M","M","E"],"character_chosen":"WATCHER","items_purchased":["Lee\u0027s Waffle"],"campfire_rested":0,"item_purchase_floors":[13],"current_hp_per_floor":[61,61,61,61,61,61,24,24,24,23,23,5,75,75,75,58,71,59,53,27,27,27,24,24,24,24,22,12,22,22,22],"gold":344,"neow_bonus":"THREE_ENEMY_KILL","is_daily":false,"chose_seed":false,"campfire_upgraded":4,"win_rate":0.0,"timestamp":1613823805,"path_taken":["M","M","?","?","?","R","E","M","T","M","R","M","$","M","R","BOSS","M","M","M","?","?","E","?","R","T","M","M","M","E"],"items_purchased_type":["Relic"],"build_version":"2020-12-22","purchased_purges":1,"victory":false,"max_hp_per_floor":[68,68,68,68,68,68,68,68,68,68,68,68,75,75,75,75,75,75,75,75,37,37,37,37,37,37,37,37,37,37,37],"relic_stats":{"Centennial Puzzle":[32],"Lee\u0027s Waffle":70,"Gremlin Horn":[8,8],"counters":[17,63],"Bird Faced Urn":[2],"Letter Opener":[25],"obtain_stats":[{"Ice Cream":23,"Centennial Puzzle":9,"Lee\u0027s Waffle":13,"NeowsBlessing":0,"Gremlin Horn":5,"Bird Faced Urn":7,"SacredBark":17,"Letter Opener":26,"PureWater":0},{"Ice Cream":13,"Centennial Puzzle":5,"Lee\u0027s Waffle":7,"NeowsBlessing":0,"Gremlin Horn":3,"Bird Faced Urn":4,"SacredBark":9,"Letter Opener":13,"PureWater":0},{"Ice Cream":46,"Centennial Puzzle":13,"Lee\u0027s Waffle":18,"NeowsBlessing":0,"Gremlin Horn":4,"Bird Faced Urn":11,"SacredBark":33,"Letter Opener":46,"PureWater":0}]},"card_choices":[{"not_picked":["Wireheading","Halt","FollowUp"],"picked":"SKIP","floor":1.0},{"not_picked":["CutThroughFate","ThirdEye"],"picked":"CrushJoints","floor":2.0},{"not_picked":["WindmillStrike","FollowUp","ForeignInfluence"],"picked":"SKIP","floor":4.0},{"not_picked":["ReachHeaven","Study"],"picked":"EmptyFist","floor":7.0},{"not_picked":["Consecrate","DeceiveReality","ConjureBlade"],"picked":"SKIP","floor":8.0},{"not_picked":["JustLucky","ThirdEye","Study"],"picked":"SKIP","floor":10.0},{"not_picked":["EmptyBody","Prostrate"],"picked":"EmptyMind","floor":12.0},{"not_picked":["CrushJoints","FollowUp","Fasting2"],"picked":"SKIP","floor":14.0},{"not_picked":["DevaForm","Judgement"],"picked":"DeusExMachina","floor":16.0},{"not_picked":["Halt","Meditate"],"picked":"CarveReality","floor":18.0},{"not_picked":["BattleHymn","WindmillStrike"],"picked":"FlurryOfBlows","floor":19.0},{"not_picked":["FollowUp","CutThroughFate","Halt"],"picked":"SKIP","floor":20.0},{"not_picked":["FollowUp","BowlingBash"],"picked":"InnerPeace","floor":23.0},{"not_picked":["EmptyMind","SashWhip+1","SignatureMove"],"picked":"SKIP","floor":27},{"not_picked":["CutThroughFate","CarveReality"],"picked":"Adaptation","floor":28},{"not_picked":["Study","Sanctity","FollowUp"],"picked":"SKIP","floor":29}],"player_experience":615327,"relics_obtained":[{"floor":5.0,"key":"Gremlin Horn"},{"floor":7.0,"key":"Bird Faced Urn"},{"floor":9.0,"key":"Centennial Puzzle"},{"floor":23.0,"key":"Ice Cream"},{"floor":26.0,"key":"Letter Opener"}],"event_choices":[{"damage_healed":0.0,"max_hp_gain":0.0,"max_hp_loss":0.0,"gold_gain":0.0,"event_name":"Lab","player_choice":"Got Potions","floor":3.0,"gold_loss":0.0,"damage_taken":0.0},{"damage_healed":0.0,"max_hp_gain":0.0,"max_hp_loss":38.0,"gold_gain":0.0,"event_name":"Ghosts","player_choice":"Became a Ghost","floor":21.0,"gold_loss":0.0,"damage_taken":0.0,"cards_obtained":["Ghostly","Ghostly","Ghostly"]},{"damage_healed":0.0,"max_hp_gain":0.0,"max_hp_loss":0.0,"gold_gain":50.0,"event_name":"Nest","player_choice":"Stole From Cult","floor":22.0,"gold_loss":0.0,"damage_taken":0.0},{"damage_healed":0.0,"max_hp_gain":0.0,"max_hp_loss":0.0,"gold_gain":0.0,"event_name":"Vampires","player_choice":"Ignored","floor":24.0,"gold_loss":0.0,"damage_taken":0.0}],"is_beta":false,"boss_relics":[{"not_picked":["Runic Dome","Tiny House"],"picked":"SacredBark"}],"items_purged_floors":[13],"is_endless":false,"potions_floor_spawned":[1,7,14,19,23,29],"killed_by":"Gremlin Leader","ascension_level":20}}