{"host":"dkr0dog13pegamnp","time":1613835772,"event":{"mods":["AchievementEnabler","BaseMod","Minty Spire (QoL Compilation)","Rare Cards Sparkle","StSLib","SuperFastMode","everything is the same but u backflip on backflip"],"gold_per_floor":[114,189,205,16,30,30,57,77,102,128,158,170,132,144,156,271,283,306,337,349,349],"floor_reached":20,"language":"KOR","playtime":454,"items_purged":[],"score":273,"play_id":"3fb19460-7435-4b62-97f2-62d9b4bb99ef","local_time":"20210221004252","is_ascension_mode":true,"campfire_choices":[{"data":"Backstab","floor":6,"key":"SMITH"},{"floor":12,"key":"REST"},{"data":"Noxious Fumes","floor":15,"key":"SMITH"}],"circlet_count":0,"master_deck":["AscendersBane","Strike_G","Strike_G","Strike_G","Strike_G","Defend_G","Defend_G","Defend_G","Defend_G","Defend_G","Survivor","Neutralize","Escape Plan","Backstab+1","Backflip","Dagger Spray","Noxious Fumes+1","PiercingWail","Deadly Poison","Bullet Time","Acrobatics","Backflip+1"],"relics":["Ring of the Snake","NeowsBlessing","Snake Skull","Bronze Scales","MawBank","Black Star"],"acts_visited":["Exordium","TheCity"],"potions_floor_usage":[7,7],"damage_taken":[{"damage":0.0,"enemies":"2 Louse","floor":1.0,"turns":1.0},{"damage":0,"enemies":"Cultist","floor":3,"turns":1},{"damage":0,"enemies":"Small Slimes","floor":5,"turns":1},{"damage":46,"enemies":"Lagavulin","floor":7,"turns":12},{"damage":5,"enemies":"Blue Slaver","floor":8,"turns":4},{"damage":0,"enemies":"3 Louse","floor":10,"turns":3},{"damage":1,"enemies":"Looter","floor":11,"turns":4},{"damage":17,"enemies":"Hexaghost","floor":16,"turns":8},{"damage":15,"enemies":"2 Thieves","floor":18,"turns":4},{"damage":37,"enemies":"Shell Parasite","floor":19,"turns":5},{"damage":8,"enemies":"Snake Plant","floor":20,"turns":1}],"seed_played":"-709924336740558167","potions_obtained":[{"floor":1.0,"key":"LiquidMemories"},{"floor":3,"key":"EssenceOfSteel"}],"is_trial":false,"path_per_floor":["M","?","M","$","M","R","E","M","T","M","M","R","?","$","R","B",null,"M","M","M"],"character_chosen":"THE_SILENT","items_purchased":["Snake Skull","Backflip"],"campfire_rested":1,"item_purchase_floors":[4,4],"current_hp_per_floor":[63,56,56,56,56,56,10,5,5,5,4,25,25,25,25,8,55,40,3,0,0],"gold":349,"neow_bonus":"THREE_ENEMY_KILL","is_daily":false,"chose_seed":false,"campfire_upgraded":2,"win_rate":0.0,"timestamp":1613835772,"path_taken":["M","?","?","$","M","R","E","M","T","?","M","R","?","$","R","BOSS","M","M","M"],"items_purchased_type":["Relic","Card"],"build_version":"2020-12-22","purchased_purges":0,"victory":false,"max_hp_per_floor":[70,70,70,70,70,70,70,70,70,70,70,70,70,70,70,70,70,70,70,70,70],"card_choices":[{"not_picked":["Caltrops","Quick Slash"],"picked":"Escape Plan","floor":1.0},{"not_picked":["Flying Knee","Underhanded Strike"],"picked":"Backstab","floor":3},{"not_picked":["Choke","Slice"],"picked":"Dagger Spray","floor":5},{"not_picked":["Tools of the Trade","PiercingWail"],"picked":"Noxious Fumes","floor":7},{"not_picked":["Heel Hook","Poisoned Stab"],"picked":"PiercingWail","floor":8},{"not_picked":["Dodge and Roll","Caltrops","Poisoned Stab"],"picked":"SKIP","floor":10},{"not_picked":["Setup","Slice"],"picked":"Deadly Poison","floor":11},{"not_picked":["Grand Finale","Die Die Die"],"picked":"Bullet Time","floor":16},{"not_picked":["Cloak And Dagger","Outmaneuver+1"],"picked":"Acrobatics","floor":18},{"not_picked":["Flying Knee","Dagger Throw+1"],"picked":"Backflip+1","floor":19}],"player_experience":75827,"relics_obtained":[{"floor":7,"key":"Bronze Scales"},{"floor":9,"key":"MawBank"}],"event_choices":[{"damage_healed":0,"gold_gain":75,"player_choice":"Touch","damage_taken":7,"max_hp_gain":0,"max_hp_loss":0,"event_name":"FaceTrader","floor":2,"gold_loss":0},{"cards_removed":["Strike_G"],"damage_healed":0,"gold_gain":0,"player_choice":"Card Removal","damage_taken":0,"max_hp_gain":0,"max_hp_loss":0,"event_name":"The Cleric","floor":13,"gold_loss":50}],"is_beta":false,"boss_relics":[{"not_picked":["Velvet Choker","Philosopher\u0027s Stone"],"picked":"Black Star"}],"items_purged_floors":[],"is_endless":false,"potions_floor_spawned":[1,3,5],"killed_by":"Snake Plant","ascension_level":11}}