{"host":"24vdok87ydm8sokm","time":1613824859,"event":{"mods":["AchievementEnabler","BaseMod","Colored Map","Colored Powertips","Minty Spire (QoL Compilation)","StSLib"],"gold_per_floor":[18,36,49,49,62,62,88,99,180,180,208,220,249,265,265,363,363,375,375,388,54,54,54,65,91,142,172,185,200,200,211,211,306,306,317,333,132,152,167,197,197,226,278,278,93,93,93,120,120,120],"floor_reached":51,"language":"ENG","playtime":5626,"items_purged":["Strike_R","Strike_R","Strike_R"],"score":890,"play_id":"bb37328a-8dbb-4c92-ba7a-44d845cccd55","local_time":"20210220064059","is_ascension_mode":true,"campfire_choices":[{"data":"Rampage","floor":6,"key":"SMITH"},{"data":"Combust","floor":15,"key":"SMITH"},{"data":"Berserk","floor":23,"key":"SMITH"},{"data":"Bash","floor":30,"key":"SMITH"},{"data":"Barricade","floor":32,"key":"SMITH"},{"floor":44,"key":"REST"},{"data":"Pommel Strike","floor":46,"key":"SMITH"},{"data":"Demon Form","floor":49,"key":"SMITH"}],"circlet_count":0,"master_deck":["Strike_R","Defend_R","Defend_R","Defend_R","Defend_R","Bash+1","Combust+1","Pommel Strike+1","Rampage+1","Body Slam","Headbutt","Iron Wave","Thunderclap","True Grit","Metallicize","Berserk+1","Dropkick+1","Whirlwind+1","Dropkick+1","Rampage+1","True Grit+1","Barricade+1","Impervious","CurseOfTheBell","Iron Wave+1","Sentinel+1","Searing Blow+1","Demon Form+1","Headbutt+1"],"relics":["Burning Blood","Thread and Needle","Lizard Tail","InkBottle","Bird Faced Urn","Centennial Puzzle","Sozu","Bottled Flame","Matryoshka","Oddly Smooth Stone","Nunchaku","Bag of Marbles","HornCleat","Calling Bell","Blood Vial","Kunai","Torii","Membership Card","Gremlin Horn","Pear","Omamori","Eternal Feather","Bottled Lightning"],"acts_visited":["Exordium","TheCity","TheBeyond"],"potions_floor_usage":[11,13,16,16,50],"damage_taken":[{"damage":5,"enemies":"Cultist","floor":1,"turns":4},{"damage":0,"enemies":"Small Slimes","floor":2,"turns":3},{"damage":7,"enemies":"Jaw Worm","floor":3,"turns":3},{"damage":21,"enemies":"Exordium Thugs","floor":5,"turns":3},{"damage":25,"enemies":"3 Sentries","floor":7,"turns":6},{"damage":4,"enemies":"3 Louse","floor":8,"turns":3},{"damage":2,"enemies":"Gremlin Nob","floor":11,"turns":3},{"damage":5,"enemies":"Blue Slaver","floor":12,"turns":3},{"damage":9,"enemies":"Lagavulin","floor":13,"turns":7},{"damage":2,"enemies":"Exordium Wildlife","floor":14,"turns":3},{"damage":46,"enemies":"Hexaghost","floor":16,"turns":8},{"damage":16,"enemies":"Spheric Guardian","floor":18,"turns":4},{"damage":4,"enemies":"3 Byrds","floor":20,"turns":5},{"damage":34,"enemies":"Snake Plant","floor":24,"turns":5},{"damage":0,"enemies":"Gremlin Leader","floor":25,"turns":5},{"damage":17,"enemies":"Book of Stabbing","floor":27,"turns":4},{"damage":2,"enemies":"Snecko","floor":28,"turns":2},{"damage":2,"enemies":"Centurion and Healer","floor":29,"turns":4},{"damage":9,"enemies":"Snake Plant","floor":31,"turns":3},{"damage":18,"enemies":"Collector","floor":33,"turns":9},{"damage":12,"enemies":"3 Shapes","floor":35,"turns":1},{"damage":43,"enemies":"3 Darklings","floor":36,"turns":4},{"damage":5,"enemies":"Spire Growth","floor":38,"turns":6},{"damage":29,"enemies":"Transient","floor":39,"turns":5},{"damage":0,"enemies":"Giant Head","floor":40,"turns":10},{"damage":60,"enemies":"Reptomancer","floor":42,"turns":8},{"damage":49,"enemies":"Nemesis","floor":48,"turns":11},{"damage":24,"enemies":"Time Eater","floor":50,"turns":9}],"seed_played":"-3091444228585107847","potions_obtained":[{"floor":1,"key":"PowerPotion"},{"floor":7,"key":"Block Potion"},{"floor":12,"key":"PowerPotion"},{"floor":13,"key":"ElixirPotion"},{"floor":14,"key":"Ancient Potion"}],"is_trial":false,"path_per_floor":["M","M","M","?","M","R","E","M","T","?","E","M","E","M","R","B",null,"M","?","M","$","T","R","M","E","T","E","M","M","R","M","R","B",null,"M","M","$","M","M","E","?","E","T","R","$","R","?","E","R","B",null],"character_chosen":"IRONCLAD","items_purchased":["Bottled Flame","Membership Card","Eternal Feather"],"campfire_rested":1,"item_purchase_floors":[21,37,45],"current_hp_per_floor":[80,80,79,79,64,64,45,47,47,52,56,59,58,62,62,28,85,75,75,81,81,81,81,57,67,67,60,68,78,78,75,75,71,85,79,50,50,61,42,56,56,22,22,50,50,65,95,53,68,58],"gold":120,"neow_bonus":"ONE_RARE_RELIC","is_daily":false,"chose_seed":false,"campfire_upgraded":7,"win_rate":0.0,"timestamp":1613824859,"path_taken":["M","M","M","?","M","R","E","M","T","?","E","M","E","M","R","BOSS","M","?","M","$","?","R","M","E","T","E","M","M","R","M","R","BOSS","M","M","$","M","M","E","?","E","T","R","?","R","?","E","R","BOSS"],"items_purchased_type":["Relic","Relic","Relic"],"build_version":"2020-12-22","purchased_purges":3,"victory":true,"max_hp_per_floor":[80,80,80,80,80,80,80,80,80,85,85,85,85,85,85,85,85,85,85,85,85,85,85,85,85,85,85,85,85,85,85,85,85,85,85,85,85,85,85,85,85,95,95,95,95,95,95,95,95,95],"card_choices":[{"not_picked":["Pommel Strike","Havoc"],"picked":"Combust","floor":1},{"not_picked":["Anger","Body Slam"],"picked":"Pommel Strike","floor":2},{"not_picked":["Shrug It Off","Flex"],"picked":"Rampage","floor":3},{"not_picked":["Warcry","Entrench"],"picked":"Body Slam","floor":5},{"not_picked":["Limit Break","Heavy Blade"],"picked":"Headbutt","floor":7},{"not_picked":["Blood for Blood","Impervious"],"picked":"Iron Wave","floor":8},{"not_picked":["Seeing Red","Dual Wield"],"picked":"Thunderclap","floor":11},{"not_picked":["Dark Embrace","Warcry","Whirlwind"],"picked":"SKIP","floor":12},{"not_picked":["Disarm","Wild Strike"],"picked":"True Grit","floor":13},{"not_picked":["Clash","Ghostly Armor"],"picked":"Metallicize","floor":14},{"not_picked":["Brutality","Immolate"],"picked":"Berserk","floor":16},{"not_picked":["Dark Embrace+1","Perfected Strike+1"],"picked":"Dropkick+1","floor":18},{"not_picked":["Anger","Power Through"],"picked":"Whirlwind+1","floor":20},{"not_picked":["True Grit","Hemokinesis","Clash"],"picked":"SKIP","floor":24},{"not_picked":["Feel No Pain","Heavy Blade"],"picked":"Dropkick+1","floor":25},{"not_picked":["Bludgeon","Blood for Blood"],"picked":"Rampage+1","floor":27},{"not_picked":["Twin Strike+1","Anger"],"picked":"True Grit+1","floor":28},{"not_picked":["Heavy Blade","Burning Pact","Flex"],"picked":"SKIP","floor":29},{"not_picked":["Clothesline","Seeing Red+1"],"picked":"Barricade","floor":31},{"not_picked":["Brutality","Barricade"],"picked":"Impervious","floor":33},{"not_picked":["Havoc+1","Heavy Blade"],"picked":"Iron Wave+1","floor":35},{"not_picked":["Perfected Strike","Evolve","Rampage"],"picked":"SKIP","floor":36},{"not_picked":["Havoc","Cleave+1","Perfected Strike"],"picked":"SKIP","floor":38},{"not_picked":["Entrench","Havoc+1"],"picked":"Sentinel+1","floor":39},{"not_picked":["Offering","Flex+1"],"picked":"Searing Blow+1","floor":40},{"not_picked":["Whirlwind+1","Heavy Blade","Shrug It Off"],"picked":"SKIP","floor":42},{"not_picked":["Havoc","Feed"],"picked":"Headbutt+1","floor":48}],"player_experience":111786,"relics_obtained":[{"floor":7,"key":"Lizard Tail"},{"floor":9,"key":"InkBottle"},{"floor":11,"key":"Bird Faced Urn"},{"floor":13,"key":"Centennial Puzzle"},{"floor":22,"key":"Matryoshka"},{"floor":25,"key":"Oddly Smooth Stone"},{"floor":26,"key":"Nunchaku"},{"floor":26,"key":"Bag of Marbles"},{"floor":27,"key":"HornCleat"},{"floor":34,"key":"Blood Vial"},{"floor":34,"key":"Kunai"},{"floor":34,"key":"Torii"},{"floor":40,"key":"Gremlin Horn"},{"floor":42,"key":"Pear"},{"floor":43,"key":"Omamori"},{"floor":48,"key":"Bottled Lightning"}],"event_choices":[{"damage_healed":0,"gold_gain":0,"player_choice":"Leave","damage_taken":0,"max_hp_gain":0,"max_hp_loss":0,"event_name":"The Cleric","floor":4,"gold_loss":0},{"damage_healed":0,"gold_gain":0,"player_choice":"Donut","damage_taken":0,"max_hp_gain":5,"max_hp_loss":0,"event_name":"Big Fish","floor":10,"gold_loss":0},{"damage_healed":0,"gold_gain":0,"player_choice":"Got Potions","damage_taken":0,"max_hp_gain":0,"max_hp_loss":0,"event_name":"Lab","floor":19,"gold_loss":0},{"damage_healed":0,"gold_gain":0,"cards_transformed":["Strike_R"],"player_choice":"Transformed","damage_taken":0,"max_hp_gain":0,"max_hp_loss":0,"event_name":"Transmorgrifier","floor":41,"gold_loss":0,"cards_obtained":["Demon Form"]},{"damage_healed":30,"gold_gain":0,"player_choice":"Heal","damage_taken":0,"max_hp_gain":0,"max_hp_loss":0,"event_name":"MindBloom","floor":47,"gold_loss":0,"cards_obtained":["Doubt"]}],"is_beta":false,"boss_relics":[{"not_picked":["Astrolabe","Cursed Key"],"picked":"Sozu"},{"not_picked":["Black Blood","Tiny House"],"picked":"Calling Bell"}],"items_purged_floors":[21,37,45],"is_endless":false,"potions_floor_spawned":[1,7,12,13,14,20,25,29,31,33,38,40,48],"ascension_level":1}}