{"host":"a3wpq7kyokchzawk","time":1613814164,"event":{"mods":["BaseMod","Colored Map","Highlight Path","Minty Spire (QoL Compilation)","Permanent Neow","Potion Indicator Mod","Relic Stats","Weighted Paths"],"gold_per_floor":[209,228,303,25,25,25,25,25],"floor_reached":7,"language":"ENG","playtime":444,"items_purged":[],"score":78,"play_id":"9b422c33-dee5-4fa9-9380-d1a44ecbd10d","local_time":"20210220074244","is_ascension_mode":true,"campfire_choices":[{"data":"Neutralize","floor":6,"key":"SMITH"}],"circlet_count":0,"master_deck":["AscendersBane","Strike_G","Strike_G","Strike_G","Strike_G","Strike_G","Defend_G","Defend_G","Defend_G","Defend_G","Defend_G","Survivor","Neutralize+1","Slice","PiercingWail"],"relics":["Ring of the Snake","White Beast Statue"],"acts_visited":["Exordium"],"potions_floor_usage":[],"damage_taken":[{"damage":7,"enemies":"Small Slimes","floor":1,"turns":6},{"damage":0,"enemies":"2 Louse","floor":2,"turns":3},{"damage":45,"enemies":"Lagavulin","floor":7,"turns":7}],"seed_played":"2825190798138804266","potions_obtained":[],"is_trial":false,"path_per_floor":["M","M","?","$","?","R","E"],"character_chosen":"THE_SILENT","items_purchased":["White Beast Statue"],"campfire_rested":0,"item_purchase_floors":[4],"current_hp_per_floor":[52,52,41,41,41,41,0,0],"gold":25,"neow_bonus":"HUNDRED_GOLD","is_daily":false,"chose_seed":false,"campfire_upgraded":1,"win_rate":0.0,"timestamp":1613814164,"path_taken":["M","M","?","$","?","R","E"],"items_purchased_type":["Relic"],"build_version":"2020-12-22","purchased_purges":0,"victory":false,"max_hp_per_floor":[66,66,66,66,66,66,66,66],"relic_stats":{"counters":[3,16],"obtain_stats":[{"White Beast Statue":4,"Ring of the Snake":0},{"White Beast Statue":2,"Ring of the Snake":0},{"White Beast Statue":9,"Ring of the Snake":0}],"Ring of the Snake":[6]},"card_choices":[{"not_picked":["Concentrate","Flying Knee"],"picked":"Slice","floor":1},{"not_picked":["All Out Attack","Dodge and Roll"],"picked":"PiercingWail","floor":2}],"player_experience":2776736,"relics_obtained":[],"event_choices":[{"damage_healed":0,"gold_gain":75,"player_choice":"Gather Gold","damage_taken":11,"max_hp_gain":0,"max_hp_loss":0,"event_name":"World of Goop","floor":3,"gold_loss":0},{"damage_healed":0,"gold_gain":0,"player_choice":"Ignored","damage_taken":0,"max_hp_gain":0,"max_hp_loss":0,"event_name":"Liars Game","floor":5,"gold_loss":0}],"is_beta":false,"boss_relics":[],"items_purged_floors":[],"is_endless":false,"potions_floor_spawned":[],"killed_by":"Lagavulin","ascension_level":20}}