{"host":"kmq7aw60w430zvtx","time":1613847339,"event":{"mods":["BaseMod","Downfall","GifTheSpireLib","Hermit","Hubris","Infinite Spire","Minty Spire (QoL Compilation)","Reliquary","Replay The Spire","Spire Arcade","StSLib","The Construct","The Cursed","The Hierophant","The Jungle","The Necromancer","The Runesmith"],"gold_per_floor":[118,118,24,34,34,34,58,97,173,173,188,188,188,208,208,232,232,351,351,372,226,244,269,269,308,308,322,322,322,353,373,373,373,373,517,580,639,639,639,711,777,859,859,859,882,260,260,302,207,238,238,238,238,238,18,50,50,50],"floor_reached":57,"language":"ENG","playtime":2803,"items_purged":["Strike_G"],"score":1408,"play_id":"6d860ffc-efb1-40e4-995e-a48e4d234f81","local_time":"20210220195539","is_ascension_mode":true,"campfire_choices":[{"floor":6,"key":"REST"},{"floor":10,"key":"REST"},{"floor":17,"key":"RECALL"},{"floor":26,"key":"REST"},{"floor":29,"key":"REST"},{"floor":32,"key":"REST"},{"floor":34,"key":"REST"},{"floor":43,"key":"REST"},{"floor":47,"key":"REST"},{"floor":51,"key":"REST"},{"floor":54,"key":"REST"}],"circlet_count":0,"master_deck":["Strike_G","Strike_G+1","Strike_G","Strike_G","Defend_G+1","Defend_G+1","Defend_G","Defend_G+1","Defend_G","Survivor","Neutralize+1","ReplayTheSpireMod:Speed Training+1","Replay:Bootleg Shield Generator+1","Blade Dance","Hidden Blade","Footwork+1","Terror+1","Cloak And Dagger+1","ReplayTheSpireMod:Scrap Shanks","Storm of Steel+1","hubris:Sniper+1","Caltrops+1","Prepared","Adrenaline+1","hubris:Sniper+1","hubris:Sniper+1","ReplayTheSpireMod:Scrap Shanks+1","Bandage Up+1","Storm of Steel+1","Underhanded Strike","Dagger Throw","Burst+1","Hidden Blade+1","Violence+1","Choke","Backflip+1","Enlightenment+1","Prepared+1","ReplayTheSpireMod:Shiv Toss+1","Discovery+1","Sucker Punch","Sneak Up+1","Dagger Throw"],"relics":["Ring of the Snake","Boot","Gremlin Food","Golden Idol","Tingsha","Sozu","ClockworkSouvenir","reliquary:IridiumChain","Toxic Egg 2","Lizard Tail","infinitespire:EvilPickle","Tiny House","Blood Vial","Mercury Hourglass","reliquary:Firecrackers","reliquary:RoseTintedGlasses","infinitespire:Lucky Rock","ReplayTheSpireMod:TigerMarble","Ninja Scroll"],"acts_visited":["Exordium","TheCity","TheBeyond","TheEnding"],"potions_floor_usage":[14,18,18,31],"damage_taken":[{"damage":0,"enemies":"Cultist","floor":1,"turns":3},{"damage":0,"enemies":"2 Louse","floor":4,"turns":4},{"damage":2,"enemies":"Jaw Worm","floor":7,"turns":4},{"damage":27,"enemies":"3 Sentries","floor":8,"turns":10},{"damage":0,"enemies":"Exordium Wildlife","floor":11,"turns":6},{"damage":8,"enemies":"Gremlin Gang","floor":14,"turns":7},{"damage":0,"enemies":"Looter","floor":16,"turns":3},{"damage":0,"enemies":"Hexaghost","floor":18,"turns":9},{"damage":11,"enemies":"Shell Parasite","floor":20,"turns":5},{"damage":0,"enemies":"Chosen","floor":22,"turns":5},{"damage":8,"enemies":"Snecko","floor":23,"turns":6},{"damage":34,"enemies":"Slavers","floor":25,"turns":5},{"damage":18,"enemies":"Cultist and Chosen","floor":27,"turns":5},{"damage":16,"enemies":"Gremlin Leader","floor":30,"turns":6},{"damage":0,"enemies":"Centurion and Healer","floor":31,"turns":6},{"damage":9,"enemies":"Pondfish","floor":35,"turns":7},{"damage":14,"enemies":"3 Shapes","floor":37,"turns":8},{"damage":11,"enemies":"Orb Walker","floor":41,"turns":4},{"damage":54,"enemies":"Nemesis","floor":42,"turns":5},{"damage":3,"enemies":"4 Shapes","floor":48,"turns":3},{"damage":10,"enemies":"Spire Growth","floor":50,"turns":3},{"damage":36,"enemies":"hubris:GrandSnecko","floor":52,"turns":11},{"damage":66,"enemies":"Shield and Spear","floor":56,"turns":4},{"damage":66,"enemies":"The Heart","floor":57,"turns":3}],"seed_played":"-8178165611992710280","potions_obtained":[{"floor":1,"key":"Weak Potion"},{"floor":8,"key":"Block Potion"},{"floor":16,"key":"Strength Potion"},{"floor":18,"key":"GamblersBrew"}],"is_trial":false,"path_per_floor":["M","$","$","M","?","R","M","E","T","R","M","PTL","PTL","M","?","M","R","B",null,"M","$","M","M","?","E","R","M","T","R","E","M","R","?","R","B",null,"M","T","?","T","M","E","R","?","T","$","R","M","$","M","R","B",null,"R","$","E","B"],"character_chosen":"THE_SILENT","items_purchased":["Gremlin Food","Replay:Bootleg Shield Generator","ClockworkSouvenir","infinitespire:Lucky Rock","Violence+1","Choke","Backflip+1","Enlightenment+1","Prepared+1","Discovery+1","ReplayTheSpireMod:TigerMarble","Sneak Up+1"],"campfire_rested":10,"item_purchase_floors":[2,3,21,46,46,46,46,46,46,49,55,55],"current_hp_per_floor":[63,53,53,53,53,65,63,36,36,55,55,55,55,47,47,47,47,47,61,50,50,50,42,42,8,27,9,9,28,12,12,31,19,38,35,63,55,55,55,55,52,6,27,27,27,27,48,53,53,45,66,34,61,70,70,4,0,0],"gold":50,"neow_bonus":"RANDOM_COMMON_RELIC","is_daily":false,"chose_seed":false,"campfire_upgraded":0,"win_rate":0.0,"timestamp":1613847339,"path_taken":["M","?","$","M","?","R","M","E","T","R","M","PTL","PTL","?","?","M","R","BOSS","M","$","?","M","?","E","R","M","T","R","E","M","R","?","R","BOSS","M","?","?","?","?","E","R","?","T","$","R","M","$","M","R","BOSS","R","$","E","BOSS"],"items_purchased_type":["Relic","Card","Relic","Relic","Card","Card","Card","Card","Card","Card","Relic","Card"],"build_version":"2020-12-22","purchased_purges":1,"victory":false,"max_hp_per_floor":[70,70,70,70,65,65,65,65,65,65,65,65,65,65,65,65,65,65,65,65,65,65,65,65,65,65,65,65,65,65,65,65,65,65,65,70,70,70,70,70,70,70,70,70,70,70,70,70,70,70,70,70,70,70,70,70,70,70],"card_choices":[{"not_picked":["Bane","PiercingWail"],"picked":"ReplayTheSpireMod:Speed Training","floor":1},{"not_picked":["Sneak Up","Hidden Blade"],"picked":"Blade Dance","floor":4},{"not_picked":["Dagger Spray","Choke"],"picked":"Hidden Blade","floor":7},{"not_picked":["Expertise","Infinite Blades"],"picked":"Footwork","floor":8},{"not_picked":["Poisoned Stab","Acrobatics"],"picked":"Terror","floor":11},{"not_picked":["Predator","Deadly Poison"],"picked":"Cloak And Dagger","floor":14},{"not_picked":["Storm of Steel","Outmaneuver"],"picked":"ReplayTheSpireMod:Scrap Shanks","floor":16},{"not_picked":["Grand Finale","Malaise"],"picked":"Storm of Steel","floor":18},{"not_picked":["Bane","Infinite Blades+1"],"picked":"hubris:Sniper","floor":20},{"not_picked":["Deflect","Setup+1"],"picked":"Caltrops+1","floor":22},{"not_picked":["Acrobatics","Dodge and Roll"],"picked":"Prepared","floor":23},{"not_picked":["Eviscerate+1","Footwork"],"picked":"Adrenaline","floor":25},{"not_picked":["Bouncing Flask","Poisoned Stab+1"],"picked":"hubris:Sniper+1","floor":27},{"not_picked":["hubris:Counter","Escape Plan+1"],"picked":"hubris:Sniper+1","floor":30},{"not_picked":["Bane+1","Deadly Poison+1"],"picked":"ReplayTheSpireMod:Scrap Shanks+1","floor":31},{"not_picked":["infinitespire:Neurotoxin+1","Doppelganger+1"],"picked":"Storm of Steel+1","floor":35},{"not_picked":["Flying Knee","Crippling Poison+1"],"picked":"Underhanded Strike","floor":36},{"not_picked":["All Out Attack","Bane"],"picked":"Dagger Throw","floor":37},{"not_picked":["Outmaneuver+1","All Out Attack"],"picked":"Burst+1","floor":41},{"not_picked":["Dodge and Roll+1","Outmaneuver+1"],"picked":"Hidden Blade+1","floor":42},{"not_picked":["Blade Dance+1","Deadly Poison+1"],"picked":"ReplayTheSpireMod:Shiv Toss+1","floor":48},{"not_picked":["Dagger Spray+1","Bane+1"],"picked":"Sucker Punch","floor":50},{"not_picked":["Bane+1","Dodge and Roll+1"],"picked":"Dagger Throw","floor":56}],"player_experience":388654,"relics_obtained":[{"floor":8,"key":"Tingsha"},{"floor":25,"key":"reliquary:IridiumChain"},{"floor":28,"key":"Toxic Egg 2"},{"floor":30,"key":"Lizard Tail"},{"floor":38,"key":"Blood Vial"},{"floor":40,"key":"Mercury Hourglass"},{"floor":42,"key":"reliquary:Firecrackers"},{"floor":45,"key":"reliquary:RoseTintedGlasses"},{"floor":56,"key":"Ninja Scroll"}],"event_choices":[{"damage_healed":0,"gold_gain":0,"player_choice":"Lose Max HP","damage_taken":0,"relics_obtained":["Golden Idol"],"max_hp_gain":0,"max_hp_loss":5,"event_name":"Golden Idol","floor":5,"gold_loss":0},{"damage_healed":0,"gold_gain":0,"player_choice":"Upgraded","damage_taken":0,"max_hp_gain":0,"max_hp_loss":0,"event_name":"Upgrade Shrine","floor":15,"gold_loss":0,"cards_upgraded":["Footwork"]},{"damage_healed":0,"gold_gain":0,"player_choice":"Ignored","damage_taken":0,"max_hp_gain":0,"max_hp_loss":0,"event_name":"Vampires","floor":24,"gold_loss":0},{"damage_healed":0,"gold_gain":0,"player_choice":"CARD ","damage_taken":12,"max_hp_gain":0,"max_hp_loss":0,"event_name":"Knowing Skull","floor":33,"potions_obtained":[],"gold_loss":0,"cards_obtained":["Bandage Up"]}],"is_beta":false,"boss_relics":[{"not_picked":["Honey Jar","Replay:Grab Bag"],"picked":"Sozu"},{"not_picked":["reliquary:RedPaperclip","reliquary:Ember"],"picked":"Tiny House"}],"items_purged_floors":[46],"is_endless":false,"potions_floor_spawned":[1,8,16,18,23,25,30,31,41,50],"killed_by":"The Heart","ascension_level":8}}