{"host":"x12v7kw7hhljdyq8","time":1613832592,"event":{"mods":["BaseMod","BetterRewards","Downfall","Minty Spire (QoL Compilation)","Quick Restart","Replay The Spire","Shop Mod","StSLib","The Cursed","The Jungle","The Necromancer"],"gold_per_floor":[177,285,297,40,59,134,134,149,149,149,175,11,21,44,61,156,156,217,234,334,364,378,409,433,449,465,465,485,517,517,531,550,646,646,646,662,678,120,18,18,71,71,105,117,10,10,28,48,59,59],"floor_reached":51,"language":"ENG","playtime":5919,"items_purged":["Slimebound:Defend_Slimebound","Slimebound:Strike_Slimebound","Slimebound:Defend_Slimebound","Slimebound:Defend_Slimebound"],"score":794,"play_id":"8e879f4c-a813-4289-9e07-5293588dba0a","local_time":"20210220124952","is_ascension_mode":false,"campfire_choices":[{"data":"Slimebound:Split","floor":9,"key":"SMITH"},{"data":"Slimebound:SelfFormingGoo","floor":27,"key":"SMITH"},{"data":"Slimebound:RejuvenatingLick","floor":30,"key":"SMITH"},{"floor":35,"key":"RECALL"},{"floor":42,"key":"REST"}],"circlet_count":0,"master_deck":["Slimebound:Strike_Slimebound","Slimebound:Strike_Slimebound","Slimebound:Tackle","Slimebound:Split+1","Slimebound:CorrosiveSpit","Slimebound:Dissolve","Slimebound:LeechEnergy+1","Slimebound:Dissolve","Slimebound:SamplingLick","Slimebound:LevelUp","Slimebound:PressTheAttack","Slimebound:ItLooksTasty","Slimebound:SplitMire","Slimebound:SamplingLick","Slimebound:SelfFormingGoo+1","Slimebound:SplitLeeching","Slimebound:RejuvenatingLick+1","Slimebound:SplitBruiser","Slimebound:Dissolve","Slimebound:MassFeed","Slimebound:HauntingLick","Slimebound:AcidTongue","Slimebound:OozeBath","Slimebound:Replication","Slimebound:Repurpose","Slimebound:LeechingTouch","Slimebound:Schlurp+1","Slimebound:LeechingTouch","Slimebound:Replication","Slimebound:SamplingLick","Slimebound:SplitAcid","Slimebound:SplitAcid","Slimebound:RallyTheTroops","Slimebound:SplitBruiser+1","expansioncontent:StudyTheSpire","Slimebound:TongueLash","Slimebound:SlimeTap+1","Slimebound:ProtectTheBoss+1"],"relics":["Slimebound:AbsorbEndCombat","Membership Card","Chameleon Ring","Onion Ring","Dead Branch","Blood Vial","Replay:Bronze Core","Potion Belt","Vajra","Orrery","Bottled Tornado","Simple Rune","Fusion Hammer","Quantum Egg","Lantern","HandDrill","MerchantsRug","Sling","ReplayFunnel","MawBank","ReplayTheSpireMod:Ninjato"],"acts_visited":["Exordium","Exordium","TheBeyond"],"potions_floor_usage":[12,16,20,21,21,21,22,23,25,26,29,36,50,50,50,50],"damage_taken":[{"damage":6,"enemies":"Jaw Worm","floor":3,"turns":3},{"damage":6,"enemies":"downfall:FleeingMerchant","floor":4,"turns":4},{"damage":6,"enemies":"2 Louse","floor":5,"turns":2},{"damage":0,"enemies":"Small Slimes","floor":8,"turns":2},{"damage":34,"enemies":"3 Sentries","floor":11,"turns":7},{"damage":11,"enemies":"downfall:FleeingMerchant","floor":12,"turns":4},{"damage":5,"enemies":"downfall:LooterAlt","floor":13,"turns":2},{"damage":0,"enemies":"Large Slime","floor":15,"turns":2},{"damage":15,"enemies":"DF_ARCHETYPE_STREAMLINE","floor":16,"turns":5},{"damage":7,"enemies":"theJungle:5_Spyders","floor":19,"turns":5},{"damage":17,"enemies":"downfall:LadyInBlue","floor":20,"turns":5},{"damage":1,"enemies":"downfall:FleeingMerchant","floor":21,"turns":3},{"damage":0,"enemies":"theJungle:Flameango_and_Byrd","floor":22,"turns":3},{"damage":15,"enemies":"theJungle:Cassacara","floor":23,"turns":4},{"damage":18,"enemies":"Snake Plant","floor":25,"turns":2},{"damage":4,"enemies":"theJungle:Snecko_Cultist_And_Trap","floor":26,"turns":3},{"damage":6,"enemies":"theJungle:Lyon","floor":28,"turns":3},{"damage":7,"enemies":"theJungle:2_Phrogs","floor":29,"turns":5},{"damage":24,"enemies":"theJungle:2_Flameangoes","floor":31,"turns":4},{"damage":0,"enemies":"theJungle:SlimyTreeVines","floor":32,"turns":4},{"damage":5,"enemies":"WA_ARCHETYPE_CALM","floor":33,"turns":7},{"damage":0,"enemies":"3 Shapes","floor":36,"turns":2},{"damage":11,"enemies":"Orb Walker","floor":37,"turns":3},{"damage":0,"enemies":"Giant Head","floor":43,"turns":5},{"damage":25,"enemies":"Maw","floor":47,"turns":4},{"damage":11,"enemies":"3 Darklings","floor":48,"turns":3},{"damage":0,"enemies":"Jaw Worm Horde","floor":49,"turns":2},{"damage":62,"enemies":"SI_POISON_ARCHETYPE","floor":50,"turns":4}],"seed_played":"-4166246170646992412","potions_obtained":[{"floor":5,"key":"Dexterity Potion"},{"floor":11,"key":"Slimebound:SlimedPotion"},{"floor":15,"key":"BlessingOfTheForge"},{"floor":16,"key":"Adrenaline Potion"},{"floor":20,"key":"LiquidMemories"},{"floor":20,"key":"bronze:BurnAndBuffPotion"},{"floor":20,"key":"sneckomod:MuddlingPotion"},{"floor":20,"key":"Slimebound:SlimedPotion"},{"floor":23,"key":"AttackPotion"},{"floor":25,"key":"Death Potion"},{"floor":26,"key":"Adrenaline Potion"},{"floor":29,"key":"SteroidPotion"},{"floor":33,"key":"ColorlessPotion"},{"floor":44,"key":"LiquidBronze"},{"floor":44,"key":"FearPotion"},{"floor":47,"key":"BlessingOfTheForge"}],"is_trial":false,"path_per_floor":["R","?","M","$","M","?","T","M","R","?","E","$","M","T","M","B",null,"R","M","?","$","M","E","T","M","M","R","M","E","R","M","M","B",null,"R","M","M","$","?","?","T","R","E","R","$","R","M","M","M","B",null],"character_chosen":"SLIMEBOUND","items_purchased":["Membership Card","Slimebound:ItLooksTasty","Slimebound:SplitMire","Dead Branch","Vajra","LifebloodPotion","Dexterity Potion","Regen Potion","Orrery","Quantum Egg","Lantern","HandDrill","EssenceOfSteel","expansioncontent:StudyTheSpire","MerchantsRug","PowerPotion","Sling","ReplayTheSpireMod:Ninjato"],"campfire_rested":1,"item_purchase_floors":[4,4,4,12,21,21,21,21,21,38,38,38,38,38,38,38,39,45],"current_hp_per_floor":[65,65,63,62,60,60,60,65,65,65,37,32,31,31,41,34,65,65,65,51,60,68,55,55,45,64,64,64,65,65,51,66,66,71,71,71,62,62,62,62,62,71,71,71,71,71,67,66,71,32],"gold":59,"neow_bonus":"THREE_CARDS","is_daily":false,"chose_seed":false,"campfire_upgraded":3,"win_rate":0.0,"timestamp":1613832592,"path_taken":["R","?","M","$","M","?","T","M","R","?","E","$","M","?","M","BOSS","R","M","?","$","M","E","T","?","M","R","M","E","R","M","M","BOSS","R","M","M","$","?","?","T","R","E","R","$","R","?","M","M","BOSS"],"items_purchased_type":["Relic","Card","Card","Relic","Relic","Potion","Potion","Potion","Relic","Relic","Relic","Relic","Potion","Card","Relic","Potion","Relic","Relic"],"build_version":"2020-12-22","purchased_purges":4,"victory":true,"max_hp_per_floor":[65,65,65,65,65,65,65,65,65,65,65,65,65,65,65,65,65,65,68,68,68,68,68,68,68,68,68,68,68,68,71,71,71,71,71,71,71,71,71,71,71,71,71,71,71,71,71,71,71,71],"card_choices":[{"not_picked":["Slimebound:SplitMire","Slimebound:RollThrough"],"picked":"Slimebound:Dissolve","floor":0},{"not_picked":["Slimebound:PressTheAttack","Slimebound:SplitMire"],"picked":"Slimebound:LeechEnergy","floor":2},{"not_picked":["Slimebound:FormOfPuddle","Slimebound:SpikyOuterGoop"],"picked":"Slimebound:Dissolve","floor":2},{"not_picked":["Slimebound:SlimeBrawl","Slimebound:Chomp"],"picked":"Slimebound:SamplingLick","floor":2},{"not_picked":["Slimebound:BestDefense","Slimebound:SplitBruiser"],"picked":"Slimebound:LevelUp","floor":3},{"not_picked":["Slimebound:SamplingLick","Slimebound:SlimeBarrage"],"picked":"Slimebound:PressTheAttack","floor":4},{"not_picked":["Slimebound:ViciousTackle","Slimebound:SplitAcid"],"picked":"Slimebound:SamplingLick","floor":5},{"not_picked":["Slimebound:Prepare","Slimebound:ComboTackle"],"picked":"Slimebound:SelfFormingGoo","floor":8},{"not_picked":["Slimebound:LeechingTouch","Slimebound:SlimeBarrage"],"picked":"Slimebound:SplitLeeching","floor":11},{"not_picked":["Slimebound:DisruptingSlam","Slimebound:ForwardTackle"],"picked":"Slimebound:RejuvenatingLick","floor":12},{"not_picked":["Slimebound:SlimeSpikes","Slimebound:ComboTackle"],"picked":"Slimebound:SplitBruiser","floor":13},{"not_picked":["Slimebound:SlimeSpikes","Slimebound:ItLooksTasty"],"picked":"Slimebound:Dissolve","floor":15},{"not_picked":["Slimebound:CheckThePlaybook","Slimebound:OozeBath"],"picked":"Slimebound:MassFeed","floor":16},{"not_picked":["Slimebound:SplitMire","Slimebound:RainOfGoop"],"picked":"Slimebound:HauntingLick","floor":19},{"not_picked":["Slimebound:ComboTackle+1","Slimebound:GoopTackle"],"picked":"Slimebound:AcidTongue","floor":20},{"not_picked":["Slimebound:DouseInSlime","Slimebound:LivingWall"],"picked":"Slimebound:OozeBath","floor":21},{"not_picked":["Slimebound:Repurpose+1","Slimebound:PressTheAttack+1"],"picked":"Slimebound:Replication","floor":21},{"not_picked":["Slimebound:RainOfGoop+1","Slimebound:SlimeTap"],"picked":"Slimebound:Repurpose","floor":21},{"not_picked":["Slimebound:PressTheAttack+1","Slimebound:ForwardTackle"],"picked":"Slimebound:LeechingTouch","floor":21},{"not_picked":["Slimebound:ProtectTheBoss+1","Slimebound:Chomp+1"],"picked":"Slimebound:Schlurp+1","floor":22},{"not_picked":["Slimebound:LivingWall","Slimebound:RainOfGoop","Slimebound:DouseInSlime"],"picked":"SKIP","floor":23},{"not_picked":["Slimebound:SplitMire","Slimebound:RollThrough+1"],"picked":"Slimebound:LeechingTouch","floor":25},{"not_picked":["Slimebound:ItLooksTasty+1","Slimebound:SlimeSpikes+1"],"picked":"Slimebound:Replication","floor":26},{"not_picked":["Slimebound:FinishingTackle","Slimebound:GoopTackle","Slimebound:RainOfGoop"],"picked":"SKIP","floor":28},{"not_picked":["Slimebound:RainOfGoop","Slimebound:GoopTackle"],"picked":"Slimebound:SamplingLick","floor":29},{"not_picked":["Slimebound:ForwardTackle","Slimebound:Equalize"],"picked":"Slimebound:SplitAcid","floor":31},{"not_picked":["Slimebound:LeechEnergy","Slimebound:RollThrough+1"],"picked":"Slimebound:SplitAcid","floor":32},{"not_picked":["Slimebound:CheckThePlaybook","Slimebound:MassFeed"],"picked":"Slimebound:RallyTheTroops","floor":33},{"not_picked":["Slimebound:SlimeBrawl","Slimebound:LivingWall+1","Slimebound:GoopTackle"],"picked":"SKIP","floor":36},{"not_picked":["Slimebound:RollThrough","Slimebound:LeechEnergy"],"picked":"Slimebound:SplitBruiser+1","floor":37},{"not_picked":["Slimebound:Chomp+1","Slimebound:Prepare+1"],"picked":"Slimebound:TongueLash","floor":43},{"not_picked":["Slimebound:ProtectTheBoss","Slimebound:ForwardTackle+1","Slimebound:SamplingLick"],"picked":"SKIP","floor":47},{"not_picked":["Slimebound:SpikyOuterGoop","Slimebound:FormOfPuddle+1"],"picked":"Slimebound:SlimeTap+1","floor":48},{"not_picked":["Slimebound:RejuvenatingLick","Slimebound:SplitBruiser+1"],"picked":"Slimebound:ProtectTheBoss+1","floor":49}],"player_experience":280585,"relics_obtained":[{"floor":7,"key":"Chameleon Ring"},{"floor":11,"key":"Onion Ring"},{"floor":14,"key":"Blood Vial"},{"floor":20,"key":"Potion Belt"},{"floor":23,"key":"Bottled Tornado"},{"floor":29,"key":"Simple Rune"},{"floor":41,"key":"ReplayFunnel"},{"floor":43,"key":"MawBank"}],"event_choices":[{"damage_healed":0,"gold_gain":0,"player_choice":"Forge","damage_taken":0,"max_hp_gain":0,"max_hp_loss":0,"event_name":"Accursed Blacksmith","floor":40,"gold_loss":0,"cards_upgraded":["Slimebound:LeechEnergy"]}],"is_beta":false,"boss_relics":[{"not_picked":["Replay:Wanted Poster","ReplayTheSpireMod:DimensionalGlitch"],"picked":"Replay:Bronze Core"},{"not_picked":["Astrolabe","Cursed Key"],"picked":"Fusion Hammer"}],"items_purged_floors":[4,21,38,39],"is_endless":false,"potions_floor_spawned":[5,11,15,16,20,23,25,26,29,33,47,49],"ascension_level":0}}