{"host":"d54lcqy5t45er8jx","time":1613805144,"event":{"mods":["2.2 Compatiblity","BaseMod","CapriCore","Colored Powertips","Defuse TimeMaze Blight","Friendly Minions","Hermit","Hubris","Infinite Spire","KinomotoSakuraMod(ÙÊñýÜâ?)","Marisa£¨Ùöéë¡¡Øª×âÞÞ£©","Minty Spire (QoL Compilation)","Quick Restart","Railgun Mod","Rare Cards Sparkle","Relic Stats","Remilia£¨?Ú·×é?£©","StSLib","The Alterego","The Animator","The Cursed","The Immortal","The Servant 0.9.4","WarShipGirlsR/??á´Ò³R mod","Yakumo Yukari mod","Yohane!","Yuri Mod"],"gold_per_floor":[117,117,117,129,140,140,160,178,178,178,178,191,191,218,218,322,322,336,355,630,668,681,681,715,715,715,753,753,788,788,813,813,936,936,947,1017,1035,1035,519,519,530,530,530,530,160,200,230,245,245,245],"floor_reached":51,"language":"ENG","playtime":2805,"items_purged":["Writhe","Regret"],"score":759,"play_id":"ff539a04-9c34-4514-ac0c-9820f8e6eb0e","local_time":"20210220161224","is_ascension_mode":false,"campfire_choices":[{"data":"ScarletSymphony","floor":6,"key":"SMITH"},{"data":"ScarletSymphony","floor":11,"key":"SMITH"},{"data":"ReincarnationDial","floor":13,"key":"SMITH"},{"data":"Maim","floor":15,"key":"SMITH"},{"data":"BloodyHallows","floor":23,"key":"SMITH"},{"data":"BloodyCatastrophe","floor":28,"key":"SMITH"},{"data":"Ultimatum","floor":30,"key":"SMITH"},{"data":"ScarletDevilSign","floor":32,"key":"SMITH"},{"data":"HellCatastrophe","floor":40,"key":"SMITH"},{"data":"BloodRain","floor":42,"key":"SMITH"},{"data":"BloodyTrap","floor":44,"key":"SMITH"},{"data":"BloodyHallows","floor":49,"key":"SMITH"}],"circlet_count":0,"master_deck":["Strike_RM","Strike_RM","Strike_RM","Strike_RM","Defend_RM","Defend_RM","Defend_RM","Defend_RM","RedMoon","ScarletShoot","ScarletSymphony+1","DiffusionOfMisfortune","SuperhumanBloodyKnife","CharismaGuard","ScarletSymphony+1","ReincarnationDial+1","Maim+1","BloodyHallows+1","DiffusionOfMisfortune","FavorOfDestiny","BadLadyScramble+1","ScarletDevilSign+1","Ultimatum+1","BloodyCatastrophe+1","ScarletDevilSign+1","BloodyTrap+1","BloodRain+1","Ultimatum","Stigmanizer","UnstableMagic","HellCatastrophe+1","DiffusionOfMisfortune","BloodyHallows+1","HellCatastrophe","UltimateOffering","Mayhem","ScarletSymphony+1"],"relics":["ScarletHat","Du-Vu Doll","hubris:Reverence","Eternal Feather","Odd Mushroom","SlaversCollar","Lizard Tail","alterego_mod:SomeoneToFightFor","infinitespire:ShieldingShard","Darkstone Periapt","Sozu","WingedGreaves","Membership Card","infinitespire:Lucky Rock","infinitespire:EmpoweringShard","Blue Candle","Toolbox","Pen Nib"],"acts_visited":["Exordium","TheCity","TheBeyond"],"potions_floor_usage":[14,24,31,46,50,50],"damage_taken":[{"damage":1,"enemies":"Cultist","floor":1,"turns":3},{"damage":0,"enemies":"2 Louse","floor":4,"turns":3},{"damage":4,"enemies":"Jaw Worm","floor":5,"turns":5},{"damage":1,"enemies":"Large Slime","floor":7,"turns":5},{"damage":0,"enemies":"3 Louse","floor":8,"turns":5},{"damage":10,"enemies":"Red Slaver","floor":12,"turns":2},{"damage":5,"enemies":"The Mushroom Lair","floor":14,"turns":2},{"damage":20,"enemies":"Slime Boss","floor":16,"turns":10},{"damage":49,"enemies":"3 Byrds","floor":18,"turns":6},{"damage":0,"enemies":"Spheric Guardian","floor":19,"turns":4},{"damage":11,"enemies":"Snake Plant","floor":21,"turns":6},{"damage":5,"enemies":"Shelled Parasite and Fungi","floor":22,"turns":3},{"damage":15,"enemies":"Book of Stabbing","floor":24,"turns":6},{"damage":7,"enemies":"Centurion and Healer","floor":27,"turns":5},{"damage":13,"enemies":"Cultist and Chosen","floor":29,"turns":5},{"damage":37,"enemies":"Gremlin Leader","floor":31,"turns":5},{"damage":28,"enemies":"Champ","floor":33,"turns":6},{"damage":23,"enemies":"Orb Walker","floor":35,"turns":2},{"damage":82,"enemies":"Mind Bloom Boss Battle","floor":36,"turns":6},{"damage":35,"enemies":"3 Shapes","floor":37,"turns":3},{"damage":42,"enemies":"Maw","floor":41,"turns":7},{"damage":47,"enemies":"Transient","floor":46,"turns":5},{"damage":51,"enemies":"Giant Head","floor":47,"turns":3},{"damage":0,"enemies":"Spire Growth","floor":48,"turns":1},{"damage":19,"enemies":"Time Eater","floor":50,"turns":4}],"seed_played":"-4249862199273551308","potions_obtained":[{"floor":7,"key":"ColorlessPotion"},{"floor":8,"key":"Ancient Potion"},{"floor":12,"key":"CultistPotion"},{"floor":18,"key":"SteroidPotion"},{"floor":21,"key":"Swift Potion"},{"floor":24,"key":"DuplicationPotion"},{"floor":33,"key":"GamblersBrew"}],"is_trial":false,"path_per_floor":["M","T","?","M","M","R","M","M","T","?","R","M","R","?","R","B",null,"M","M","?","M","M","R","E","?","T","M","R","M","R","E","R","B",null,"M","?","M","?","$","R","M","R","T","R","$","M","E","M","R","B",null],"character_chosen":"REMILIA","items_purchased":["Membership Card","HellCatastrophe","infinitespire:Lucky Rock","infinitespire:EmpoweringShard","DiffusionOfMisfortune","BloodyHallows","HellCatastrophe","UltimateOffering","Toolbox","Mayhem"],"campfire_rested":0,"item_purchase_floors":[39,39,39,39,39,45,45,45,45,45],"current_hp_per_floor":[74,74,67,67,67,67,66,70,70,63,72,64,73,68,75,56,75,27,28,28,21,18,30,20,20,20,15,30,22,37,26,41,31,75,59,75,63,81,81,81,81,81,81,81,81,81,81,81,81,76],"gold":245,"neow_bonus":"ONE_RARE_RELIC","is_daily":false,"chose_seed":false,"campfire_upgraded":12,"win_rate":0.0,"timestamp":1613805144,"path_taken":["M","?","?","M","M","R","M","M","T","?","R","M","R","?","R","BOSS","M","M","?","M","?","R","E","?","T","M","R","M","R","E","R","BOSS","M","?","M","?","$","R","M","R","T","R","$","M","E","?","R","BOSS"],"items_purchased_type":["Relic","Card","Relic","Relic","Card","Card","Card","Card","Relic","Card"],"build_version":"2020-12-22","purchased_purges":2,"victory":true,"max_hp_per_floor":[75,75,75,75,75,75,75,75,75,75,75,75,75,75,75,75,75,75,75,75,75,75,75,75,75,75,75,75,75,75,75,75,75,75,75,75,75,81,81,81,81,81,81,81,81,81,81,81,81,81],"relic_stats":{"Darkstone Periapt":6,"Sozu":6,"Lizard Tail":37,"counters":[25,112],"Blue Candle":[0],"Eternal Feather":82,"Pen Nib":[1],"obtain_stats":[{"Darkstone Periapt":31,"Blue Candle":43,"Eternal Feather":10,"Pen Nib":47,"infinitespire:Lucky Rock":39,"Odd Mushroom":14,"alterego_mod:SomeoneToFightFor":25,"ScarletHat":0,"Du-Vu Doll":0,"Sozu":34,"SlaversCollar":17,"Lizard Tail":24,"infinitespire:ShieldingShard":26,"Toolbox":45,"WingedGreaves":36,"infinitespire:EmpoweringShard":39,"Membership Card":39,"hubris:Reverence":9},{"Darkstone Periapt":16,"Blue Candle":21,"Eternal Feather":5,"Pen Nib":23,"infinitespire:Lucky Rock":20,"Odd Mushroom":7,"alterego_mod:SomeoneToFightFor":13,"ScarletHat":0,"Du-Vu Doll":0,"Sozu":17,"SlaversCollar":8,"Lizard Tail":13,"infinitespire:ShieldingShard":13,"Toolbox":21,"WingedGreaves":19,"infinitespire:EmpoweringShard":20,"Membership Card":20,"hubris:Reverence":5},{"Darkstone Periapt":75,"Blue Candle":99,"Eternal Feather":21,"Pen Nib":107,"infinitespire:Lucky Rock":92,"Odd Mushroom":25,"alterego_mod:SomeoneToFightFor":60,"ScarletHat":0,"Du-Vu Doll":0,"Sozu":81,"SlaversCollar":35,"Lizard Tail":60,"infinitespire:ShieldingShard":60,"Toolbox":99,"WingedGreaves":89,"infinitespire:EmpoweringShard":92,"Membership Card":92,"hubris:Reverence":21}]},"card_choices":[{"not_picked":["HunterOfTheNight","ScarletImprint"],"picked":"ScarletSymphony","floor":1},{"not_picked":["StarOfDavid","BloodHunter"],"picked":"DiffusionOfMisfortune","floor":4},{"not_picked":["VampireKiss","RedRainbow"],"picked":"SuperhumanBloodyKnife","floor":5},{"not_picked":["ScarletImprint","UnderTheZenith"],"picked":"CharismaGuard","floor":7},{"not_picked":["BloodHunter","CharismaGuard"],"picked":"ScarletSymphony","floor":8},{"not_picked":["BlasphemousPunishment","VampireFantasy"],"picked":"ReincarnationDial","floor":12},{"not_picked":["Stigmanizer","VampireKiss"],"picked":"Maim","floor":14},{"not_picked":["CurseOfVladTepes","ScarletMeister"],"picked":"BloodyHallows","floor":16},{"not_picked":["AfternoonTea","VampireSweep"],"picked":"DiffusionOfMisfortune","floor":18},{"not_picked":["RedNightlessCastle","UnderTheZenith"],"picked":"FavorOfDestiny","floor":19},{"not_picked":["VampireKiss","Maim"],"picked":"BadLadyScramble+1","floor":21},{"not_picked":["AfternoonTea","MillenniumVampire+1"],"picked":"ScarletDevilSign","floor":22},{"not_picked":["ScarletImprint","FavorOfDestiny"],"picked":"Ultimatum","floor":24},{"not_picked":["BlasphemousPunishment","ForbiddenFruit"],"picked":"BloodyCatastrophe","floor":27},{"not_picked":["Maim+1","Stigmanizer"],"picked":"ScarletDevilSign+1","floor":27},{"not_picked":["MillenniumVampire+1","MastersStateliness","UnstableMagic"],"picked":"SKIP","floor":29},{"not_picked":["Septette","MastersStateliness"],"picked":"BloodyTrap","floor":31},{"not_picked":["CeilingFear","ForecastOfChange"],"picked":"BloodRain","floor":33},{"not_picked":["EternalNight+1","UnderTheZenith+1","FavorOfDestiny+1"],"picked":"SKIP","floor":35},{"not_picked":["DevilSight+1","GlobalNightmare+1"],"picked":"Ultimatum","floor":36},{"not_picked":["RedRainbow","FavorOfDestiny"],"picked":"Stigmanizer","floor":37},{"not_picked":["MastersStateliness+1","BloodHunter"],"picked":"UnstableMagic","floor":37},{"not_picked":["VampireKiss","ScarletDevil","ScarletImprint+1"],"picked":"SKIP","floor":41},{"not_picked":["UnderTheZenith+1","VampireClaw"],"picked":"ScarletSymphony+1","floor":46},{"not_picked":["VampireKiss","UnstableMagic+1","EndlessAdversity+1"],"picked":"SKIP","floor":47},{"not_picked":["CeilingFear","HunterOfTheNight+1","VampireKiss"],"picked":"SKIP","floor":48}],"player_experience":994057,"relics_obtained":[{"floor":9,"key":"hubris:Reverence"},{"floor":14,"key":"Odd Mushroom"},{"floor":24,"key":"Lizard Tail"},{"floor":26,"key":"infinitespire:ShieldingShard"},{"floor":31,"key":"Darkstone Periapt"},{"floor":36,"key":"WingedGreaves"},{"floor":43,"key":"Blue Candle"},{"floor":47,"key":"Pen Nib"}],"event_choices":[{"cards_removed":["Writhe"],"damage_healed":0,"gold_gain":0,"player_choice":"Card Removal","damage_taken":7,"max_hp_gain":0,"max_hp_loss":0,"event_name":"Golden Wing","floor":3,"gold_loss":0},{"damage_healed":0,"gold_gain":0,"player_choice":"Success","damage_taken":7,"relics_obtained":["Eternal Feather"],"max_hp_gain":0,"max_hp_loss":0,"event_name":"Scrap Ooze","floor":10,"gold_loss":0},{"damage_healed":0,"gold_gain":0,"player_choice":"Fought Mushrooms","damage_taken":0,"max_hp_gain":0,"max_hp_loss":0,"event_name":"Mushrooms","floor":14,"gold_loss":0},{"damage_healed":0,"gold_gain":275,"player_choice":"Desecrate","damage_taken":0,"max_hp_gain":0,"max_hp_loss":0,"event_name":"Golden Shrine","floor":20,"gold_loss":0,"cards_obtained":["Regret"]},{"damage_healed":0,"gold_gain":0,"player_choice":"Choice 2","damage_taken":0,"relics_obtained":["alterego_mod:SomeoneToFightFor"],"max_hp_gain":0,"max_hp_loss":0,"event_name":"Secret Garden","floor":25,"gold_loss":0},{"damage_healed":0,"gold_gain":0,"player_choice":"Fight","damage_taken":0,"max_hp_gain":0,"max_hp_loss":0,"event_name":"MindBloom","floor":36,"gold_loss":0},{"damage_healed":19,"gold_gain":0,"player_choice":"Writhe","damage_taken":0,"max_hp_gain":0,"max_hp_loss":0,"event_name":"Winding Halls","floor":38,"gold_loss":0,"cards_obtained":["Writhe"]}],"is_beta":false,"boss_relics":[{"not_picked":["Empty Cage","Pandora\u0027s Box"],"picked":"SlaversCollar"},{"not_picked":["hubris:Stopwatch","hubris:BlackHole"],"picked":"Sozu"}],"items_purged_floors":[39,45],"is_endless":false,"potions_floor_spawned":[7,8,12,18,21,27,29,33,37,41,46,47],"ascension_level":0}}