{"host":"u0qetpmu4y58k1tf","time":1613808895,"event":{"mods":["100% Spire Juice","AchievementEnabler","Act Like it!","BaseMod","CapriCore","Colored Map","Colored Powertips","Hermit","Koishi","Marisa£¨Ùöéë¡¡Øª×âÞÞ£©","Minty Spire (QoL Compilation)","Quick Restart","Reliquary","Replay The Spire","StSLib","Td1madao Mod","The Bug Knight","The Cursed","The Dragon Tamer","The Gatherer","The Hierophant","The Immortal","The Jungle","The Runesmith","WarShipGirlsR/??á´Ò³R mod"],"gold_per_floor":[112,112,112,37,48,77,77,107,155,155,155],"floor_reached":10,"language":"KOR","playtime":163,"items_purged":["Regret"],"score":124,"play_id":"c07facd9-72f7-4fe0-83bc-7595171302f4","local_time":"20210220171455","is_ascension_mode":true,"campfire_choices":[{"data":"Berserk","floor":7,"key":"SMITH"}],"circlet_count":0,"master_deck":["Strike_R","Strike_R","Strike_R","Strike_R","Defend_R","Defend_R","Defend_R","Defend_R","Bash","Sentinel","Flex","Berserk+1","Exhume"],"relics":["Burning Blood","NeowsBlessing","reliquary:WeakTea","Pantograph","Shovel","reliquary:SilkGlove"],"acts_visited":["Exordium"],"potions_floor_usage":[8,10],"damage_taken":[{"damage":0,"enemies":"Small Slimes","floor":1,"turns":1},{"damage":0,"enemies":"Jaw Worm","floor":5,"turns":1},{"damage":0,"enemies":"Gremlin Nob","floor":6,"turns":1},{"damage":39,"enemies":"Lagavulin","floor":8,"turns":7},{"damage":84,"enemies":"Gremlin Nob","floor":10,"turns":5}],"seed_played":"8671643532055188035","potions_obtained":[{"floor":5,"key":"Dexterity Potion"},{"floor":6,"key":"BloodPotion"}],"is_trial":false,"path_per_floor":["M","?","?","$","M","E","R","E","T","E"],"character_chosen":"IRONCLAD","items_purchased":[],"campfire_rested":0,"item_purchase_floors":[],"current_hp_per_floor":[80,80,80,80,80,80,80,47,47,0,0],"gold":155,"neow_bonus":"THREE_ENEMY_KILL","is_daily":false,"chose_seed":false,"campfire_upgraded":1,"win_rate":0.0,"timestamp":1613808895,"path_taken":["M","?","?","?","?","E","R","E","T","E"],"items_purchased_type":[],"build_version":"2020-12-22","purchased_purges":1,"victory":false,"max_hp_per_floor":[80,80,80,80,80,80,80,80,80,80,80],"card_choices":[{"not_picked":["Heavy Blade","Cleave"],"picked":"Sentinel","floor":1},{"not_picked":["Clothesline","Sword Boomerang"],"picked":"Flex","floor":5},{"not_picked":["Cleave","Flex"],"picked":"Berserk","floor":6},{"not_picked":["Thunderclap","Headbutt"],"picked":"Exhume","floor":8}],"player_experience":185704,"relics_obtained":[{"floor":6,"key":"Pantograph"},{"floor":8,"key":"Shovel"},{"floor":9,"key":"reliquary:SilkGlove"}],"event_choices":[{"damage_healed":0,"gold_gain":0,"player_choice":"Box","damage_taken":0,"relics_obtained":["reliquary:WeakTea"],"max_hp_gain":0,"max_hp_loss":0,"event_name":"Big Fish","floor":2,"gold_loss":0,"cards_obtained":["Regret"]}],"is_beta":false,"boss_relics":[],"items_purged_floors":[4],"is_endless":false,"potions_floor_spawned":[5,6],"killed_by":"Gremlin Nob","ascension_level":5}}