{"host":"6a9c3xws62y7efyw","time":1613854109,"event":{"mods":["BaseMod","Colored Map","Minty Spire (QoL Compilation)","Relic Stats","StSLib"],"gold_per_floor":[116,135,135,135,148,176,190,190,216,216,235,235,264,326,338,423,435,461,473,317,317,31,57,57,88,113,140,140,159,159,175,175,253,253,268,268,317,332,357,357,389,406,433,444,474,474,474,485,485,485,485,485,485,1,30,30,30],"floor_reached":56,"language":"ENG","playtime":4718,"items_purged":[],"score":2167,"play_id":"76782a8e-e363-47c9-b8d6-66166f3b6bb3","local_time":"20210220124829","is_ascension_mode":true,"campfire_choices":[{"data":"Bullet Time","floor":8.0,"key":"SMITH"},{"floor":10.0,"key":"REST"},{"data":"Blade Dance","floor":12.0,"key":"SMITH"},{"data":"All Out Attack","floor":15.0,"key":"SMITH"},{"data":"A Thousand Cuts","floor":24.0,"key":"SMITH"},{"data":"Cloak And Dagger","floor":28.0,"key":"SMITH"},{"data":"Accuracy","floor":32.0,"key":"SMITH"},{"floor":40.0,"key":"RECALL"},{"data":"Burst","floor":46.0,"key":"SMITH"},{"data":"Accuracy","floor":49.0,"key":"SMITH"},{"data":"Strike_G+1","floor":53.0,"key":"PURGE"}],"circlet_count":0,"master_deck":["AscendersBane","Strike_G+1","Strike_G+1","Defend_G+1","Defend_G+1","Defend_G+1","Defend_G+1","Survivor","Neutralize+1","Quick Slash+1","Endless Agony","All Out Attack+1","Bullet Time+1","Acrobatics","Blade Dance+1","Cloak And Dagger+1","A Thousand Cuts+1","Slice","Accuracy+1","Escape Plan","Infinite Blades","Corpse Explosion","Corpse Explosion","Dash","Distraction+1","Burst+1","Cloak And Dagger+1","Master of Strategy","Dark Shackles","Finisher","Leg Sweep","Well Laid Plans+1","Blur+1","Accuracy+1","Backflip","Venomology","Terror"],"relics":["Ring of the Snake","Whetstone","Kunai","Omamori","MawBank","SlaversCollar","Blood Vial","Lee\u0027s Waffle","Vajra","Regal Pillow","Potion Belt","Juzu Bracelet","WarpedTongs","Coffee Dripper","Gambling Chip","Peace Pipe","Bag of Preparation","Blue Candle","Pen Nib","Sling","Bronze Scales","Bottled Lightning"],"acts_visited":["Exordium","TheCity","TheBeyond","TheEnding"],"potions_floor_usage":[56,56,56,56],"damage_taken":[{"damage":0.0,"enemies":"Cultist","floor":1.0,"turns":4.0},{"damage":0.0,"enemies":"2 Louse","floor":2.0,"turns":3.0},{"damage":5.0,"enemies":"Small Slimes","floor":5.0,"turns":3.0},{"damage":17.0,"enemies":"Lagavulin","floor":6.0,"turns":6.0},{"damage":0.0,"enemies":"Gremlin Gang","floor":7.0,"turns":1.0},{"damage":1.0,"enemies":"Blue Slaver","floor":11.0,"turns":3.0},{"damage":0.0,"enemies":"Gremlin Nob","floor":13.0,"turns":3.0},{"damage":23.0,"enemies":"Slime Boss","floor":16.0,"turns":11.0},{"damage":14.0,"enemies":"Shell Parasite","floor":18.0,"turns":3.0},{"damage":22.0,"enemies":"Book of Stabbing","floor":23.0,"turns":6.0},{"damage":0.0,"enemies":"Gremlin Leader","floor":25.0,"turns":3.0},{"damage":0.0,"enemies":"Slavers","floor":27.0,"turns":1.0},{"damage":0.0,"enemies":"Spheric Guardian","floor":29.0,"turns":3.0},{"damage":0.0,"enemies":"Centurion and Healer","floor":31.0,"turns":4.0},{"damage":3.0,"enemies":"Automaton","floor":33.0,"turns":5.0},{"damage":3.0,"enemies":"Orb Walker","floor":35.0,"turns":4.0},{"damage":10.0,"enemies":"2 Orb Walkers","floor":37.0,"turns":3.0},{"damage":5.0,"enemies":"3 Darklings","floor":38.0,"turns":2.0},{"damage":0.0,"enemies":"Mind Bloom Boss Battle","floor":39.0,"turns":3.0},{"damage":10.0,"enemies":"Giant Head","floor":41.0,"turns":5.0},{"damage":0.0,"enemies":"Spire Growth","floor":42.0,"turns":4.0},{"damage":0.0,"enemies":"Transient","floor":44.0,"turns":6.0},{"damage":0.0,"enemies":"Reptomancer","floor":45.0,"turns":4.0},{"damage":0.0,"enemies":"Maw","floor":48.0,"turns":7.0},{"damage":46.0,"enemies":"Awakened One","floor":50.0,"turns":13.0},{"damage":22.0,"enemies":"Time Eater","floor":51.0,"turns":11.0},{"damage":3.0,"enemies":"Shield and Spear","floor":55.0,"turns":8.0},{"damage":84,"enemies":"The Heart","floor":56,"turns":6}],"seed_played":"8018070222283553653","potions_obtained":[{"floor":1.0,"key":"Energy Potion"},{"floor":7.0,"key":"ColorlessPotion"},{"floor":11.0,"key":"GamblersBrew"},{"floor":16.0,"key":"Fire Potion"},{"floor":23.0,"key":"Swift Potion"},{"floor":27.0,"key":"Weak Potion"},{"floor":31.0,"key":"Regen Potion"},{"floor":39.0,"key":"FearPotion"},{"floor":42.0,"key":"Ancient Potion"},{"floor":48.0,"key":"Poison Potion"}],"is_trial":false,"path_per_floor":["M","M","T","?","M","E","M","R","T","R","M","R","E","?","R","B",null,"M","?","$","?","$","E","R","E","T","E","R","M","?","M","R","B",null,"M","?","?","M","?","R","E","M","T","M","E","R","?","M","R","B","B",null,"R","$","E","B"],"character_chosen":"THE_SILENT","items_purchased":["Blood Vial","Lee\u0027s Waffle","Accuracy","Escape Plan","Pen Nib","Sling","Bronze Scales"],"campfire_rested":1,"item_purchase_floors":[20,22,22,22,54,54,54],"current_hp_per_floor":[44,44,44,44,39,22,22,22,22,41,40,40,40,34,34,11,52,38,38,38,20,78,56,56,58,58,60,60,62,62,64,64,63,74,73,63,55,52,54,54,46,48,48,50,52,52,52,66,66,37,17,63,63,63,62,0,0],"gold":30,"neow_bonus":"REMOVE_TWO","is_daily":false,"chose_seed":false,"campfire_upgraded":8,"win_rate":0.0,"timestamp":1613854109,"path_taken":["M","M","?","?","M","E","M","R","T","R","M","R","E","?","R","BOSS","M","?","$","?","$","E","R","E","T","E","R","M","?","M","R","BOSS","M","?","?","M","?","R","E","M","T","M","E","R","?","M","R","BOSS","BOSS","R","$","E","BOSS"],"items_purchased_type":["Relic","Relic","Card","Card","Relic","Relic","Relic"],"build_version":"2020-12-22","purchased_purges":0,"victory":false,"max_hp_per_floor":[66,66,66,66,66,66,66,66,66,66,66,66,66,66,66,66,66,66,66,66,71,78,78,78,78,78,78,78,78,78,78,78,78,78,78,78,78,78,78,78,78,78,78,78,78,78,78,78,78,78,78,78,78,78,78,78,78],"relic_stats":{"Lee\u0027s Waffle":58,"Regal Pillow":0,"counters":[28,135],"Blue Candle":[0],"Pen Nib":[3],"Juzu Bracelet":1,"Bag of Preparation":[16],"Whetstone":["Strike_G","Neutralize"],"MawBank":84,"WarpedTongs":[85],"Blood Vial":36,"Peace Pipe":1,"Gambling Chip":[46],"Bronze Scales":[111],"Kunai":[113],"obtain_stats":[{"Potion Belt":26,"Lee\u0027s Waffle":22,"Regal Pillow":25,"Blue Candle":45,"Vajra":23,"Pen Nib":54,"Omamori":9,"Juzu Bracelet":27,"Bag of Preparation":41,"Whetstone":3,"MawBank":13,"Sling":54,"WarpedTongs":30,"Blood Vial":20,"Peace Pipe":39,"SlaversCollar":17,"Gambling Chip":37,"Bronze Scales":54,"Coffee Dripper":34,"Kunai":6,"Bottled Lightning":55,"Ring of the Snake":0},{"Potion Belt":11,"Lee\u0027s Waffle":9,"Regal Pillow":11,"Blue Candle":23,"Vajra":10,"Pen Nib":26,"Omamori":5,"Juzu Bracelet":12,"Bag of Preparation":20,"Whetstone":2,"MawBank":7,"Sling":26,"WarpedTongs":13,"Blood Vial":9,"Peace Pipe":19,"SlaversCollar":8,"Gambling Chip":17,"Bronze Scales":26,"Coffee Dripper":15,"Kunai":4,"Bottled Lightning":27,"Ring of the Snake":0},{"Potion Belt":46,"Lee\u0027s Waffle":37,"Regal Pillow":46,"Blue Candle":90,"Vajra":43,"Pen Nib":121,"Omamori":17,"Juzu Bracelet":47,"Bag of Preparation":76,"Whetstone":7,"MawBank":23,"Sling":121,"WarpedTongs":50,"Blood Vial":37,"Peace Pipe":71,"SlaversCollar":34,"Gambling Chip":66,"Bronze Scales":121,"Coffee Dripper":59,"Kunai":16,"Bottled Lightning":129,"Ring of the Snake":0}],"Ring of the Snake":[59]},"card_choices":[{"not_picked":["Acrobatics","Caltrops"],"picked":"Quick Slash","floor":1.0},{"not_picked":["Slice","Accuracy"],"picked":"Endless Agony","floor":2.0},{"not_picked":["Deflect","Quick Slash"],"picked":"All Out Attack","floor":5.0},{"not_picked":["Outmaneuver","Prepared"],"picked":"Bullet Time","floor":6.0},{"not_picked":["Deadly Poison","Well Laid Plans"],"picked":"Acrobatics","floor":7.0},{"not_picked":["Acrobatics","Slice"],"picked":"Blade Dance","floor":11.0},{"not_picked":["Quick Slash","Sucker Punch"],"picked":"Cloak And Dagger","floor":13.0},{"not_picked":["Corpse Explosion","Doppelganger"],"picked":"A Thousand Cuts","floor":16.0},{"not_picked":["Dagger Throw","Poisoned Stab"],"picked":"Slice","floor":18.0},{"not_picked":["Malaise","Flying Knee"],"picked":"Infinite Blades","floor":23.0},{"not_picked":["Deflect","Dagger Spray"],"picked":"Corpse Explosion","floor":25.0},{"not_picked":["Bane","Dagger Throw"],"picked":"Corpse Explosion","floor":27.0},{"not_picked":["Concentrate","Masterful Stab"],"picked":"Dash","floor":29.0},{"not_picked":["Deadly Poison","Skewer"],"picked":"Distraction+1","floor":31.0},{"not_picked":["Doppelganger","Adrenaline"],"picked":"Burst","floor":33.0},{"not_picked":["Backflip","Finisher"],"picked":"Cloak And Dagger+1","floor":35.0},{"not_picked":["Magnetism","Jack Of All Trades"],"picked":"Master of Strategy","floor":36.0},{"not_picked":["Transmutation","Apotheosis"],"picked":"Dark Shackles","floor":36.0},{"not_picked":["Quick Slash","Poisoned Stab"],"picked":"Finisher","floor":37.0},{"not_picked":["Bane","Dodge and Roll"],"picked":"Leg Sweep","floor":38.0},{"not_picked":["Sucker Punch","Accuracy"],"picked":"Well Laid Plans+1","floor":39.0},{"not_picked":["Heel Hook","Backstab"],"picked":"Blur+1","floor":41.0},{"not_picked":["Prepared+1","Backstab+1"],"picked":"Accuracy","floor":42.0},{"not_picked":["Prepared","Deflect+1"],"picked":"Backflip","floor":44.0},{"not_picked":["Slice+1","Outmaneuver"],"picked":"Venomology","floor":45.0},{"not_picked":["Footwork","Setup"],"picked":"Terror","floor":48.0},{"not_picked":["Tactician","Eviscerate","Reflex"],"picked":"SKIP","floor":55.0}],"player_experience":1564063,"relics_obtained":[{"floor":3.0,"key":"Whetstone"},{"floor":6.0,"key":"Kunai"},{"floor":9.0,"key":"Omamori"},{"floor":13.0,"key":"MawBank"},{"floor":23.0,"key":"Vajra"},{"floor":25.0,"key":"Regal Pillow"},{"floor":26.0,"key":"Potion Belt"},{"floor":27.0,"key":"Juzu Bracelet"},{"floor":37.0,"key":"Gambling Chip"},{"floor":39.0,"key":"Peace Pipe"},{"floor":41.0,"key":"Bag of Preparation"},{"floor":45.0,"key":"Blue Candle"},{"floor":55.0,"key":"Bottled Lightning"}],"event_choices":[{"damage_healed":0.0,"max_hp_gain":0.0,"max_hp_loss":0.0,"gold_gain":0.0,"event_name":"Living Wall","player_choice":"Grow","floor":4.0,"gold_loss":0.0,"damage_taken":0.0,"cards_upgraded":["Quick Slash"]},{"damage_healed":0.0,"max_hp_gain":0.0,"max_hp_loss":0.0,"gold_gain":50.0,"event_name":"FaceTrader","player_choice":"Touch","floor":14.0,"gold_loss":0.0,"damage_taken":6.0},{"damage_healed":0.0,"max_hp_gain":0.0,"max_hp_loss":0.0,"gold_gain":0.0,"event_name":"Back to Basics","player_choice":"Simplicity","floor":19.0,"gold_loss":0.0,"damage_taken":0.0,"cards_upgraded":["Strike_G","Strike_G","Strike_G","Defend_G","Defend_G","Defend_G","Defend_G"]},{"damage_healed":0.0,"max_hp_gain":5.0,"max_hp_loss":0.0,"gold_gain":0.0,"event_name":"Forgotten Altar","player_choice":"Shed Blood","floor":21.0,"gold_loss":0.0,"damage_taken":23.0},{"damage_healed":0.0,"max_hp_gain":0.0,"max_hp_loss":0.0,"gold_gain":0.0,"event_name":"Accursed Blacksmith","player_choice":"Rummage","floor":30.0,"gold_loss":0.0,"damage_taken":0.0,"relics_obtained":["WarpedTongs"],"cards_obtained":["Pain"]},{"damage_healed":0.0,"max_hp_gain":0.0,"max_hp_loss":0.0,"gold_gain":0.0,"event_name":"SensoryStone","player_choice":"Memory 3","floor":36.0,"gold_loss":0.0,"damage_taken":10.0},{"damage_healed":0.0,"max_hp_gain":0.0,"max_hp_loss":0.0,"gold_gain":0.0,"event_name":"Mysterious Sphere","player_choice":"Fight","floor":37.0,"gold_loss":0.0,"damage_taken":0.0},{"damage_healed":0.0,"max_hp_gain":0.0,"max_hp_loss":0.0,"gold_gain":0.0,"event_name":"MindBloom","player_choice":"Fight","floor":39.0,"gold_loss":0.0,"damage_taken":0.0},{"cards_removed":["Strike_G"],"damage_healed":0.0,"max_hp_gain":0.0,"max_hp_loss":0.0,"gold_gain":0.0,"event_name":"Falling","player_choice":"Removed Attack","floor":47.0,"gold_loss":0.0,"damage_taken":0.0}],"is_beta":false,"boss_relics":[{"not_picked":["Astrolabe","Tiny House"],"picked":"SlaversCollar"},{"not_picked":["HoveringKite","Velvet Choker"],"picked":"Coffee Dripper"}],"items_purged_floors":[],"is_endless":false,"potions_floor_spawned":[1,7,11,16,23,27,31,39,42,48],"killed_by":"The Heart","ascension_level":20}}