{"host":"o9lehcdjc4u6j9un","time":1613853601,"event":{"mods":["Aspiration","BaseMod","Better-Laid Plans","Bossed Relics","Colored Map","Downfall","Gremlin Mod","Hermit","Koishi","Marisa£®ÏF”Í°°ƒß¿Ì…≥£©","Minty Spire (QoL Compilation)","Reimu£®≤©¿ˆ¡È√Œ£©","Remilia£®¿Ÿ√◊¿Ú—«£©","Robot Space Explorer","StSLib","The Alterego","The Hierophant","The Jungle","The Marked","The Runesmith","The Senshi","The Servant 0.9.4","Yakumo Yukari mod","Youmu£®ªÍ∆«—˝√Œ£©","≤–¡Ù÷ÆŒÔ"],"gold_per_floor":[113,113,133,147,147,176,251,262,288,288,31,66,76,101,101,206,206,206,206],"floor_reached":18,"language":"ZHS","playtime":717,"items_purged":["Strike_G"],"score":189,"play_id":"56a1267d-7de0-4afb-bfd8-a9b812a11915","local_time":"20210221044001","is_ascension_mode":true,"campfire_choices":[{"data":"Sucker Punch","floor":10,"key":"SMITH"},{"data":"Phantasmal Killer","floor":15,"key":"SMITH"}],"circlet_count":0,"master_deck":["Strike_G","Strike_G","Strike_G","Strike_G","Defend_G","Defend_G","Defend_G","Defend_G","Defend_G","Survivor","Neutralize","Riddle With Holes","Dagger Throw","Tactician","Deflect","Crippling Poison","PiercingWail","Sucker Punch+1","Prepared","Escape Plan","Terror","Phantasmal Killer+1","Dagger Throw","Deadly Poison","A Thousand Cuts"],"relics":["Ring of the Snake","aspiration:ChemicalBlood","Boot","Guardian:BottledAnomaly","Omamori","aspiration:HiddenCompartment","aspiration:SecretTechniqueScroll"],"acts_visited":["Exordium","TheCity"],"potions_floor_usage":[12,14],"damage_taken":[{"damage":0,"enemies":"Jaw Worm","floor":1,"turns":6},{"damage":0,"enemies":"Cultist","floor":3,"turns":4},{"damage":1,"enemies":"2 Louse","floor":4,"turns":3},{"damage":17,"enemies":"3 Sentries","floor":6,"turns":8},{"damage":4,"enemies":"Looter","floor":8,"turns":3},{"damage":10,"enemies":"Lagavulin","floor":12,"turns":5},{"damage":6,"enemies":"Exordium Wildlife","floor":13,"turns":3},{"damage":13,"enemies":"Gremlin Nob","floor":14,"turns":3},{"damage":9,"enemies":"Hexaghost","floor":16,"turns":8},{"damage":0,"enemies":"2 Thieves","floor":18,"turns":1}],"seed_played":"-7884739244729518167","potions_obtained":[{"floor":2,"key":"EntropicBrew"},{"floor":2,"key":"CunningPotion"},{"floor":2,"key":"Poison Potion"},{"floor":12,"key":"Ancient Potion"},{"floor":14,"key":"Weak Potion"}],"is_trial":false,"path_per_floor":["M","?","M","M","?","E","?","M","T","R","$","E","M","E","R","B",null,"M"],"character_chosen":"THE_SILENT","items_purchased":["Guardian:BottledAnomaly","Terror"],"campfire_rested":0,"item_purchase_floors":[11,11],"current_hp_per_floor":[77,77,77,76,76,59,48,44,44,44,44,34,28,15,15,6,77,77,77],"gold":206,"neow_bonus":"TEN_PERCENT_HP_BONUS","is_daily":false,"chose_seed":false,"campfire_upgraded":2,"win_rate":0.0,"timestamp":1613853601,"path_taken":["M","?","?","M","?","E","?","M","T","R","?","E","M","E","R","BOSS","M"],"items_purchased_type":["Relic","Card"],"build_version":"2020-12-22","purchased_purges":1,"victory":false,"max_hp_per_floor":[77,77,77,77,77,77,77,77,77,77,77,77,77,77,77,77,77,77,77],"card_choices":[{"not_picked":["Acrobatics","All Out Attack"],"picked":"Riddle With Holes","floor":1},{"not_picked":["Choke","Acrobatics","Catalyst"],"picked":"SKIP","floor":3},{"not_picked":["Slice","Caltrops"],"picked":"Dagger Throw","floor":4},{"not_picked":["All Out Attack","Sucker Punch"],"picked":"Prepared","floor":6},{"not_picked":["Predator","Backflip"],"picked":"Escape Plan","floor":8},{"not_picked":["Outmaneuver","Dagger Throw"],"picked":"Phantasmal Killer","floor":12},{"not_picked":["Cloak And Dagger","Slice"],"picked":"Dagger Throw","floor":13},{"not_picked":["Blur","Backstab"],"picked":"Deadly Poison","floor":14},{"not_picked":["Venomology","Die Die Die"],"picked":"A Thousand Cuts","floor":16}],"player_experience":402744,"relics_obtained":[{"floor":6,"key":"aspiration:ChemicalBlood"},{"floor":9,"key":"Boot"},{"floor":12,"key":"Omamori"},{"floor":14,"key":"aspiration:HiddenCompartment"}],"event_choices":[{"damage_healed":0,"gold_gain":0,"player_choice":"Got Potions","damage_taken":0,"max_hp_gain":0,"max_hp_loss":0,"event_name":"Lab","floor":2,"gold_loss":0},{"damage_healed":0,"gold_gain":75,"player_choice":"Gather Gold","damage_taken":11,"max_hp_gain":0,"max_hp_loss":0,"event_name":"World of Goop","floor":7,"gold_loss":0}],"is_beta":false,"boss_relics":[{"not_picked":["aspiration:RunicSpoon","Black Star"],"picked":"aspiration:SecretTechniqueScroll"}],"items_purged_floors":[11],"is_endless":false,"potions_floor_spawned":[3,8,12,13],"killed_by":"2 Thieves","ascension_level":1}}