{"host":"zs3tguvuxkh90jf4","time":1613857946,"event":{"mods":["AchievementEnabler","BaseMod","Better Silent Start","Better-Laid Plans","BetterRewards","Block Reminder","Colored Map","Colored Powertips","Gold Saver","Minty Spire (QoL Compilation)","Shop Mod","StSLib","Transform Curses"],"gold_per_floor":[1836,635,635,650,664,691,691,710,764,797,797,797,292,312,312,384,384,403,1082,1097,156,171,171,171,171],"floor_reached":24,"language":"ENG","playtime":1242,"items_purged":["Strike_B","Defend_B","Strike_B","Defend_B"],"score":437,"play_id":"89d19e14-aa7e-4f06-b583-5f2e9129b1aa","local_time":"20210220135226","is_ascension_mode":true,"campfire_choices":[{"floor":7.0,"key":"REST"},{"floor":12.0,"key":"REST"},{"floor":15.0,"key":"REST"},{"floor":23.0,"key":"REST"}],"circlet_count":0,"master_deck":["AscendersBane","Strike_B","Strike_B","Defend_B","Defend_B","Zap","Dualcast","Echo Form","Streamline","Gash","Coolheaded","Thunder Strike","White Noise","Leap","Go for the Eyes","Beam Cell","Loop","Secret Technique","Aggregate","Stack","Chill","Blizzard","Genetic Algorithm","Consume","Reboot","BootSequence","Redo+1","Redo+1","Capacitor","Steam+1","Hologram+1"],"relics":["Cracked Core","White Beast Statue","Toy Ornithopter","MerchantsRug","FaceOfCleric","Oddly Smooth Stone","Boot","Symbiotic Virus","Potion Belt","Pen Nib","Nuclear Battery","Toxic Egg 2","DollysMirror","Frozen Egg 2","Bottled Tornado","Strange Spoon"],"acts_visited":["TheCity"],"potions_floor_usage":[24],"damage_taken":[{"damage":1.0,"enemies":"Cultist","floor":1.0,"turns":3.0},{"damage":11.0,"enemies":"Small Slimes","floor":4.0,"turns":4.0},{"damage":5.0,"enemies":"Jaw Worm","floor":5.0,"turns":3.0},{"damage":31.0,"enemies":"Lagavulin","floor":6.0,"turns":5.0},{"damage":10.0,"enemies":"Large Slime","floor":8.0,"turns":7.0},{"damage":18.0,"enemies":"3 Sentries","floor":10.0,"turns":7.0},{"damage":9.0,"enemies":"Blue Slaver","floor":14.0,"turns":3.0},{"damage":30.0,"enemies":"The Guardian","floor":16.0,"turns":10.0},{"damage":13.0,"enemies":"Spheric Guardian","floor":18.0,"turns":8.0},{"damage":20.0,"enemies":"Shell Parasite","floor":20.0,"turns":3.0},{"damage":17.0,"enemies":"Sentry and Sphere","floor":22.0,"turns":5.0},{"damage":155,"enemies":"Gremlin Leader","floor":24,"turns":7}],"seed_played":"-3424626644097403649","potions_obtained":[{"floor":4.0,"key":"LiquidBronze"},{"floor":5.0,"key":"FairyPotion"},{"floor":14.0,"key":"Dexterity Potion"},{"floor":16.0,"key":"CultistPotion"},{"floor":18.0,"key":"Dexterity Potion"},{"floor":20.0,"key":"SkillPotion"}],"is_trial":false,"path_per_floor":["M","$","?","M","M","E","R","M","T","E","?","R","$","M","R","B",null,"M","$","M","$","M","R","E"],"character_chosen":"DEFECT","items_purchased":["Gash","White Beast Statue","Toy Ornithopter","Coolheaded","Orrery","Loop","Secret Technique","MerchantsRug","Genetic Algorithm","Potion Belt","Pen Nib","Toxic Egg 2","Redo+1","DollysMirror","Capacitor","Frozen Egg 2","FairyPotion","Bottled Tornado","Strange Spoon"],"campfire_rested":4,"item_purchase_floors":[2,2,2,2,2,2,2,2,13,13,13,19,19,19,19,21,21,21,21],"current_hp_per_floor":[63,63,63,53,49,29,54,45,45,28,2,27,27,19,45,26,73,61,61,42,42,26,53,0,0],"gold":171,"neow_bonus":"ONE_RANDOM_RARE_CARD","is_daily":false,"chose_seed":false,"campfire_upgraded":0,"win_rate":0.0,"timestamp":1613857946,"path_taken":["M","$","?","M","M","E","R","?","T","E","?","R","$","M","R","BOSS","M","$","M","$","M","R","E"],"items_purchased_type":["Card","Relic","Relic","Card","Relic","Card","Card","Relic","Card","Relic","Relic","Relic","Card","Relic","Card","Relic","Potion","Relic","Relic"],"build_version":"2020-12-22","purchased_purges":4,"victory":false,"max_hp_per_floor":[71,71,71,72,73,84,84,85,85,86,86,86,86,87,87,88,88,89,89,90,90,91,91,91,91],"card_choices":[{"not_picked":["Ball Lightning","Redo"],"picked":"Streamline","floor":1.0},{"not_picked":["Leap","Steam"],"picked":"Thunder Strike","floor":2.0},{"not_picked":["Conserve Battery","Coolheaded"],"picked":"White Noise","floor":2.0},{"not_picked":["Echo Form","Sunder"],"picked":"Leap","floor":2.0},{"not_picked":["Skim","Reprogram"],"picked":"Go for the Eyes","floor":2.0},{"not_picked":["Steam","Rebound"],"picked":"Beam Cell","floor":2.0},{"not_picked":["Leap","Reinforced Body"],"picked":"Aggregate","floor":4.0},{"not_picked":["Leap","Reprogram"],"picked":"Stack","floor":5.0},{"not_picked":["Cold Snap","White Noise"],"picked":"Chill","floor":6.0},{"not_picked":["Biased Cognition","Go for the Eyes","Conserve Battery"],"picked":"SKIP","floor":8.0},{"not_picked":["Biased Cognition","Go for the Eyes","Conserve Battery"],"picked":"SKIP","floor":8.0},{"not_picked":["Ball Lightning","Cold Snap"],"picked":"Blizzard","floor":10.0},{"not_picked":["Streamline","Ball Lightning"],"picked":"Consume","floor":14.0},{"not_picked":["Thunder Strike","Creative AI"],"picked":"Reboot","floor":16.0},{"not_picked":["Genetic Algorithm","Force Field"],"picked":"BootSequence","floor":18.0},{"not_picked":["Recycle+1","Go for the Eyes+1"],"picked":"Steam+1","floor":20.0},{"not_picked":["Barrage","Leap+1"],"picked":"Hologram+1","floor":22.0}],"player_experience":605450,"relics_obtained":[{"floor":6.0,"key":"Pear"},{"floor":9.0,"key":"Oddly Smooth Stone"},{"floor":10.0,"key":"Boot"}],"event_choices":[{"damage_healed":0.0,"max_hp_gain":0.0,"max_hp_loss":0.0,"gold_gain":0.0,"event_name":"FaceTrader","player_choice":"Trade","floor":3.0,"gold_loss":0.0,"damage_taken":0.0,"relics_obtained":["FaceOfCleric"]},{"damage_healed":0.0,"max_hp_gain":0.0,"max_hp_loss":0.0,"gold_gain":0.0,"event_name":"Scrap Ooze","player_choice":"Success","floor":11.0,"gold_loss":0.0,"damage_taken":26.0,"relics_obtained":["Symbiotic Virus"]}],"is_beta":false,"boss_relics":[{"not_picked":["Fusion Hammer","FrozenCore"],"picked":"Nuclear Battery"}],"items_purged_floors":[2,13,19,21],"is_endless":false,"potions_floor_spawned":[4,5,6,8,10,14,16,18,20,22],"killed_by":"Gremlin Leader","ascension_level":20}}