{"host":"5qewjvycy34u7aeo","time":1613825698,"event":{"mods":["BaseMod","Downfall","GifTheSpireLib","Hubris","Infinite Spire","Minty Spire (QoL Compilation)","Permanent Neow","Replay The Spire","StSLib","Wandering Minibosses"],"gold_per_floor":[114,114,114,131,151,179,179,192,192,192,192,221,239,255,255,356,356,371,311,311,311,323,377,407,407,431,458,474,474,474,474,489,499,499,632,632,684,684,746,468,468,529,529,562,585,449,498,545,590,645,645,645],"floor_reached":53,"language":"ENG","playtime":3334,"items_purged":["Strike_B","Defend_B","Defend_B","Defend_B"],"score":1110,"play_id":"3eedea83-780e-4518-9267-ce3eccd5d29c","local_time":"20210220065458","is_ascension_mode":true,"campfire_choices":[{"data":"Leap","floor":7,"key":"SMITH"},{"data":"ReplayTheSpireMod:Calculation Training","floor":25,"key":"SMITH"},{"floor":34,"key":"REST"},{"data":"infinitespire:NeuralNetwork","floor":34,"key":"SMITH"},{"data":"hubris:EnhanceAbility","floor":43,"key":"SMITH"},{"floor":51,"key":"REST"}],"circlet_count":0,"master_deck":["Defend_B","Zap","Dualcast","Leap+1","Glacier+1","Conserve Battery","Leap","ReplayTheSpireMod:Calculation Training+1","Buffer","Barrage+1","Cold Snap+1","infinitespire:NeuralNetwork+1","ReplayTheSpireMod:Calculation Training+1","Amplify","Glacier","FIFO Queue","hubris:EnhanceAbility+1","Leap","ReplayTheSpireMod:Calculation Training","Capacitor","Parasite","Loop+1"],"relics":["Cracked Core","NeowsBlessing","Boot","Replay:Antivirus Software","Pantograph","infinitespire:Magic Flask","CultistMask","hubris:HollowSoul","Inserter","Bottled Tornado","Enchiridion","Pen Nib","Geode","hubris:SlimyHat","hubris:64BitClover","infinitespire:EvilPickle","Empty Cage","SlaversCollar","Strawberry","Blue Candle","hubris:Zylophone","Bird Faced Urn","Potion Belt"],"acts_visited":["Exordium","TheCity","TheBeyond"],"potions_floor_usage":[6,6,8,32,48,52],"damage_taken":[{"damage":0,"enemies":"Jaw Worm","floor":1,"turns":1},{"damage":0,"enemies":"2 Louse","floor":4,"turns":1},{"damage":0,"enemies":"Cultist","floor":5,"turns":1},{"damage":7,"enemies":"Gremlin Nob","floor":6,"turns":4},{"damage":0,"enemies":"Gremlin Gang","floor":8,"turns":6},{"damage":0,"enemies":"Lagavulin","floor":12,"turns":11},{"damage":8,"enemies":"3 Louse","floor":13,"turns":4},{"damage":0,"enemies":"Blue Slaver","floor":14,"turns":4},{"damage":25,"enemies":"Hexaghost","floor":16,"turns":20},{"damage":4,"enemies":"Shell Parasite","floor":18,"turns":21},{"damage":0,"enemies":"2 Thieves","floor":19,"turns":4},{"damage":0,"enemies":"Snecko","floor":22,"turns":6},{"damage":0,"enemies":"Nightmare","floor":24,"turns":12},{"damage":6,"enemies":"Book of Stabbing","floor":27,"turns":9},{"damage":0,"enemies":"Centurion and Healer","floor":28,"turns":9},{"damage":12,"enemies":"Cultist and Chosen","floor":32,"turns":9},{"damage":0,"enemies":"3 Cultists","floor":33,"turns":7},{"damage":13,"enemies":"Pondfish","floor":35,"turns":11},{"damage":2,"enemies":"Orb Walker","floor":37,"turns":5},{"damage":22,"enemies":"3 Shapes","floor":39,"turns":4},{"damage":0,"enemies":"Giant Head","floor":42,"turns":11},{"damage":59,"enemies":"Transient","floor":47,"turns":5},{"damage":0,"enemies":"4 Shapes","floor":48,"turns":1},{"damage":0,"enemies":"Writhing Mass","floor":49,"turns":10},{"damage":18,"enemies":"Sphere and 2 Shapes","floor":50,"turns":8},{"damage":38,"enemies":"Awakened One","floor":52,"turns":11}],"seed_played":"-8243891855140886873","potions_obtained":[{"floor":3,"key":"Fire Potion"},{"floor":3,"key":"LifebloodPotion"},{"floor":3,"key":"Regen Potion"},{"floor":5,"key":"Energy Potion"},{"floor":14,"key":"PotionOfCapacity"},{"floor":16,"key":"SpeedPotion"},{"floor":18,"key":"Weak Potion"},{"floor":32,"key":"infinitespire:BlackPotion"},{"floor":35,"key":"FocusPotion"},{"floor":48,"key":"LiquidMemories"},{"floor":50,"key":"Weak Potion"}],"is_trial":false,"path_per_floor":["M","?","?","M","M","E","R","M","T","?","T","E","M","M","R","B",null,"M","M","AVR","?","M","T","NM","R","T","E","M","PTL","PTL","?","M","M","R","B",null,"M","AVR","M","$","?","E","R","?","T","$","M","M","M","M","R","B",null],"character_chosen":"DEFECT","items_purchased":["FIFO Queue","hubris:EnhanceAbility","ReplayTheSpireMod:Calculation Training"],"campfire_rested":2,"item_purchase_floors":[40,40,46],"current_hp_per_floor":[75,75,75,75,75,68,68,68,68,68,68,68,60,60,60,50,75,71,71,71,55,55,55,55,55,55,49,49,49,49,49,37,37,59,62,75,73,80,58,58,53,53,53,53,53,53,2,4,16,10,34,37],"gold":645,"neow_bonus":"THREE_ENEMY_KILL","is_daily":false,"chose_seed":false,"campfire_upgraded":4,"win_rate":0.0,"timestamp":1613825698,"path_taken":["M","?","?","?","?","E","R","M","T","?","?","E","M","M","R","BOSS","M","M","AVR","?","M","?","NM","R","T","E","M","PTL","PTL","?","M","?","R","BOSS","M","AVR","M","$","?","E","R","?","T","$","M","M","M","M","R","BOSS"],"items_purchased_type":["Card","Card","Card"],"build_version":"2020-12-22","purchased_purges":4,"victory":true,"max_hp_per_floor":[75,75,75,75,75,75,75,75,75,75,75,75,75,75,75,75,75,75,75,75,75,75,75,75,75,75,75,75,75,75,75,75,75,75,75,75,75,82,82,82,82,82,82,82,82,82,82,82,82,82,82,82],"card_choices":[{"not_picked":["Lockon","Double Energy"],"picked":"Leap","floor":1},{"not_picked":["BootSequence","Static Discharge","Stack"],"picked":"SKIP","floor":4},{"not_picked":["Redo","BootSequence","hubris:DoWhile"],"picked":"SKIP","floor":5},{"not_picked":["Multi-Cast","Gash"],"picked":"Glacier","floor":6},{"not_picked":["Barrage","Sweeping Beam"],"picked":"Conserve Battery","floor":8},{"not_picked":["Recycle","Lockon"],"picked":"Leap","floor":12},{"not_picked":["Rebound","ReplayTheSpireMod:Repulse","Conserve Battery"],"picked":"SKIP","floor":13},{"not_picked":["Compile Driver","Conserve Battery"],"picked":"ReplayTheSpireMod:Calculation Training","floor":14},{"not_picked":["Machine Learning","ReplayTheSpireMod:Omega Cannon"],"picked":"Buffer","floor":16},{"not_picked":["Coolheaded","Go for the Eyes","Conserve Battery"],"picked":"SKIP","floor":18},{"not_picked":["Ball Lightning+1","Compile Driver"],"picked":"Barrage+1","floor":19},{"not_picked":["ReplaySolidLightProjector","Steam Power+1","Ball Lightning"],"picked":"SKIP","floor":22},{"not_picked":["Skim","Steam"],"picked":"Cold Snap+1","floor":24},{"not_picked":["infinitespire:Menacing","infinitespire:Starlight"],"picked":"infinitespire:NeuralNetwork","floor":24},{"not_picked":["Steam","ReplayTheSpireMod:GoodbyeWorld+1"],"picked":"ReplayTheSpireMod:Calculation Training+1","floor":27},{"not_picked":["Rip and Tear","Stack","Hologram"],"picked":"SKIP","floor":28},{"not_picked":["Time Bomb+1","BasicCrystalCard","Redo"],"picked":"SKIP","floor":32},{"not_picked":["Reprogram","BasicCrystalCard","Redo"],"picked":"SKIP","floor":33},{"not_picked":["Meteor Strike","Reboot"],"picked":"Amplify","floor":35},{"not_picked":["Streamline+1","Steam","Panic Button+1"],"picked":"SKIP","floor":37},{"not_picked":["ReplayTheSpireMod:GoodbyeWorld+1","Sweeping Beam"],"picked":"Glacier","floor":39},{"not_picked":["BasicCrystalCard","Sweeping Beam","Rip and Tear+1"],"picked":"SKIP","floor":42},{"not_picked":["BootSequence","Cold Snap"],"picked":"Leap","floor":44},{"not_picked":["FIFO Queue+1","Hologram"],"picked":"Capacitor","floor":47},{"not_picked":["Buffer","Conserve Battery","Doom and Gloom+1"],"picked":"SKIP","floor":48},{"not_picked":["Melter","Steam+1","Panic Button+1"],"picked":"SKIP","floor":49},{"not_picked":["Recycle+1","Steam+1"],"picked":"Loop+1","floor":50}],"player_experience":479424,"relics_obtained":[{"floor":6,"key":"Boot"},{"floor":9,"key":"Replay:Antivirus Software"},{"floor":11,"key":"Pantograph"},{"floor":12,"key":"infinitespire:Magic Flask"},{"floor":21,"key":"Enchiridion"},{"floor":23,"key":"Pen Nib"},{"floor":24,"key":"Geode"},{"floor":26,"key":"hubris:SlimyHat"},{"floor":27,"key":"hubris:64BitClover"},{"floor":42,"key":"hubris:Zylophone"},{"floor":44,"key":"Bird Faced Urn"},{"floor":47,"key":"Potion Belt"}],"event_choices":[{"cards_removed":["Strike_B"],"damage_healed":0,"gold_gain":0,"player_choice":"Forget","damage_taken":0,"max_hp_gain":0,"max_hp_loss":0,"event_name":"Living Wall","floor":2,"gold_loss":0},{"damage_healed":0,"gold_gain":0,"player_choice":"Got Potions","damage_taken":0,"max_hp_gain":0,"max_hp_loss":0,"event_name":"Lab","floor":3,"gold_loss":0},{"damage_healed":0,"gold_gain":0,"player_choice":"Trade","damage_taken":0,"relics_obtained":["CultistMask"],"max_hp_gain":0,"max_hp_loss":0,"event_name":"FaceTrader","floor":15,"gold_loss":0},{"damage_healed":0,"gold_gain":0,"player_choice":"Obtained Book","damage_taken":16,"max_hp_gain":0,"max_hp_loss":0,"event_name":"Cursed Tome","floor":21,"gold_loss":0}],"is_beta":false,"boss_relics":[{"not_picked":["Snecko Eye","hubris:Stopwatch"],"picked":"hubris:HollowSoul"},{"not_picked":["Runic Pyramid","ChewingGum"],"picked":"Empty Cage"}],"items_purged_floors":[20,38,40,46],"is_endless":false,"potions_floor_spawned":[5,14,16,18,24,27,32,35,37,48,50],"ascension_level":2}}