{"host":"17xjy7b7ubl548g2","time":1613795172,"event":{"mods":["2.2 Compatiblity","Act Like it!","Aspiration","Astrologer","Bard","BaseMod","Challenge The Spire","ChefMod","Colored Map","Colored Powertips","Conspire","Elementarium","Energized Spire","Gensokyo","GifTheSpireLib","Halation","Hallownest","Hermit","Hubris","Infinite Spire","Jedi Mod","Jorbs\u0027s Wanderer Trilogy","Marisa（霧雨　魔理沙）","Marked Mod","Menagerie","Minty Spire (QoL Compilation)","Permanent Neow","Reliquary","Replay The Spire","Robot Space Explorer","Ruina","Shapeshifter Mod","Spicy Shops","Spire Arcade","StSLib","Stuff the Spire","The Blue Laboratory","The Bug Knight","The Construct","The Disciple","The Hayseed","The Hierophant","The Marked","The Runesmith","The Sage","TheFirefly"],"gold_per_floor":[109,126,201,219,44,44,44,44,98,127,22,88,116,116,116,221,221,232,232,232,245,44,44,69,69,69,69,69,89,99,124,124,222,222,235,247,247,247,260,287,307,321,346,378,378,11,11,38,38,38,38,38,13,45,45],"floor_reached":56,"language":"ENG","playtime":6390,"items_purged":["StSShapeShifter:ShapeShifter_Strike","StSShapeShifter:ShapeShifter_Strike","StSShapeShifter:ShapeShifter_Strike","StSShapeShifter:ShapeShifter_Strike"],"score":1479,"play_id":"7d258092-9365-4f87-ac18-07ce15bab428","local_time":"20210219232612","is_ascension_mode":false,"campfire_choices":[{"data":"StSShapeShifter:Flourish","floor":6.0,"key":"SMITH"},{"data":"StSShapeShifter:Uproot_Redwood","floor":8.0,"key":"SMITH"},{"data":"StSShapeShifter:Lynx_Form","floor":15.0,"key":"SMITH"},{"data":"StSShapeShifter:DragonForm","floor":23.0,"key":"SMITH"},{"data":"StSShapeShifter:TopazSkin","floor":25.0,"key":"SMITH"},{"data":"Voices","floor":27.0,"key":"SMITH"},{"data":"StSShapeShifter:MammothForm","floor":32,"key":"SMITH"},{"data":"conspire:NecroticWound","floor":45,"key":"SMITH"},{"floor":49,"key":"RECALL"},{"data":"infinitespire:Menacing","floor":52,"key":"SMITH"}],"circlet_count":0,"master_deck":["StSShapeShifter:ShapeShifter_Strike","StSShapeShifter:ShapeShifter_Defend","StSShapeShifter:ShapeShifter_Defend","StSShapeShifter:ShapeShifter_Defend","StSShapeShifter:ShapeShifter_Defend","StSShapeShifter:ShapeShifter_Defend+1","StSShapeShifter:Tortoise_Form+1","StSShapeShifter:Lynx_Form+1","StSShapeShifter:FlowerShield","StSShapeShifter:Flourish+1","StSShapeShifter:Maul","StSShapeShifter:FallingLeaves","StSShapeShifter:Uproot_Redwood+1","StSShapeShifter:BloomingSlash","StSShapeShifter:Spring+1","StSShapeShifter:BloomingSlash","StSShapeShifter:RestoreBalance+1","StSShapeShifter:Forgiveness","StSShapeShifter:DragonForm+1","StSShapeShifter:TopazSkin+1","StSShapeShifter:CursedApple","StSShapeShifter:MammothForm+1","StSShapeShifter:SunflowerShuriken","StSShapeShifter:FruitBasket+1","StSShapeShifter:Earthquake","StSShapeShifter:BulwarkOfDiscovery","StSShapeShifter:BarkSkin+1","infinitespire:Menacing+1","StSShapeShifter:VineHandcuffs+1","StSShapeShifter:ClimbTree+1","StSShapeShifter:Roar","StSShapeShifter:FesteringBite","hubris:EnhanceAbility","StSShapeShifter:SpiritOfTheEarth","StSShapeShifter:ThornedSkin+1","StSShapeShifter:Rest+1"],"relics":["StSShapeShifter:AnimalHeart","StSShapeShifter:TheShapeShiftersMagnolia","Gremlin Horn","Ancient Tea Set","Kunai","reliquary:PartyBalloon","StuffTheSpire:Gunfinga","Cursed Key","Membership Card","halation:PrussianBluePaint","reliquary:FeatherDuster","infinitespire:Cupcake","Potion Belt","reliquary:TatteredRug","Pen Nib","jedi:shrinkray","Shuriken","BargainBundle","Bag of Marbles","hubris:TinFlute","hubris:Icosahedron","StuffTheSpire:GrapeVine","reliquary:SilkGlove"],"acts_visited":["Exordium","TheCity","TheBeyond","TheEnding"],"potions_floor_usage":[40,50,55,55,55,55],"damage_taken":[{"damage":0.0,"enemies":"Jaw Worm","floor":1.0,"turns":4.0},{"damage":0.0,"enemies":"Cultist","floor":2.0,"turns":4.0},{"damage":12.0,"enemies":"conspire:RoseBush","floor":4.0,"turns":4.0},{"damage":0.0,"enemies":"Lagavulin","floor":10.0,"turns":3.0},{"damage":0.0,"enemies":"HollowMod:MossKnight","floor":13.0,"turns":1.0},{"damage":0.0,"enemies":"Slime Boss","floor":16.0,"turns":6.0},{"damage":0.0,"enemies":"conspire:FuzzyDice","floor":18.0,"turns":5.0},{"damage":2.0,"enemies":"2 Thieves","floor":21.0,"turns":2.0},{"damage":0.0,"enemies":"conspire:Head Lice","floor":24.0,"turns":3.0},{"damage":4,"enemies":"Centurion and Healer","floor":29,"turns":2},{"damage":0,"enemies":"Shelled Parasite and Fungi","floor":30,"turns":3},{"damage":21,"enemies":"conspire:SneckoGhost","floor":31,"turns":7},{"damage":38,"enemies":"Automaton","floor":33,"turns":11},{"damage":20,"enemies":"3 Darklings","floor":35,"turns":4},{"damage":0,"enemies":"3 Shapes","floor":36,"turns":4},{"damage":5,"enemies":"Sphere and 2 Shapes","floor":39,"turns":3},{"damage":0,"enemies":"Giant Head","floor":40,"turns":9},{"damage":24,"enemies":"Writhing Mass","floor":41,"turns":5},{"damage":5,"enemies":"Maw","floor":42,"turns":10},{"damage":0,"enemies":"Nemesis","floor":44,"turns":8},{"damage":0,"enemies":"Nightmare","floor":48,"turns":8},{"damage":32,"enemies":"conspire:OrnateMirror","floor":50,"turns":15},{"damage":22,"enemies":"Shield and Spear","floor":54,"turns":10},{"damage":48,"enemies":"The Heart","floor":55,"turns":14}],"seed_played":"-5350991507631228350","potions_obtained":[{"floor":2.0,"key":"DuplicationPotion"},{"floor":4.0,"key":"DuplicationPotion"},{"floor":12.0,"key":"Languid Potion"},{"floor":21.0,"key":"blueLaboratory:ArtificerPotion"},{"floor":29,"key":"blueLaboratory:LouseDecoction"},{"floor":31,"key":"Death Potion"},{"floor":33,"key":"Elixir"},{"floor":36,"key":"EssenceOfSteel"},{"floor":39,"key":"blueLaboratory:HorrorPotion"},{"floor":54,"key":"blueLaboratory:BottledHope"}],"is_trial":false,"path_per_floor":["M","M","?","M","$","R","T","R","T","E","$","?","E","?","R","B",null,"M","?","?","M","$","R","E","R","T","R","?","M","M","E","R","B",null,"M","M","?","AVR","M","E","M","M","T","E","R","$","?","NM","R","B",null,"R","$","E","B",null],"character_chosen":"SHAPESHIFTER","items_purchased":["StSShapeShifter:Uproot_Redwood","StSShapeShifter:Spring+1","Membership Card","Shuriken","blueLaboratory:EmptyBottle","DuplicationPotion","blueLaboratory:ArtificerPotion","blueLaboratory:BottleOfRum","BargainBundle","hubris:EnhanceAbility","StSShapeShifter:SpiritOfTheEarth","Bag of Marbles","hubris:TinFlute","Weak Potion"],"campfire_rested":0,"item_purchase_floors":[5,11,22,46,46,46,46,46,46,46,46,46,46,53],"current_hp_per_floor":[78,78,71,59,59,59,59,59,59,59,59,40,40,40,40,40,78,78,78,78,76,76,76,78,78,78,78,78,74,74,57,57,31,78,70,74,59,59,58,60,36,36,36,42,42,42,42,48,48,22,78,78,78,58,18],"gold":45,"neow_bonus":"THREE_CARDS","is_daily":false,"chose_seed":false,"campfire_upgraded":9,"win_rate":0.0,"timestamp":1613795172,"path_taken":["M","M","?","?","$","R","?","R","T","E","?","?","E","?","R","BOSS","M","?","?","M","$","R","E","R","T","R","?","M","M","E","R","BOSS","M","M","?","AVR","M","E","?","M","T","E","R","$","?","NM","R","BOSS","R","$","E","BOSS"],"items_purchased_type":["Card","Card","Relic","Relic","Potion","Potion","Potion","Potion","Relic","Card","Card","Relic","Relic","Potion"],"build_version":"2020-12-22","purchased_purges":4,"victory":true,"max_hp_per_floor":[78,78,78,78,78,78,78,78,78,78,78,78,78,78,78,78,78,78,78,78,78,78,78,78,78,78,78,78,78,78,78,78,78,78,78,78,78,78,78,78,78,78,78,78,78,78,78,78,78,78,78,78,78,78,78],"card_choices":[{"not_picked":["StSShapeShifter:FallingLeaves","StSShapeShifter:Roar"],"picked":"StSShapeShifter:FlowerShield","floor":0.0},{"not_picked":["StSShapeShifter:EntForm","StSShapeShifter:Consume"],"picked":"StSShapeShifter:Flourish","floor":1.0},{"not_picked":["StSShapeShifter:FallingLeaves","StSShapeShifter:OakBlade"],"picked":"StSShapeShifter:Maul","floor":2.0},{"not_picked":["StSShapeShifter:Flourish","StSShapeShifter:MultiSpiritedStrike"],"picked":"StSShapeShifter:FallingLeaves","floor":4.0},{"not_picked":["StSShapeShifter:AdaptiveStrikes","StSShapeShifter:EmbraceTheCycle"],"picked":"StSShapeShifter:BloomingSlash","floor":10.0},{"not_picked":["StSShapeShifter:SunflowerShuriken","StSShapeShifter:BladeOfGrass"],"picked":"StSShapeShifter:BloomingSlash","floor":12.0},{"not_picked":["StSShapeShifter:Roar","StSShapeShifter:FlowerShield"],"picked":"StSShapeShifter:RestoreBalance","floor":12.0},{"not_picked":["StSShapeShifter:SquirrelForm","StSShapeShifter:Flourish"],"picked":"StSShapeShifter:Forgiveness","floor":13.0},{"not_picked":["StSShapeShifter:RestoreBalance","StSShapeShifter:Summon_Mountains"],"picked":"StSShapeShifter:DragonForm","floor":16.0},{"not_picked":["StSShapeShifter:Rest","StSShapeShifter:SquirrelForm"],"picked":"StSShapeShifter:TopazSkin","floor":18.0},{"not_picked":["StSShapeShifter:Roar","StSShapeShifter:BloomingSlash"],"picked":"StSShapeShifter:CursedApple","floor":21.0},{"not_picked":["StSShapeShifter:AdaptiveStrikes","StSShapeShifter:BloomingSlash"],"picked":"StSShapeShifter:MammothForm","floor":24.0},{"not_picked":["StSShapeShifter:MonkeyForm","StSShapeShifter:Flourish"],"picked":"StSShapeShifter:SunflowerShuriken","floor":29},{"not_picked":["StSShapeShifter:LeapingSlash","StSShapeShifter:ShiftingStrike+1"],"picked":"StSShapeShifter:BurstingSpore","floor":30},{"not_picked":["StSShapeShifter:SunflowerShuriken","StSShapeShifter:WiltingWrath"],"picked":"StSShapeShifter:FruitBasket+1","floor":31},{"not_picked":["StSShapeShifter:Pounce","StSShapeShifter:DragonForm"],"picked":"StSShapeShifter:Earthquake","floor":33},{"not_picked":["StSShapeShifter:PoisonIvy+1","StSShapeShifter:CursedApple"],"picked":"StSShapeShifter:BulwarkOfDiscovery","floor":35},{"not_picked":["StSShapeShifter:Roar","StSShapeShifter:BladeOfGrass+1"],"picked":"StSShapeShifter:BarkSkin+1","floor":36},{"not_picked":["StSShapeShifter:PorcupineForm+1","StSShapeShifter:ThrashAbout+1"],"picked":"StSShapeShifter:VineHandcuffs+1","floor":39},{"not_picked":["StSShapeShifter:ShiftingStrike+1","StSShapeShifter:Rest+1"],"picked":"StSShapeShifter:ClimbTree+1","floor":40},{"not_picked":["StSShapeShifter:LionForm","StSShapeShifter:RatForm+1"],"picked":"StSShapeShifter:Roar","floor":41},{"not_picked":["StSShapeShifter:ShiftingStrike","StSShapeShifter:PoisonIvy"],"picked":"StSShapeShifter:FesteringBite","floor":42},{"not_picked":["StSShapeShifter:Flourish","StSShapeShifter:MammothForm","StSShapeShifter:PantherForm+1"],"picked":"SKIP","floor":44},{"not_picked":["StSShapeShifter:FallingLeaves+1","StSShapeShifter:MonkeyForm+1"],"picked":"StSShapeShifter:ThornedSkin+1","floor":48},{"not_picked":["StSShapeShifter:VineHandcuffs","StSShapeShifter:Maul"],"picked":"StSShapeShifter:Rest+1","floor":54}],"player_experience":2210627,"relics_obtained":[{"floor":7.0,"key":"Gremlin Horn"},{"floor":9.0,"key":"Ancient Tea Set"},{"floor":10.0,"key":"Kunai"},{"floor":12.0,"key":"reliquary:PartyBalloon"},{"floor":13.0,"key":"StuffTheSpire:Gunfinga"},{"floor":24.0,"key":"halation:PrussianBluePaint"},{"floor":31,"key":"reliquary:FeatherDuster"},{"floor":40,"key":"reliquary:TatteredRug"},{"floor":43,"key":"Pen Nib"},{"floor":44,"key":"jedi:shrinkray"},{"floor":48,"key":"StuffTheSpire:GrapeVine"},{"floor":54,"key":"reliquary:SilkGlove"}],"event_choices":[{"damage_healed":0.0,"max_hp_gain":0.0,"max_hp_loss":0.0,"gold_gain":75.0,"event_name":"FaceTrader","player_choice":"Touch","floor":3.0,"gold_loss":0.0,"damage_taken":7.0},{"damage_healed":0.0,"max_hp_gain":0.0,"max_hp_loss":0.0,"gold_gain":0.0,"event_name":"Living Wall","player_choice":"Grow","floor":14.0,"gold_loss":0.0,"damage_taken":0.0,"cards_upgraded":["StSShapeShifter:RestoreBalance"]},{"damage_healed":0.0,"max_hp_gain":0.0,"max_hp_loss":0.0,"gold_gain":0.0,"event_name":"conspire:Investor","player_choice":"Leave","floor":20.0,"gold_loss":0.0,"damage_taken":0.0}],"is_beta":false,"boss_relics":[{"not_picked":["ReplayTheSpireMod:SealedPack","ChewingGum"],"picked":"Cursed Key"},{"not_picked":["halation:LoveArrow","Painkiller Herb"],"picked":"infinitespire:Cupcake"}],"items_purged_floors":[5,22,38,46],"is_endless":false,"potions_floor_spawned":[2,4,21,29,31,33,36,39,54],"ascension_level":0}}