{"host":"glqsg3p5q4u9u1ra","time":1613858767,"event":{"mods":["Act Like it!","Arknights","BaseMod","Better Third Choice","BetterRewards","Colored Map","Downfall","Friendly Minions","GifTheSpireLib","Hallownest","Highlight Path","Infinite Spire","Mimic Mod","Minty Spire (QoL Compilation)","Pale of the Ancients","Reliquary","Replay The Spire","Ruina","Spicy Shops","Spire Birthday Party","StSLib","The Blue Laboratory","The Bug Knight","The Exalted","The Servant 0.9.4","Wandering Minibosses"],"gold_per_floor":[115,129,129,142,142,152,178,16,16,26,26,37,49,76,76,76,76],"floor_reached":16,"language":"ENG","playtime":518,"items_purged":["ats:Strike V"],"score":198,"play_id":"ccc0e578-cc01-4cbe-ad7b-8d592d9d4f43","local_time":"20210220140607","is_ascension_mode":true,"campfire_choices":[{"data":"ats:Emotion Absorption","floor":11,"key":"SMITH"},{"data":"ats:Mental Burst","floor":15,"key":"SMITH"}],"circlet_count":0,"master_deck":["ats:Strike C","ats:Strike G","ats:Strike S","ats:Armor Crushing Shot","ats:Defend","ats:Defend","ats:Defend","ats:Emotion Absorption+1","ats:Counter Healing Mode","ats:Flexible Camouflage","Survey Options","ats:Consecutive Shot Auto","ats:Mental Burst+1","ats:Automatic Cover","ats:Flexible Camouflage","ats:Shell Defense","ats:Mental Burst","ats:Ignite","ats:Sunburst"],"relics":["ats:Sanity","Potion Belt","Blue Doll","ats:Originium","Bag of Preparation","reliquary:PurpleTingedLeaf"],"acts_visited":["Exordium"],"potions_floor_usage":[14,14],"damage_taken":[{"damage":4,"enemies":"ats:Genji","floor":1,"turns":3},{"damage":10,"enemies":"2 Louse","floor":2,"turns":3},{"damage":7,"enemies":"Small Slimes","floor":4,"turns":3},{"damage":19,"enemies":"Blue Slaver","floor":6,"turns":3},{"damage":0,"enemies":"Lagavulin","floor":7,"turns":1},{"damage":21,"enemies":"Red Slaver","floor":10,"turns":6},{"damage":0,"enemies":"Exordium Wildlife","floor":12,"turns":3},{"damage":3,"enemies":"Looter","floor":13,"turns":2},{"damage":10,"enemies":"Gremlin Nob","floor":14,"turns":3},{"damage":20,"enemies":"The Guardian","floor":16,"turns":9}],"seed_played":"7130307571668976221","potions_obtained":[{"floor":6,"key":"blueLaboratory:Moonshine"},{"floor":10,"key":"sneckomod:MuddlingPotion"},{"floor":12,"key":"SteroidPotion"},{"floor":13,"key":"SmokeBomb"}],"is_trial":false,"path_per_floor":["M","M","?","M","?","M","E","$","T","M","R","M","M","E","R","B"],"character_chosen":"DOCTOR_CLASS","items_purchased":["Potion Belt","Blue Doll","ats:Counter Healing Mode","ats:Flexible Camouflage","ats:Shell Defense"],"campfire_rested":0,"item_purchase_floors":[0,0,0,0,8],"current_hp_per_floor":[68,58,40,33,57,38,38,38,38,26,26,28,25,15,15,0,0],"gold":76,"neow_bonus":"","is_daily":false,"chose_seed":false,"campfire_upgraded":2,"win_rate":0.0,"timestamp":1613858767,"path_taken":["M","?","?","M","?","M","E","?","T","?","R","M","M","E","R","BOSS"],"items_purchased_type":["Relic","Relic","Card","Card","Card"],"build_version":"2020-12-22","purchased_purges":1,"victory":false,"max_hp_per_floor":[72,72,72,72,72,72,72,72,72,72,72,72,72,72,72,72,72],"card_choices":[{"not_picked":["ats:Literary Storm","ats:Hook Shot"],"picked":"ats:Mental Burst","floor":1},{"not_picked":["ats:Assault Order","ats:Directed Diagnosis","ats:Ignite"],"picked":"SKIP","floor":2},{"not_picked":["infinitespire:Menacing","infinitespire:Oblivion"],"picked":"infinitespire:SealOfDarkness+","floor":3},{"not_picked":["ats:Powerful Strike","ats:Phantom","ats:Blood Oath"],"picked":"SKIP","floor":4},{"not_picked":["ats:Hammer On","ats:Blood Oath"],"picked":"ats:Automatic Cover","floor":6},{"not_picked":["ats:Cat Scratch","ats:Absolute Focus"],"picked":"ats:Flexible Camouflage","floor":7},{"not_picked":["ats:Hook Shot","ats:Chain Hook"],"picked":"ats:Mental Burst","floor":10},{"not_picked":["ats:Beaten Up","ats:Rapid Magazine","ats:Ignite"],"picked":"SKIP","floor":12},{"not_picked":["ats:Automatic Cover","ats:Hammer On"],"picked":"ats:Ignite","floor":13},{"not_picked":["ats:Ignite","ats:Blood Oath"],"picked":"ats:Sunburst","floor":14}],"player_experience":1169345,"relics_obtained":[{"floor":7,"key":"ats:Originium"},{"floor":7,"key":"Bag of Preparation"},{"floor":14,"key":"ats:Originium"},{"floor":14,"key":"reliquary:PurpleTingedLeaf"}],"event_choices":[{"damage_healed":24,"gold_gain":0,"player_choice":"Banana","damage_taken":0,"max_hp_gain":0,"max_hp_loss":0,"event_name":"Big Fish","floor":5,"gold_loss":0}],"is_beta":false,"boss_relics":[],"items_purged_floors":[0],"is_endless":false,"potions_floor_spawned":[6,10,12,13],"killed_by":"The Guardian","ascension_level":1}}