{"host":"dxw0slwvk2p0izr3","time":1613812039,"event":{"mods":["BaseMod","Downfall","Minty Spire (QoL Compilation)","Replay The Spire","Shop Mod","StSLib"],"gold_per_floor":[0,15,31,104,122,122,175,204,224,224,224,258,282,308,320,418,418,318,333,333,333,347,347,395,295,306,61,61,93,109,121,140,235,235,135,149,235,252,266,301,301,311,331,401,401,428,428,479,489,489,489,524,12,12,12,12],"floor_reached":57,"language":"ZHS","playtime":4984,"items_purged":["bronze:Strike","bronze:Strike","bronze:Strike"],"score":1284,"play_id":"be8f5779-7344-4e42-9a0f-2c9c6bbceaae","local_time":"20210220170719","is_ascension_mode":false,"campfire_choices":[{"data":"bronze:Replicate","floor":1.0,"key":"SMITH"},{"data":"bronze:CutThrough","floor":6.0,"key":"SMITH"},{"data":"bronze:Goto","floor":11.0,"key":"SMITH"},{"data":"bronze:Terminator","floor":18.0,"key":"SMITH"},{"data":"bronze:RecursiveStrike","floor":23.0,"key":"SMITH"},{"floor":25.0,"key":"RECALL"},{"data":"bronze:Branch","floor":28.0,"key":"SMITH"},{"data":"bronze:Assembly","floor":35.0,"key":"SMITH"},{"data":"bronze:Mutator","floor":45.0,"key":"SMITH"},{"data":"bronze:Verify","floor":47.0,"key":"SMITH"},{"data":"bronze:Defend","floor":54.0,"key":"SMITH"}],"circlet_count":0,"master_deck":["bronze:Strike+1","bronze:Defend","bronze:Defend+1","bronze:Replicate+1","bronze:Goto+1","bronze:CutThrough+1","bronze:Branch+1","bronze:Terminator+1","bronze:RecursiveStrike+1","bronze:Repulsor+1","bronze:Assembly+1","bronze:Invalidate+1","bronze:Overheat+1","bronze:ChildClass+1","bronze:Mutator+1","bronze:Verify+1","bronze:CutThrough+1","bronze:Separator+1"],"relics":["bronze:BronzeCore","Meat on the Bone","Simple Rune","Singing Bowl","bronze:CableSpool","Odd Mushroom","Centennial Puzzle","Sozu","downfall:HeartBlessingGreen","bronze:BottledCode","downfall:HeartBlessingBlue","Medical Kit","Red Mask","SlaversCollar","downfall:HeartBlessingRed","Nunchaku","Juzu Bracelet","Vajra","ReplayTheSpireMod:Shallot","Gambling Chip","Replay:Mystery Machine","Pen Nib","Replay:Bottled Flurry"],"acts_visited":["Exordium","TheCity","TheBeyond","TheEnding"],"potions_floor_usage":[56],"damage_taken":[{"damage":0.0,"enemies":"Cultist","floor":2.0,"turns":3.0},{"damage":3.0,"enemies":"Jaw Worm","floor":3.0,"turns":3.0},{"damage":5.0,"enemies":"2 Louse","floor":5.0,"turns":2.0},{"damage":15.0,"enemies":"Lagavulin","floor":8.0,"turns":4.0},{"damage":4.0,"enemies":"Blue Slaver","floor":9.0,"turns":2.0},{"damage":12.0,"enemies":"Gremlin Nob","floor":12.0,"turns":1.0},{"damage":0.0,"enemies":"The Mushroom Lair","floor":13.0,"turns":2.0},{"damage":2.0,"enemies":"3 Sentries","floor":14.0,"turns":4.0},{"damage":0.0,"enemies":"Large Slime","floor":15.0,"turns":2.0},{"damage":38.0,"enemies":"IC_STATUS_ARCHETYPE","floor":16.0,"turns":5.0},{"damage":0.0,"enemies":"3 Byrds","floor":19.0,"turns":3.0},{"damage":11.0,"enemies":"downfall:LooterAlt2","floor":22.0,"turns":3.0},{"damage":1.0,"enemies":"Chosen and Byrds","floor":26.0,"turns":3.0},{"damage":0.0,"enemies":"downfall:FleeingMerchant","floor":27.0,"turns":4.0},{"damage":0.0,"enemies":"Masked Bandits","floor":29.0,"turns":2.0},{"damage":0.0,"enemies":"3 Cultists","floor":30.0,"turns":2.0},{"damage":9.0,"enemies":"Snake Plant","floor":31.0,"turns":2.0},{"damage":0.0,"enemies":"Snecko","floor":32.0,"turns":2.0},{"damage":3.0,"enemies":"WA_ARCHETYPE_CALM","floor":33.0,"turns":5.0},{"damage":16.0,"enemies":"3 Darklings","floor":36.0,"turns":3.0},{"damage":0.0,"enemies":"Orb Walker","floor":38.0,"turns":2.0},{"damage":9.0,"enemies":"Spire Growth","floor":39.0,"turns":2.0},{"damage":9.0,"enemies":"R_Hoarder","floor":40.0,"turns":5.0},{"damage":7.0,"enemies":"Writhing Mass","floor":42.0,"turns":4.0},{"damage":0.0,"enemies":"Transient","floor":43.0,"turns":5.0},{"damage":0.0,"enemies":"downfall:FleeingMerchant","floor":44.0,"turns":3.0},{"damage":1.0,"enemies":"Nemesis","floor":46.0,"turns":3.0},{"damage":15.0,"enemies":"2 Orb Walkers","floor":48.0,"turns":3.0},{"damage":0.0,"enemies":"Jaw Worm Horde","floor":49.0,"turns":2.0},{"damage":8.0,"enemies":"SI_POISON_ARCHETYPE","floor":50.0,"turns":4.0},{"damage":0.0,"enemies":"downfall:CharBossMerchant","floor":52.0,"turns":3.0},{"damage":7.0,"enemies":"downfall:NeowBoss","floor":55.0,"turns":7.0},{"damage":39,"enemies":"downfall:NeowBossFinal","floor":56,"turns":6}],"seed_played":"-6052508180472741810","potions_obtained":[{"floor":3.0,"key":"Death Potion"},{"floor":9.0,"key":"FearPotion"},{"floor":14.0,"key":"Reflective Coating"},{"floor":15.0,"key":"Languid Potion"}],"is_trial":false,"path_per_floor":["R","M","M","T","M","R","T","E","M","?","R","E","?","E","M","B",null,"R","M","?","?","M","R","T","R","M","$","R","?","M","M","M","B",null,"R","M","?","M","M","E","T","M","M","$","R","E","R","?","M","B",null,"E","$","R","B","B",null],"character_chosen":"THE_AUTOMATON","items_purchased":["Medical Kit","Vajra","Pen Nib","Replay:Bottled Flurry"],"campfire_rested":0,"item_purchase_floors":[27,44,53,53],"current_hp_per_floor":[70,70,67,67,62,62,62,49,45,45,45,47,47,47,49,23,78,78,80,70,57,48,48,48,58,59,59,59,61,63,56,58,55,97,97,83,83,83,76,69,69,64,64,66,66,67,67,66,66,58,111,111,111,111,104,65],"gold":12,"neow_bonus":"REMOVE_TWO","is_daily":false,"chose_seed":false,"campfire_upgraded":10,"win_rate":0.0,"timestamp":1613812039,"path_taken":["R","M","?","?","M","R","T","E","M","?","R","E","?","E","M","BOSS","R","M","?","?","M","R","T","R","M","$","R","?","?","M","M","BOSS","R","M","?","M","M","E","T","M","M","$","R","E","R","?","M","BOSS","E","$","R","BOSS","BOSS"],"items_purchased_type":["Relic","Relic","Relic","Relic"],"build_version":"2020-12-22","purchased_purges":3,"victory":true,"max_hp_per_floor":[70,70,70,70,70,70,70,72,72,72,72,74,74,76,78,78,78,78,80,70,75,77,77,77,87,89,89,89,91,93,95,97,97,97,97,99,99,99,101,103,103,105,105,107,107,109,109,111,111,111,111,111,111,111,111,111],"card_choices":[{"not_picked":["bronze:BugBarrage","bronze:BuggyMess","bronze:Frontload"],"picked":"SKIP","floor":2.0},{"not_picked":["bronze:BuggyMess","bronze:Optimize","bronze:DelayedSlice"],"picked":"SKIP","floor":3.0},{"not_picked":["bronze:WhirlingStrike","bronze:Deprecate"],"picked":"bronze:CutThrough","floor":5.0},{"not_picked":["bronze:Fortify","bronze:CutThrough","bronze:ForLoop"],"picked":"Singing Bowl","floor":8.0},{"not_picked":["bronze:CutThrough","bronze:Constructor"],"picked":"bronze:Branch","floor":9.0},{"not_picked":["bronze:ClassDefault","bronze:Constructor","bronze:FollowUp"],"picked":"Singing Bowl","floor":12.0},{"not_picked":["bronze:ItsAFeature","bronze:ClassDefault"],"picked":"bronze:Terminator","floor":13.0},{"not_picked":["bronze:DelayedSlice","bronze:Return","bronze:DarkDash"],"picked":"Singing Bowl","floor":14.0},{"not_picked":["bronze:NullPointer","bronze:OilSpill","bronze:BugBarrage"],"picked":"Singing Bowl","floor":15.0},{"not_picked":["bronze:ThunderWave","bronze:BurnOut"],"picked":"bronze:RecursiveStrike","floor":16.0},{"not_picked":["bronze:Turbo+1","bronze:WildBeam+1","bronze:BuggyMess+1"],"picked":"Singing Bowl","floor":19.0},{"not_picked":["bronze:Separator","bronze:DelayedGuard","bronze:Boost"],"picked":"Singing Bowl","floor":22.0},{"not_picked":["bronze:ForLoop","bronze:CutThrough+1","bronze:ForceShield"],"picked":"Singing Bowl","floor":26.0},{"not_picked":["bronze:BugBarrage","bronze:OilSpill+1"],"picked":"bronze:Repulsor+1","floor":27.0},{"not_picked":["bronze:Deprecate","bronze:HardenedForm","bronze:Fortify"],"picked":"Singing Bowl","floor":29.0},{"not_picked":["bronze:Safeguard","bronze:Turbo","bronze:CloningBeam"],"picked":"Singing Bowl","floor":30.0},{"not_picked":["bronze:Shield+1","bronze:WildBeam+1","bronze:Invalidate"],"picked":"Singing Bowl","floor":31.0},{"not_picked":["bronze:Terminator+1","bronze:DelayedSlice","bronze:Return"],"picked":"Singing Bowl","floor":32.0},{"not_picked":["bronze:CleanCode","bronze:HardenedForm"],"picked":"bronze:Assembly","floor":33.0},{"not_picked":["bronze:Deprecate+1","bronze:DelayedGuard","bronze:Invalidate"],"picked":"Singing Bowl","floor":36.0},{"not_picked":["bronze:Deprecate","bronze:DelayedGuard"],"picked":"bronze:Invalidate+1","floor":37.0},{"not_picked":["bronze:CutThrough","bronze:WhirlingStrike"],"picked":"bronze:Overheat+1","floor":37.0},{"not_picked":["bronze:Shell","bronze:CutThrough"],"picked":"bronze:ChildClass+1","floor":37.0},{"not_picked":["bronze:ForLoop+1","bronze:FollowUp+1"],"picked":"bronze:Mutator","floor":38.0},{"not_picked":["bronze:Shield","bronze:DelayedGuard+1","bronze:ChildClass"],"picked":"Singing Bowl","floor":39.0},{"not_picked":["bronze:Turbo","bronze:OilSpill","bronze:DelayedGuard"],"picked":"Singing Bowl","floor":40.0},{"not_picked":["bronze:Terminator+1","bronze:Shield","bronze:Invalidate"],"picked":"Singing Bowl","floor":42.0},{"not_picked":["bronze:OilSpill+1","bronze:Turbo+1"],"picked":"bronze:Verify","floor":43.0},{"not_picked":["bronze:CutThrough","bronze:Invalidate+1","bronze:ShipIt"],"picked":"Singing Bowl","floor":44.0},{"not_picked":["bronze:DarkDash","bronze:FineTuning","bronze:Constructor"],"picked":"Singing Bowl","floor":46.0},{"not_picked":["bronze:Terminator","bronze:Overheat","bronze:WildBeam"],"picked":"Singing Bowl","floor":48.0},{"not_picked":["bronze:Turbo","bronze:Safeguard"],"picked":"bronze:CutThrough+1","floor":49.0},{"not_picked":["bronze:SpaghettiCode","bronze:ForceShield"],"picked":"bronze:Separator+1","floor":52.0}],"player_experience":101997,"relics_obtained":[{"floor":4.0,"key":"Meat on the Bone"},{"floor":7.0,"key":"Simple Rune"},{"floor":8.0,"key":"Singing Bowl"},{"floor":12.0,"key":"bronze:CableSpool"},{"floor":13.0,"key":"Odd Mushroom"},{"floor":14.0,"key":"Centennial Puzzle"},{"floor":29.0,"key":"Red Mask"},{"floor":40.0,"key":"Nunchaku"},{"floor":41.0,"key":"Juzu Bracelet"},{"floor":46.0,"key":"ReplayTheSpireMod:Shallot"},{"floor":48.0,"key":"Gambling Chip"},{"floor":52.0,"key":"Replay:Mystery Machine"}],"event_choices":[{"damage_healed":0.0,"max_hp_gain":0.0,"max_hp_loss":0.0,"gold_gain":0.0,"event_name":"Mushrooms","player_choice":"Fought Mushrooms","floor":13.0,"gold_loss":0.0,"damage_taken":0.0},{"damage_healed":0.0,"max_hp_gain":0.0,"max_hp_loss":0.0,"gold_gain":0.0,"event_name":"Masked Bandits","player_choice":"Fought Bandits","floor":29.0,"gold_loss":0.0,"damage_taken":0.0},{"damage_healed":0.0,"max_hp_gain":0.0,"max_hp_loss":0.0,"gold_gain":0.0,"event_name":"Mysterious Sphere","player_choice":"Fight","floor":48.0,"gold_loss":0.0,"damage_taken":0.0}],"is_beta":false,"boss_relics":[{"not_picked":["Snecko Eye","Runic Dome"],"picked":"Sozu"},{"not_picked":["bronze:MakeshiftBattery","ChewingGum"],"picked":"SlaversCollar"}],"items_purged_floors":[27,44,53],"is_endless":false,"potions_floor_spawned":[3,9,14,15,16,19,26,29,31,33,36,38,42,49,52],"ascension_level":0}}