{"host":"s924z949m5wc23z2","time":1613844514,"event":{"mods":["100% Spire Juice","ATMod(∞¢Ë™Mod)","Act Like it!","Arknights","BaseMod","Colored Map","Colored Powertips","Conspire","Downfall","Good Game Mod","Lobotomy","LobotomyExtend","Luminous","Marisa£®ÏF”Í°°ƒß¿Ì…≥£©","Minty Spire (QoL Compilation)","MostiFishMod","Reimu£®≤©¿ˆ¡È√Œ£©","Relic Stats","Reliquary","Replay The Spire","Ruina","Spicy Shops","StSLib","WarShipGirlsR/’ΩΩ¢…Ÿ≈ÆR mod","Yakumo Yukari mod","Youmu£®ªÍ∆«—˝√Œ£©","Yuyuko","noobMod"],"gold_per_floor":[119,119,130,19,19,49,60,77,77,92,124,156,156,190,190,292,292,307,321,271,271,287,314,329,329,397,13,45,45,74,86,86,188,188,203,249,21,21,21,51,51,51,51,61,61,79,79,125,125,139,139,139,139,139,139,58,88,88],"floor_reached":59,"language":"ZHS","playtime":4840,"items_purged":["Clumsy"],"score":1275,"play_id":"1cd3f4a8-142f-49d7-bc2e-337acde8a343","local_time":"20210221030834","is_ascension_mode":true,"campfire_choices":[{"data":"Dazed","floor":15,"key":"PURGE"},{"floor":25,"key":"RECALL"},{"data":"MostiFishMod:LinkProtocol","floor":41,"key":"SMITH"},{"data":"conspire:SharedLibrary","floor":41,"key":"SMITH"},{"floor":51,"key":"DIG"},{"data":"sneckomod:SoulDraw","floor":55,"key":"SMITH"},{"data":"Chill","floor":55,"key":"SMITH"}],"circlet_count":0,"master_deck":["Strike_B","Strike_B","Strike_B","Defend_B","Defend_B","Zap+1","Dualcast","AT_EMC2+1","MostiFishMod:DarkDeal+1","SpiderBud","MHz","MostiFishMod:Hijack+1","Compile Driver+1","BasicCrystalCard+1","Turbo+1","Seek+1","Turbo+1","Scarecrow","MostiFishMod:Nova+1","MostiFishMod:DawningShadow+1","Sweeping Beam","MostiFishMod:ReadyAimFire+1","AT_WarpDrive+1","HeroicMonk","Panic Button+1","Heatsinks+1","Turbo+1","Double Energy+1","ruina:CrimsonScar+1","ruina:FadedMemories+1","ReplayRNGCard+1","AT_RightCognition+1","Crystallizer+1","Echo Form+1","AT_WarpDrive+1","MostiFishMod:LinkProtocol+1","MostiFishMod:Culaccino+1","NothingThere","Meteor Strike+1","conspire:SharedLibrary+1","Moonworks:MetallicMonocoque+1","BodiesMountain","Specialist","Master of Strategy+1","Specialist","sneckomod:SoulDraw+1","Worship+1","Chill+1","Conserve Battery","Enlightenment+1","rmod:openingtorpedo+1"],"relics":["Cracked Core","AT_ATBox","ice","REME:ComplimentaryCards","DaveBox","CogitoBucket","RabbitCall","SynthV:TestCard","LetterFromLob","Golden Egg","Peace Pipe","Bottled Lightning","AspirationHeart","conspire:Dentures","Replay:Arrowhead","Heaven_r","Replay:Towering Pillar of Hats","reliquary:WritOfMandamus","SkinProphecy","ruina:FalsePresent","InkBottle","reliquary:OuijaBoard","Moonlight_r","Bronze Scales","ChangeAnything","PatriotShield","Replay:PocketPolymizer","PrismaticShard","AT_DeathDance","Replay:Ringing Soul","CatCart","AT_ChloranthyRing","HollowDreamFlower"],"acts_visited":["Exordium","ruina:Briah","TheBeyond","TheEnding"],"potions_floor_usage":[58],"damage_taken":[{"damage":5,"enemies":"2 Louse","floor":1,"turns":1},{"damage":13,"enemies":"ats:Genji","floor":3,"turns":2},{"damage":35,"enemies":"3 Sentries","floor":6,"turns":5},{"damage":0,"enemies":"Cultist","floor":7,"turns":2},{"damage":33,"enemies":"Gremlin Gang","floor":8,"turns":4},{"damage":51,"enemies":"Lots of Slimes","floor":10,"turns":4},{"damage":17,"enemies":"conspire:MimicChest","floor":11,"turns":3},{"damage":36,"enemies":"Lagavulin","floor":12,"turns":6},{"damage":25,"enemies":"Looter","floor":13,"turns":2},{"damage":0,"enemies":"Gremlin Nob","floor":14,"turns":2},{"damage":11,"enemies":"The Guardian","floor":16,"turns":3},{"damage":0,"enemies":"ruina:BadWolf","floor":18,"turns":1},{"damage":0,"enemies":"ruina:3_Bats","floor":19,"turns":1},{"damage":0,"enemies":"ruina:3_Scarecrows","floor":22,"turns":1},{"damage":32,"enemies":"ruina:Mountain","floor":23,"turns":4},{"damage":5,"enemies":"ruina:KnightOfDespair","floor":24,"turns":1},{"damage":5,"enemies":"ruina:RoadHome","floor":28,"turns":1},{"damage":17,"enemies":"ruina:ServantOfWrath","floor":30,"turns":1},{"damage":0,"enemies":"ruina:KingOfGreed","floor":31,"turns":1},{"damage":5,"enemies":"ruina:Ozma","floor":33,"turns":1},{"damage":0,"enemies":"3 Darklings","floor":35,"turns":1},{"damage":5,"enemies":"2 Orb Walkers","floor":36,"turns":1},{"damage":0,"enemies":"R_Hoarder","floor":40,"turns":1},{"damage":0,"enemies":"3 Shapes","floor":44,"turns":1},{"damage":0,"enemies":"Spire Growth","floor":46,"turns":1},{"damage":11,"enemies":"Orin","floor":48,"turns":2},{"damage":5,"enemies":"Jaw Worm Horde","floor":50,"turns":1},{"damage":0,"enemies":"Replay:Hell Engine","floor":52,"turns":1},{"damage":0,"enemies":"Shield and Spear","floor":57,"turns":1},{"damage":205,"enemies":"The Heart","floor":58,"turns":3}],"seed_played":"-5793726665849167667","potions_obtained":[{"floor":7,"key":"Swift Potion"},{"floor":8,"key":"Explosive Potion"},{"floor":12,"key":"Weak Potion"}],"is_trial":false,"path_per_floor":["M","?","M","$","T","E","M","M","T","M","?","E","M","E","R","B",null,"M","M","?","?","M","E","M","R","T","$","E","?","E","M","R_BF","B",null,"M","?","$","?","?","E","R","PTL","PTL","M","T","M","?","?","?","M","R_BF","B",null,null,"R","$","E","B",null],"character_chosen":"DEFECT","items_purchased":["Compile Driver","BasicCrystalCard+1","ruina:CrimsonScar","ruina:FadedMemories","PrismaticShard","Enlightenment"],"campfire_rested":0,"item_purchase_floors":[4,4,27,27,37,56],"current_hp_per_floor":[70,70,57,57,57,22,22,62,62,21,4,65,125,125,125,133,133,133,135,130,130,132,134,136,136,136,136,138,21,38,101,144,146,146,148,150,150,150,150,152,152,152,152,154,154,159,152,167,167,172,175,177,177,177,180,183,188,361],"gold":88,"neow_bonus":"","is_daily":false,"chose_seed":false,"campfire_upgraded":4,"win_rate":0.0,"timestamp":1613844514,"path_taken":["M","?","?","$","?","E","?","?","T","M","?","E","M","E","R","BOSS","M","M","?","?","?","E","M","R","T","$","E","?","E","M","R_BF","BOSS","M","?","$","?","?","E","R","PTL","PTL","?","T","M","?","?","?","?","R_BF","BOSS","R","$","E","BOSS"],"items_purchased_type":["Card","Card","Card","Card","Relic","Card"],"build_version":"2020-12-22","purchased_purges":1,"victory":true,"max_hp_per_floor":[75,75,75,75,75,75,75,76,76,95,97,100,125,125,125,133,133,133,135,130,130,132,134,136,136,136,136,138,138,140,144,144,146,146,148,150,150,150,150,152,152,152,152,154,154,159,162,167,167,172,175,177,177,177,180,183,188,464],"relic_stats":{"Peace Pipe":1,"counters":[33,61],"Bronze Scales":[3],"obtain_stats":[{"reliquary:OuijaBoard":28,"RabbitCall":0,"Golden Egg":5,"PatriotShield":34,"AT_ATBox":0,"Replay:PocketPolymizer":36,"DaveBox":0,"ice":0,"SkinProphecy":18,"PrismaticShard":37,"Frozen Eye":22,"Replay:Ringing Soul":45,"CogitoBucket":0,"Cracked Core":0,"InkBottle":23,"HollowDreamFlower":57,"conspire:Dentures":11,"AT_ChloranthyRing":51,"ruina:FalsePresent":20,"Replay:Towering Pillar of Hats":14,"AspirationHeart":10,"Replay:Arrowhead":12,"Peace Pipe":6,"Heaven_r":13,"Moonlight_r":29,"REME:ComplimentaryCards":0,"SynthV:TestCard":1,"Bronze Scales":30,"LetterFromLob":1,"Bottled Lightning":9,"reliquary:WritOfMandamus":17,"ChangeAnything":31,"AT_DeathDance":40,"CatCart":48},{"reliquary:OuijaBoard":19,"RabbitCall":0,"Golden Egg":2,"PatriotShield":23,"AT_ATBox":0,"Replay:PocketPolymizer":25,"DaveBox":0,"ice":0,"SkinProphecy":14,"PrismaticShard":25,"Frozen Eye":15,"Replay:Ringing Soul":27,"CogitoBucket":0,"Cracked Core":0,"InkBottle":17,"HollowDreamFlower":32,"conspire:Dentures":8,"AT_ChloranthyRing":30,"ruina:FalsePresent":15,"Replay:Towering Pillar of Hats":11,"AspirationHeart":7,"Replay:Arrowhead":9,"Peace Pipe":3,"Heaven_r":10,"Moonlight_r":19,"REME:ComplimentaryCards":0,"SynthV:TestCard":1,"Bronze Scales":20,"LetterFromLob":1,"Bottled Lightning":5,"reliquary:WritOfMandamus":12,"ChangeAnything":22,"AT_DeathDance":26,"CatCart":29},{"reliquary:OuijaBoard":44,"RabbitCall":0,"Golden Egg":3,"PatriotShield":48,"AT_ATBox":0,"Replay:PocketPolymizer":50,"DaveBox":0,"ice":0,"SkinProphecy":36,"PrismaticShard":50,"Frozen Eye":37,"Replay:Ringing Soul":52,"CogitoBucket":0,"Cracked Core":0,"InkBottle":42,"HollowDreamFlower":58,"conspire:Dentures":22,"AT_ChloranthyRing":56,"ruina:FalsePresent":37,"Replay:Towering Pillar of Hats":32,"AspirationHeart":19,"Replay:Arrowhead":28,"Peace Pipe":8,"Heaven_r":30,"Moonlight_r":44,"REME:ComplimentaryCards":0,"SynthV:TestCard":1,"Bronze Scales":45,"LetterFromLob":1,"Bottled Lightning":14,"reliquary:WritOfMandamus":34,"ChangeAnything":47,"AT_DeathDance":51,"CatCart":55}],"InkBottle":[20]},"card_choices":[{"not_picked":["QueenOfHatred","QueenBee"],"picked":"SpiderBud","floor":1},{"not_picked":["AT_HeatAcrobatics","Panic Button"],"picked":"White Noise","floor":1},{"not_picked":["Porccubus","Woodsman"],"picked":"MHz","floor":3},{"not_picked":["Glacier","Barrage","Rip and Tear","Sweeping Beam"],"picked":"MostiFishMod:Hijack","floor":3},{"not_picked":["BeautyBeast","CrumblingArmor","PunishingBird"],"picked":"Singing Bowl","floor":6},{"not_picked":["Gash","Streamline","AT_HeatAcrobatics","MostiFishMod:GatherIntelligence"],"picked":"Turbo","floor":6},{"not_picked":["MeatLantern","NakedNest","RedShoes"],"picked":"Singing Bowl","floor":7},{"not_picked":["conspire:SharedLibrary","Static Discharge","ReplayTheSpireMod:System Scan","Hologram"],"picked":"Coolheaded","floor":7},{"not_picked":["CherryBlossoms","RedShoes","QueenOfHatred"],"picked":"Singing Bowl","floor":8},{"not_picked":["Gash","Chill","Steam","Rebound"],"picked":"Seek","floor":8},{"not_picked":["Fission","Steam","MostiFishMod:IceShield","Go for the Eyes"],"picked":"Turbo","floor":10},{"not_picked":["FairyFestival","CrumblingArmor","QueenOfHatred"],"picked":"Singing Bowl","floor":10},{"not_picked":["FairyFestival","MeatLantern"],"picked":"Scarecrow","floor":10},{"not_picked":["Scorched","BeautyBeast","CrumblingArmor"],"picked":"Singing Bowl","floor":11},{"not_picked":["Defragment","Sunder","Storm","ReplayTheSpireMod:Reroute Power"],"picked":"MostiFishMod:Nova","floor":11},{"not_picked":["BeautyBeast","Wellcheers","FieryBird"],"picked":"Singing Bowl","floor":12},{"not_picked":["Cold Snap","Storm","Turbo","Blizzard"],"picked":"MostiFishMod:DawningShadow","floor":12},{"not_picked":["Bloodbath","MeatLantern","Porccubus"],"picked":"Singing Bowl","floor":14},{"not_picked":["Hyperbeam","Self Repair","Leap","Turbo"],"picked":"Sweeping Beam","floor":14},{"not_picked":["Murderer","Rudolta","MeatLantern"],"picked":"Singing Bowl","floor":16},{"not_picked":["MostiFishMod:Culaccino","Creative AI","AT_WaterDrop","MostiFishMod:Hijack"],"picked":"MostiFishMod:ReadyAimFire","floor":16},{"not_picked":["CherryBlossoms","CrumblingArmor","Yin"],"picked":"Singing Bowl","floor":18},{"not_picked":["Stack","Streamline","Barrage","MostiFishMod:StarOceanB"],"picked":"AT_WarpDrive+1","floor":18},{"not_picked":["CherryBlossoms","WallGazer"],"picked":"HeroicMonk","floor":19},{"not_picked":["Streamline","Go for the Eyes+1","FIFO Queue","Undo"],"picked":"Panic Button","floor":19},{"not_picked":["VoidDream","Wellcheers","Alriune"],"picked":"Singing Bowl","floor":22},{"not_picked":["Stack","Streamline","Ball Lightning","Beam Cell+1"],"picked":"Heatsinks+1","floor":22},{"not_picked":["UniverseFragment","HappyTeddy","LittleHelper"],"picked":"Singing Bowl","floor":23},{"not_picked":["Stack","Compile Driver","Gash+1","MostiFishMod:Nova"],"picked":"Turbo+1","floor":23},{"not_picked":["Scorched","WallGazer","RedShoes"],"picked":"Singing Bowl","floor":24},{"not_picked":["conspire:SharedLibrary","Streamline+1","Compile Driver","Reinforced Body"],"picked":"Double Energy+1","floor":24},{"not_picked":["OSAHOGD","CrumblingArmor","VoidDream"],"picked":"Singing Bowl","floor":28},{"not_picked":["Auto Shields","Storm","Reprogram","Panic Button"],"picked":"ReplayRNGCard","floor":28},{"not_picked":["Funeral","PunishingBird","CrumblingArmor"],"picked":"Singing Bowl","floor":30},{"not_picked":["MostiFishMod:PushDownKick","Redo+1","BootSequence","Rebound"],"picked":"AT_RightCognition","floor":30},{"not_picked":["VoidDream","OSAHOGD","BlackArmy"],"picked":"Singing Bowl","floor":31},{"not_picked":["BasicCrystalCard","Storm","Rainbow","Panic Button"],"picked":"Crystallizer","floor":31},{"not_picked":["Alriune","NakedNest","WallGazer"],"picked":"Singing Bowl","floor":33},{"not_picked":["MostiFishMod:SeaWaves","Core Surge","Mirror Shield","MostiFishMod:ReadyAimFire"],"picked":"Echo Form","floor":33},{"not_picked":["VoidDream","BigBadWolf","BeautyBeast"],"picked":"Singing Bowl","floor":35},{"not_picked":["Fusion+1","FIFO Queue+1","Stack+1","Hologram"],"picked":"AT_WarpDrive+1","floor":35},{"not_picked":["OldLady","WallGazer","BigBird"],"picked":"Singing Bowl","floor":36},{"not_picked":["Steam Power","Steam","Gash","Streamline+1"],"picked":"MostiFishMod:LinkProtocol","floor":36},{"not_picked":["GreedKing","MeatLantern","BlackArmy"],"picked":"Singing Bowl","floor":40},{"not_picked":["BlueStar","WhiteNight"],"picked":"NothingThere","floor":40},{"not_picked":["ats:Hook Shot","Nihility+1","champ:GutPunch","ats:Guard Mode"],"picked":"Meteor Strike","floor":40},{"not_picked":["WhiteNight","CENSORED","DreamingCurrent"],"picked":"Singing Bowl","floor":44},{"not_picked":["ats:Healing Strengthening+1","ReplayTheSpireMod:Strike From Hell+1","Luminous:Accumulation_Luminous+1","hexamod:NecessarySacrifice"],"picked":"Moonworks:MetallicMonocoque","floor":44},{"not_picked":["LongBird","BlackSwan","OSAHOGD"],"picked":"Singing Bowl","floor":46},{"not_picked":["BlackArmy","Mercenary"],"picked":"BodiesMountain","floor":46},{"not_picked":["Hologram","Quick Slash","SfantasyHide_purple+1","Slimebound:SplitBruiser+1","rmod:selfconfidence"],"picked":"SKIP","floor":46},{"not_picked":["AT_Homeward","Bandage Up","Forethought","Replay:Sssssssssstrike"],"picked":"Specialist","floor":47},{"not_picked":["MostiFishMod:SupremeArchaeology","MostiFishMod:TheLastGuard","MostiFishMod:Mottled","HandOfGreed"],"picked":"Master of Strategy","floor":47},{"not_picked":["Apotheosis","Chrysalis","Flash of Steel","conspire:Banana"],"picked":"Specialist","floor":47},{"not_picked":["GalaxyChild","CENSORED","Scorched"],"picked":"Singing Bowl","floor":48},{"not_picked":["SuperPerseids","Luminous:Accumulation_Luminous","Replay:Vibes","Slimebound:HauntingLick"],"picked":"sneckomod:SoulDraw","floor":48},{"not_picked":["Scorched","LongBird","Yin"],"picked":"Singing Bowl","floor":50},{"not_picked":["Dodge and Roll","Moonworks:CloudOfSeagulls","Extrememeaning_purpleEX","Slimebound:SplitAcid"],"picked":"Worship+1","floor":50},{"not_picked":["QueenBee","LongBird","DreamingCurrent"],"picked":"Singing Bowl","floor":57},{"not_picked":["Replay:Undeath\u0027s Touch","CutThroughFate","Guardian:Gem_Yellow","hexamod:AdvancingGuard"],"picked":"rmod:openingtorpedo+1","floor":57}],"player_experience":383496,"relics_obtained":[{"floor":1,"key":"SynthV:TestCard"},{"floor":1,"key":"LetterFromLob"},{"floor":5,"key":"Golden Egg"},{"floor":6,"key":"Peace Pipe"},{"floor":9,"key":"Bottled Lightning"},{"floor":11,"key":"conspire:Dentures"},{"floor":12,"key":"Replay:Arrowhead"},{"floor":14,"key":"Replay:Towering Pillar of Hats"},{"floor":23,"key":"InkBottle"},{"floor":28,"key":"reliquary:OuijaBoard"},{"floor":30,"key":"Bronze Scales"},{"floor":36,"key":"Replay:PocketPolymizer"},{"floor":40,"key":"AT_DeathDance"},{"floor":45,"key":"Replay:Ringing Soul"},{"floor":48,"key":"CatCart"},{"floor":51,"key":"AT_ChloranthyRing"},{"floor":57,"key":"HollowDreamFlower"}],"event_choices":[{"damage_healed":0,"gold_gain":0,"player_choice":"Upgraded","damage_taken":0,"max_hp_gain":0,"max_hp_loss":0,"event_name":"Upgrade Shrine","floor":2,"gold_loss":0,"cards_upgraded":["AT_EMC2"]},{"damage_healed":0,"gold_gain":0,"player_choice":"Fight","damage_taken":0,"max_hp_gain":0,"max_hp_loss":0,"event_name":"Mysterious Sphere","floor":36,"gold_loss":0},{"damage_healed":0,"gold_gain":0,"player_choice":"1 cards matched","damage_taken":0,"max_hp_gain":0,"max_hp_loss":0,"event_name":"Match and Keep!","floor":39,"gold_loss":0,"cards_obtained":["MostiFishMod:Culaccino"]},{"damage_healed":0,"gold_gain":0,"player_choice":"Memory 3","damage_taken":10,"max_hp_gain":0,"max_hp_loss":0,"event_name":"SensoryStone","floor":47,"gold_loss":0},{"damage_healed":0,"gold_gain":0,"player_choice":"Fight","damage_taken":0,"max_hp_gain":0,"max_hp_loss":0,"event_name":"OrinTheCat","floor":48,"gold_loss":0},{"damage_healed":0,"gold_gain":0,"player_choice":"Full Heal","damage_taken":0,"max_hp_gain":0,"max_hp_loss":0,"event_name":"Wheel of Change","floor":49,"gold_loss":0}],"is_beta":false,"boss_relics":[{"not_picked":["FixedStarFall","MoonlightInvasionPlan"],"picked":"reliquary:WritOfMandamus"},{"not_picked":["conspire:SpecialSausage","Abe\u0027s Treasure"],"picked":"PatriotShield"}],"items_purged_floors":[37],"is_endless":false,"potions_floor_spawned":[7,8,12,13,14,18,22,31,40,44,46],"ascension_level":4}}