{"host":"f8toxsj3bk02pkeu","time":1613821498,"event":{"mods":["BaseMod","Minty Spire (QoL Compilation)","Permanent Neow","Quick Restart","StSLib","SuperFastMode"],"gold_per_floor":[114,264,189,202,202,202,230,246,315,335,99,99,113,127,127,201,201,159,209,224,241,70,70,82,82,131,163,163,181,181,181],"floor_reached":30,"language":"ENG","playtime":1025,"items_purged":["Defend_G"],"score":554,"play_id":"0bfb6c9c-d657-4488-afcf-d609e6127977","local_time":"20210220044458","is_ascension_mode":true,"campfire_choices":[{"data":"Neutralize","floor":6.0,"key":"SMITH"},{"data":"Cloak And Dagger","floor":15.0,"key":"SMITH"},{"data":"Blade Dance","floor":23.0,"key":"SMITH"},{"data":"Adrenaline","floor":25.0,"key":"SMITH"},{"floor":28,"key":"REST"}],"circlet_count":0,"master_deck":["AscendersBane","Strike_G","Strike_G","Strike_G","Strike_G","Defend_G+1","Defend_G","Defend_G","Defend_G","Survivor","Neutralize+1","Backflip+1","Infinite Blades","Cloak And Dagger+1","Blade Dance+1","Deflect","Adrenaline+1","Cloak And Dagger+1"],"relics":["Ring of the Snake","NeowsBlessing","Potion Belt","War Paint","Busted Crown","Lee\u0027s Waffle","PreservedInsect","Smiling Mask"],"acts_visited":["Exordium","TheCity"],"potions_floor_usage":[27,30],"damage_taken":[{"damage":0.0,"enemies":"2 Louse","floor":1.0,"turns":1.0},{"damage":0.0,"enemies":"Cultist","floor":4.0,"turns":1.0},{"damage":0.0,"enemies":"3 Sentries","floor":7.0,"turns":1.0},{"damage":3.0,"enemies":"Jaw Worm","floor":8.0,"turns":7.0},{"damage":0.0,"enemies":"Exordium Wildlife","floor":10.0,"turns":4.0},{"damage":0.0,"enemies":"Lots of Slimes","floor":13.0,"turns":5.0},{"damage":0.0,"enemies":"Blue Slaver","floor":14.0,"turns":5.0},{"damage":26.0,"enemies":"The Guardian","floor":16.0,"turns":17.0},{"damage":11.0,"enemies":"2 Thieves","floor":18.0,"turns":5.0},{"damage":12.0,"enemies":"Shell Parasite","floor":20.0,"turns":7.0},{"damage":17.0,"enemies":"Snecko","floor":21.0,"turns":10.0},{"damage":21.0,"enemies":"Snake Plant","floor":24.0,"turns":9.0},{"damage":21,"enemies":"Slavers","floor":27,"turns":9},{"damage":3,"enemies":"Centurion and Healer","floor":29,"turns":8},{"damage":60,"enemies":"Gremlin Leader","floor":30,"turns":7}],"seed_played":"6124956776435507474","potions_obtained":[{"floor":4.0,"key":"ColorlessPotion"},{"floor":5.0,"key":"LiquidBronze"},{"floor":7.0,"key":"SteroidPotion"},{"floor":10.0,"key":"Regen Potion"},{"floor":16.0,"key":"Regen Potion"},{"floor":18.0,"key":"Weak Potion"},{"floor":29,"key":"DuplicationPotion"}],"is_trial":false,"path_per_floor":["M","?","?","M","?","R","E","M","T","M","$","?","M","M","R","B",null,"M","?","M","M","$","R","M","R","T","E","R","M","E"],"character_chosen":"THE_SILENT","items_purchased":["War Paint","Lee\u0027s Waffle"],"campfire_rested":1,"item_purchase_floors":[11,22],"current_hp_per_floor":[59,59,59,59,59,59,59,56,56,56,56,49,49,49,49,23,55,59,53,56,39,73,73,52,52,52,31,52,49,0,0],"gold":181,"neow_bonus":"THREE_ENEMY_KILL","is_daily":false,"chose_seed":false,"campfire_upgraded":4,"win_rate":0.0,"timestamp":1613821498,"path_taken":["M","?","?","M","?","R","E","?","T","M","$","?","M","M","R","BOSS","M","?","M","?","$","R","M","R","T","E","R","M","E"],"items_purchased_type":["Relic","Relic"],"build_version":"2020-12-22","purchased_purges":1,"victory":false,"max_hp_per_floor":[66,66,66,66,66,66,66,66,66,66,66,66,66,66,66,66,66,66,66,66,66,73,73,73,73,73,73,73,73,73,73],"card_choices":[{"not_picked":["Accuracy","Underhanded Strike"],"picked":"Backflip","floor":1.0},{"not_picked":["Flying Knee","Eviscerate"],"picked":"Infinite Blades","floor":4.0},{"not_picked":["Calculated Gamble","Eviscerate"],"picked":"Cloak And Dagger","floor":7.0},{"not_picked":["Expertise","Dagger Spray"],"picked":"Blade Dance","floor":8.0},{"not_picked":["Dagger Throw","Calculated Gamble"],"picked":"Deflect","floor":10.0},{"not_picked":["Outmaneuver","Poisoned Stab","Underhanded Strike"],"picked":"SKIP","floor":13.0},{"not_picked":["Prepared","Choke","Bane"],"picked":"SKIP","floor":14.0},{"not_picked":["Storm of Steel","Grand Finale"],"picked":"Adrenaline","floor":16.0},{"not_picked":["Prepared"],"picked":"SKIP","floor":18.0},{"not_picked":["Masterful Stab"],"picked":"SKIP","floor":20.0},{"not_picked":["Deadly Poison"],"picked":"SKIP","floor":21.0},{"not_picked":["Underhanded Strike"],"picked":"SKIP","floor":24.0},{"not_picked":[],"picked":"Cloak And Dagger+1","floor":27},{"not_picked":["Prepared"],"picked":"SKIP","floor":29}],"player_experience":693744,"relics_obtained":[{"floor":7.0,"key":"Potion Belt"},{"floor":26.0,"key":"PreservedInsect"},{"floor":27,"key":"Smiling Mask"}],"event_choices":[{"damage_healed":0.0,"max_hp_gain":0.0,"max_hp_loss":0.0,"gold_gain":150.0,"event_name":"Liars Game","player_choice":"AGREE","floor":2.0,"gold_loss":0.0,"damage_taken":0.0,"cards_obtained":["Doubt"]},{"cards_removed":["Doubt"],"damage_healed":0.0,"max_hp_gain":0.0,"max_hp_loss":0.0,"gold_gain":0.0,"event_name":"The Cleric","player_choice":"Card Removal","floor":3.0,"gold_loss":75.0,"damage_taken":0.0},{"damage_healed":0.0,"max_hp_gain":0.0,"max_hp_loss":0.0,"gold_gain":0.0,"event_name":"Lab","player_choice":"Got Potions","floor":5.0,"gold_loss":0.0,"damage_taken":0.0},{"cards_removed":["Strike_G"],"damage_healed":0.0,"max_hp_gain":0.0,"max_hp_loss":0.0,"gold_gain":0.0,"event_name":"Golden Wing","player_choice":"Card Removal","floor":12.0,"gold_loss":0.0,"damage_taken":7.0},{"damage_healed":0.0,"max_hp_gain":0.0,"max_hp_loss":0.0,"gold_gain":50.0,"event_name":"FaceTrader","player_choice":"Touch","floor":19.0,"gold_loss":0.0,"damage_taken":6.0}],"is_beta":false,"boss_relics":[{"not_picked":["Calling Bell","Runic Pyramid"],"picked":"Busted Crown"}],"items_purged_floors":[11],"is_endless":false,"potions_floor_spawned":[4,7,10,16,18,29],"killed_by":"Gremlin Leader","ascension_level":20}}