{"host":"n08mv44ohivl39d9","time":1613788311,"event":{"mods":["BaseMod","Bestiary","Highlight Path","Minty Spire (QoL Compilation)","Relic Stats"],"gold_per_floor":[110,110,129,140,152,152,166,191,191,191,191,210,231,266,266,355,355,376,376,5,28,48,48,82,94,106,153,183,195,222,278,290,398,410,446,50,74,74,74],"floor_reached":38,"language":"ENG","playtime":6209,"items_purged":["Underhanded Strike"],"score":956,"play_id":"b92b6cce-0031-4388-a325-66bc90a83c8f","local_time":"20210219203151","is_ascension_mode":true,"campfire_choices":[{"data":"Dash","floor":6,"key":"SMITH"},{"data":"Catalyst","floor":10,"key":"SMITH"},{"data":"Crippling Poison","floor":15,"key":"SMITH"},{"data":"Catalyst","floor":23,"key":"SMITH"},{"data":"Ghostly","floor":25,"key":"SMITH"},{"data":"Ghostly","floor":29,"key":"SMITH"},{"data":"Well Laid Plans","floor":32,"key":"SMITH"}],"circlet_count":0,"master_deck":["AscendersBane","Survivor","Neutralize","Dash+1","Poisoned Stab","Noxious Fumes","Quick Slash","Catalyst+1","Backflip","Crippling Poison+1","Night Terror","Catalyst+1","Well Laid Plans+1","Adrenaline","Grand Finale","Caltrops","Underhanded Strike","Cloak And Dagger+1","Ghostly+1","Ghostly+1","Ghostly","Deadly Poison","Acrobatics","After Image","Outmaneuver+1"],"relics":["Ring of the Snake","Anchor","Letter Opener","Golden Idol","Mummified Hand","Pandora\u0027s Box","Potion Belt","ClockworkSouvenir","MawBank","Happy Flower","Strawberry","Red Mask","SlaversCollar","Gambling Chip"],"acts_visited":["Exordium","TheCity","TheBeyond"],"potions_floor_usage":[8,14,14,24,37,38,38],"damage_taken":[{"damage":0,"enemies":"2 Louse","floor":1,"turns":3},{"damage":0,"enemies":"Jaw Worm","floor":3,"turns":5},{"damage":0,"enemies":"Small Slimes","floor":4,"turns":4},{"damage":3,"enemies":"2 Fungi Beasts","floor":5,"turns":5},{"damage":0,"enemies":"Looter","floor":7,"turns":4},{"damage":9,"enemies":"3 Sentries","floor":8,"turns":4},{"damage":0,"enemies":"3 Louse","floor":12,"turns":2},{"damage":0,"enemies":"Large Slime","floor":13,"turns":4},{"damage":16,"enemies":"Gremlin Nob","floor":14,"turns":4},{"damage":12,"enemies":"Hexaghost","floor":16,"turns":8},{"damage":4,"enemies":"2 Thieves","floor":18,"turns":3},{"damage":0,"enemies":"Chosen","floor":21,"turns":2},{"damage":0,"enemies":"3 Cultists","floor":22,"turns":3},{"damage":0,"enemies":"Slavers","floor":24,"turns":3},{"damage":3,"enemies":"Book of Stabbing","floor":27,"turns":3},{"damage":2,"enemies":"Centurion and Healer","floor":28,"turns":6},{"damage":3,"enemies":"Snake Plant","floor":30,"turns":4},{"damage":3,"enemies":"Masked Bandits","floor":31,"turns":3},{"damage":2,"enemies":"Champ","floor":33,"turns":6},{"damage":0,"enemies":"3 Darklings","floor":35,"turns":3},{"damage":0,"enemies":"3 Shapes","floor":37,"turns":4},{"damage":33,"enemies":"2 Orb Walkers","floor":38,"turns":2}],"seed_played":"-2701524979616261040","potions_obtained":[{"floor":4,"key":"ColorlessPotion"},{"floor":5,"key":"DistilledChaos"},{"floor":8,"key":"SkillPotion"},{"floor":13,"key":"SkillPotion"},{"floor":14,"key":"Weak Potion"},{"floor":18,"key":"AttackPotion"},{"floor":21,"key":"Fire Potion"},{"floor":30,"key":"Explosive Potion"},{"floor":31,"key":"AttackPotion"}],"is_trial":false,"path_per_floor":["M","?","M","M","M","R","M","E","T","R","?","M","M","E","R","B",null,"M","?","$","M","M","R","E","R","T","E","M","R","M","?","R","B",null,"M","$","M","?"],"character_chosen":"THE_SILENT","items_purchased":["Potion Belt","ClockworkSouvenir","BlessingOfTheForge","Gambling Chip"],"campfire_rested":0,"item_purchase_floors":[20,20,20,36],"current_hp_per_floor":[59,52,52,52,49,49,49,40,40,40,40,40,40,24,24,12,44,40,27,27,27,27,27,27,27,27,31,29,29,26,23,23,21,31,31,31,31,0,0],"gold":74,"neow_bonus":"REMOVE_TWO","is_daily":false,"chose_seed":false,"campfire_upgraded":7,"win_rate":0.0,"timestamp":1613788311,"path_taken":["M","?","M","M","M","R","M","E","T","R","?","M","M","E","R","BOSS","M","?","$","M","M","R","E","R","T","E","M","R","M","?","R","BOSS","M","$","M","?"],"items_purchased_type":["Relic","Relic","Potion","Relic"],"build_version":"2020-12-22","purchased_purges":1,"victory":false,"max_hp_per_floor":[60,60,60,60,60,60,60,60,60,60,54,54,54,54,54,54,54,54,27,27,27,27,27,27,27,27,34,34,34,34,34,34,34,34,34,34,34,34,34],"relic_stats":{"Happy Flower":[10],"counters":[22,85],"Golden Idol":119,"Mummified Hand":[32],"Gambling Chip":[9],"Pandora\u0027s Box":["Catalyst","Underhanded Strike","Well Laid Plans","Adrenaline","Grand Finale","Caltrops","Underhanded Strike"],"Letter Opener":[135],"MawBank":144,"obtain_stats":[{"Potion Belt":20,"Happy Flower":26,"Golden Idol":11,"Letter Opener":9,"MawBank":24,"ClockworkSouvenir":20,"SlaversCollar":34,"Anchor":8,"Mummified Hand":14,"Strawberry":27,"Gambling Chip":36,"Pandora\u0027s Box":17,"Red Mask":31,"Ring of the Snake":0},{"Potion Belt":11,"Happy Flower":14,"Golden Idol":6,"Letter Opener":6,"MawBank":14,"ClockworkSouvenir":11,"SlaversCollar":19,"Anchor":6,"Mummified Hand":9,"Strawberry":15,"Gambling Chip":20,"Pandora\u0027s Box":10,"Red Mask":18,"Ring of the Snake":0},{"Potion Belt":46,"Happy Flower":54,"Golden Idol":25,"Letter Opener":25,"MawBank":54,"ClockworkSouvenir":46,"SlaversCollar":76,"Anchor":25,"Mummified Hand":35,"Strawberry":57,"Gambling Chip":79,"Pandora\u0027s Box":43,"Red Mask":70,"Ring of the Snake":0}],"Ring of the Snake":[44]},"card_choices":[{"not_picked":["Backflip","Escape Plan"],"picked":"Dash","floor":1},{"not_picked":["Underhanded Strike","Prepared"],"picked":"Poisoned Stab","floor":3},{"not_picked":["Escape Plan","Endless Agony","Underhanded Strike"],"picked":"SKIP","floor":4},{"not_picked":["Outmaneuver","Blade Dance"],"picked":"Noxious Fumes","floor":5},{"not_picked":["Outmaneuver","Backflip"],"picked":"Quick Slash","floor":7},{"not_picked":["Leg Sweep","Deadly Poison"],"picked":"Catalyst","floor":8},{"not_picked":["Terror","Outmaneuver"],"picked":"Backflip","floor":12},{"not_picked":["Underhanded Strike","Predator","Escape Plan"],"picked":"SKIP","floor":13},{"not_picked":["Accuracy","Prepared"],"picked":"Crippling Poison","floor":14},{"not_picked":["Storm of Steel","Phantasmal Killer"],"picked":"Night Terror","floor":16},{"not_picked":["Quick Slash","Sucker Punch"],"picked":"Cloak And Dagger+1","floor":18},{"not_picked":["Underhanded Strike","Cloak And Dagger","Dodge and Roll"],"picked":"SKIP","floor":21},{"not_picked":["Masterful Stab","Catalyst","Deadly Poison"],"picked":"SKIP","floor":22},{"not_picked":["Outmaneuver","Expertise","Underhanded Strike+1"],"picked":"SKIP","floor":24},{"not_picked":["Night Terror","Well Laid Plans+1"],"picked":"Deadly Poison","floor":27},{"not_picked":["Quick Slash","Flying Knee"],"picked":"Acrobatics","floor":28},{"not_picked":["Masterful Stab","Concentrate","Dodge and Roll"],"picked":"SKIP","floor":30},{"not_picked":["Die Die Die","Storm of Steel"],"picked":"After Image","floor":33},{"not_picked":["Dagger Throw","Caltrops"],"picked":"Outmaneuver+1","floor":35},{"not_picked":["Dash","Concentrate","Choke"],"picked":"SKIP","floor":37}],"player_experience":1466304,"relics_obtained":[{"floor":8,"key":"Anchor"},{"floor":9,"key":"Letter Opener"},{"floor":14,"key":"Mummified Hand"},{"floor":24,"key":"MawBank"},{"floor":26,"key":"Happy Flower"},{"floor":27,"key":"Strawberry"},{"floor":31,"key":"Red Mask"}],"event_choices":[{"cards_removed":["Strike_G"],"damage_healed":0,"gold_gain":0,"player_choice":"Card Removal","damage_taken":7,"max_hp_gain":0,"max_hp_loss":0,"event_name":"Golden Wing","floor":2,"gold_loss":0},{"damage_healed":0,"gold_gain":0,"player_choice":"Lose Max HP","damage_taken":0,"relics_obtained":["Golden Idol"],"max_hp_gain":0,"max_hp_loss":6,"event_name":"Golden Idol","floor":11,"gold_loss":0},{"damage_healed":0,"gold_gain":0,"player_choice":"Became a Ghost","damage_taken":0,"max_hp_gain":0,"max_hp_loss":27,"event_name":"Ghosts","floor":19,"gold_loss":0,"cards_obtained":["Ghostly","Ghostly","Ghostly"]},{"damage_healed":0,"gold_gain":0,"player_choice":"Fought Bandits","damage_taken":0,"max_hp_gain":0,"max_hp_loss":0,"event_name":"Masked Bandits","floor":31,"gold_loss":0},{"damage_healed":0,"gold_gain":0,"player_choice":"Fight","damage_taken":0,"max_hp_gain":0,"max_hp_loss":0,"event_name":"Mysterious Sphere","floor":38,"gold_loss":0}],"is_beta":false,"boss_relics":[{"not_picked":["Ectoplasm","Black Star"],"picked":"Pandora\u0027s Box"},{"not_picked":["Tiny House","Sozu"],"picked":"SlaversCollar"}],"items_purged_floors":[36],"is_endless":false,"potions_floor_spawned":[4,5,8,13,14,18,21,30,31],"killed_by":"2 Orb Walkers","ascension_level":20}}