{"host":"ilo0sg5cl3zcnqwd","time":1613837339,"event":{"mods":["BaseMod","Downfall","Minty Spire (QoL Compilation)","StSLib"],"gold_per_floor":[99,111,261,261,261,274,297,314,334,344,444,474,474,258,272,371,371,371,371],"floor_reached":17,"language":"ENG","playtime":736,"items_purged":[],"score":157,"play_id":"14d1d12a-b131-4db6-8093-d38f295c950a","local_time":"20210220160859","is_ascension_mode":false,"campfire_choices":[{"data":"hexamod:Sear","floor":1,"key":"SMITH"},{"data":"hexamod:Float","floor":13,"key":"SMITH"}],"circlet_count":0,"master_deck":["hexamod:Strike","hexamod:Strike","hexamod:Strike","hexamod:Defend","hexamod:Defend","hexamod:Defend","hexamod:Defend","hexamod:Sear+1","hexamod:Float+1","Dramatic Entrance","hexamod:BacktrackSmack","downfall:Icky","hexamod:BurningTouch","hexamod:Again","hexamod:SwordOfDarkness","hexamod:Firestarter","hexamod:TimeWarp","hexamod:BurningTouch","hexamod:Hexaguard"],"relics":["hexamod:SpiritBrand","downfall:ShatteredFragment","Orichalcum","downfall:GremlinWheel","Vajra","hexamod:MatchstickCase","hexamod:IceCube"],"acts_visited":["Exordium","TheCity"],"potions_floor_usage":[],"damage_taken":[{"damage":0,"enemies":"Cultist","floor":2,"turns":3},{"damage":0,"enemies":"2 Louse","floor":6,"turns":2},{"damage":0,"enemies":"Small Slimes","floor":8,"turns":2},{"damage":3,"enemies":"3 Louse","floor":9,"turns":2},{"damage":0,"enemies":"Lots of Slimes","floor":10,"turns":2},{"damage":1,"enemies":"Lots of Slimes","floor":11,"turns":3},{"damage":4,"enemies":"3 Sentries","floor":12,"turns":7},{"damage":0,"enemies":"downfall:FleeingMerchant","floor":14,"turns":4},{"damage":2,"enemies":"Blue Slaver","floor":15,"turns":2},{"damage":10,"enemies":"SI_SHIV_ARCHETYPE","floor":16,"turns":6}],"seed_played":"-6097562760598592127","potions_obtained":[{"floor":8,"key":"SpeedPotion"},{"floor":11,"key":"DuplicationPotion"},{"floor":12,"key":"GamblersBrew"}],"is_trial":false,"path_per_floor":["R","M","?","?","?","M","T","M","M","M","?","E","R","$","M","B",null],"character_chosen":"THE_SPIRIT","items_purchased":["hexamod:MatchstickCase","hexamod:BurningTouch"],"campfire_rested":0,"item_purchase_floors":[14,14],"current_hp_per_floor":[70,70,70,49,49,49,49,49,46,46,45,41,41,41,39,29,70,70,70],"gold":371,"neow_bonus":"RANDOM_COLORLESS","is_daily":false,"chose_seed":false,"campfire_upgraded":2,"win_rate":0.0,"timestamp":1613837339,"path_taken":["R","M","?","?","?","M","T","M","M","M","?","E","R","$","M","BOSS"],"items_purchased_type":["Relic","Card"],"build_version":"2020-12-22","purchased_purges":0,"victory":false,"max_hp_per_floor":[70,70,70,70,70,70,70,70,70,70,70,70,70,70,70,70,70,70,70],"card_choices":[{"not_picked":["Jack Of All Trades","Panacea"],"picked":"Dramatic Entrance","floor":0},{"not_picked":["hexamod:SecondSeal","hexamod:Rewind"],"picked":"hexamod:BacktrackSmack","floor":2},{"not_picked":["hexamod:StepThrough","hexamod:GhostShield"],"picked":"hexamod:BurningTouch","floor":6},{"not_picked":["hexamod:Hexaguard","hexamod:SpectersWail"],"picked":"hexamod:Again","floor":8},{"not_picked":["hexamod:NightmareGuise","hexamod:ThirdSeal","hexamod:AdvancingGuard"],"picked":"SKIP","floor":9},{"not_picked":["hexamod:GhostflameInferno","hexamod:HauntingEcho"],"picked":"hexamod:SwordOfDarkness","floor":10},{"not_picked":["hexamod:NightmareGuise","hexamod:PhantomFireball"],"picked":"hexamod:Firestarter","floor":12},{"not_picked":["hexamod:NightmareGuise","hexamod:GhostShield"],"picked":"hexamod:TimeWarp","floor":14},{"not_picked":["hexamod:StepThrough","hexamod:HauntingEcho"],"picked":"hexamod:Hexaguard","floor":15}],"player_experience":284585,"relics_obtained":[{"floor":7,"key":"Orichalcum"},{"floor":11,"key":"downfall:GremlinWheel"},{"floor":12,"key":"Vajra"}],"event_choices":[],"is_beta":false,"boss_relics":[{"not_picked":["SlaversCollar","Tiny House"],"picked":"hexamod:IceCube"}],"items_purged_floors":[],"is_endless":false,"potions_floor_spawned":[8,11,12,16],"ascension_level":0}}