{"host":"3c8x8j1h2jyrixpf","time":1613784077,"event":{"mods":["BaseMod","Colored Powertips","Highlight Path","Minty Spire (QoL Compilation)","StSLib"],"gold_per_floor":[119,130,130,130,58,58,88,88,88,88,102,68,98,116,116,219,219,232,252,252,271,286,286,301,327,327,361,377,377,392,317,317,317,317],"floor_reached":33,"language":"ENG","playtime":1404,"items_purged":[],"score":540,"play_id":"7021efd6-12cd-4f2d-b1d6-e1c403ab82b5","local_time":"20210219192117","is_ascension_mode":true,"campfire_choices":[{"data":"Go for the Eyes","floor":6,"key":"SMITH"},{"data":"Coolheaded","floor":8,"key":"SMITH"},{"data":"Glacier","floor":10,"key":"SMITH"},{"data":"Zap","floor":15,"key":"SMITH"},{"data":"Consume","floor":23,"key":"SMITH"},{"data":"Beam Cell","floor":29,"key":"SMITH"},{"data":"Tempest","floor":32,"key":"SMITH"}],"circlet_count":0,"master_deck":["AscendersBane","Defend_B","Defend_B","Defend_B","Defend_B+1","Zap+1","Dualcast","Go for the Eyes+1","FTL+1","Glacier+1","Coolheaded+1","Double Energy","Melter","All For One","Ball Lightning","Multi-Cast","Lockon+1","Consume+1","Ghostly","Ghostly","Ghostly","Ghostly","Ghostly","Tempest+1","Skim","Streamline","Beam Cell+1","Chill+1","Cold Snap","Coolheaded+1"],"relics":["Runic Dome","Oddly Smooth Stone","Meat on the Bone","Empty Cage","Sundial","Bottled Lightning","Toxic Egg 2"],"acts_visited":["Exordium","TheCity"],"potions_floor_usage":[13,33],"damage_taken":[{"damage":7,"enemies":"Jaw Worm","floor":1,"turns":3},{"damage":0,"enemies":"2 Louse","floor":2,"turns":2},{"damage":8,"enemies":"Lagavulin","floor":7,"turns":9},{"damage":0,"enemies":"Cultist","floor":11,"turns":4},{"damage":6,"enemies":"Gremlin Nob","floor":13,"turns":6},{"damage":0,"enemies":"3 Louse","floor":14,"turns":2},{"damage":17,"enemies":"Slime Boss","floor":16,"turns":8},{"damage":0,"enemies":"Shell Parasite","floor":18,"turns":4},{"damage":17,"enemies":"2 Thieves","floor":19,"turns":3},{"damage":27,"enemies":"Centurion and Healer","floor":21,"turns":7},{"damage":9,"enemies":"Snecko","floor":22,"turns":10},{"damage":9,"enemies":"Cultist and Chosen","floor":24,"turns":6},{"damage":8,"enemies":"Slavers","floor":25,"turns":9},{"damage":0,"enemies":"Gremlin Leader","floor":27,"turns":8},{"damage":0,"enemies":"Chosen and Byrds","floor":28,"turns":5},{"damage":0,"enemies":"Snake Plant","floor":30,"turns":5},{"damage":99,"enemies":"Automaton","floor":33,"turns":12}],"seed_played":"-1857374835383877328","potions_obtained":[{"floor":11,"key":"EssenceOfSteel"},{"floor":14,"key":"Ancient Potion"},{"floor":21,"key":"Swift Potion"},{"floor":24,"key":"FairyPotion"},{"floor":27,"key":"LiquidBronze"}],"is_trial":false,"path_per_floor":["M","M","?","?","$","R","E","R","T","R","M","$","E","M","R","B",null,"M","M","?","M","M","R","M","E","T","E","M","R","M","?","R","B"],"character_chosen":"DEFECT","items_purchased":["Glacier","Melter"],"campfire_rested":0,"item_purchase_floors":[5,12],"current_hp_per_floor":[61,61,46,39,39,39,31,31,31,31,31,31,25,37,37,32,64,64,47,37,22,25,25,28,20,20,20,20,20,20,20,20,0,0],"gold":317,"neow_bonus":"BOSS_RELIC","is_daily":false,"chose_seed":false,"campfire_upgraded":7,"win_rate":0.0,"timestamp":1613784077,"path_taken":["M","M","?","?","?","R","E","R","T","R","M","$","E","?","R","BOSS","M","M","?","M","M","R","M","E","T","E","M","R","M","?","R","BOSS"],"items_purchased_type":["Card","Card"],"build_version":"2020-12-22","purchased_purges":0,"victory":false,"max_hp_per_floor":[75,75,75,75,75,75,75,75,75,75,75,75,75,75,75,75,75,75,75,37,37,37,37,37,37,37,37,37,37,37,37,37,37,37],"card_choices":[{"not_picked":["Leap","Stack"],"picked":"Go for the Eyes","floor":1},{"not_picked":["Compile Driver","Streamline"],"picked":"FTL","floor":2},{"not_picked":["Conserve Battery","Fission"],"picked":"Coolheaded","floor":7},{"not_picked":["Gash","Storm"],"picked":"Double Energy","floor":11},{"not_picked":["Leap","Rebound"],"picked":"All For One","floor":13},{"not_picked":["Rip and Tear","Gash"],"picked":"Ball Lightning","floor":14},{"not_picked":["Reboot","Rainbow"],"picked":"Multi-Cast","floor":16},{"not_picked":["Coolheaded","Barrage"],"picked":"Lockon+1","floor":18},{"not_picked":["Turbo","Sweeping Beam"],"picked":"Consume","floor":19},{"not_picked":["Heatsinks","Rebound"],"picked":"Tempest","floor":21},{"not_picked":["Compile Driver+1","Gash"],"picked":"Skim","floor":22},{"not_picked":["Hologram+1","Heatsinks"],"picked":"Streamline","floor":24},{"not_picked":["Compile Driver","Heatsinks"],"picked":"Beam Cell","floor":25},{"not_picked":["Redo+1","Coolheaded+1"],"picked":"Chill+1","floor":27},{"not_picked":["Go for the Eyes","Machine Learning"],"picked":"Cold Snap","floor":28},{"not_picked":["Compile Driver","Force Field+1"],"picked":"Coolheaded+1","floor":30}],"player_experience":275897,"relics_obtained":[{"floor":7,"key":"Oddly Smooth Stone"},{"floor":13,"key":"Meat on the Bone"},{"floor":25,"key":"Sundial"},{"floor":26,"key":"Bottled Lightning"},{"floor":27,"key":"Toxic Egg 2"}],"event_choices":[{"damage_healed":0,"gold_gain":0,"player_choice":"Entered Light","damage_taken":15,"max_hp_gain":0,"max_hp_loss":0,"event_name":"Shining Light","floor":3,"gold_loss":0,"cards_upgraded":["FTL","Defend_B"]},{"cards_removed":["Strike_B"],"damage_healed":0,"gold_gain":0,"player_choice":"Card Removal","damage_taken":7,"max_hp_gain":0,"max_hp_loss":0,"event_name":"Golden Wing","floor":4,"gold_loss":0},{"damage_healed":0,"gold_gain":0,"player_choice":"Became a Ghost","damage_taken":0,"max_hp_gain":0,"max_hp_loss":38,"event_name":"Ghosts","floor":20,"gold_loss":0,"cards_obtained":["Ghostly","Ghostly","Ghostly","Ghostly","Ghostly"]},{"cards_removed":["Strike_B"],"damage_healed":0,"gold_gain":0,"player_choice":"Gave Gold","damage_taken":0,"max_hp_gain":0,"max_hp_loss":0,"event_name":"Beggar","floor":31,"gold_loss":75}],"is_beta":false,"boss_relics":[{"not_picked":["Nuclear Battery","Snecko Eye"],"picked":"Empty Cage"}],"items_purged_floors":[],"is_endless":false,"potions_floor_spawned":[11,14,21,22,24,25,27],"killed_by":"Automaton","ascension_level":12}}