{"host":"suw5tyb7z6zbnnfs","time":1613863332,"event":{"mods":["AchievementEnabler","BaseMod","Colored Map","Minty Spire (QoL Compilation)"],"gold_per_floor":[115,5,5,5,18,18,48,63,88,107,127,92,92,106,106,106,106],"floor_reached":16,"language":"ENG","playtime":854,"items_purged":["Strike_G"],"score":163,"play_id":"eba2b819-9977-418b-8bf1-0479a1f4e253","local_time":"20210220182212","is_ascension_mode":true,"campfire_choices":[{"data":"Neutralize","floor":6,"key":"SMITH"},{"floor":13,"key":"REST"},{"data":"Caltrops","floor":15,"key":"SMITH"}],"circlet_count":0,"master_deck":["AscendersBane","Strike_G","Strike_G","Strike_G","Strike_G","Defend_G","Defend_G","Defend_G","Defend_G","Defend_G","Survivor","Neutralize+1","Dash","Backstab","Blur","Acrobatics","Blade Dance","Caltrops+1"],"relics":["Sozu","Juzu Bracelet","Omamori"],"acts_visited":["Exordium"],"potions_floor_usage":[],"damage_taken":[{"damage":0,"enemies":"Jaw Worm","floor":1,"turns":4},{"damage":0,"enemies":"2 Louse","floor":5,"turns":3},{"damage":57,"enemies":"Gremlin Nob","floor":7,"turns":7},{"damage":7,"enemies":"Small Slimes","floor":8,"turns":4},{"damage":0,"enemies":"2 Fungi Beasts","floor":10,"turns":4},{"damage":0,"enemies":"3 Louse","floor":11,"turns":2},{"damage":1,"enemies":"Looter","floor":14,"turns":3},{"damage":26,"enemies":"The Guardian","floor":16,"turns":10}],"seed_played":"-295264891749476807","potions_obtained":[],"is_trial":false,"path_per_floor":["M","$","?","?","M","R","E","M","T","M","M","$","R","M","R","B"],"character_chosen":"THE_SILENT","items_purchased":["Backstab","Caltrops"],"campfire_rested":1,"item_purchase_floors":[2,12],"current_hp_per_floor":[63,63,63,68,68,68,11,4,4,4,4,4,26,25,25,0,0],"gold":106,"neow_bonus":"BOSS_RELIC","is_daily":false,"chose_seed":false,"campfire_upgraded":2,"win_rate":0.0,"timestamp":1613863332,"path_taken":["M","$","?","?","M","R","E","M","T","M","M","$","R","M","R","BOSS"],"items_purchased_type":["Card","Card"],"build_version":"2020-12-22","purchased_purges":1,"victory":false,"max_hp_per_floor":[70,70,70,75,75,75,75,75,75,75,75,75,75,75,75,75,75],"card_choices":[{"not_picked":["Finisher","Terror"],"picked":"Dash","floor":1},{"not_picked":["Poisoned Stab","Underhanded Strike","Calculated Gamble"],"picked":"SKIP","floor":5},{"not_picked":["Endless Agony","Riddle With Holes","Deadly Poison"],"picked":"SKIP","floor":7},{"not_picked":["Calculated Gamble","Flying Knee"],"picked":"Blur","floor":8},{"not_picked":["Eviscerate","PiercingWail"],"picked":"Acrobatics","floor":10},{"not_picked":["Slice","Underhanded Strike"],"picked":"Blade Dance","floor":11},{"not_picked":["Sucker Punch","Escape Plan","Tactician"],"picked":"SKIP","floor":14}],"player_experience":970308,"relics_obtained":[{"floor":7,"key":"Juzu Bracelet"},{"floor":9,"key":"Omamori"}],"event_choices":[{"damage_healed":0,"gold_gain":0,"player_choice":"Ignored","damage_taken":0,"max_hp_gain":0,"max_hp_loss":0,"event_name":"Liars Game","floor":3,"gold_loss":0},{"damage_healed":0,"gold_gain":0,"player_choice":"Donut","damage_taken":0,"max_hp_gain":5,"max_hp_loss":0,"event_name":"Big Fish","floor":4,"gold_loss":0}],"is_beta":false,"boss_relics":[],"items_purged_floors":[2],"is_endless":false,"potions_floor_spawned":[1,8,10,14],"killed_by":"The Guardian","ascension_level":12}}