{"host":"qgrlfjrqk9z96gfi","time":1613851733,"event":{"mods":["BaseMod","Block Reminder","Colored Map","Custom Start","DeckTracker","Minty Spire (QoL Compilation)"],"gold_per_floor":[364,376,376,393,29,62,62,94,165,196,32,59,76,96,96,172,172,183,183,21,21,21,57,72,72,99,125,161,96,121,71,71,152,152,174,174,191,224,250,250,293,183,263,302,315,339,373,384,384,384,384,384,393,31,73,73,73],"floor_reached":56,"language":"ENG","playtime":3024,"items_purged":["Strike_G"],"score":2100,"play_id":"449b8736-e5ba-493e-b468-8a7945e4bda7","local_time":"20210220100853","is_ascension_mode":true,"campfire_choices":[{"data":"Well Laid Plans","floor":15.0,"key":"SMITH"},{"data":"Wraith Form v2","floor":25.0,"key":"SMITH"},{"data":"Crippling Poison","floor":32.0,"key":"SMITH"},{"data":"Adrenaline","floor":40.0,"key":"SMITH"},{"floor":49.0,"key":"RECALL"},{"floor":53.0,"key":"REST"}],"circlet_count":0,"master_deck":["AscendersBane","Strike_G+1","Strike_G+1","Strike_G+1","Defend_G+1","Defend_G+1","Defend_G+1","Defend_G+1","Defend_G+1","Survivor+1","Neutralize+1","Leg Sweep+1","Finisher+1","Blade Dance+1","Crippling Poison+1","Well Laid Plans+1","Dodge and Roll","Backstab","Dagger Spray","Adrenaline+1","Wraith Form v2+1","Glass Knife","Backflip","Outmaneuver+1","Burst+1","Backstab","Backflip+1","Venomology+1","Dodge and Roll+1","Parasite","Blade Dance+1","Calculated Gamble+1","Tools of the Trade","Doppelganger+1","Blur+1","Bouncing Flask+1","Secret Technique+1","Blade Dance+1"],"relics":["Ring of the Snake","Shuriken","Ginger","MealTicket","HornCleat","Bag of Marbles","Whetstone","SlaversCollar","Anchor","CeramicFish","Toxic Egg 2","Philosopher\u0027s Stone","Nunchaku","Kunai","Dream Catcher","Vajra","Calipers","Happy Flower","Sundial"],"acts_visited":["Exordium","TheCity","TheBeyond","TheEnding"],"potions_floor_usage":[],"damage_taken":[{"damage":0.0,"enemies":"Small Slimes","floor":1.0,"turns":5.0},{"damage":7.0,"enemies":"Cultist","floor":2.0,"turns":5.0},{"damage":1.0,"enemies":"2 Louse","floor":4.0,"turns":3.0},{"damage":0.0,"enemies":"Gremlin Nob","floor":6.0,"turns":3.0},{"damage":14.0,"enemies":"3 Sentries","floor":8.0,"turns":4.0},{"damage":0.0,"enemies":"Gremlin Nob","floor":10.0,"turns":3.0},{"damage":9.0,"enemies":"3 Sentries","floor":12.0,"turns":7.0},{"damage":0.0,"enemies":"Large Slime","floor":13.0,"turns":1.0},{"damage":0.0,"enemies":"3 Louse","floor":14.0,"turns":2.0},{"damage":11.0,"enemies":"The Guardian","floor":16.0,"turns":9.0},{"damage":32.0,"enemies":"Shell Parasite","floor":18.0,"turns":7.0},{"damage":17.0,"enemies":"Book of Stabbing","floor":23.0,"turns":5.0},{"damage":0.0,"enemies":"3 Byrds","floor":24.0,"turns":5.0},{"damage":0.0,"enemies":"3 Cultists","floor":27.0,"turns":4.0},{"damage":19.0,"enemies":"Slavers","floor":28.0,"turns":4.0},{"damage":0.0,"enemies":"Centurion and Healer","floor":30.0,"turns":6.0},{"damage":5.0,"enemies":"Champ","floor":33.0,"turns":7.0},{"damage":0.0,"enemies":"3 Darklings","floor":35.0,"turns":3.0},{"damage":0.0,"enemies":"3 Shapes","floor":37.0,"turns":6.0},{"damage":1.0,"enemies":"Writhing Mass","floor":38.0,"turns":6.0},{"damage":1.0,"enemies":"Maw","floor":39.0,"turns":7.0},{"damage":0.0,"enemies":"Reptomancer","floor":41.0,"turns":1.0},{"damage":8.0,"enemies":"Giant Head","floor":44.0,"turns":7.0},{"damage":3.0,"enemies":"Jaw Worm Horde","floor":45.0,"turns":4.0},{"damage":0.0,"enemies":"Mind Bloom Boss Battle","floor":47.0,"turns":6.0},{"damage":0.0,"enemies":"Spire Growth","floor":48.0,"turns":4.0},{"damage":10.0,"enemies":"Awakened One","floor":50.0,"turns":14.0},{"damage":26.0,"enemies":"Donu and Deca","floor":51.0,"turns":13.0},{"damage":3.0,"enemies":"Shield and Spear","floor":55.0,"turns":6.0},{"damage":87,"enemies":"The Heart","floor":56,"turns":5}],"seed_played":"4210851531503543536","potions_obtained":[{"floor":1.0,"key":"Fire Potion"},{"floor":2.0,"key":"ColorlessPotion"},{"floor":6.0,"key":"DuplicationPotion"},{"floor":8.0,"key":"Ancient Potion"},{"floor":13.0,"key":"Explosive Potion"},{"floor":24.0,"key":"Poison Potion"},{"floor":28.0,"key":"Strength Potion"},{"floor":33.0,"key":"Strength Potion"},{"floor":41.0,"key":"Strength Potion"},{"floor":44.0,"key":"Strength Potion"}],"is_trial":false,"path_per_floor":["M","M","?","M","$","E","?","E","T","E","$","E","M","M","R","B",null,"M","?","$","?","?","E","M","R","T","M","E","$","M","$","R","B",null,"M","?","M","M","M","R","E","?","T","E","M","T","?","M","R","B","B",null,"R","$","E","B"],"character_chosen":"THE_SILENT","items_purchased":["Shuriken","Blade Dance","Masterful Stab","Backstab","Anchor","Burst+1","Backflip+1","Happy Flower","Secret Technique+1"],"campfire_rested":1,"item_purchase_floors":[5,5,5,11,20,29,31,54,54],"current_hp_per_floor":[59,52,52,51,51,51,51,37,37,37,52,43,43,43,43,32,53,21,21,36,36,60,43,43,43,43,43,24,39,39,54,54,49,57,57,57,57,56,55,55,55,55,55,47,44,44,44,44,44,34,8,47,60,60,57,0,0],"gold":73,"neow_bonus":"TWO_FIFTY_GOLD","is_daily":false,"chose_seed":false,"campfire_upgraded":4,"win_rate":0.0,"timestamp":1613851733,"path_taken":["M","M","?","?","$","E","?","E","T","E","$","E","M","M","R","BOSS","M","?","$","?","?","E","M","R","T","?","E","?","M","$","R","BOSS","M","?","M","M","?","R","E","?","T","E","?","?","?","M","R","BOSS","BOSS","R","$","E","BOSS"],"items_purchased_type":["Relic","Card","Card","Card","Relic","Card","Card","Relic","Card"],"build_version":"2020-12-22","purchased_purges":1,"victory":false,"max_hp_per_floor":[60,60,60,60,60,60,60,60,60,60,60,60,60,60,60,60,60,60,60,60,60,60,60,60,60,60,60,60,60,60,60,60,60,60,60,60,60,60,60,60,60,60,60,60,60,60,60,60,60,60,60,60,60,60,60,60,60],"card_choices":[{"not_picked":["Catalyst","Infinite Blades","Well Laid Plans"],"picked":"SKIP","floor":1.0},{"not_picked":["Dodge and Roll","Prepared"],"picked":"Leg Sweep","floor":2.0},{"not_picked":["Cloak And Dagger","Masterful Stab"],"picked":"Finisher","floor":4.0},{"not_picked":["Caltrops","Outmaneuver"],"picked":"Crippling Poison","floor":6.0},{"not_picked":["Grand Finale","Dodge and Roll"],"picked":"Well Laid Plans","floor":8.0},{"not_picked":["Acrobatics","Riddle With Holes"],"picked":"Dodge and Roll","floor":10.0},{"not_picked":["Dodge and Roll","Bane"],"picked":"Dagger Spray","floor":12.0},{"not_picked":["Dagger Spray","Reflex","Underhanded Strike"],"picked":"SKIP","floor":13.0},{"not_picked":["Predator","Sucker Punch"],"picked":"Adrenaline","floor":14.0},{"not_picked":["Storm of Steel","A Thousand Cuts"],"picked":"Wraith Form v2","floor":16.0},{"not_picked":["Deflect","Masterful Stab","Choke"],"picked":"SKIP","floor":18.0},{"not_picked":["Prepared","Poisoned Stab"],"picked":"Glass Knife","floor":23.0},{"not_picked":["Reflex","Bane","Catalyst"],"picked":"SKIP","floor":24.0},{"not_picked":["Leg Sweep","Crippling Poison"],"picked":"Backflip","floor":27.0},{"not_picked":["Noxious Fumes","Quick Slash"],"picked":"Outmaneuver+1","floor":28.0},{"not_picked":["Underhanded Strike","Predator+1"],"picked":"Backstab","floor":30.0},{"not_picked":["Burst+1","Doppelganger+1"],"picked":"Venomology+1","floor":33.0},{"not_picked":["Expertise+1","Underhanded Strike+1"],"picked":"Dodge and Roll+1","floor":35.0},{"not_picked":["Reflex+1","Dodge and Roll+1","Well Laid Plans"],"picked":"SKIP","floor":37.0},{"not_picked":["Slice","Leg Sweep+1"],"picked":"Blade Dance+1","floor":38.0},{"not_picked":["Blade Dance+1","Poisoned Stab"],"picked":"Calculated Gamble+1","floor":39.0},{"not_picked":["Slice+1","Backflip+1"],"picked":"Tools of the Trade","floor":41.0},{"not_picked":["Deflect+1","Slice"],"picked":"Doppelganger+1","floor":44.0},{"not_picked":["Deadly Poison+1","Choke","Setup+1"],"picked":"SKIP","floor":45.0},{"not_picked":["Flying Knee","Acrobatics+1"],"picked":"Blur+1","floor":47.0},{"not_picked":["Underhanded Strike+1","Predator","Dagger Throw"],"picked":"SKIP","floor":48.0},{"not_picked":["Backflip+1","Deflect+1"],"picked":"Bouncing Flask+1","floor":53.0},{"not_picked":["Dagger Throw","Backstab"],"picked":"Blade Dance+1","floor":55.0}],"player_experience":1169213,"relics_obtained":[{"floor":6.0,"key":"Ginger"},{"floor":8.0,"key":"MealTicket"},{"floor":9.0,"key":"HornCleat"},{"floor":10.0,"key":"Bag of Marbles"},{"floor":12.0,"key":"Whetstone"},{"floor":23.0,"key":"CeramicFish"},{"floor":28.0,"key":"Toxic Egg 2"},{"floor":41.0,"key":"Nunchaku"},{"floor":43.0,"key":"Kunai"},{"floor":44.0,"key":"Dream Catcher"},{"floor":46.0,"key":"Vajra"},{"floor":47.0,"key":"Calipers"},{"floor":55.0,"key":"Sundial"}],"event_choices":[{"damage_healed":0.0,"max_hp_gain":0.0,"max_hp_loss":0.0,"gold_gain":0.0,"event_name":"Upgrade Shrine","player_choice":"Upgraded","floor":3.0,"gold_loss":0.0,"damage_taken":0.0,"cards_upgraded":["Leg Sweep"]},{"damage_healed":0.0,"max_hp_gain":0.0,"max_hp_loss":0.0,"gold_gain":0.0,"event_name":"Living Wall","player_choice":"Grow","floor":7.0,"gold_loss":0.0,"damage_taken":0.0,"cards_upgraded":["Blade Dance"]},{"damage_healed":0.0,"max_hp_gain":0.0,"max_hp_loss":0.0,"gold_gain":0.0,"event_name":"Back to Basics","player_choice":"Simplicity","floor":21.0,"gold_loss":0.0,"damage_taken":0.0,"cards_upgraded":["Strike_G","Strike_G","Strike_G","Strike_G","Defend_G","Defend_G","Defend_G","Defend_G","Defend_G"]},{"cards_removed":["Masterful Stab"],"damage_healed":24.0,"max_hp_gain":0.0,"max_hp_loss":0.0,"gold_gain":0.0,"event_name":"Bonfire Elementals","player_choice":"Offered Uncommon","floor":22.0,"gold_loss":0.0,"damage_taken":0.0},{"damage_healed":0.0,"max_hp_gain":0.0,"max_hp_loss":0.0,"gold_gain":0.0,"event_name":"SecretPortal","player_choice":"Ignored","floor":36.0,"gold_loss":0.0,"damage_taken":0.0},{"cards_removed":["Strike_G"],"damage_healed":0.0,"max_hp_gain":0.0,"max_hp_loss":0.0,"gold_gain":0.0,"event_name":"Designer","player_choice":"Upgrade and Remove","floor":42.0,"gold_loss":110.0,"damage_taken":0.0,"cards_upgraded":["Survivor"]},{"damage_healed":0.0,"max_hp_gain":0.0,"max_hp_loss":0.0,"gold_gain":0.0,"event_name":"MindBloom","player_choice":"Fight","floor":47.0,"gold_loss":0.0,"damage_taken":0.0}],"is_beta":false,"boss_relics":[{"not_picked":["SacredBark","Fusion Hammer"],"picked":"SlaversCollar"},{"not_picked":["Calling Bell","Sozu"],"picked":"Philosopher\u0027s Stone"}],"items_purged_floors":[11],"is_endless":false,"potions_floor_spawned":[1,2,6,8,13,24,28,33,35,41,44,47],"killed_by":"The Heart","ascension_level":20}}