{"host":"vld99k9l4elccfy8","time":1613850351,"event":{"mods":["AchievementEnabler","BaseMod","Bestiary","Block Reminder","Colored Map","Colored Powertips","Custom Start","Highlight Path","Minty Spire (QoL Compilation)","Permanent Neow","Rare Cards Sparkle"],"gold_per_floor":[114,14,27,27,44,44,73,73,73,73,73,91,91,114,114,238,238,262,283,306,306,381,381,391,391,391,71,83,83,101,115,115,216,216,226,242,242,202,18,18,32,46,96,96,96,116,135,39,39,39,39,39,39,74,74,74],"floor_reached":55,"language":"ENG","playtime":4561,"items_purged":[],"score":721,"play_id":"568e7533-f4ab-4b09-a82f-2298ff59cec1","local_time":"20210220124551","is_ascension_mode":false,"campfire_choices":[{"floor":6.0,"key":"REST"},{"floor":10.0,"key":"REST"},{"floor":15.0,"key":"RECALL"},{"floor":23.0,"key":"REST"},{"data":"Glass Knife","floor":25.0,"key":"SMITH"},{"data":"Poisoned Stab","floor":29.0,"key":"SMITH"},{"floor":32.0,"key":"REST"},{"data":"Wraith Form v2","floor":40.0,"key":"SMITH"},{"data":"Dash","floor":45,"key":"SMITH"},{"floor":49,"key":"REST"},{"data":"Blind","floor":52,"key":"SMITH"}],"circlet_count":0,"master_deck":["Strike_G","Strike_G+1","Strike_G","Strike_G","Strike_G","Defend_G","Defend_G","Defend_G","Defend_G+1","Survivor","Neutralize","Deadly Poison","Blade Dance+1","Terror+1","Blade Dance","Slice","PiercingWail","Glass Knife+1","Poisoned Stab+1","Outmaneuver+1","Flying Knee","Dash+1","Outmaneuver","Blade Dance+1","Distraction","Deadly Poison+1","Wraith Form v2+1","Deflect+1","Cloak And Dagger+1","Dark Shackles","Finesse","Blind+1","Well Laid Plans","Infinite Blades","Corpse Explosion","Finisher+1","Deadly Poison+1","Terror+1"],"relics":["Ring of the Snake","Regal Pillow","Bloody Idol","SacredBark","Turnip","Blood Vial","Toolbox","Lee\u0027s Waffle","Snake Skull","Pocketwatch"],"acts_visited":["Exordium","TheCity","TheBeyond","TheEnding"],"potions_floor_usage":[50],"damage_taken":[{"damage":0.0,"enemies":"Small Slimes","floor":1.0,"turns":4.0},{"damage":0.0,"enemies":"Jaw Worm","floor":3.0,"turns":5.0},{"damage":0.0,"enemies":"Cultist","floor":5.0,"turns":2.0},{"damage":42.0,"enemies":"3 Sentries","floor":7.0,"turns":14.0},{"damage":4.0,"enemies":"2 Fungi Beasts","floor":12.0,"turns":4.0},{"damage":0.0,"enemies":"Blue Slaver","floor":14.0,"turns":2.0},{"damage":51.0,"enemies":"Slime Boss","floor":16.0,"turns":13.0},{"damage":0.0,"enemies":"Chosen","floor":18.0,"turns":3.0},{"damage":14.0,"enemies":"Shell Parasite","floor":19.0,"turns":5.0},{"damage":25.0,"enemies":"3 Cultists","floor":20.0,"turns":6.0},{"damage":26.0,"enemies":"Centurion and Healer","floor":24.0,"turns":5.0},{"damage":1.0,"enemies":"Cultist and Chosen","floor":28.0,"turns":6.0},{"damage":29.0,"enemies":"Sentry and Sphere","floor":30.0,"turns":7.0},{"damage":11.0,"enemies":"Snecko","floor":31.0,"turns":4.0},{"damage":129.0,"enemies":"Champ","floor":33.0,"turns":12.0},{"damage":26.0,"enemies":"Orb Walker","floor":35.0,"turns":4.0},{"damage":12.0,"enemies":"3 Shapes","floor":36.0,"turns":5.0},{"damage":16.0,"enemies":"Maw","floor":41.0,"turns":8.0},{"damage":21.0,"enemies":"Sphere and 2 Shapes","floor":42.0,"turns":8.0},{"damage":15,"enemies":"3 Darklings","floor":46,"turns":3},{"damage":27,"enemies":"Maw","floor":47,"turns":8},{"damage":62,"enemies":"Donu and Deca","floor":50,"turns":5},{"damage":161,"enemies":"Shield and Spear","floor":54,"turns":8},{"damage":14,"enemies":"The Heart","floor":55,"turns":2}],"seed_played":"1520384509391212445","potions_obtained":[{"floor":5.0,"key":"EntropicBrew"},{"floor":7.0,"key":"Swift Potion"},{"floor":19.0,"key":"LiquidBronze"},{"floor":24.0,"key":"Fruit Juice"},{"floor":31.0,"key":"Poison Potion"},{"floor":33.0,"key":"AttackPotion"},{"floor":36.0,"key":"SkillPotion"},{"floor":46,"key":"PowerPotion"},{"floor":54,"key":"SkillPotion"}],"is_trial":false,"path_per_floor":["M","$","M","?","M","R","E","?","T","R","?","M","?","M","R","B",null,"M","M","M","?","?","R","M","R","T","$","M","R","M","M","R","B",null,"M","M","?","?","$","R","M","M","T","?","R","M","M","$","R","B",null,"R","$","E","B"],"character_chosen":"THE_SILENT","items_purchased":["FairyPotion","Blood Vial","Toolbox","Outmaneuver","Lee\u0027s Waffle","Well Laid Plans","FairyPotion"],"campfire_rested":5,"item_purchase_floors":[2,27,27,27,39,39,48],"current_hp_per_floor":[63,63,63,46,46,71,29,29,29,69,62,58,58,58,58,7,84,84,70,45,45,42,82,71,71,71,71,77,77,55,51,94,39,94,73,68,58,58,101,101,90,76,81,81,81,73,53,53,98,38,101,101,101,11,0,0],"gold":74,"neow_bonus":"TWENTY_PERCENT_HP_BONUS","is_daily":false,"chose_seed":false,"campfire_upgraded":5,"win_rate":0.0,"timestamp":1613850351,"path_taken":["M","$","M","?","M","R","E","?","T","R","?","?","?","M","R","BOSS","M","?","M","?","?","R","M","R","T","$","M","R","M","M","R","BOSS","M","M","?","?","$","R","?","M","T","?","R","M","M","?","R","BOSS","R","$","E","BOSS"],"items_purchased_type":["Potion","Relic","Relic","Card","Relic","Card","Potion"],"build_version":"2020-12-22","purchased_purges":0,"victory":false,"max_hp_per_floor":[84,84,84,84,84,84,84,84,84,84,84,84,84,84,84,84,84,84,84,84,84,84,84,94,94,94,94,94,94,94,94,94,94,94,94,94,94,94,101,101,101,101,101,101,101,101,101,101,101,101,101,101,101,101,101,101],"card_choices":[{"not_picked":["Underhanded Strike","Quick Slash"],"picked":"Deadly Poison","floor":1.0},{"not_picked":["Riddle With Holes","Quick Slash"],"picked":"Blade Dance","floor":3.0},{"not_picked":["Choke","Blur"],"picked":"Terror","floor":5.0},{"not_picked":["Dagger Spray","Underhanded Strike"],"picked":"Blade Dance","floor":7.0},{"not_picked":["Flying Knee","Leg Sweep"],"picked":"Slice","floor":12.0},{"not_picked":["Sucker Punch","Acrobatics"],"picked":"PiercingWail","floor":14.0},{"not_picked":["Doppelganger","Night Terror"],"picked":"Glass Knife","floor":16.0},{"not_picked":["Dagger Throw","Deflect"],"picked":"Poisoned Stab","floor":18.0},{"not_picked":["Sucker Punch","Setup"],"picked":"Outmaneuver+1","floor":19.0},{"not_picked":["Dagger Throw","Caltrops"],"picked":"Flying Knee","floor":20.0},{"not_picked":["Well Laid Plans","Sucker Punch+1"],"picked":"Dash","floor":24.0},{"not_picked":["Backflip","PiercingWail+1"],"picked":"Blade Dance+1","floor":28.0},{"not_picked":["Sucker Punch","PiercingWail"],"picked":"Distraction","floor":30.0},{"not_picked":["Concentrate","Blade Dance"],"picked":"Deadly Poison","floor":31.0},{"not_picked":["Envenom","A Thousand Cuts"],"picked":"Wraith Form v2","floor":33.0},{"not_picked":["Riddle With Holes","Bane"],"picked":"Deflect+1","floor":35.0},{"not_picked":["Flying Knee","Acrobatics"],"picked":"Cloak And Dagger+1","floor":36.0},{"not_picked":["Enlightenment","Madness"],"picked":"Dark Shackles","floor":37.0},{"not_picked":["Panacea","Madness"],"picked":"Finesse","floor":37.0},{"not_picked":["Deep Breath","Swift Strike"],"picked":"Blind","floor":37.0},{"not_picked":["Backflip","Concentrate"],"picked":"Infinite Blades","floor":41.0},{"not_picked":["Concentrate","Prepared"],"picked":"Corpse Explosion","floor":42.0},{"not_picked":["Poisoned Stab+1","Footwork"],"picked":"Finisher+1","floor":46},{"not_picked":["Dodge and Roll","Blade Dance"],"picked":"Deadly Poison+1","floor":47},{"not_picked":["Slice+1","Underhanded Strike"],"picked":"Terror+1","floor":54}],"player_experience":436187,"relics_obtained":[{"floor":7.0,"key":"Regal Pillow"},{"floor":26.0,"key":"Turnip"},{"floor":43.0,"key":"Snake Skull"},{"floor":54,"key":"Pocketwatch"}],"event_choices":[{"damage_healed":0.0,"max_hp_gain":0.0,"max_hp_loss":0.0,"gold_gain":0.0,"event_name":"Shining Light","player_choice":"Entered Light","floor":4.0,"gold_loss":0.0,"damage_taken":17.0,"cards_upgraded":["Defend_G","Strike_G"]},{"damage_healed":0.0,"max_hp_gain":0.0,"max_hp_loss":0.0,"gold_gain":0.0,"event_name":"Golden Idol","player_choice":"Take Wound","floor":8.0,"gold_loss":0.0,"damage_taken":0.0,"relics_obtained":["Golden Idol"],"cards_obtained":["Injury"]},{"cards_removed":["Injury"],"damage_healed":0.0,"max_hp_gain":0.0,"max_hp_loss":0.0,"gold_gain":0.0,"event_name":"Golden Wing","player_choice":"Card Removal","floor":11.0,"gold_loss":0.0,"damage_taken":7.0},{"damage_healed":0.0,"max_hp_gain":0.0,"max_hp_loss":0.0,"gold_gain":0.0,"event_name":"Upgrade Shrine","player_choice":"Upgraded","floor":13.0,"gold_loss":0.0,"damage_taken":0.0,"cards_upgraded":["Terror"]},{"damage_healed":0.0,"max_hp_gain":0.0,"max_hp_loss":0.0,"gold_gain":0.0,"event_name":"Forgotten Altar","player_choice":"Gave Idol","floor":21.0,"relics_lost":["Golden Idol"],"gold_loss":0.0,"damage_taken":0.0,"relics_obtained":["Bloody Idol"]},{"damage_healed":0.0,"max_hp_gain":0.0,"max_hp_loss":0.0,"gold_gain":75.0,"event_name":"FaceTrader","player_choice":"Touch","floor":22.0,"gold_loss":0.0,"damage_taken":8.0},{"damage_healed":0.0,"max_hp_gain":0.0,"max_hp_loss":0.0,"gold_gain":0.0,"event_name":"SensoryStone","player_choice":"Memory 3","floor":37.0,"gold_loss":0.0,"damage_taken":10.0},{"damage_healed":0.0,"max_hp_gain":0.0,"max_hp_loss":0.0,"gold_gain":0.0,"event_name":"Designer","player_choice":"Upgraded Two","floor":38.0,"gold_loss":40.0,"damage_taken":0.0,"cards_upgraded":["Blade Dance","Deadly Poison"]},{"cards_removed":["Defend_G"],"damage_healed":0.0,"max_hp_gain":0.0,"max_hp_loss":0.0,"gold_gain":0.0,"event_name":"Falling","player_choice":"Removed Skill","floor":44.0,"gold_loss":0.0,"damage_taken":0.0}],"is_beta":false,"boss_relics":[{"not_picked":["Pandora\u0027s Box","Calling Bell"],"picked":"SacredBark"},{"not_picked":["Ring of the Serpent","Busted Crown","Snecko Eye"]}],"items_purged_floors":[],"is_endless":false,"potions_floor_spawned":[5,7,19,24,31,33,36,46,54],"killed_by":"The Heart","ascension_level":0}}