{"host":"fbdlh90rovbiajun","time":1613840732,"event":{"mods":["AchievementEnabler","BaseMod","Colored Map","Keyboard Shortcuts","Minty Spire (QoL Compilation)","SuperFastMode"],"gold_per_floor":[116,41,53,3,3,28,28,57,57,92,92,111,145,145,145,246,246,201,201],"floor_reached":18,"language":"KOR","playtime":301,"items_purged":["Defend_P"],"score":295,"play_id":"46e3e5a7-3fcb-4f87-b23f-d8fa60f96c39","local_time":"20210221020532","is_ascension_mode":true,"campfire_choices":[{"data":"Eruption","floor":7,"key":"SMITH"},{"data":"ReachHeaven","floor":11,"key":"SMITH"},{"floor":15,"key":"REST"}],"circlet_count":0,"master_deck":["Strike_P","Strike_P+1","Strike_P","Strike_P+1","Defend_P","Defend_P","Eruption+1","Vigilance","ReachHeaven+1","FlurryOfBlows","MentalFortress"],"relics":["PureWater","NeowsBlessing","Shuriken","Tiny Chest","Pen Nib","Whetstone","Juzu Bracelet","SacredBark"],"acts_visited":["Exordium","TheCity"],"potions_floor_usage":[16],"damage_taken":[{"damage":0,"enemies":"Jaw Worm","floor":1,"turns":1},{"damage":0,"enemies":"2 Louse","floor":3,"turns":1},{"damage":0,"enemies":"Gremlin Nob","floor":6,"turns":1},{"damage":22,"enemies":"3 Sentries","floor":8,"turns":6},{"damage":39,"enemies":"Lagavulin","floor":10,"turns":5},{"damage":0,"enemies":"Cultist","floor":12,"turns":1},{"damage":0,"enemies":"3 Sentries","floor":13,"turns":2},{"damage":20,"enemies":"Hexaghost","floor":16,"turns":3},{"damage":57,"enemies":"2 Thieves","floor":18,"turns":2}],"seed_played":"-2070005074146956029","potions_obtained":[{"floor":3,"key":"Fruit Juice"},{"floor":8,"key":"DuplicationPotion"},{"floor":10,"key":"AttackPotion"},{"floor":16,"key":"EssenceOfSteel"}],"is_trial":false,"path_per_floor":["M","$","M","?","$","E","R","E","T","E","R","M","E","?","R","B",null,"M"],"character_chosen":"WATCHER","items_purchased":[],"campfire_rested":1,"item_purchase_floors":[],"current_hp_per_floor":[72,72,72,72,72,72,72,50,50,11,11,11,11,11,32,12,57,0,0],"gold":201,"neow_bonus":"THREE_ENEMY_KILL","is_daily":false,"chose_seed":false,"campfire_upgraded":2,"win_rate":0.0,"timestamp":1613840732,"path_taken":["M","$","M","?","$","E","R","E","T","E","R","M","E","?","R","BOSS","M"],"items_purchased_type":[],"build_version":"2020-12-22","purchased_purges":1,"victory":false,"max_hp_per_floor":[72,72,72,72,72,72,72,72,72,72,72,72,72,72,72,72,72,72,72],"card_choices":[{"not_picked":["BowlingBash","EmptyFist","Prostrate"],"picked":"SKIP","floor":1},{"not_picked":["LikeWater","Prostrate","Consecrate"],"picked":"SKIP","floor":3},{"not_picked":["Scrawl","CarveReality"],"picked":"ReachHeaven","floor":6},{"not_picked":["WreathOfFlame","WindmillStrike"],"picked":"FlurryOfBlows","floor":8},{"not_picked":["Vengeance","Conclude","BattleHymn"],"picked":"SKIP","floor":10},{"not_picked":["Indignation","SashWhip","PathToVictory"],"picked":"SKIP","floor":12},{"not_picked":["CutThroughFate","BattleHymn"],"picked":"MentalFortress","floor":13}],"player_experience":111020,"relics_obtained":[{"floor":6,"key":"Shuriken"},{"floor":8,"key":"Tiny Chest"},{"floor":9,"key":"Pen Nib"},{"floor":10,"key":"Whetstone"},{"floor":13,"key":"Juzu Bracelet"}],"event_choices":[{"cards_removed":["Defend_P"],"damage_healed":0,"gold_gain":0,"player_choice":"Card Removal","damage_taken":0,"max_hp_gain":0,"max_hp_loss":0,"event_name":"The Cleric","floor":4,"gold_loss":50},{"damage_healed":0,"gold_gain":0,"player_choice":"Ignored","damage_taken":0,"max_hp_gain":0,"max_hp_loss":0,"event_name":"Liars Game","floor":14,"gold_loss":0}],"is_beta":false,"boss_relics":[{"not_picked":["Ectoplasm","Runic Dome"],"picked":"SacredBark"}],"items_purged_floors":[2],"is_endless":false,"potions_floor_spawned":[3,8,10,12,16],"killed_by":"2 Thieves","ascension_level":5}}