{"host":"mc4amcm0108w7k6t","time":1613785544,"event":{"mods":["BaseMod","Minty Spire (QoL Compilation)","StSLib","The Hierophant"],"gold_per_floor":[114,128,17,28,28,28,28],"floor_reached":6,"language":"ENG","playtime":440,"items_purged":["Normality"],"score":36,"play_id":"c4aab03f-52d7-4dde-ae82-bc25459afc9e","local_time":"20210219204544","is_ascension_mode":false,"campfire_choices":[],"circlet_count":0,"master_deck":["hierophant:Strike_Hierophant","hierophant:Strike_Hierophant","hierophant:Strike_Hierophant","hierophant:Strike_Hierophant","hierophant:Punish","hierophant:Defend_Hierophant","hierophant:Defend_Hierophant","hierophant:Defend_Hierophant","hierophant:Defend_Hierophant","hierophant:ChurchCoffers","hierophant:DivineIntervention","hierophant:Repentance","hierophant:FieryStrike","hierophant:Blessing","hierophant:RepressedViolence","Pain"],"relics":["hierophant:PropheticMaskRelic","WarpedTongs"],"acts_visited":["Exordium"],"potions_floor_usage":[6],"damage_taken":[{"damage":7,"enemies":"2 Louse","floor":1,"turns":4},{"damage":1,"enemies":"Cultist","floor":2,"turns":3},{"damage":15,"enemies":"Jaw Worm","floor":4,"turns":5},{"damage":54,"enemies":"Gremlin Nob","floor":6,"turns":5}],"seed_played":"2429604313400597986","potions_obtained":[{"floor":1,"key":"ColorlessPotion"},{"floor":2,"key":"BlessingOfTheForge"}],"is_trial":false,"path_per_floor":["M","M","$","M","?","E"],"character_chosen":"HIEROPHANT","items_purchased":["hierophant:Blessing"],"campfire_rested":0,"item_purchase_floors":[3],"current_hp_per_floor":[68,67,67,59,59,5,5],"gold":28,"neow_bonus":"THREE_RARE_CARDS","is_daily":false,"chose_seed":false,"campfire_upgraded":0,"win_rate":0.0,"timestamp":1613785544,"path_taken":["M","M","$","M","?","E"],"items_purchased_type":["Card"],"build_version":"2020-12-22","purchased_purges":1,"victory":false,"max_hp_per_floor":[75,75,75,75,75,75,75],"card_choices":[{"not_picked":["hierophant:Batter","hierophant:AuricForm"],"picked":"hierophant:DivineIntervention","floor":0},{"not_picked":["hierophant:FaithHealing","hierophant:RepressedViolence"],"picked":"hierophant:Repentance","floor":1},{"not_picked":["hierophant:Zeal","hierophant:Upheaval"],"picked":"hierophant:FieryStrike","floor":2},{"not_picked":["hierophant:ArchangelShield","hierophant:Repentance"],"picked":"hierophant:RepressedViolence","floor":4}],"player_experience":348253,"relics_obtained":[],"event_choices":[{"damage_healed":0,"gold_gain":0,"player_choice":"Rummage","damage_taken":0,"relics_obtained":["WarpedTongs"],"max_hp_gain":0,"max_hp_loss":0,"event_name":"Accursed Blacksmith","floor":5,"gold_loss":0,"cards_obtained":["Pain"]}],"is_beta":false,"boss_relics":[],"items_purged_floors":[3],"is_endless":false,"potions_floor_spawned":[1,2],"killed_by":"Gremlin Nob","ascension_level":0}}