{"host":"1vqon1dbpr5c1qll","time":1613795657,"event":{"mods":["2.2 Compatiblity","AchievementEnabler","BaseMod","BetterRewards","Colored Map","Hermit","Highlight Path","Lobotomy","Minty Spire (QoL Compilation)","Permanent Neow","Quick Restart","Random Character Button","Replay The Spire","StSLib","SuperFastMode","The Cursed","The Servant 0.9.4","everything is the same but u backflip on backflip"],"gold_per_floor":[115,165,184,198,212,212,247,257,280,312,327,355,355,65,65,142,142,157,157,171,171,171],"floor_reached":21,"language":"KOR","playtime":851,"items_purged":[],"score":362,"play_id":"524db625-afe6-4cec-aabd-b6407bb12ba9","local_time":"20210220133417","is_ascension_mode":true,"campfire_choices":[{"data":"Self Repair","floor":6.0,"key":"SMITH"},{"floor":13.0,"key":"REST"},{"floor":15.0,"key":"REST"}],"circlet_count":0,"master_deck":["AscendersBane","Strike_B+1","Strike_B","Strike_B","Defend_B","Defend_B+1","Zap","Dualcast","Amplify+1","Reboot+1","All For One+1","Gash","Ball Lightning","Streamline","Self Repair+1","Doom and Gloom","Leap","Turbo","Stack","Hyperbeam","Melter+1","Self Repair","Thunder Strike","Ball Lightning","Gash","Gash"],"relics":["Astrolabe","Replay:Rubber Ducky","Art of War","Bronze Scales","Simple Rune","Lantern","Snecko Heart"],"acts_visited":["Exordium","TheCity"],"potions_floor_usage":[],"damage_taken":[{"damage":9.0,"enemies":"Jaw Worm","floor":1.0,"turns":4.0},{"damage":1.0,"enemies":"Cultist","floor":3.0,"turns":3.0},{"damage":6.0,"enemies":"2 Louse","floor":4.0,"turns":2.0},{"damage":6.0,"enemies":"Gremlin Gang","floor":5.0,"turns":3.0},{"damage":8.0,"enemies":"Gremlin Nob","floor":7.0,"turns":4.0},{"damage":11.0,"enemies":"Lots of Slimes","floor":8.0,"turns":4.0},{"damage":20.0,"enemies":"Lagavulin","floor":10.0,"turns":6.0},{"damage":16.0,"enemies":"Blue Slaver","floor":11.0,"turns":3.0},{"damage":21.0,"enemies":"Gremlin Nob","floor":12.0,"turns":4.0},{"damage":47,"enemies":"The Guardian","floor":16,"turns":11},{"damage":12,"enemies":"Chosen","floor":18,"turns":5},{"damage":0,"enemies":"Spheric Guardian","floor":20,"turns":1},{"damage":18,"enemies":"Snake Plant","floor":21,"turns":3}],"seed_played":"7588329535750795522","potions_obtained":[{"floor":3.0,"key":"Block Potion"},{"floor":4.0,"key":"PowerPotion"},{"floor":7.0,"key":"Strength Potion"},{"floor":8.0,"key":"GamblersBrew"},{"floor":18,"key":"FearPotion"},{"floor":20,"key":"SpeedPotion"}],"is_trial":false,"path_per_floor":["M","?","M","M","M","R","E","M","T","E","M","E","R","$","R","B",null,"M","?","M","M"],"character_chosen":"DEFECT","items_purchased":["Lantern","Melter+1","Self Repair"],"campfire_rested":2,"item_purchase_floors":[14,14,14],"current_hp_per_floor":[55,55,54,48,42,42,44,43,43,43,37,26,47,47,68,28,60,65,65,65,47,47],"gold":171,"neow_bonus":"BOSS_RELIC","is_daily":false,"chose_seed":false,"campfire_upgraded":1,"win_rate":0.0,"timestamp":1613795657,"path_taken":["M","?","M","M","M","R","E","?","T","E","M","E","R","$","R","BOSS","M","?","?","M"],"items_purchased_type":["Card","Card","Card"],"build_version":"2020-12-22","purchased_purges":0,"victory":false,"max_hp_per_floor":[71,71,71,71,71,71,71,71,71,71,71,71,71,71,71,71,71,71,71,71,71,71],"card_choices":[{"not_picked":["Chill","Undo"],"picked":"Gash","floor":1.0},{"not_picked":["ReplayTheSpireMod:GoodbyeWorld","Stack"],"picked":"Ball Lightning","floor":3.0},{"not_picked":["ReplayTheSpireMod:Reroute Power","Barrage"],"picked":"Streamline","floor":4.0},{"not_picked":["Rip and Tear","Conserve Battery"],"picked":"Self Repair","floor":5.0},{"not_picked":["Compile Driver","Thunder Strike"],"picked":"Doom and Gloom","floor":7.0},{"not_picked":["Lockon","Turbo"],"picked":"Leap","floor":8.0},{"not_picked":["Tempest","Doom and Gloom"],"picked":"Turbo","floor":10.0},{"not_picked":["Redo","Loop"],"picked":"Stack","floor":11.0},{"not_picked":["Cold Snap","Leap"],"picked":"Hyperbeam","floor":12.0},{"not_picked":["Meteor Strike","Amplify"],"picked":"Thunder Strike","floor":16},{"not_picked":["Blizzard","Compile Driver"],"picked":"Ball Lightning","floor":18},{"not_picked":["Defragment","Conserve Battery"],"picked":"Gash","floor":20}],"player_experience":1007773,"relics_obtained":[{"floor":7.0,"key":"Replay:Rubber Ducky"},{"floor":9.0,"key":"Art of War"},{"floor":10.0,"key":"Bronze Scales"},{"floor":12.0,"key":"Simple Rune"}],"event_choices":[{"damage_healed":0.0,"max_hp_gain":0.0,"max_hp_loss":0.0,"gold_gain":50.0,"event_name":"Golden Shrine","player_choice":"Pray","floor":2.0,"gold_loss":0.0,"damage_taken":0.0},{"damage_healed":0,"gold_gain":0,"player_choice":"Copied","damage_taken":0,"max_hp_gain":0,"max_hp_loss":0,"event_name":"Duplicator","floor":19,"gold_loss":0,"cards_obtained":["Gash"]}],"is_beta":false,"boss_relics":[{"not_picked":["Busted Crown","SlaversCollar"],"picked":"Snecko Heart"}],"items_purged_floors":[],"is_endless":false,"potions_floor_spawned":[3,4,7,8,18,20],"killed_by":"Snake Plant","ascension_level":16}}