{"host":"0kliq79v4h130vq5","time":1613808748,"event":{"mods":["BaseMod","Downfall","Minty Spire (QoL Compilation)","Quick Restart","StSLib","Yakumo Yukari mod","¡¾ÒÅÎï¿¨ÅÆ¡¿REMEMod"],"gold_per_floor":[99,111,125,125,143,243,316,329,339,339,180,192,212,228,247,247,247,247],"floor_reached":16,"language":"ZHS","playtime":4036,"items_purged":["hexamod:Strike"],"score":123,"play_id":"0918d5ae-cacb-4e62-9fe7-a745016ddc3b","local_time":"20210220161228","is_ascension_mode":false,"campfire_choices":[{"data":"hexamod:Sear","floor":1.0,"key":"SMITH"},{"floor":10,"key":"RECALL"}],"circlet_count":0,"master_deck":["hexamod:Strike","hexamod:Strike","hexamod:Strike","hexamod:Defend","hexamod:Defend","hexamod:Defend","hexamod:Defend","hexamod:Sear+1","hexamod:Float","hexamod:StepThrough","hexamod:PhantomCloak","hexamod:PhantomCloak","hexamod:EtherealExpedition","hexamod:ParanormalForm","hexamod:FirstSeal","hexamod:FourthSeal","hexamod:Hexaguard","hexamod:NightmareGuise"],"relics":["hexamod:SpiritBrand","REME_ComplimentaryCards","Pear"],"acts_visited":["Exordium"],"potions_floor_usage":[14,16],"damage_taken":[{"damage":1.0,"enemies":"Cultist","floor":2.0,"turns":3.0},{"damage":1.0,"enemies":"2 Louse","floor":3.0,"turns":3.0},{"damage":11,"enemies":"Jaw Worm","floor":5,"turns":3},{"damage":5,"enemies":"Exordium Wildlife","floor":8,"turns":3},{"damage":0,"enemies":"downfall:LooterAlt","floor":9,"turns":5},{"damage":0,"enemies":"downfall:FleeingMerchant","floor":11,"turns":4},{"damage":3,"enemies":"Large Slime","floor":12,"turns":10},{"damage":24,"enemies":"Blue Slaver","floor":13,"turns":6},{"damage":11,"enemies":"Exordium Wildlife","floor":14,"turns":3},{"damage":9,"enemies":"2 Fungi Beasts","floor":15,"turns":4},{"damage":88,"enemies":"DF_ARCHETYPE_STREAMLINE","floor":16,"turns":14}],"seed_played":"-4306090348055098268","potions_obtained":[{"floor":2.0,"key":"SpeedPotion"},{"floor":5,"key":"AttackPotion"},{"floor":8,"key":"ColorlessPotion"},{"floor":12,"key":"champ:CounterPotion"},{"floor":13,"key":"PanachePotion"},{"floor":14,"key":"Fire Potion"},{"floor":14,"key":"SteroidPotion"}],"is_trial":false,"path_per_floor":["R","M","M","?","M","?","T","M","M","R","$","M","M","M","M","B"],"character_chosen":"THE_SPIRIT","items_purchased":["hexamod:FourthSeal"],"campfire_rested":0,"item_purchase_floors":[11],"current_hp_per_floor":[77,76,75,75,64,64,74,69,69,69,69,73,56,52,50,0,0,0],"gold":247,"neow_bonus":"TEN_PERCENT_HP_BONUS","is_daily":false,"chose_seed":false,"campfire_upgraded":1,"win_rate":0.0,"timestamp":1613808748,"path_taken":["R","M","M","?","?","?","T","?","M","R","$","M","M","M","M","BOSS"],"items_purchased_type":["Card"],"build_version":"2020-12-22","purchased_purges":1,"victory":false,"max_hp_per_floor":[77,77,77,77,77,77,87,87,87,87,87,87,87,87,87,87,87,87],"card_choices":[{"not_picked":["hexamod:Incineration","hexamod:CatchUp"],"picked":"hexamod:StepThrough","floor":2.0},{"not_picked":["hexamod:HauntingEcho","hexamod:SwordOfDarkness"],"picked":"hexamod:PhantomCloak","floor":3.0},{"not_picked":["hexamod:NecessarySacrifice","hexamod:Haunt","hexamod:HauntingEcho"],"picked":"SKIP","floor":5},{"not_picked":["hexamod:FastForward","hexamod:RadiantFlame"],"picked":"hexamod:EtherealExpedition","floor":8},{"not_picked":["hexamod:GhostShield","hexamod:HauntingEcho"],"picked":"hexamod:ParanormalForm","floor":9},{"not_picked":["hexamod:RecurringNightmare","hexamod:BacktrackSmack"],"picked":"hexamod:FirstSeal","floor":11},{"not_picked":["hexamod:StepThrough","hexamod:NecessarySacrifice","hexamod:HauntingEcho"],"picked":"SKIP","floor":12},{"not_picked":["hexamod:ExtraCrispy","hexamod:HeatMetal","hexamod:DynamicBlow"],"picked":"SKIP","floor":13},{"not_picked":["hexamod:BurningTouch","hexamod:Hexaguard","hexamod:Incineration"],"picked":"SKIP","floor":14},{"not_picked":["hexamod:BurningTouch","hexamod:Incineration"],"picked":"hexamod:Hexaguard","floor":14},{"not_picked":["hexamod:CatchUp","hexamod:Firestarter"],"picked":"hexamod:NightmareGuise","floor":15}],"player_experience":62974,"relics_obtained":[{"floor":7,"key":"Pear"}],"event_choices":[],"is_beta":false,"boss_relics":[],"items_purged_floors":[11],"is_endless":false,"potions_floor_spawned":[2,5,8,13,14],"killed_by":"DF_ARCHETYPE_STREAMLINE","ascension_level":0}}