{"host":"ovivighfa421z0zp","time":1613811404,"event":{"mods":["BaseMod","Colored Map","DeckTracker","Keyboard Shortcuts","Minty Spire (QoL Compilation)","Permanent Neow","Quick Restart","Replay The Spire","StSLib","SuperFastMode","The Cursed","The Hierophant","The Poker Player","The Runesmith"],"gold_per_floor":[114,131,141,38,51,84,84,94,94,109,109,140,157,176,176,278,278,292,310,91,107,119,119,134,144,171,171,183,183,183,196,196,293,293,312,331,86,105,57,57,72,72,72,72,89,118,133,146,146,146],"floor_reached":51,"language":"KOR","playtime":3257,"items_purged":["TheCursedMod:Strike_TheCursed","TheCursedMod:Obscuration"],"score":551,"play_id":"301899a7-05cf-4372-ab21-82291d571246","local_time":"20210220175644","is_ascension_mode":false,"campfire_choices":[{"data":"TheCursedMod:CollectTribute","floor":7,"key":"SMITH"},{"floor":11,"key":"REST"},{"data":"TheCursedMod:Evocation","floor":15,"key":"SMITH"},{"floor":23,"key":"REST"},{"floor":29,"key":"REST"},{"floor":32,"key":"REST"},{"data":"TheCursedMod:CleanUpWorkshop","floor":40,"key":"SMITH"},{"data":"TheCursedMod:SpitefulPlan","floor":44,"key":"SMITH"},{"floor":49,"key":"REST"}],"circlet_count":0,"master_deck":["TheCursedMod:CursedWand","TheCursedMod:CleanUpWorkshop+1","TheCursedMod:Dregs","TheCursedMod:CollectTribute+1","TheCursedMod:SpitefulPray","TheCursedMod:SoulCrush","TheCursedMod:Evocation+1","TheCursedMod:DemonSword+1","TheCursedMod:TacticalStrike","TheCursedMod:FuryStrike","TheCursedMod:Wield","TheCursedMod:SpitefulStrike","TheCursedMod:Stretching","TheCursedMod:DemonicPact","TheCursedMod:ReleasedStrength+1","TheCursedMod:BlessingInDisguise","TheCursedMod:CursedBoomerang+1","TheCursedMod:RapidMovement","TheCursedMod:CircleOfBlood","TheCursedMod:VoidForm","TheCursedMod:SpreadPlague","TheCursedMod:Obscuration","TheCursedMod:CircleOfAbyss","TheCursedMod:SpitefulStrike","TheCursedMod:CursedSpellbook","TheCursedMod:SpitefulPlan+1","TheCursedMod:AshesToAshes+1","Pain","TheCursedMod:AshesToAshes","TheCursedMod:Grudge+1"],"relics":["TheCursedMod:BlackMagic101","Snack Pack","Mercury Hourglass","PreservedInsect","Painkiller Herb","Centennial Puzzle","Boot","Pandora\u0027s Box","ClockworkSouvenir","Ring of Misfortune","Ring of Fury","Gambling Chip","Lantern"],"acts_visited":["Exordium","TheCity","TheBeyond"],"potions_floor_usage":[16,22,24,28,28,35,41,45,50,50,50],"damage_taken":[{"damage":0,"enemies":"Cultist","floor":1,"turns":3},{"damage":3,"enemies":"Small Slimes","floor":2,"turns":4},{"damage":0,"enemies":"2 Louse","floor":3,"turns":2},{"damage":11,"enemies":"Large Slime","floor":5,"turns":5},{"damage":7,"enemies":"Replay:BlueRogue","floor":6,"turns":5},{"damage":0,"enemies":"Exordium Thugs","floor":8,"turns":3},{"damage":7,"enemies":"Exordium Wildlife","floor":10,"turns":3},{"damage":4,"enemies":"3 Sentries","floor":12,"turns":4},{"damage":1,"enemies":"2 Fungi Beasts","floor":13,"turns":3},{"damage":0,"enemies":"Large Slime","floor":14,"turns":2},{"damage":8,"enemies":"Fading Forest","floor":16,"turns":11},{"damage":12,"enemies":"Chosen","floor":18,"turns":4},{"damage":18,"enemies":"2 Thieves","floor":19,"turns":3},{"damage":20,"enemies":"Snecko","floor":21,"turns":4},{"damage":3,"enemies":"Shelled Parasite and Fungi","floor":22,"turns":3},{"damage":16,"enemies":"Chosen and Byrds","floor":24,"turns":4},{"damage":3,"enemies":"Centurion and Healer","floor":25,"turns":3},{"damage":25,"enemies":"Cultist and Chosen","floor":28,"turns":8},{"damage":18,"enemies":"Colosseum Slavers","floor":30,"turns":5},{"damage":5,"enemies":"Snecko","floor":31,"turns":3},{"damage":41,"enemies":"Collector","floor":33,"turns":9},{"damage":6,"enemies":"3 Shapes","floor":35,"turns":4},{"damage":4,"enemies":"Orb Walker","floor":36,"turns":3},{"damage":17,"enemies":"Sphere and 2 Shapes","floor":38,"turns":6},{"damage":4,"enemies":"3 Darklings","floor":41,"turns":3},{"damage":25,"enemies":"Writhing Mass","floor":45,"turns":4},{"damage":18,"enemies":"Reptomancer","floor":46,"turns":4},{"damage":10,"enemies":"Sphere and 2 Shapes","floor":47,"turns":3},{"damage":0,"enemies":"Spire Growth","floor":48,"turns":2},{"damage":24,"enemies":"Replay:Hell Engine","floor":50,"turns":5}],"seed_played":"9135677572557033075","potions_obtained":[{"floor":1,"key":"SpeedPotion"},{"floor":2,"key":"AttackPotion"},{"floor":6,"key":"Block Potion"},{"floor":14,"key":"Doom Potion"},{"floor":16,"key":"LifebloodPotion"},{"floor":22,"key":"LiquidMemories"},{"floor":24,"key":"SkillPotion"},{"floor":33,"key":"PowerPotion"},{"floor":38,"key":"Swift Potion"},{"floor":41,"key":"Elixir"},{"floor":45,"key":"Flashbang"},{"floor":47,"key":"SmokeBomb"},{"floor":48,"key":"SteroidPotion"}],"is_trial":false,"path_per_floor":["M","M","M","$","M","E","R","M","T","M","R","E","M","M","R","B",null,"?","?","T","?","?","T","?","?","T","?","?","T","?","?","T","B",null,"?","?","T","?","T","T","?","?","T","T","?","E","?","?","T","B",null],"character_chosen":"THE_CURSED","items_purchased":["TheCursedMod:DemonSword+1","Centennial Puzzle","ClockworkSouvenir","Swift Potion"],"campfire_rested":5,"item_purchase_floors":[4,20,37,39],"current_hp_per_floor":[54,51,51,51,40,33,33,37,37,32,54,54,55,59,59,73,75,65,51,51,35,36,58,46,47,47,33,16,40,24,27,51,30,80,78,78,78,65,65,65,69,69,69,69,58,48,50,52,76,58],"gold":146,"neow_bonus":"THREE_RARE_CARDS","is_daily":false,"chose_seed":false,"campfire_upgraded":4,"win_rate":0.0,"timestamp":1613811404,"path_taken":["M","M","M","?","M","E","R","M","T","M","R","E","M","?","R","BOSS","?","?","T","?","?","T","?","?","T","?","?","T","?","?","T","BOSS","?","?","T","?","T","T","?","?","T","T","?","E","?","?","T","BOSS"],"items_purchased_type":["Card","Relic","Relic","Potion"],"build_version":"2020-12-22","purchased_purges":2,"victory":true,"max_hp_per_floor":[75,75,75,75,75,75,75,75,75,75,75,75,75,75,75,75,75,75,75,75,75,75,75,75,75,75,80,80,80,80,80,80,80,80,80,80,80,80,80,80,80,80,80,80,80,80,80,80,80,80],"card_choices":[{"not_picked":["TheCursedMod:CircleOfAbyss","TheCursedMod:Neurasthenia"],"picked":"TheCursedMod:CollectTribute","floor":0},{"not_picked":["TheCursedMod:Hemoplague","TheCursedMod:HellsGateOpen"],"picked":"TheCursedMod:SpitefulPray","floor":1},{"not_picked":["TheCursedMod:SmokeScreen","TheCursedMod:CursedStaff"],"picked":"TheCursedMod:SoulCrush","floor":2},{"not_picked":["TheCursedMod:VitalStrike","TheCursedMod:CursedAmulet"],"picked":"TheCursedMod:Evocation","floor":3},{"not_picked":["TheCursedMod:CursedBlade","TheCursedMod:SmokeScreen"],"picked":"TheCursedMod:TacticalStrike","floor":5},{"not_picked":["TheCursedMod:FleshFromBone","TheCursedMod:Stigma"],"picked":"TheCursedMod:FuryStrike","floor":6},{"not_picked":["TheCursedMod:WearCloak","TheCursedMod:CircleOfFlame"],"picked":"TheCursedMod:Wield","floor":8},{"not_picked":["TheCursedMod:HellfireBreathing","TheCursedMod:VitalStrike","TheCursedMod:CircleOfCorruption"],"picked":"SKIP","floor":10},{"not_picked":["TheCursedMod:CircleOfAmplification","TheCursedMod:StunningStrike"],"picked":"TheCursedMod:SpitefulStrike","floor":12},{"not_picked":["TheCursedMod:PrepareRite","TheCursedMod:EmpowerCircles","TheCursedMod:SurpriseAttack"],"picked":"SKIP","floor":13},{"not_picked":["TheCursedMod:SaltUponWound","TheCursedMod:SpitefulStrike"],"picked":"TheCursedMod:Stretching","floor":14},{"not_picked":["TheCursedMod:AntiAging","TheCursedMod:NeowsMight"],"picked":"TheCursedMod:DemonicPact","floor":16},{"not_picked":["TheCursedMod:CursedSpellbook+1","TheCursedMod:CircleOfBlood+1"],"picked":"TheCursedMod:ReleasedStrength+1","floor":18},{"not_picked":["TheCursedMod:AbyssShockwave","TheCursedMod:CursedShiv"],"picked":"TheCursedMod:BlessingInDisguise","floor":19},{"not_picked":["TheCursedMod:CursedMace","TheCursedMod:SmokeScreen","TheCursedMod:Stigma"],"picked":"SKIP","floor":21},{"not_picked":["TheCursedMod:CursedMace","TheCursedMod:CursedShiv+1"],"picked":"TheCursedMod:CursedBoomerang+1","floor":22},{"not_picked":["TheCursedMod:CursedMace+1","TheCursedMod:RavingStaff"],"picked":"TheCursedMod:RapidMovement","floor":24},{"not_picked":["TheCursedMod:CircleOfFlame","TheCursedMod:CursedArmor+1"],"picked":"TheCursedMod:CircleOfBlood","floor":25},{"not_picked":["TheCursedMod:CursedBlade","TheCursedMod:CircleOfAbyss","TheCursedMod:CursedAmulet"],"picked":"SKIP","floor":28},{"not_picked":["TheCursedMod:ManaBullet","TheCursedMod:RavingStaff","TheCursedMod:FuryStrike"],"picked":"SKIP","floor":31},{"not_picked":["TheCursedMod:ShockAndAwe","TheCursedMod:DarkBarrier"],"picked":"TheCursedMod:VoidForm","floor":33},{"not_picked":["TheCursedMod:Mangle","TheCursedMod:TacticalStrike+1","TheCursedMod:BloodBarrier+1"],"picked":"SKIP","floor":35},{"not_picked":["TheCursedMod:TroublousMinions","TheCursedMod:SpitefulStrike+1","TheCursedMod:RavingStaff+1"],"picked":"SKIP","floor":36},{"not_picked":["TheCursedMod:VitalStrike","TheCursedMod:ManaBullet+1"],"picked":"TheCursedMod:AshesToAshes+1","floor":38},{"not_picked":["TheCursedMod:CursedArmor+1","TheCursedMod:FleshFromBone+1","TheCursedMod:CircleOfFlame+1"],"picked":"SKIP","floor":41},{"not_picked":["TheCursedMod:SpitefulStrike+1","TheCursedMod:SpreadPlague+1"],"picked":"TheCursedMod:AshesToAshes","floor":45},{"not_picked":["TheCursedMod:FleshFromBone+1","TheCursedMod:FuryStrike","TheCursedMod:WearCloak+1"],"picked":"SKIP","floor":46},{"not_picked":["TheCursedMod:CircleOfFlame+1","TheCursedMod:SpitefulPray+1"],"picked":"TheCursedMod:Grudge+1","floor":47},{"not_picked":["TheCursedMod:OutForBlood","TheCursedMod:CursedShiv+1","TheCursedMod:CursedArmor"],"picked":"SKIP","floor":48}],"player_experience":792749,"relics_obtained":[{"floor":6,"key":"Snack Pack"},{"floor":9,"key":"Mercury Hourglass"},{"floor":12,"key":"PreservedInsect"},{"floor":26,"key":"Boot"},{"floor":42,"key":"Ring of Misfortune"},{"floor":42,"key":"Ring of Fury"},{"floor":43,"key":"Gambling Chip"},{"floor":46,"key":"Lantern"}],"event_choices":[{"damage_healed":0,"gold_gain":0,"player_choice":"Shed Blood","damage_taken":19,"max_hp_gain":5,"max_hp_loss":0,"event_name":"Forgotten Altar","floor":27,"gold_loss":0},{"damage_healed":0,"gold_gain":0,"player_choice":"Fight","damage_taken":0,"max_hp_gain":0,"max_hp_loss":0,"event_name":"Colosseum","floor":30,"gold_loss":0},{"damage_healed":0,"gold_gain":0,"player_choice":"Fled From Nobs","damage_taken":0,"max_hp_gain":0,"max_hp_loss":0,"event_name":"Colosseum","floor":30,"gold_loss":0}],"is_beta":false,"boss_relics":[{"not_picked":["Sozu","Calling Bell"],"picked":"Painkiller Herb"},{"not_picked":["Black Star","Replay:Wanted Poster"],"picked":"Pandora\u0027s Box"}],"items_purged_floors":[20,37],"is_endless":false,"potions_floor_spawned":[1,2,6,14,16,18,22,24,33,38,41,45,47,48],"ascension_level":0}}