{"host":"soyfmymeou4emntr","time":1613805927,"event":{"mods":["BaseMod","Minty Spire (QoL Compilation)","Permanent Neow","Relic Sorter","Relic Stats","StSLib"],"gold_per_floor":[366,366,22,32,44,44,55,55,125,125,125,153,68,99,99,99,99],"floor_reached":16,"language":"ENG","playtime":842,"items_purged":[],"score":216,"play_id":"dcee0570-6cdf-4a10-b7c5-540e42b1f0e5","local_time":"20210220002527","is_ascension_mode":true,"campfire_choices":[{"data":"Flying Knee","floor":6.0,"key":"SMITH"},{"data":"Footwork","floor":8.0,"key":"SMITH"},{"data":"Neutralize","floor":11.0,"key":"SMITH"},{"floor":15,"key":"REST"}],"circlet_count":0,"master_deck":["AscendersBane","Strike_G","Strike_G+1","Strike_G","Strike_G+1","Defend_G","Defend_G","Defend_G","Defend_G","Defend_G","Survivor","Neutralize+1","Dagger Spray+1","Footwork+1","Dodge and Roll","Flying Knee+1","Blade Dance","PiercingWail","Footwork","Leg Sweep"],"relics":["Ring of the Snake","Paper Crane","Matryoshka","Blood Vial","Whetstone"],"acts_visited":["Exordium"],"potions_floor_usage":[],"damage_taken":[{"damage":0.0,"enemies":"2 Louse","floor":1.0,"turns":5.0},{"damage":0.0,"enemies":"Cultist","floor":4.0,"turns":3.0},{"damage":0.0,"enemies":"Small Slimes","floor":5.0,"turns":4.0},{"damage":0.0,"enemies":"2 Fungi Beasts","floor":7.0,"turns":3.0},{"damage":10.0,"enemies":"Gremlin Nob","floor":12.0,"turns":4.0},{"damage":22.0,"enemies":"3 Sentries","floor":14.0,"turns":11.0},{"damage":61,"enemies":"Hexaghost","floor":16,"turns":16}],"seed_played":"-2579010869885272185","potions_obtained":[{"floor":5.0,"key":"Block Potion"},{"floor":7.0,"key":"Ancient Potion"},{"floor":12.0,"key":"Regen Potion"}],"is_trial":false,"path_per_floor":["M","?","$","M","M","R","M","R","T","?","R","E","$","E","R","B"],"character_chosen":"THE_SILENT","items_purchased":["Paper Crane","Footwork","Footwork"],"campfire_rested":1,"item_purchase_floors":[3,3,13],"current_hp_per_floor":[59,59,59,59,59,59,59,59,59,52,52,42,42,37,55,0,0],"gold":99,"neow_bonus":"TWO_FIFTY_GOLD","is_daily":false,"chose_seed":false,"campfire_upgraded":3,"win_rate":0.0,"timestamp":1613805927,"path_taken":["M","?","$","M","?","R","M","R","T","?","R","E","$","E","R","BOSS"],"items_purchased_type":["Relic","Card","Card"],"build_version":"2020-12-22","purchased_purges":0,"victory":false,"max_hp_per_floor":[60,60,60,60,60,60,60,60,60,60,60,60,60,60,60,60,60],"relic_stats":{"Blood Vial":4,"counters":[7,46],"Whetstone":["Strike_G","Strike_G"],"obtain_stats":[{"Blood Vial":12,"Matryoshka":9,"Whetstone":14,"Paper Crane":3,"Ring of the Snake":0},{"Blood Vial":5,"Matryoshka":4,"Whetstone":6,"Paper Crane":1,"Ring of the Snake":0},{"Blood Vial":19,"Matryoshka":15,"Whetstone":30,"Paper Crane":5,"Ring of the Snake":0}],"Ring of the Snake":[14]},"card_choices":[{"not_picked":["Leg Sweep","Flying Knee"],"picked":"Dagger Spray","floor":1.0},{"not_picked":["Slice","Setup"],"picked":"Dodge and Roll","floor":4.0},{"not_picked":["Acrobatics","Dodge and Roll"],"picked":"Flying Knee","floor":5.0},{"not_picked":["Footwork","Grand Finale"],"picked":"Blade Dance","floor":7.0},{"not_picked":["Flying Knee","Catalyst"],"picked":"PiercingWail","floor":12.0},{"not_picked":["Escape Plan","Backstab"],"picked":"Leg Sweep","floor":14}],"player_experience":3421819,"relics_obtained":[{"floor":9.0,"key":"Matryoshka"},{"floor":12.0,"key":"Blood Vial"},{"floor":14,"key":"Whetstone"}],"event_choices":[{"damage_healed":0.0,"max_hp_gain":0.0,"max_hp_loss":0.0,"gold_gain":0.0,"event_name":"Upgrade Shrine","player_choice":"Upgraded","floor":2.0,"gold_loss":0.0,"damage_taken":0.0,"cards_upgraded":["Dagger Spray"]},{"cards_removed":["Strike_G"],"damage_healed":0.0,"max_hp_gain":0.0,"max_hp_loss":0.0,"gold_gain":0.0,"event_name":"Golden Wing","player_choice":"Card Removal","floor":10.0,"gold_loss":0.0,"damage_taken":7.0}],"is_beta":false,"boss_relics":[],"items_purged_floors":[],"is_endless":false,"potions_floor_spawned":[5,7,12],"killed_by":"Hexaghost","ascension_level":20}}