{"host":"aa17gn30s1gymc0k","time":1613835364,"event":{"mods":["BaseMod","Downfall","GifTheSpireLib","Googly Eyes","Minty Spire (QoL Compilation)","StSLib"],"gold_per_floor":[0,20,38,38,53,66,145,145,173,173,173,173,188,270,281,380,380,380,392,392,46,46,59,59,74,86,86,101,101,10,10,28,130,130,130,149,169,186,200,43,43,54,108,108,108,378,378,378,392,392],"floor_reached":51,"language":"DEU","playtime":4347,"items_purged":["downfall:Icky"],"score":676,"play_id":"9fe45dc5-2448-4cd2-a30e-eaa2f4de2a61","local_time":"20210220163604","is_ascension_mode":false,"campfire_choices":[{"data":"Guardian:TwinSlam","floor":1.0,"key":"SMITH"},{"data":"Guardian:CurlUp","floor":8.0,"key":"SMITH"},{"data":"Guardian:RevengeProtocol","floor":10.0,"key":"SMITH"},{"data":"Guardian:SpikerProtocol","floor":12.0,"key":"SMITH"},{"data":"Guardian:GemFinder","floor":18.0,"key":"SMITH"},{"data":"Guardian:PrismaticBarrier","floor":27.0,"key":"SMITH"},{"data":"Guardian:PrismaticBeam","floor":29.0,"key":"SMITH"},{"data":"Guardian:BaubleBeam","floor":35.0,"key":"SMITH"},{"data":"Guardian:GemFire","floor":45.0,"key":"SMITH"},{"data":"Guardian:PiercingHide","floor":47.0,"key":"SMITH"}],"circlet_count":0,"master_deck":["Guardian:Strike_Guardian","Guardian:Strike_Guardian","Guardian:Strike_Guardian","Guardian:Strike_Guardian","Guardian:Defend_Guardian","Guardian:Defend_Guardian","Guardian:Defend_Guardian","Guardian:Defend_Guardian","Guardian:CurlUp+1","Guardian:TwinSlam+1","Guardian:SpikerProtocol+1","Guardian:RevengeProtocol+1","Guardian:PrismaticBarrier+1","Guardian:PiercingHide+1","Guardian:GemFinder+1","CurseOfTheBell","Guardian:EvasiveProtocol","Guardian:PiercingHide+1","Guardian:PrismaticBeam+1","Guardian:VentSteam","Guardian:PrismaticBeam+1","Guardian:BaubleBeam+1","Guardian:CrystalBeam+1","Guardian:BodySlam+1","Guardian:SpikerProtocol+1","Guardian:ArmoredProtocol+1","Guardian:GemFire+1","Parasite","expansioncontent:AwakenDeath","Guardian:EvasiveProtocol"],"relics":["Guardian:ModeShifter","WingedGreaves","HornCleat","Bronze Scales","Thread and Needle","Meat on the Bone","Calling Bell","Happy Flower","White Beast Statue","Bird Faced Urn","Kunai","Dead Branch","Coffee Dripper","Pear","Pocketwatch"],"acts_visited":["Exordium","TheCity","TheBeyond"],"potions_floor_usage":[],"damage_taken":[{"damage":5.0,"enemies":"Small Slimes","floor":2.0,"turns":4.0},{"damage":1.0,"enemies":"Cultist","floor":3.0,"turns":3.0},{"damage":6.0,"enemies":"Jaw Worm","floor":5.0,"turns":3.0},{"damage":7.0,"enemies":"Blue Slaver","floor":6.0,"turns":4.0},{"damage":8.0,"enemies":"Lagavulin","floor":9.0,"turns":6.0},{"damage":0.0,"enemies":"Exordium Wildlife","floor":13.0,"turns":3.0},{"damage":0.0,"enemies":"3 Louse","floor":15.0,"turns":2.0},{"damage":26.0,"enemies":"IC_STATUS_ARCHETYPE","floor":16.0,"turns":10.0},{"damage":0.0,"enemies":"Shell Parasite","floor":19.0,"turns":6.0},{"damage":0.0,"enemies":"downfall:FleeingMerchant","floor":21.0,"turns":4.0},{"damage":0.0,"enemies":"3 Byrds","floor":23.0,"turns":3.0},{"damage":14.0,"enemies":"Snake Plant","floor":25.0,"turns":4.0},{"damage":0.0,"enemies":"Centurion and Healer","floor":26.0,"turns":7.0},{"damage":1.0,"enemies":"Chosen and Byrds","floor":28.0,"turns":5.0},{"damage":0.0,"enemies":"downfall:FleeingMerchant","floor":30.0,"turns":4.0},{"damage":15.0,"enemies":"3 Cultists","floor":32.0,"turns":6.0},{"damage":77.0,"enemies":"WA_ARCHETYPE_CALM","floor":33.0,"turns":16.0},{"damage":8.0,"enemies":"3 Darklings","floor":36.0,"turns":4.0},{"damage":1.0,"enemies":"Orb Walker","floor":37.0,"turns":3.0},{"damage":19.0,"enemies":"Sphere and 2 Shapes","floor":38.0,"turns":7.0},{"damage":0.0,"enemies":"3 Darklings","floor":39.0,"turns":3.0},{"damage":0.0,"enemies":"downfall:FleeingMerchant","floor":40.0,"turns":4.0},{"damage":4.0,"enemies":"Writhing Mass","floor":42.0,"turns":4.0},{"damage":1.0,"enemies":"2 Orb Walkers","floor":43.0,"turns":3.0},{"damage":0.0,"enemies":"downfall:FleeingMerchant","floor":46.0,"turns":1.0},{"damage":0.0,"enemies":"Spire Growth","floor":49.0,"turns":4.0},{"damage":3,"enemies":"SI_POISON_ARCHETYPE","floor":50,"turns":9}],"seed_played":"-2972549783509379294","potions_obtained":[{"floor":2.0,"key":"Fire Potion"},{"floor":3.0,"key":"Ancient Potion"},{"floor":13.0,"key":"Guardian:StasisDiscoveryPotion"},{"floor":15.0,"key":"Explosive Potion"},{"floor":19.0,"key":"Weak Potion"},{"floor":32.0,"key":"SteroidPotion"},{"floor":38.0,"key":"SteroidPotion"},{"floor":46.0,"key":"EntropicBrew"},{"floor":49.0,"key":"Guardian:DefensiveModePotion"}],"is_trial":false,"path_per_floor":["R","M","M","?","M","M","T","R","E","R","T","R","M","T","M","B",null,"R","M","?","$","?","M","T","M","M","R","M","R","$","?","M","B",null,"R","M","M","M","M","$","T","M","?","?","R","$","R","$","M","B",null],"character_chosen":"GUARDIAN","items_purchased":["Kunai","Guardian:EvasiveProtocol","Guardian:PrismaticBeam","Guardian:GemFire"],"campfire_rested":0,"item_purchase_floors":[21,21,30,40],"current_hp_per_floor":[80,75,74,74,68,61,61,61,53,53,53,53,53,53,53,39,80,80,80,80,80,80,80,80,68,80,80,80,80,80,80,67,16,80,80,74,77,68,74,80,90,88,89,89,89,89,89,89,90,90],"gold":392,"neow_bonus":"ONE_RARE_RELIC","is_daily":false,"chose_seed":false,"campfire_upgraded":10,"win_rate":0.0,"timestamp":1613835364,"path_taken":["R","M","M","?","M","?","T","R","E","R","?","R","M","?","M","BOSS","R","M","?","$","?","M","T","M","M","R","M","R","$","?","M","BOSS","R","M","M","M","M","$","T","M","?","?","R","$","R","$","M","BOSS"],"items_purchased_type":["Relic","Card","Card","Card"],"build_version":"2020-12-22","purchased_purges":1,"victory":true,"max_hp_per_floor":[80,80,80,80,80,80,80,80,80,80,80,80,80,80,80,80,80,80,80,80,80,80,80,80,80,80,80,80,80,80,80,80,80,80,80,80,80,80,80,80,90,90,90,90,90,90,90,90,90,90],"card_choices":[{"not_picked":["Guardian:Recover","Guardian:Planning"],"picked":"Guardian:Gem_Crimson","floor":2.0},{"not_picked":["Guardian:ChargeCore","Guardian:EvasiveProtocol"],"picked":"Guardian:Incinerate","floor":3.0},{"not_picked":["Guardian:ShieldCharger","Guardian:Recover"],"picked":"Guardian:Gem_Fragmented","floor":5.0},{"not_picked":["Guardian:ChargeCore","Guardian:Suspension","Guardian:Incinerate"],"picked":"SKIP","floor":6.0},{"not_picked":["Guardian:TimeSifter","Guardian:EvasiveProtocol"],"picked":"Guardian:RevengeProtocol","floor":9.0},{"not_picked":["Guardian:TemporalStrike","Guardian:TimeCapacitor"],"picked":"Guardian:PrismaticBarrier","floor":13.0},{"not_picked":["Guardian:FloatingOrbs","Guardian:Planning"],"picked":"Guardian:PiercingHide","floor":15.0},{"not_picked":["Guardian:StasisField","Guardian:Gem_Synthetic"],"picked":"Guardian:GemFinder","floor":16.0},{"not_picked":["Guardian:Gem_Lightblue","Guardian:Gem_Green"],"picked":"Guardian:Gem_Cyan","floor":19.0},{"not_picked":["Guardian:ChargeCore","Guardian:PrimingBeam"],"picked":"Guardian:Gem_Lightblue","floor":19.0},{"not_picked":["Guardian:Gem_Red","Guardian:Gem_Lightblue"],"picked":"Guardian:Gem_Cyan","floor":21.0},{"not_picked":["Guardian:ChargeCore","Guardian:PrimingBeam"],"picked":"Guardian:Gem_White","floor":21.0},{"not_picked":["Guardian:Gem_Green","Guardian:Gem_Lightblue"],"picked":"Guardian:Gem_Red","floor":23.0},{"not_picked":["Guardian:SentryBeam","Guardian:ChargeCore","Guardian:WalkerClaw"],"picked":"SKIP","floor":23.0},{"not_picked":["Guardian:Gem_Lightblue","Guardian:Gem_Green"],"picked":"Guardian:Gem_Red","floor":25.0},{"not_picked":["Guardian:Gem_Fragmented","Guardian:ConstructionForm"],"picked":"Guardian:PiercingHide","floor":25.0},{"not_picked":["Guardian:Gem_Cyan","Guardian:Gem_Lightblue"],"picked":"Guardian:Gem_Green","floor":26.0},{"not_picked":["Guardian:Recover","Guardian:WalkerClaw+1"],"picked":"Guardian:Gem_Blue","floor":26.0},{"not_picked":["Guardian:Gem_Cyan","Guardian:Gem_Crimson"],"picked":"Guardian:PrismaticBeam","floor":28.0},{"not_picked":["Guardian:Gem_Cyan","Guardian:Gem_Red"],"picked":"Guardian:Gem_Lightblue","floor":28.0},{"not_picked":["Guardian:PiercingHide","Guardian:Gem_Red"],"picked":"Guardian:VentSteam","floor":30.0},{"not_picked":["Guardian:Gem_Lightblue","Guardian:Gem_Green"],"picked":"Guardian:Gem_Red","floor":30.0},{"not_picked":["Guardian:Gem_Cyan","Guardian:Gem_Green"],"picked":"Guardian:Gem_Red","floor":32.0},{"not_picked":["Guardian:Gem_Red","Guardian:TemporalShield","Guardian:Recover"],"picked":"SKIP","floor":32.0},{"not_picked":["Guardian:StasisStrike","Guardian:ExploitGems"],"picked":"Guardian:BaubleBeam","floor":33.0},{"not_picked":["Guardian:WalkerClaw+1","Guardian:VentSteam+1"],"picked":"Guardian:CrystalBeam+1","floor":36.0},{"not_picked":["Guardian:Gem_Red","Guardian:Gem_Green"],"picked":"Guardian:Gem_Cyan","floor":37.0},{"not_picked":["Guardian:Harden+1","Guardian:TemporalStrike+1"],"picked":"Guardian:BodySlam+1","floor":37.0},{"not_picked":["Guardian:Gem_Green","Guardian:Gem_Red"],"picked":"Guardian:Gem_Cyan","floor":38.0},{"not_picked":["Guardian:TemporalStrike+1","Guardian:Incinerate+1"],"picked":"Guardian:SpikerProtocol+1","floor":38.0},{"not_picked":["Guardian:ChargeCore+1","Guardian:TemporalStrike+1"],"picked":"Guardian:ArmoredProtocol+1","floor":39.0},{"not_picked":["Guardian:TimeSifter","Guardian:RollAttack+1"],"picked":"Guardian:Gem_White","floor":40.0},{"not_picked":["Guardian:Gem_Cyan","Guardian:BronzeOrb","Guardian:ChargeCore+1"],"picked":"SKIP","floor":42.0},{"not_picked":["expansioncontent:Chronoboost","expansioncontent:InvincibleStrength"],"picked":"expansioncontent:AwakenDeath","floor":44.0},{"not_picked":["Guardian:MultiBeam+1","Guardian:Gem_Purple"],"picked":"Guardian:EvasiveProtocol","floor":46.0},{"not_picked":["Guardian:TemporalStrike+1","Guardian:CrystalBeam+1","Guardian:GuardianWhirl"],"picked":"SKIP","floor":49.0}],"player_experience":157272,"relics_obtained":[{"floor":7.0,"key":"HornCleat"},{"floor":9.0,"key":"Bronze Scales"},{"floor":11.0,"key":"Thread and Needle"},{"floor":14.0,"key":"Meat on the Bone"},{"floor":17.0,"key":"Happy Flower"},{"floor":17.0,"key":"White Beast Statue"},{"floor":17.0,"key":"Bird Faced Urn"},{"floor":24.0,"key":"Dead Branch"},{"floor":41.0,"key":"Pear"},{"floor":43.0,"key":"Pocketwatch"}],"event_choices":[{"damage_healed":0.0,"max_hp_gain":0.0,"max_hp_loss":0.0,"gold_gain":0.0,"event_name":"Ghosts","player_choice":"Ignored","floor":20.0,"gold_loss":0.0,"damage_taken":0.0},{"damage_healed":0.0,"max_hp_gain":0.0,"max_hp_loss":0.0,"gold_gain":0.0,"event_name":"Vampires","player_choice":"Ignored","floor":22.0,"gold_loss":0.0,"damage_taken":0.0},{"damage_healed":0.0,"max_hp_gain":0.0,"max_hp_loss":0.0,"gold_gain":0.0,"event_name":"Mysterious Sphere","player_choice":"Fight","floor":43.0,"gold_loss":0.0,"damage_taken":0.0}],"is_beta":false,"boss_relics":[{"not_picked":["Busted Crown","Astrolabe"],"picked":"Calling Bell"},{"not_picked":["Empty Cage","Fusion Hammer"],"picked":"Coffee Dripper"}],"items_purged_floors":[46],"is_endless":false,"potions_floor_spawned":[2,3,13,15,19,21,23,25,26,28,30,32,33,36,37,38,39,40,42,43,46,49],"ascension_level":0}}