{"host":"hvseegfg1v8jz7jr","time":1613848285,"event":{"mods":["AchievementEnabler","Ascension Reborn","Aspiration","BaseMod","BetterRewards","Clawfect","Colored Map","Colored Powertips","Conspire","Energized Spire","GifTheSpireLib","Googly Eyes","Halation","Highlight Path","Hubris","Minty Spire (QoL Compilation)","Replay The Spire","Shop Mod","Small Relic Pack","Spikes Relics","StSLib","Stuff the Spire","The Alterego","Uncapped","Unceasing Turn Reminder"],"gold_per_floor":[111,111,111,36,47,81,107,107,156,156,156,188,198,214,214,324,324,350,205,145,145,145,184,203,203,229,229,259,102,124,124,124,226,226,252,272,272,247,297,330,351,351,378,122,168,207,216,225,225,230],"floor_reached":51,"language":"ENG","playtime":4181,"items_purged":["Decay","conspire:Banana"],"score":735,"play_id":"558e16b6-00d5-497d-8959-92282e436b0b","local_time":"20210220121125","daily_mods":["Vintage","Allstar","Purple Cards","Colorless Cards","Heirloom","Time Dilation","Flight"],"is_ascension_mode":true,"campfire_choices":[{"data":"alterego_mod:ClassAdvantage","floor":11,"key":"SMITH"},{"floor":15,"key":"DIG"},{"data":"Reforge","floor":25,"key":"SMITH"},{"floor":27,"key":"REST"},{"floor":32,"key":"DIG"},{"data":"alterego_mod:Mirror","floor":42,"key":"SMITH"},{"data":"Double Tap","floor":49,"key":"SMITH"}],"circlet_count":0,"master_deck":["Strike_R+1","Strike_R+2","Strike_R+2","Strike_R+1","Defend_R+1","Defend_R+1","Defend_R+2","Defend_R+1","Bash+1","Poisoned Strike","ReplayUltimateDefense","StuffTheSpire:PlasmaPunch","Reforge+1","Forethought","alterego_mod:ClassAdvantage+1","alterego_mod:Collar+1","ReplayTheSpireMod:LeadingStrike","StuffTheSpire:FreeRealEstate","Anger","Fasting2+1","Conclude","MasterReality","alterego_mod:ClassAdvantage+1","Thunderclap","Double Tap+1","alterego_mod:Mirror+1","Clash+1","Flex+1","Forethought+1","Swift Strike","alterego_mod:ClassAdvantage"],"relics":["Burning Blood","replay:Trail_Library","Charon\u0027s Ashes","SnailShell","StuffTheSpire:Experiment12","hubris:TenFootPole","hubris:ChampionShield","Self Forming Clay","Replay:Wax Seal","GiantMaggot","Toy Ornithopter","Simple Rune","StuffTheSpire:Expresso","SpikesRelics:DaevaFist","Whetstone","StuffTheSpire:Gunfinga","Nunchaku","StuffTheSpire:SapphireSignet","Akabeko","energizedSpire:NeverEndingSparkler","Bronze Scales","halation:AfternoonTea","relicPack:AllForOne","Pondfish Scales","Bag of Preparation","Question Card","aspiration:ChemicalBlood","Anchor","CeramicFish","Ancient Tea Set"],"acts_visited":["Exordium","TheCity","TheBeyond"],"potions_floor_usage":[33,33,33,45,50,50,50,50],"damage_taken":[{"damage":0,"enemies":"2 Louse","floor":1,"turns":3},{"damage":0,"enemies":"Cultist","floor":5,"turns":2},{"damage":15,"enemies":"Lagavulin","floor":6,"turns":4},{"damage":5,"enemies":"Gremlin Nob","floor":7,"turns":4},{"damage":16,"enemies":"Lagavulin","floor":12,"turns":5},{"damage":2,"enemies":"Small Slimes","floor":13,"turns":2},{"damage":4,"enemies":"Exordium Wildlife","floor":14,"turns":2},{"damage":0,"enemies":"Fading Forest","floor":16,"turns":11},{"damage":18,"enemies":"Spheric Guardian","floor":18,"turns":6},{"damage":26,"enemies":"Gremlin Leader","floor":23,"turns":7},{"damage":16,"enemies":"conspire:FuzzyDice","floor":24,"turns":5},{"damage":38,"enemies":"Book of Stabbing","floor":28,"turns":5},{"damage":11,"enemies":"Centurion and Healer","floor":30,"turns":8},{"damage":9,"enemies":"hubris:MusketHawk","floor":33,"turns":6},{"damage":0,"enemies":"Orb Walker","floor":35,"turns":2},{"damage":0,"enemies":"3 Shapes","floor":36,"turns":3},{"damage":0,"enemies":"Mind Bloom Boss Battle","floor":39,"turns":4},{"damage":5,"enemies":"Reptomancer","floor":40,"turns":2},{"damage":20,"enemies":"Writhing Mass","floor":41,"turns":2},{"damage":44,"enemies":"Giant Head","floor":45,"turns":7},{"damage":0,"enemies":"Nemesis","floor":46,"turns":3},{"damage":55,"enemies":"Replay:Hell Engine","floor":50,"turns":11}],"seed_played":"-3405841771043748678","potions_obtained":[{"floor":6,"key":"LifebloodPotion"},{"floor":14,"key":"Adrenaline Potion"},{"floor":24,"key":"AttackPotion"},{"floor":33,"key":"Ancient Potion"},{"floor":35,"key":"ColorlessPotion"},{"floor":36,"key":"BloodPotion"}],"is_trial":true,"path_per_floor":["M","$","?","$","M","E","E","$","T","?","R","E","M","M","R_BF","B",null,"M","$","?","$","?","E","M","R","T","R","E","$","M","?","R_BF","B",null,"M","M","?","$","?","E","M","R","T","$","E","E","?","?","R","B",null],"character_chosen":"IRONCLAD","items_purchased":["Simple Rune","Nunchaku","alterego_mod:Mirror","Anchor"],"campfire_rested":1,"item_purchase_floors":[19,29,38,44],"current_hp_per_floor":[80,80,80,80,80,71,72,72,72,72,72,62,66,68,68,80,80,68,68,68,68,68,48,38,38,38,62,30,30,25,22,22,34,80,80,80,80,80,80,80,66,66,66,66,33,39,39,39,39,26],"gold":230,"neow_bonus":"","is_daily":false,"chose_seed":false,"campfire_upgraded":4,"win_rate":0.0,"timestamp":1613848285,"path_taken":["M","$","?","$","?","E","E","?","T","?","R","E","?","M","R_BF","BOSS","M","$","?","$","?","E","?","R","T","R","E","$","M","?","R_BF","BOSS","M","?","?","$","?","E","?","R","T","$","E","E","?","?","R","BOSS"],"items_purchased_type":["Relic","Relic","Card","Relic"],"build_version":"2020-12-22","purchased_purges":2,"victory":true,"max_hp_per_floor":[80,80,80,80,80,80,80,80,80,80,80,80,80,80,80,80,80,80,80,80,80,80,80,80,80,80,80,80,80,80,80,80,80,80,80,80,80,80,80,80,80,80,80,80,80,80,80,80,80,80],"card_choices":[{"not_picked":["Second Wind","Flex"],"picked":"ReplayTheSpireMod:LeadingStrike","floor":6},{"not_picked":["StuffTheSpire:Slingshot","Replay:ManipulateFuture"],"picked":"StuffTheSpire:FreeRealEstate","floor":7},{"not_picked":["Replay:ManipulateFuture","Weave"],"picked":"Conclude","floor":12},{"not_picked":["Midas Touch","Demonic Infusion"],"picked":"MasterReality","floor":16},{"not_picked":["alterego_mod:Crossover","alterego_mod:Punishment","alterego_mod:DiscoLights"],"picked":"SKIP","floor":23},{"not_picked":["StuffTheSpire:Pyroclast","Replay:Parry","Worship+1"],"picked":"SKIP","floor":28},{"not_picked":["Brutality","MasterReality"],"picked":"Double Tap","floor":33},{"not_picked":["alterego_mod:Clones","EmptyFist+1"],"picked":"Clash+1","floor":39},{"not_picked":["alterego_mod:Complex+1","Thunderclap"],"picked":"Flex+1","floor":40},{"not_picked":["alterego_mod:Antipathy","Dropkick","EmptyFist"],"picked":"Forethought+1","floor":45},{"not_picked":["Heavy Blade+1","Devotion","Perseverance","DeceiveReality+1"],"picked":"SKIP","floor":46},{"not_picked":["HandOfGreed","Specialist","Survey Options"],"picked":"Swift Strike","floor":47}],"player_experience":159940,"relics_obtained":[{"floor":1,"key":"SnailShell"},{"floor":6,"key":"StuffTheSpire:Experiment12"},{"floor":7,"key":"hubris:TenFootPole"},{"floor":9,"key":"hubris:ChampionShield"},{"floor":12,"key":"Self Forming Clay"},{"floor":13,"key":"Replay:Wax Seal"},{"floor":15,"key":"GiantMaggot"},{"floor":18,"key":"Toy Ornithopter"},{"floor":23,"key":"StuffTheSpire:Expresso"},{"floor":24,"key":"SpikesRelics:DaevaFist"},{"floor":26,"key":"Whetstone"},{"floor":28,"key":"StuffTheSpire:Gunfinga"},{"floor":30,"key":"StuffTheSpire:SapphireSignet"},{"floor":32,"key":"Akabeko"},{"floor":35,"key":"Bronze Scales"},{"floor":36,"key":"halation:AfternoonTea"},{"floor":39,"key":"Pondfish Scales"},{"floor":40,"key":"Bag of Preparation"},{"floor":41,"key":"Question Card"},{"floor":43,"key":"aspiration:ChemicalBlood"},{"floor":45,"key":"CeramicFish"},{"floor":46,"key":"Ancient Tea Set"}],"event_choices":[{"damage_healed":0,"gold_gain":0,"player_choice":"3 cards matched","damage_taken":0,"max_hp_gain":0,"max_hp_loss":0,"event_name":"Match and Keep!","floor":3,"gold_loss":0,"cards_obtained":["Decay","alterego_mod:ClassAdvantage","alterego_mod:Collar"]},{"damage_healed":0,"gold_gain":0,"player_choice":"Copied","damage_taken":0,"max_hp_gain":0,"max_hp_loss":0,"event_name":"Duplicator","floor":22,"gold_loss":0,"cards_obtained":["alterego_mod:ClassAdvantage"]},{"damage_healed":0,"gold_gain":0,"player_choice":"","damage_taken":6,"max_hp_gain":0,"max_hp_loss":0,"event_name":"Knowing Skull","floor":31,"potions_obtained":[],"gold_loss":0,"cards_obtained":[]},{"damage_healed":0,"gold_gain":0,"player_choice":"Fight","damage_taken":0,"max_hp_gain":0,"max_hp_loss":0,"event_name":"MindBloom","floor":39,"gold_loss":0},{"damage_healed":0,"gold_gain":0,"player_choice":"Memory 1","damage_taken":0,"max_hp_gain":0,"max_hp_loss":0,"event_name":"SensoryStone","floor":47,"gold_loss":0}],"is_beta":false,"boss_relics":[{"not_picked":["relicPack:ShieldShield","Runic Pyramid","Snecko Eye"]},{"not_picked":["hubris:Stopwatch","StuffTheSpire:RunicConfusion"],"picked":"energizedSpire:NeverEndingSparkler"}],"items_purged_floors":[4,44],"is_endless":false,"potions_floor_spawned":[6,14,24,30,33,35,36,40],"ascension_level":0}}