{"host":"rm0ctv8qd8mnbkg1","time":1613859140,"event":{"mods":["BaseMod","Beaked The Cultist","BetterRewards","Colored Map","DNKmod","Dark Map","Defuse TimeMaze Blight","Downfall","Friendly Minions","Hubris","Marisa????????","Minty Spire (QoL Compilation)","MostiFishMod","Permanent Neow","Rare Cards Sparkle","Relic Sorter","Reliquary","Replay The Spire","RumiaBox-????????","Shade Mod","Shop Mod","Spicy Shops","Spire Arcade","StSLib","The Construct","The Servant 0.9.4","TheVacant","Wandering Minibosses","??????REMEMod"],"gold_per_floor":[10000,10490,10490,8195,8230,8239,8239,8262,8271,8309,8309,8347,8347,7222,7235,7362,7362,7371,7399,7422,7443,7492,5184,5210,5235,5259,851,920,954,963,972,1022,1154,1154,1163,1203,1239,1283,1283,1293,1320,1358,1367,1413,180,189,260,269,341,362],"floor_reached":51,"language":"ENG","playtime":1361,"items_purged":[],"score":1368,"play_id":"94888d07-eb2b-4ea8-964e-ae63b4890792","local_time":"20210220221220","is_ascension_mode":true,"campfire_choices":[{"data":"sneckomod:GlitteringGambit","floor":1,"key":"SMITH"},{"data":"sneckomod:UnknownUncommonPower","floor":11,"key":"SMITH"}],"circlet_count":0,"master_deck":["sneckomod:Strike+1","sneckomod:Strike","sneckomod:Defend","sneckomod:Defend+1","sneckomod:Defend","sneckomod:TailWhip+1","sneckomod:SnekBite+1","bronze:Mutator+1","sneckomod:GlitteringGambit+1","sneckomod:RainOfDice","sneckomod:RainOfDice+1","REME_BattleFury","sneckomod:Unknown0Cost","MostiFishMod:PerfectStrikeMKII","sneckomod:UnknownUncommonPower+1","Atom Bomb","sneckomod:RainOfDice","REME_GreenPollution+1","sneckomod:UnknownClassGREEN+1","sneckomod:WideSting","sneckomod:RainOfDice+1","sneckomod:UnknownClassGREEN","sneckomod:UnknownDexterity+1","Limit Break+1","Necronomicurse","Barricade","Corpse Explosion+1","Brutality+1","champ:ShieldWall"],"relics":["sneckomod:SneckoSoul","REME_ComplimentaryCards","DaveBox","The Courier","wanderingMiniBosses:LockLocket","hubris:EmptyBottle","REME_PuzzleBoxRelic","Akabeko","Toy Ornithopter","sneckomod:LoadedDie","sneckomod:ConfusingCodex","reliquary:Stiletto","sneckomod:BlankCard","CeramicFish","reliquary:Buckler","Guardian:PocketSentry","reliquary:TuningFork","BranchBurnRelic","Blood Vial","Ccalipers","LastBattle","War Paint","Mercury Hourglass","hubris:HerbalPaste","hubris:Zylophone","REME_HandOfSuture","Snack Pack","Potion Belt","ReplayFunnel","bronze:MakeshiftBattery","sneckomod:SneckoCommon","Garlic","construct:RocketBooster","Bronze Scales","reliquary:Knoch","ReplayTheSpireMod:Ninjato","hubris:SphereOfDissonance","GodSword7","Cauldron","reliquary:ExpiredCoupon","reliquary:JackalopeAntler","Centennial Puzzle","hexamod:BolsterEngine","Toxic Egg 2","Omamori","Oddly Smooth Stone","Du-Vu Doll","SSSystem","GodSword3","Whetstone","hubris:TinFlute","Orichalcum","hubris:CuriousFeather","Regal Pillow","hubris:Spice","reliquary:Boomerang","Strawberry","Replay:Kaleidoscope","REME_ArchaeologicalTools","hubris:FunFungus","Art of War","Replay:Wax Seal","StoneCalendar","Necronomicon"],"acts_visited":["Exordium","TheCity","TheBeyond"],"potions_floor_usage":[],"damage_taken":[{"damage":0,"enemies":"Jaw Worm","floor":2,"turns":17},{"damage":0,"enemies":"downfall:FleeingMerchant","floor":4,"turns":4},{"damage":5,"enemies":"Small Slimes","floor":5,"turns":1},{"damage":0,"enemies":"2 Louse","floor":8,"turns":1},{"damage":2,"enemies":"Gremlin Nob","floor":10,"turns":1},{"damage":5,"enemies":"3 Sentries","floor":12,"turns":3},{"damage":18,"enemies":"downfall:FleeingMerchant","floor":14,"turns":4},{"damage":0,"enemies":"Blue Slaver","floor":15,"turns":1},{"damage":0,"enemies":"IC_STATUS_ARCHETYPE","floor":16,"turns":2},{"damage":0,"enemies":"Shell Parasite","floor":19,"turns":1},{"damage":0,"enemies":"downfall:LooterAlt2","floor":20,"turns":1},{"damage":0,"enemies":"Snake Plant","floor":21,"turns":1},{"damage":9,"enemies":"Cultist and Chosen","floor":22,"turns":3},{"damage":0,"enemies":"Gremlin Leader","floor":25,"turns":2},{"damage":0,"enemies":"3 Cultists","floor":26,"turns":1},{"damage":3,"enemies":"Centurion and Healer","floor":28,"turns":1},{"damage":0,"enemies":"Snecko","floor":29,"turns":1},{"damage":0,"enemies":"3 Cultists","floor":32,"turns":1},{"damage":0,"enemies":"DF_ARCHETYPE_CLAW","floor":33,"turns":1},{"damage":6,"enemies":"Orb Walker","floor":36,"turns":1},{"damage":0,"enemies":"3 Shapes","floor":37,"turns":1},{"damage":0,"enemies":"3 Darklings","floor":38,"turns":1},{"damage":8,"enemies":"Sphere and 2 Shapes","floor":40,"turns":1},{"damage":0,"enemies":"Giant Head","floor":42,"turns":1},{"damage":0,"enemies":"Nemesis","floor":44,"turns":1},{"damage":0,"enemies":"2 Orb Walkers","floor":47,"turns":1},{"damage":5,"enemies":"Transient","floor":49,"turns":2},{"damage":0,"enemies":"SI_POISON_ARCHETYPE","floor":50,"turns":1}],"seed_played":"-3199642131950222821","potions_obtained":[{"floor":2,"key":"Fire Potion"},{"floor":8,"key":"CultistPotion"},{"floor":21,"key":"Fire Potion"},{"floor":23,"key":"DuplicationPotion"},{"floor":23,"key":"EntropicBrew"},{"floor":28,"key":"CultistPotion"},{"floor":32,"key":"Fire Potion"},{"floor":33,"key":"DuplicationPotion"}],"is_trial":false,"path_per_floor":["R","M","?","$","M","R","T","M","R","E","R","E","?","$","M","B",null,"R","M","M","M","M","$","T","E","M","$","M","M","R","?","M","B",null,"R","M","M","M","?","M","T","E","R","E","?","R","?","R","M","B",null],"character_chosen":"THE_SNECKO","items_purchased":["hubris:EmptyBottle","REME_PuzzleBoxRelic","Dead Branch","Akabeko","Toy Ornithopter","sneckomod:LoadedDie","sneckomod:ConfusingCodex","reliquary:Stiletto","sneckomod:BlankCard","CeramicFish","reliquary:Buckler","Guardian:PocketSentry","reliquary:TuningFork","REME_BattleFury","sneckomod:UnknownRareAttack","War Paint","sneckomod:UnknownRarePower","sneckomod:RainOfDice","Mercury Hourglass","hubris:HerbalPaste","hubris:Zylophone","REME_HandOfSuture","Snack Pack","Potion Belt","ReplayFunnel","sneckomod:SneckoCommon","Garlic","construct:RocketBooster","Bronze Scales","reliquary:Knoch","ReplayTheSpireMod:Ninjato","hubris:SphereOfDissonance","GodSword7","Cauldron","reliquary:ExpiredCoupon","reliquary:JackalopeAntler","Centennial Puzzle","hexamod:BolsterEngine","Toxic Egg 2","Du-Vu Doll","SSSystem","GodSword3","Whetstone","hubris:TinFlute","Orichalcum","hubris:CuriousFeather","Regal Pillow","hubris:Spice","hubris:Spice","hubris:Spice","reliquary:Boomerang","Strawberry","hubris:Spice","Replay:Kaleidoscope","REME_ArchaeologicalTools","hubris:FunFungus","hubris:Spice","Art of War","hubris:Spice","Replay:Wax Seal","hubris:Spice","hubris:Spice","StoneCalendar","hubris:Spice","hubris:Spice","hubris:Spice","hubris:Spice","hubris:Spice","hubris:Spice"],"campfire_rested":0,"item_purchase_floors":[4,4,4,4,4,4,4,4,4,4,4,4,4,4,4,14,14,14,14,14,14,14,14,14,14,23,23,23,23,23,23,23,23,23,23,23,23,23,23,27,27,27,27,27,27,27,27,27,27,27,27,27,27,27,27,27,27,27,27,27,27,27,27,45,45,45,45,45,45],"current_hp_per_floor":[1000,1000,1000,1000,995,995,995,997,997,999,999,1002,1002,984,986,993,1002,1002,1002,1002,1002,997,997,997,1002,1002,977,974,977,977,961,965,967,961,961,953,945,937,937,929,929,921,921,905,857,857,841,841,833,833],"gold":362,"neow_bonus":"TRANSFORM_CARD","is_daily":false,"chose_seed":false,"campfire_upgraded":2,"win_rate":0.0,"timestamp":1613859140,"path_taken":["R","M","?","$","M","R","T","M","R","E","R","E","?","$","M","BOSS","R","M","M","M","M","$","T","E","M","$","M","M","R","?","M","BOSS","R","M","M","M","?","M","T","E","R","E","?","R","?","R","M","BOSS"],"items_purchased_type":["Relic","Relic","Relic","Relic","Relic","Relic","Relic","Relic","Relic","Relic","Relic","Relic","Relic","Card","Card","Relic","Card","Card","Relic","Relic","Relic","Relic","Relic","Relic","Relic","Relic","Relic","Relic","Relic","Relic","Relic","Relic","Relic","Relic","Relic","Relic","Relic","Relic","Relic","Relic","Relic","Relic","Relic","Relic","Relic","Relic","Relic","Relic","Relic","Relic","Relic","Relic","Relic","Relic","Relic","Relic","Relic","Relic","Relic","Relic","Relic","Relic","Relic","Relic","Relic","Relic","Relic","Relic","Relic"],"build_version":"2020-12-22","purchased_purges":0,"victory":true,"max_hp_per_floor":[1000,1000,1000,1000,1000,1000,1000,1000,1000,1002,1002,1002,1002,1002,1002,1002,1002,1002,1002,1002,1002,1002,1002,1002,1002,1002,977,977,977,977,977,977,969,961,961,953,945,937,937,937,929,921,921,905,857,857,841,841,833,833],"card_choices":[{"not_picked":["sneckomod:QuickMove","sneckomod:Nope"],"picked":"sneckomod:RainOfDice","floor":2},{"not_picked":["sneckomod:UnknownBlock","sneckomod:UnknownCommonSkill"],"picked":"sneckomod:RainOfDice","floor":4},{"not_picked":["sneckomod:UnknownColorless","sneckomod:SnekBeam"],"picked":"sneckomod:Unknown0Cost","floor":5},{"not_picked":["sneckomod:DiceBlock","sneckomod:RainOfDice"],"picked":"sneckomod:UnknownUncommonPower","floor":8},{"not_picked":["sneckomod:RainOfDice","sneckomod:UnknownCommonSkill"],"picked":"sneckomod:Unknown0Cost","floor":10},{"not_picked":["sneckomod:DiceCrush","sneckomod:SoulDraw"],"picked":"sneckomod:UnknownUncommonPower","floor":12},{"not_picked":["sneckomod:UnknownCommonSkill","sneckomod:UnknownBlock","sneckomod:TrashToTreasure"],"picked":"SKIP","floor":14},{"not_picked":["sneckomod:Memorize","sneckomod:IronFang","sneckomod:SoulRoll"],"picked":"SKIP","floor":15},{"not_picked":["sneckomod:SerpentMind","sneckomod:UnknownBoss"],"picked":"sneckomod:UnknownRareSkill","floor":16},{"not_picked":["sneckomod:DiceCrush+1","sneckomod:SnekBeam"],"picked":"sneckomod:Unknown1Cost","floor":19},{"not_picked":["sneckomod:MasterEye","sneckomod:Unknown1Cost"],"picked":"sneckomod:UnknownClassGREEN","floor":20},{"not_picked":["sneckomod:SoulRoll","sneckomod:UnknownUncommonAttack"],"picked":"sneckomod:WideSting","floor":21},{"not_picked":["sneckomod:UnknownCommonAttack+1","sneckomod:UnknownVulnerable+1"],"picked":"sneckomod:RainOfDice","floor":22},{"not_picked":["sneckomod:UnknownCommonAttack+1","sneckomod:UnknownVulnerable+1","sneckomod:DiceBlock+1"],"picked":"SKIP","floor":25},{"not_picked":["sneckomod:Unknown2Cost+1","sneckomod:Nope+1"],"picked":"sneckomod:UnknownDexterity+1","floor":26},{"not_picked":["hubris:SpiceAddiction","sneckomod:UnknownBlock+1"],"picked":"hubris:SpiceAddiction","floor":28},{"not_picked":["sneckomod:UnknownClassGREEN+1","sneckomod:DiceBlock+1"],"picked":"hubris:SpiceAddiction","floor":29},{"not_picked":["sneckomod:SoulDraw+1","sneckomod:Nope+1","sneckomod:UnknownCommonSkill+1"],"picked":"SKIP","floor":32},{"not_picked":["sneckomod:UnknownRareAttack","sneckomod:SoulExchange+1"],"picked":"hubris:SpiceAddiction","floor":33},{"not_picked":["sneckomod:UnknownClassRED+1","sneckomod:MixItUp+1"],"picked":"hubris:SpiceAddiction","floor":36},{"not_picked":["sneckomod:QuickBite+1","sneckomod:DiceCrush"],"picked":"hubris:SpiceAddiction","floor":37},{"not_picked":["sneckomod:Nope+1","sneckomod:UnknownClassTHE_CHAMP_GRAY+1"],"picked":"hubris:SpiceAddiction","floor":38},{"not_picked":["sneckomod:MixItUp","sneckomod:UnknownUncommonAttack","sneckomod:QuickBite"],"picked":"SKIP","floor":40},{"not_picked":["sneckomod:UnknownVulnerable+1","sneckomod:Cheat+1"],"picked":"hubris:SpiceAddiction","floor":42},{"not_picked":["sneckomod:WideSting","sneckomod:UnlimitedRolls"],"picked":"hubris:SpiceAddiction","floor":44},{"not_picked":["sneckomod:UnknownBlock+1","sneckomod:Unknown2Cost+1"],"picked":"hubris:SpiceAddiction","floor":47},{"not_picked":["sneckomod:SoulDraw+1","sneckomod:UnknownUncommonPower+1"],"picked":"hubris:SpiceAddiction","floor":49}],"player_experience":389276,"relics_obtained":[{"floor":2,"key":"wanderingMiniBosses:LockLocket"},{"floor":7,"key":"Blood Vial"},{"floor":10,"key":"Ccalipers"},{"floor":12,"key":"LastBattle"},{"floor":24,"key":"Omamori"},{"floor":25,"key":"Oddly Smooth Stone"},{"floor":31,"key":"Necronomicon"},{"floor":41,"key":"hubris:Spice"},{"floor":44,"key":"hubris:Spice"},{"floor":47,"key":"hubris:Spice"}],"event_choices":[{"damage_healed":0,"gold_gain":0,"player_choice":"Fight","damage_taken":0,"max_hp_gain":0,"max_hp_loss":0,"event_name":"Mysterious Sphere","floor":47,"gold_loss":0}],"is_beta":false,"boss_relics":[{"not_picked":["Philosopher\u0027s Stone","TimeKeys"],"picked":"bronze:MakeshiftBattery"},{"not_picked":["hubris:Spice","hubris:HollowSoul"],"picked":"hubris:Spice"}],"items_purged_floors":[],"is_endless":false,"potions_floor_spawned":[2,8,10,16,21,26,28,29,32,33,36,38,47,49],"ascension_level":2}}