{"host":"Bilverbakes","time":1613855330,"event":{"mods":["2.2 Compatiblity","AchievementEnabler","BaseMod","Bestiary","Colored Map","Minty Spire (QoL Compilation)","Relic Stats","StSLib","ojb\u0027s Info Mod"],"gold_per_floor":[117,130,130,140,140,175,175,191,191,191,191,209,284,319,319,392,392,402,46,46,63,77,106,106,166,166,183,215,215,229,9,9,108,108,148,158,1157,743,1043,1043,1077,1077,1077,1106,1126,1126,1157,1157,1157,1157,1157,1157,1157,323,357,357],"floor_reached":57,"language":"ENG","playtime":3489,"items_purged":["Writhe","Normality"],"score":3187,"play_id":"b6fd5b3f-dcd3-4880-94ba-586607153fa6","local_time":"20210220150850","is_ascension_mode":true,"campfire_choices":[{"data":"SashWhip","floor":7.0,"key":"SMITH"},{"data":"Tantrum","floor":11.0,"key":"SMITH"},{"data":"FlurryOfBlows","floor":15.0,"key":"SMITH"},{"data":"TalkToTheHand","floor":24.0,"key":"SMITH"},{"data":"1","floor":32.0,"key":"LIFT"},{"floor":40.0,"key":"RECALL"},{"data":"2","floor":42.0,"key":"LIFT"},{"data":"3","floor":49.0,"key":"LIFT"},{"data":"Meditate","floor":53.0,"key":"SMITH"}],"circlet_count":0,"master_deck":["AscendersBane","Strike_P","Strike_P","Strike_P","Strike_P","Defend_P","Defend_P","Defend_P","Eruption","Vigilance","SashWhip+1","Tantrum+1","ClearTheMind","EmptyMind","CarveReality","FlurryOfBlows+1","Wish","FlurryOfBlows","Conclude","TalkToTheHand+1","Scrawl","WheelKick","Wireheading+1","TalkToTheHand+1","JustLucky","FollowUp+1","Meditate+1","Normality","MentalFortress+1","EmptyMind","ClearTheMind+1","Adaptation+1","CutThroughFate","Tantrum"],"relics":["Black Star","Blue Candle","Turnip","Ancient Tea Set","CaptainsWheel","Mango","Eternal Feather","Coffee Dripper","Kunai","Frozen Egg 2","Orichalcum","Pantograph","InkBottle","Girya","Pocketwatch","Prayer Wheel","Mummified Hand","DollysMirror","Sozu","Melange","Pen Nib","Bottled Tornado","Dream Catcher","FossilizedHelix","Anchor","Boot","Molten Egg 2","Ornamental Fan","Mercury Hourglass","Strange Spoon","Torii","Vajra"],"acts_visited":["Exordium","TheCity","TheBeyond","TheEnding"],"potions_floor_usage":[],"damage_taken":[{"damage":1.0,"enemies":"Small Slimes","floor":1.0,"turns":3.0},{"damage":2.0,"enemies":"2 Louse","floor":2.0,"turns":4.0},{"damage":2.0,"enemies":"Jaw Worm","floor":4.0,"turns":3.0},{"damage":12.0,"enemies":"Gremlin Nob","floor":6.0,"turns":3.0},{"damage":11.0,"enemies":"Exordium Wildlife","floor":8.0,"turns":5.0},{"damage":0.0,"enemies":"Blue Slaver","floor":12.0,"turns":1.0},{"damage":0.0,"enemies":"Lagavulin","floor":14.0,"turns":3.0},{"damage":25.0,"enemies":"Hexaghost","floor":16.0,"turns":6.0},{"damage":10.0,"enemies":"Shell Parasite","floor":18.0,"turns":4.0},{"damage":0.0,"enemies":"Spheric Guardian","floor":21.0,"turns":2.0},{"damage":30.0,"enemies":"Shelled Parasite and Fungi","floor":22.0,"turns":6.0},{"damage":16.0,"enemies":"Book of Stabbing","floor":23.0,"turns":4.0},{"damage":0.0,"enemies":"Gremlin Leader","floor":25.0,"turns":4.0},{"damage":0.0,"enemies":"Chosen and Byrds","floor":27.0,"turns":7.0},{"damage":23.0,"enemies":"Slavers","floor":28.0,"turns":3.0},{"damage":10.0,"enemies":"3 Cultists","floor":30.0,"turns":3.0},{"damage":17.0,"enemies":"Collector","floor":33.0,"turns":10.0},{"damage":1.0,"enemies":"3 Darklings","floor":35.0,"turns":4.0},{"damage":12.0,"enemies":"Orb Walker","floor":36.0,"turns":2.0},{"damage":2.0,"enemies":"Giant Head","floor":41.0,"turns":5.0},{"damage":2.0,"enemies":"Reptomancer","floor":44.0,"turns":3.0},{"damage":1.0,"enemies":"Transient","floor":45.0,"turns":6.0},{"damage":20.0,"enemies":"Nemesis","floor":47.0,"turns":5.0},{"damage":2.0,"enemies":"Time Eater","floor":50.0,"turns":5.0},{"damage":17.0,"enemies":"Awakened One","floor":51.0,"turns":4.0},{"damage":0,"enemies":"Shield and Spear","floor":55,"turns":3},{"damage":6,"enemies":"The Heart","floor":56,"turns":8}],"seed_played":"7080619030100153423","potions_obtained":[{"floor":4.0,"key":"SpeedPotion"},{"floor":12.0,"key":"CultistPotion"},{"floor":16.0,"key":"Dexterity Potion"},{"floor":18.0,"key":"SpeedPotion"},{"floor":21.0,"key":"DuplicationPotion"},{"floor":23.0,"key":"EntropicBrew"},{"floor":25.0,"key":"EssenceOfSteel"}],"is_trial":false,"path_per_floor":["M","M","?","M","?","E","R","M","T","?","R","M","?","E","R","B",null,"M","$","?","M","M","E","R","E","T","M","E","?","M","$","R","B",null,"M","M","?","$","?","R","E","R","T","E","M","?","E","T","R","B","B",null,"R","$","E","B",null],"character_chosen":"WATCHER","items_purchased":["Kunai","Conclude","DollysMirror","JustLucky","MentalFortress+1","Melange","EmptyMind","Ornamental Fan","Mercury Hourglass","Strange Spoon"],"campfire_rested":0,"item_purchase_floors":[19,19,31,31,38,38,38,54,54,54],"current_hp_per_floor":[60,58,51,49,44,32,32,21,21,21,21,21,10,24,33,8,64,54,54,70,70,40,24,36,36,36,36,13,13,3,3,18,26,68,67,55,55,55,55,73,71,82,82,80,79,78,58,58,78,76,61,74,78,78,78,72],"gold":357,"neow_bonus":"BOSS_RELIC","is_daily":false,"chose_seed":false,"campfire_upgraded":5,"win_rate":0.0,"timestamp":1613855330,"path_taken":["M","M","?","M","?","E","R","M","T","?","R","?","?","E","R","BOSS","M","$","?","M","M","E","R","E","T","M","E","?","M","$","R","BOSS","M","M","?","$","?","R","E","R","T","E","?","?","E","?","R","BOSS","BOSS","R","$","E","BOSS"],"items_purchased_type":["Relic","Card","Relic","Card","Card","Relic","Card","Relic","Relic","Relic"],"build_version":"2020-12-18","purchased_purges":2,"victory":true,"max_hp_per_floor":[68,68,68,68,68,68,68,68,68,68,68,68,68,82,82,82,82,82,82,82,82,82,82,82,82,82,82,82,82,82,82,82,82,82,82,82,82,82,82,82,82,82,82,82,82,78,78,78,78,78,78,78,78,78,78,78],"relic_stats":{"Torii":2,"counters":[27,116],"Blue Candle":[17],"Melange":[27],"Eternal Feather":89,"Pen Nib":[19],"Orichalcum":[30],"Boot":[4],"Mercury Hourglass":[36],"Sozu":3,"Strange Spoon":[9],"Dream Catcher":0,"Mummified Hand":[21],"Ornamental Fan":[64],"Pantograph":27,"Prayer Wheel":4,"Turnip":[14],"Black Star":9,"Kunai":[101],"obtain_stats":[{"Torii":55,"Melange":38,"Vajra":55,"Mango":14,"Bottled Tornado":41,"Ancient Tea Set":6,"Boot":47,"Sozu":34,"Dream Catcher":44,"Mummified Hand":29,"DollysMirror":31,"Pantograph":25,"Prayer Wheel":28,"Kunai":19,"InkBottle":25,"Girya":26,"Blue Candle":5,"Eternal Feather":14,"Pen Nib":41,"Frozen Egg 2":23,"Orichalcum":23,"Mercury Hourglass":54,"Strange Spoon":54,"CaptainsWheel":9,"Anchor":47,"Ornamental Fan":54,"Molten Egg 2":48,"Turnip":6,"Black Star":0,"Coffee Dripper":17,"PureWater":0,"FossilizedHelix":44,"Pocketwatch":28},{"Torii":26,"Melange":19,"Vajra":26,"Mango":7,"Bottled Tornado":20,"Ancient Tea Set":4,"Boot":23,"Sozu":17,"Dream Catcher":21,"Mummified Hand":15,"DollysMirror":16,"Pantograph":13,"Prayer Wheel":15,"Kunai":9,"InkBottle":13,"Girya":13,"Blue Candle":3,"Eternal Feather":7,"Pen Nib":20,"Frozen Egg 2":12,"Orichalcum":12,"Mercury Hourglass":25,"Strange Spoon":25,"CaptainsWheel":5,"Anchor":23,"Ornamental Fan":25,"Molten Egg 2":23,"Turnip":4,"Black Star":0,"Coffee Dripper":8,"PureWater":0,"FossilizedHelix":21,"Pocketwatch":15},{"Torii":108,"Melange":77,"Vajra":108,"Mango":22,"Bottled Tornado":82,"Ancient Tea Set":13,"Boot":96,"Sozu":71,"Dream Catcher":85,"Mummified Hand":58,"DollysMirror":61,"Pantograph":48,"Prayer Wheel":58,"Kunai":32,"InkBottle":48,"Girya":48,"Blue Candle":10,"Eternal Feather":22,"Pen Nib":82,"Frozen Egg 2":44,"Orichalcum":44,"Mercury Hourglass":105,"Strange Spoon":105,"CaptainsWheel":18,"Anchor":96,"Ornamental Fan":105,"Molten Egg 2":96,"Turnip":13,"Black Star":0,"Coffee Dripper":28,"PureWater":0,"FossilizedHelix":85,"Pocketwatch":58}],"InkBottle":[44],"Pocketwatch":[39]},"card_choices":[{"not_picked":["Prostrate","Halt"],"picked":"SashWhip","floor":1.0},{"not_picked":["Crescendo","FlurryOfBlows"],"picked":"Tantrum","floor":2.0},{"not_picked":["FlyingSleeves","Protect"],"picked":"ClearTheMind","floor":4.0},{"not_picked":["Halt","Swivel"],"picked":"EmptyMind","floor":6.0},{"not_picked":["FollowUp","ReachHeaven"],"picked":"CarveReality","floor":8.0},{"not_picked":["Prostrate","Study","EmptyBody"],"picked":"SKIP","floor":12.0},{"not_picked":["Tantrum","Consecrate"],"picked":"FlurryOfBlows","floor":14.0},{"not_picked":["Alpha","MasterReality"],"picked":"Wish","floor":16.0},{"not_picked":["Wallop","Wireheading"],"picked":"FlurryOfBlows","floor":18.0},{"not_picked":["Consecrate","ThirdEye","Collect"],"picked":"SKIP","floor":21.0},{"not_picked":["Protect","Perseverance","CrushJoints"],"picked":"SKIP","floor":22.0},{"not_picked":["Collect","SashWhip"],"picked":"TalkToTheHand","floor":23.0},{"not_picked":["CarveReality","Prostrate"],"picked":"Scrawl","floor":25.0},{"not_picked":["SandsOfTime","SashWhip","PathToVictory"],"picked":"SKIP","floor":27.0},{"not_picked":["SashWhip","Conclude"],"picked":"WheelKick","floor":28.0},{"not_picked":["BowlingBash","FlyingSleeves"],"picked":"Wireheading+1","floor":30.0},{"not_picked":["CrushJoints","EmptyBody","SashWhip"],"picked":"SKIP","floor":30.0},{"not_picked":["SandsOfTime","Wireheading+1","FlyingSleeves"],"picked":"SKIP","floor":35.0},{"not_picked":["BowlingBash","Nirvana+1","ClearTheMind"],"picked":"SKIP","floor":35.0},{"not_picked":["CrushJoints","Wallop+1"],"picked":"FollowUp+1","floor":36.0},{"not_picked":["ReachHeaven","JustLucky"],"picked":"Meditate","floor":36.0},{"not_picked":["WaveOfTheHand","Crescendo"],"picked":"ClearTheMind+1","floor":41.0},{"not_picked":["WreathOfFlame+1","MentalFortress+1","Wireheading+1"],"picked":"SKIP","floor":44.0},{"not_picked":["DeceiveReality","ClearTheMind"],"picked":"Adaptation+1","floor":45.0},{"not_picked":["Halt","Protect"],"picked":"CutThroughFate","floor":45.0},{"not_picked":["Perseverance+1","Consecrate"],"picked":"Tantrum","floor":47.0},{"not_picked":["MasterReality+1","CrushJoints+1","CarveReality+1"],"picked":"SKIP","floor":55}],"player_experience":973678,"relics_obtained":[{"floor":6.0,"key":"Turnip"},{"floor":6.0,"key":"Ancient Tea Set"},{"floor":9.0,"key":"CaptainsWheel"},{"floor":14.0,"key":"Mango"},{"floor":14.0,"key":"Eternal Feather"},{"floor":23.0,"key":"Frozen Egg 2"},{"floor":23.0,"key":"Orichalcum"},{"floor":25.0,"key":"Pantograph"},{"floor":25.0,"key":"InkBottle"},{"floor":26.0,"key":"Girya"},{"floor":28.0,"key":"Pocketwatch"},{"floor":28.0,"key":"Prayer Wheel"},{"floor":41.0,"key":"Pen Nib"},{"floor":41.0,"key":"Bottled Tornado"},{"floor":44.0,"key":"Dream Catcher"},{"floor":44.0,"key":"FossilizedHelix"},{"floor":47.0,"key":"Anchor"},{"floor":47.0,"key":"Boot"},{"floor":48.0,"key":"Molten Egg 2"},{"floor":55,"key":"Torii"},{"floor":55,"key":"Vajra"}],"event_choices":[{"cards_removed":["Defend_P"],"damage_healed":0.0,"max_hp_gain":0.0,"max_hp_loss":0.0,"gold_gain":0.0,"event_name":"Golden Wing","player_choice":"Card Removal","floor":3.0,"gold_loss":0.0,"damage_taken":7.0},{"damage_healed":0.0,"max_hp_gain":0.0,"max_hp_loss":0.0,"gold_gain":0.0,"event_name":"Scrap Ooze","player_choice":"Success","floor":5.0,"gold_loss":0.0,"damage_taken":5.0,"relics_obtained":["Blue Candle"]},{"damage_healed":0.0,"max_hp_gain":0.0,"max_hp_loss":0.0,"gold_gain":0.0,"event_name":"Liars Game","player_choice":"Ignored","floor":10.0,"gold_loss":0.0,"damage_taken":0.0},{"damage_healed":0.0,"max_hp_gain":0.0,"max_hp_loss":0.0,"gold_gain":75.0,"event_name":"World of Goop","player_choice":"Gather Gold","floor":13.0,"gold_loss":0.0,"damage_taken":11.0},{"damage_healed":16.0,"max_hp_gain":0.0,"max_hp_loss":0.0,"gold_gain":0.0,"event_name":"The Library","player_choice":"Heal","floor":20.0,"gold_loss":0.0,"damage_taken":0.0},{"damage_healed":0.0,"max_hp_gain":0.0,"max_hp_loss":0.0,"gold_gain":0.0,"event_name":"The Mausoleum","player_choice":"Opened","floor":29.0,"gold_loss":0.0,"damage_taken":0.0,"relics_obtained":["Mummified Hand"],"cards_obtained":["Writhe"]},{"damage_healed":0.0,"max_hp_gain":0.0,"max_hp_loss":0.0,"gold_gain":999.0,"event_name":"MindBloom","player_choice":"Gold","floor":37.0,"gold_loss":0.0,"damage_taken":0.0,"cards_obtained":["Normality","Normality"]},{"damage_healed":0.0,"max_hp_gain":0.0,"max_hp_loss":0.0,"gold_gain":300.0,"event_name":"Wheel of Change","player_choice":"Gold","floor":39.0,"gold_loss":0.0,"damage_taken":0.0},{"damage_healed":0.0,"max_hp_gain":0.0,"max_hp_loss":4.0,"gold_gain":0.0,"event_name":"Winding Halls","player_choice":"Max HP","floor":46.0,"gold_loss":0.0,"damage_taken":0.0}],"is_beta":true,"boss_relics":[{"not_picked":["Ectoplasm","Tiny House"],"picked":"Coffee Dripper"},{"not_picked":["Velvet Choker","SacredBark"],"picked":"Sozu"}],"items_purged_floors":[38,54],"is_endless":false,"potions_floor_spawned":[4,12,16,18,21,23,25,44,45,47],"ascension_level":20}}