{"host":"u0qetpmu4y58k1tf","time":1613786089,"event":{"mods":["100% Spire Juice","AchievementEnabler","Act Like it!","BaseMod","CapriCore","Colored Map","Colored Powertips","Hermit","Koishi","Marisa£¨Ùöéë¡¡Øª×âÞÞ£©","Minty Spire (QoL Compilation)","Quick Restart","Reliquary","Replay The Spire","StSLib","Td1madao Mod","The Bug Knight","The Cursed","The Dragon Tamer","The Gatherer","The Hierophant","The Immortal","The Jungle","The Runesmith","WarShipGirlsR/??á´Ò³R mod"],"gold_per_floor":[115,415,415,429,316,344,344,376,376,406,406,431,431,465,465,561,561,580,580,580,249,262,289,289,40,40,66,136,162,162,162,162],"floor_reached":31,"language":"KOR","playtime":1725,"items_purged":["Regret","Strike_G"],"score":581,"play_id":"d8f21248-34d8-4fbc-9b1f-48e034b5a7ad","local_time":"20210220105449","is_ascension_mode":true,"campfire_choices":[{"data":"Concentrate","floor":11.0,"key":"SMITH"},{"data":"After Image","floor":13.0,"key":"SMITH"},{"data":"Noxious Fumes","floor":15.0,"key":"SMITH"},{"data":"Setup","floor":24,"key":"SMITH"},{"floor":30,"key":"REST"}],"circlet_count":0,"master_deck":["Strike_G","Strike_G","Strike_G","Strike_G","Defend_G","Defend_G","Defend_G+1","Defend_G+1","Defend_G","Survivor","Neutralize","Sneak Up+1","Noxious Fumes+1","Acrobatics","Catalyst+1","Concentrate+1","After Image+1","Poisoned Stab","ReplayTheSpireMod:Speed Training","Necronomicurse","Setup+1","Noxious Fumes","Footwork","Replay:Bag of Tricks+1","Footwork+1"],"relics":["Ring of the Snake","NeowsBlessing","Old Coin","Gremlin Horn","Iron Hammer","Letter Opener","The Specimen","Odd Mushroom","Pear","Turnip","Replay:Bronze Core","Necronomicon","SsserpentHead","Medical Kit","reliquary:GummyVitamins","Guide Book","Mercury Hourglass","reliquary:QuartzCube","Potion Belt"],"acts_visited":["Exordium","TheCity"],"potions_floor_usage":[23,23],"damage_taken":[{"damage":0.0,"enemies":"Small Slimes","floor":1.0,"turns":1.0},{"damage":1.0,"enemies":"2 Louse","floor":4.0,"turns":2.0},{"damage":0.0,"enemies":"Gremlin Nob","floor":6.0,"turns":1.0},{"damage":6.0,"enemies":"Lagavulin","floor":8.0,"turns":7.0},{"damage":2.0,"enemies":"The Mushroom Lair","floor":10.0,"turns":4.0},{"damage":0.0,"enemies":"3 Sentries","floor":12.0,"turns":6.0},{"damage":13.0,"enemies":"Lagavulin","floor":14.0,"turns":7.0},{"damage":0.0,"enemies":"Hexaghost","floor":16.0,"turns":9.0},{"damage":0.0,"enemies":"Chosen","floor":18.0,"turns":6.0},{"damage":6,"enemies":"Shell Parasite","floor":22,"turns":7},{"damage":29,"enemies":"Book of Stabbing","floor":23,"turns":6},{"damage":10,"enemies":"Slavers","floor":27,"turns":5},{"damage":6,"enemies":"Centurion and Healer","floor":28,"turns":7},{"damage":0,"enemies":"HollowMod:Nosk","floor":29,"turns":7},{"damage":17,"enemies":"Chosen and Byrds","floor":31,"turns":8}],"seed_played":"-528806620415217155","potions_obtained":[{"floor":1.0,"key":"Dexterity Potion"},{"floor":6.0,"key":"Poison Potion"},{"floor":14.0,"key":"ColorlessPotion"},{"floor":16.0,"key":"Explosive Potion"},{"floor":18.0,"key":"SkillPotion"},{"floor":23,"key":"Dexterity Potion"},{"floor":29,"key":"Reflective Coating"}],"is_trial":false,"path_per_floor":["M","?","?","M","$","E","?","E","T","?","R","E","R","E","R","B",null,"M","?","?","$","M","E","R","$","T","E","M","E","R","M"],"character_chosen":"THE_SILENT","items_purchased":["Noxious Fumes","Medical Kit","Setup","Guide Book","Replay:Bag of Tricks+1"],"campfire_rested":1,"item_purchase_floors":[5,21,21,25,25],"current_hp_per_floor":[70,67,67,66,66,66,52,46,46,44,44,54,54,41,41,41,70,70,54,54,54,48,19,19,19,19,9,3,3,27,10,10],"gold":162,"neow_bonus":"THREE_ENEMY_KILL","is_daily":false,"chose_seed":false,"campfire_upgraded":4,"win_rate":0.0,"timestamp":1613786089,"path_taken":["M","?","?","M","$","E","?","E","T","?","R","E","R","E","R","BOSS","M","?","?","$","M","E","R","$","T","E","?","E","R","M"],"items_purchased_type":["Card","Relic","Card","Relic","Card"],"build_version":"2020-12-22","purchased_purges":2,"victory":false,"max_hp_per_floor":[70,70,70,70,70,70,70,70,70,70,70,80,80,80,80,80,80,80,80,80,80,80,80,80,80,80,80,80,80,80,80,80],"card_choices":[{"not_picked":["Acrobatics","Dagger Spray"],"picked":"Sneak Up","floor":1.0},{"not_picked":["Dagger Spray","Quick Slash","Cloak And Dagger"],"picked":"SKIP","floor":4.0},{"not_picked":["Hidden Blade","Fluid Movement"],"picked":"Acrobatics","floor":6.0},{"not_picked":["Masterful Stab","Predator"],"picked":"Catalyst","floor":8.0},{"not_picked":["Quick Slash","Deflect"],"picked":"Concentrate","floor":10.0},{"not_picked":["Dagger Throw","Poisoned Stab"],"picked":"After Image","floor":12.0},{"not_picked":["Quick Slash","Acrobatics"],"picked":"Poisoned Stab","floor":14.0},{"not_picked":["Terror","Dodge and Roll"],"picked":"ReplayTheSpireMod:Speed Training","floor":18.0},{"not_picked":["Bouncing Flask","Outmaneuver"],"picked":"Noxious Fumes","floor":22},{"not_picked":["Prepared","Caltrops+1"],"picked":"Footwork","floor":23},{"not_picked":["Well Laid Plans","Dash","Dodge and Roll"],"picked":"SKIP","floor":27},{"not_picked":["Sucker Punch","Deadly Poison"],"picked":"Footwork+1","floor":28},{"not_picked":["Dagger Spray","Doppelganger","Well Laid Plans"],"picked":"SKIP","floor":29}],"player_experience":165732,"relics_obtained":[{"floor":6.0,"key":"Iron Hammer"},{"floor":8.0,"key":"Letter Opener"},{"floor":9.0,"key":"The Specimen"},{"floor":10.0,"key":"Odd Mushroom"},{"floor":12.0,"key":"Pear"},{"floor":14.0,"key":"Turnip"},{"floor":19,"key":"Necronomicon"},{"floor":23,"key":"reliquary:GummyVitamins"},{"floor":26,"key":"Mercury Hourglass"},{"floor":27,"key":"reliquary:QuartzCube"},{"floor":29,"key":"Potion Belt"}],"event_choices":[{"damage_healed":0.0,"max_hp_gain":0.0,"max_hp_loss":0.0,"gold_gain":0.0,"event_name":"Scrap Ooze","player_choice":"Success","floor":2.0,"gold_loss":0.0,"damage_taken":3.0,"relics_obtained":["Old Coin"]},{"damage_healed":0.0,"max_hp_gain":0.0,"max_hp_loss":0.0,"gold_gain":0.0,"event_name":"Big Fish","player_choice":"Box","floor":3.0,"gold_loss":0.0,"damage_taken":0.0,"relics_obtained":["Gremlin Horn"],"cards_obtained":["Regret"]},{"damage_healed":0.0,"max_hp_gain":0.0,"max_hp_loss":0.0,"gold_gain":0.0,"event_name":"Shining Light","player_choice":"Entered Light","floor":7.0,"gold_loss":0.0,"damage_taken":14.0,"cards_upgraded":["Defend_G","Defend_G"]},{"damage_healed":0.0,"max_hp_gain":0.0,"max_hp_loss":0.0,"gold_gain":0.0,"event_name":"Mushrooms","player_choice":"Fought Mushrooms","floor":10.0,"gold_loss":0.0,"damage_taken":0.0},{"damage_healed":0,"gold_gain":0,"player_choice":"Obtained Book","damage_taken":16,"max_hp_gain":0,"max_hp_loss":0,"event_name":"Cursed Tome","floor":19,"gold_loss":0},{"damage_healed":0,"gold_gain":0,"player_choice":"Trade","damage_taken":0,"relics_obtained":["SsserpentHead"],"max_hp_gain":0,"max_hp_loss":0,"event_name":"FaceTrader","floor":20,"gold_loss":0}],"is_beta":false,"boss_relics":[{"not_picked":["Painkiller Herb","reliquary:KinkedSpring"],"picked":"Replay:Bronze Core"}],"items_purged_floors":[5,21],"is_endless":false,"potions_floor_spawned":[1,6,14,16,18,23,29],"killed_by":"Chosen and Byrds","ascension_level":5}}