{"host":"or8fr2mp0k3eluj8","time":1613821033,"event":{"mods":["AchievementEnabler","BaseMod","Colored Map","DeckTracker","Keyboard Shortcuts","Minty Spire (QoL Compilation)","StSLib","SuperFastMode","everything is the same but u backflip on backflip"],"gold_per_floor":[114,133,143,143,68,68,87,87,111,140,40,71,83,170,182,194,194],"floor_reached":16,"language":"KOR","playtime":2350,"items_purged":["Writhe","Strike_B"],"score":146,"play_id":"c407d823-1fc5-4618-a8d5-366686d0f9dc","local_time":"20210220203713","is_ascension_mode":true,"campfire_choices":[{"data":"Hyperbeam","floor":6,"key":"SMITH"},{"data":"Recycle","floor":8,"key":"SMITH"},{"data":"Seek","floor":13,"key":"SMITH"},{"floor":15,"key":"REST"}],"circlet_count":0,"master_deck":["Strike_B","Strike_B","Strike_B","Defend_B","Defend_B+1","Defend_B","Defend_B","Zap+1","Dualcast","Hyperbeam+1","Go for the Eyes","Recycle+1","Gash","Conserve Battery","Seek+1","Genetic Algorithm"],"relics":["Cracked Core","Orichalcum","Akabeko","MawBank"],"acts_visited":["Exordium"],"potions_floor_usage":[10,16],"damage_taken":[{"damage":9,"enemies":"Cultist","floor":1,"turns":5},{"damage":7,"enemies":"Jaw Worm","floor":2,"turns":3},{"damage":0,"enemies":"Small Slimes","floor":3,"turns":1},{"damage":12,"enemies":"Gremlin Gang","floor":7,"turns":3},{"damage":9,"enemies":"Gremlin Nob","floor":10,"turns":4},{"damage":0,"enemies":"3 Sentries","floor":12,"turns":1},{"damage":34,"enemies":"Hexaghost","floor":16,"turns":9}],"seed_played":"-4639186963510900070","potions_obtained":[{"floor":3,"key":"Strength Potion"},{"floor":7,"key":"Explosive Potion"}],"is_trial":false,"path_per_floor":["M","M","M","?","$","R","M","R","T","E","$","E","R","?","R","B"],"character_chosen":"DEFECT","items_purchased":[],"campfire_rested":1,"item_purchase_floors":[],"current_hp_per_floor":[66,59,59,44,44,44,32,32,32,23,23,23,23,12,34,0,0],"gold":194,"neow_bonus":"THREE_RARE_CARDS","is_daily":false,"chose_seed":false,"campfire_upgraded":3,"win_rate":0.0,"timestamp":1613821033,"path_taken":["M","?","M","?","$","R","M","R","T","E","$","E","R","?","R","BOSS"],"items_purchased_type":[],"build_version":"2020-12-22","purchased_purges":2,"victory":false,"max_hp_per_floor":[75,75,75,75,75,75,75,75,75,75,75,75,75,75,75,75,75],"card_choices":[{"not_picked":["Electrodynamics","Biased Cognition"],"picked":"Hyperbeam","floor":0},{"not_picked":["Sweeping Beam","Capacitor"],"picked":"Go for the Eyes","floor":1},{"not_picked":["Redo","Leap"],"picked":"Recycle","floor":2},{"not_picked":["BootSequence","Ball Lightning"],"picked":"Gash","floor":3},{"not_picked":["Hologram","Leap"],"picked":"Conserve Battery","floor":7},{"not_picked":["Hyperbeam","Steam"],"picked":"Seek","floor":10},{"not_picked":["Barrage","Biased Cognition"],"picked":"Genetic Algorithm","floor":12}],"player_experience":395131,"relics_obtained":[{"floor":9,"key":"Orichalcum"},{"floor":10,"key":"Akabeko"},{"floor":12,"key":"MawBank"}],"event_choices":[{"damage_healed":0,"gold_gain":0,"player_choice":"Entered Light","damage_taken":15,"max_hp_gain":0,"max_hp_loss":0,"event_name":"Shining Light","floor":4,"gold_loss":0,"cards_upgraded":["Zap","Defend_B"]},{"damage_healed":0,"gold_gain":75,"player_choice":"Gather Gold","damage_taken":11,"max_hp_gain":0,"max_hp_loss":0,"event_name":"World of Goop","floor":14,"gold_loss":0}],"is_beta":false,"boss_relics":[],"items_purged_floors":[5,11],"is_endless":false,"potions_floor_spawned":[3,7],"killed_by":"Hexaghost","ascension_level":2}}