{"host":"tf5skwcwe0vlu2md","time":1613820117,"event":{"mods":["BaseMod","Downfall","Highlight Path","Minty Spire (QoL Compilation)","Quick Restart","StSLib","The Hierophant"],"gold_per_floor":[112,130,130,130,145,145,183,183,183,224,224,244,262,340,340,459,459,482,87,47,61,79,79,79,79],"floor_reached":24,"playtime":1138,"items_purged":[],"score":237,"play_id":"7ea3db80-ea98-4051-b268-44bffa38e9b4","local_time":"20210220222157","is_ascension_mode":true,"campfire_choices":[{"data":"Dualcast","floor":6,"key":"SMITH"},{"data":"Zap","floor":8,"key":"SMITH"},{"data":"Scrape","floor":11,"key":"SMITH"},{"data":"Aggregate","floor":15,"key":"SMITH"},{"data":"Beam Cell","floor":23,"key":"SMITH"}],"circlet_count":0,"master_deck":["Strike_B","Strike_B","Strike_B","Strike_B","Defend_B+1","Defend_B","Defend_B","Zap+1","Dualcast+1","Scrape+1","Go for the Eyes+1","Injury","Go for the Eyes","Steam Power","Turbo","Electrodynamics","Hologram","Aggregate+1","Core Surge","Gash+1","Go for the Eyes","Swift Strike","Core Surge","Beam Cell+1","Steam"],"relics":["Cracked Core","Golden Idol","Pen Nib","Eternal Feather","Mummified Hand","Gambling Chip","Black Star","MealTicket","DollysMirror"],"acts_visited":["Exordium","TheCity"],"potions_floor_usage":[7,16,16,24,24],"damage_taken":[{"damage":4,"enemies":"2 Louse","floor":1,"turns":2},{"damage":5,"enemies":"Small Slimes","floor":2,"turns":3},{"damage":0,"enemies":"Cultist","floor":5,"turns":2},{"damage":13,"enemies":"Gremlin Nob","floor":7,"turns":4},{"damage":17,"enemies":"Lagavulin","floor":10,"turns":5},{"damage":0,"enemies":"Red Slaver","floor":12,"turns":3},{"damage":4,"enemies":"Large Slime","floor":13,"turns":3},{"damage":5,"enemies":"3 Sentries","floor":14,"turns":3},{"damage":35,"enemies":"Hexaghost","floor":16,"turns":9},{"damage":8,"enemies":"Chosen","floor":18,"turns":3},{"damage":6,"enemies":"Spheric Guardian","floor":21,"turns":3},{"damage":38,"enemies":"Centurion and Healer","floor":22,"turns":7},{"damage":45,"enemies":"Gremlin Leader","floor":24,"turns":3}],"seed_played":"-159743350553348114","potions_obtained":[{"floor":1,"key":"FearPotion"},{"floor":7,"key":"FearPotion"},{"floor":10,"key":"FearPotion"},{"floor":14,"key":"Swift Potion"},{"floor":22,"key":"Block Potion"}],"is_trial":false,"path_per_floor":["M","M","?","?","M","R","E","R","T","E","R","M","M","?","R","B",null,"M","$","?","M","M","R","E"],"character_chosen":"DEFECT","items_purchased":["Go for the Eyes","Swift Strike","MealTicket","DollysMirror"],"campfire_rested":0,"item_purchase_floors":[19,19,19,19],"current_hp_per_floor":[71,66,71,71,71,71,58,58,58,41,50,50,46,41,50,15,80,72,72,72,66,28,43,0,0],"gold":79,"neow_bonus":"REMOVE_CARD","is_daily":false,"chose_seed":false,"campfire_upgraded":5,"win_rate":0.0,"timestamp":1613820117,"path_taken":["M","M","?","?","M","R","E","R","T","E","R","M","M","?","R","BOSS","M","$","?","?","M","R","E"],"items_purchased_type":["Card","Card","Relic","Relic"],"build_version":"2020-12-13","purchased_purges":0,"victory":false,"max_hp_per_floor":[75,75,80,80,80,80,80,80,80,80,80,80,80,80,80,80,80,80,80,80,80,80,80,80,80],"card_choices":[{"not_picked":["Blizzard","Beam Cell"],"picked":"Scrape","floor":1},{"not_picked":["Sweeping Beam","Consume"],"picked":"Go for the Eyes","floor":2},{"not_picked":["Hologram","Streamline"],"picked":"Go for the Eyes","floor":5},{"not_picked":["Sunder","Hologram"],"picked":"Steam Power","floor":7},{"not_picked":["Defragment","Darkness"],"picked":"Turbo","floor":10},{"not_picked":["Streamline","Hello World"],"picked":"Electrodynamics","floor":12},{"not_picked":["Barrage","Ball Lightning"],"picked":"Hologram","floor":13},{"not_picked":["Heatsinks","Chill"],"picked":"Aggregate","floor":14},{"not_picked":["Multi-Cast","Thunder Strike"],"picked":"Core Surge","floor":16},{"not_picked":["Doom and Gloom","Cold Snap"],"picked":"Gash+1","floor":18},{"not_picked":["Double Energy","Steam Power"],"picked":"Beam Cell","floor":21},{"not_picked":["Hello World","Blizzard"],"picked":"Steam","floor":22}],"player_experience":293707,"relics_obtained":[{"floor":7,"key":"Pen Nib"},{"floor":9,"key":"Eternal Feather"},{"floor":10,"key":"Mummified Hand"},{"floor":14,"key":"Gambling Chip"}],"event_choices":[{"damage_healed":0,"gold_gain":0,"player_choice":"Donut","damage_taken":0,"max_hp_gain":5,"max_hp_loss":0,"event_name":"Big Fish","floor":3,"gold_loss":0},{"damage_healed":0,"gold_gain":0,"player_choice":"Take Wound","damage_taken":0,"relics_obtained":["Golden Idol"],"max_hp_gain":0,"max_hp_loss":0,"event_name":"Golden Idol","floor":4,"gold_loss":0,"cards_obtained":["Injury"]},{"damage_healed":0,"gold_gain":0,"player_choice":"Searched \u00271\u0027 times","damage_taken":0,"max_hp_gain":0,"max_hp_loss":0,"event_name":"Dead Adventurer","floor":14,"gold_loss":0},{"damage_healed":0,"gold_gain":0,"player_choice":"Upgraded Two","damage_taken":0,"max_hp_gain":0,"max_hp_loss":0,"event_name":"Designer","floor":20,"gold_loss":40,"cards_upgraded":["Defend_B","Go for the Eyes"]}],"is_beta":false,"boss_relics":[{"not_picked":["Busted Crown","Runic Dome"],"picked":"Black Star"}],"items_purged_floors":[],"is_endless":false,"potions_floor_spawned":[1,7,10,14,22],"killed_by":"Gremlin Leader","ascension_level":3}}