{"host":"8txkp9ptpa3vam57","time":1613805782,"event":{"mods":["Aspiration","BaseMod","Downfall","Jedi Mod","Lobotomy","LobotomyExtend","Minty Spire (QoL Compilation)","Quick Restart","Rare Cards Sparkle","Replay The Spire","RumiaBox-露米娅的神秘盒子","Shop Mod","Spire Birthday Party","StSLib","The Bladedancer","The Bug Knight","The Construct","The Cursed","The Marked","The Poker Player","[IsaacMod]以撒尖塔","noobMod","篝火指南"],"gold_per_floor":[99,112,123,123,139,155,155,181,23,40,40,56,75,91,102,206,206,106,116,134,146,157,157,157,185,185,197,24,36,51,85,103,204,204,204,224,224,224,224],"floor_reached":37,"language":"ZHS","playtime":2457,"items_purged":[],"score":521,"play_id":"a142c187-dea6-45da-89b3-cdff8cacf5b1","local_time":"20210220152301","is_ascension_mode":false,"campfire_choices":[{"floor":1,"key":"RECALL"},{"data":"downfall:Malfunctioning","floor":18,"key":"PURGE"},{"data":"champ:Taunt","floor":26,"key":"SMITH"},{"data":"champ:IgnorePain","floor":35,"key":"SMITH"}],"circlet_count":0,"master_deck":["champ:Strike","champ:Strike+1","champ:Strike","champ:Strike","champ:Defend","champ:Defend","champ:Defend","champ:Defend","champ:Execute+1","champ:Taunt+1","champ:BerserkersShout","champ:BladeFlurry+1","champ:StanceDance","champ:SwordThrow","champ:Backstep+1","champ:FanOfKnives","champ:TornadoPunch+1","expansioncontent:InvincibleStrength","champ:TornadoPunch","champ:RecklessLeap","champ:LastStand","champ:FanOfKnives","champ:HoldFirm","champ:PreciseThrust+1","champ:ShieldSlam+1","champ:Parry","champ:TornadoPunch","champ:PerfectedStrike+1","champ:BerserkersShout","expansioncontent:QuickStudy+1","champ:Endure","champ:ArenaPreparation","champ:FalseCounter","champ:CalledShot","champ:VampiricStrike","champ:ShieldThrow","champ:UltimateStance","champ:IgnorePain+1","Deep Breath","champ:FaceSlap+1"],"relics":["champ:ChampionCrown","HushsDoor","ice","D6","LetterFromLob","HollowMod:PaleOreRelic","Replay:Mystery Machine","Honey Jar","downfall:HeartBlessingRed","Divine Protection","GodSword6","Replay:Kaleidoscope","MagicMushroom","GuppysCollar","Gaze_r"],"acts_visited":["Exordium","TheCity","TheBeyond"],"potions_floor_usage":[31,33],"damage_taken":[{"damage":4,"enemies":"2 Louse","floor":2,"turns":4},{"damage":20,"enemies":"Small Slimes","floor":3,"turns":4},{"damage":15,"enemies":"Cultist","floor":5,"turns":2},{"damage":50,"enemies":"Exordium Thugs","floor":6,"turns":5},{"damage":38,"enemies":"Gremlin Nob","floor":8,"turns":4},{"damage":20,"enemies":"downfall:FleeingMerchant","floor":9,"turns":4},{"damage":15,"enemies":"Large Slime","floor":10,"turns":5},{"damage":12,"enemies":"Red Slaver","floor":12,"turns":3},{"damage":26,"enemies":"HollowMod:HuskWarrior","floor":13,"turns":4},{"damage":5,"enemies":"Lots of Slimes","floor":14,"turns":2},{"damage":0,"enemies":"3 Louse","floor":15,"turns":2},{"damage":41,"enemies":"IC_STATUS_ARCHETYPE","floor":16,"turns":6},{"damage":0,"enemies":"Spheric Guardian","floor":19,"turns":1},{"damage":10,"enemies":"downfall:LooterAlt2","floor":20,"turns":2},{"damage":25,"enemies":"Shelled Parasite and Fungi","floor":21,"turns":5},{"damage":0,"enemies":"Centurion and Healer","floor":22,"turns":3},{"damage":17,"enemies":"Slavers","floor":25,"turns":3},{"damage":1,"enemies":"Snake Plant","floor":27,"turns":3},{"damage":7,"enemies":"Cultist and Chosen","floor":29,"turns":4},{"damage":0,"enemies":"Chosen and Byrds","floor":30,"turns":5},{"damage":32,"enemies":"Replay:Snechameleon","floor":31,"turns":4},{"damage":27,"enemies":"Centurion and Healer","floor":32,"turns":5},{"damage":45,"enemies":"WA_ARCHETYPE_CALM","floor":33,"turns":13},{"damage":12,"enemies":"3 Shapes","floor":36,"turns":3},{"damage":0,"enemies":"3 Shapes","floor":37,"turns":2}],"seed_played":"7785532935793518990","potions_obtained":[{"floor":3,"key":"Doom Potion"},{"floor":5,"key":"Strength Potion"},{"floor":6,"key":"FearPotion"},{"floor":19,"key":"ColorlessPotion"},{"floor":27,"key":"jedi:tentaclejuice"},{"floor":30,"key":"BlessingOfTheForge"},{"floor":31,"key":"SpeedPotion"},{"floor":33,"key":"Weak Potion"},{"floor":36,"key":"jedi:wingpotion"}],"is_trial":false,"path_per_floor":["R","M","M","?","M","M","T","E","$","M","E","M","M","M","M","B",null,"R","M","M","M","M","?","T","E","R","M","R","M","M","E","M","B",null,"R","M","?"],"character_chosen":"THE_CHAMP","items_purchased":["champ:TornadoPunch","expansioncontent:InvincibleStrength","expansioncontent:QuickStudy+1","GuppysCollar","champ:ShieldThrow","champ:UltimateStance","champ:IgnorePain","Deep Breath"],"campfire_rested":0,"item_purchase_floors":[9,9,28,34,34,34,34,34],"current_hp_per_floor":[99,95,95,95,95,70,70,52,47,47,53,46,40,35,35,24,115,115,115,115,95,95,95,95,88,88,87,87,85,85,93,101,111,161,161,166,120,120,120],"gold":224,"neow_bonus":"TEN_PERCENT_HP_BONUS","is_daily":false,"chose_seed":false,"campfire_upgraded":2,"win_rate":0.0,"timestamp":1613805781,"path_taken":["R","M","M","?","?","M","T","E","$","?","E","M","M","M","M","BOSS","R","M","?","?","M","?","T","E","R","M","R","M","M","E","M","BOSS","R","M","?"],"items_purchased_type":["Card","Card","Card","Relic","Card","Card","Card","Card"],"build_version":"2020-12-22","purchased_purges":0,"victory":false,"max_hp_per_floor":[99,99,99,99,99,99,99,99,99,99,99,101,106,110,111,115,115,115,115,118,126,126,126,126,131,131,137,137,141,149,156,160,181,161,161,166,177,177,177],"card_choices":[{"not_picked":["champ:RecklessLeap","champ:SkillfulDodge"],"picked":"champ:BerserkersShout","floor":2},{"not_picked":["champ:Encircle","champ:AdrenalArmor"],"picked":"champ:BladeFlurry","floor":3},{"not_picked":["Bomb","champ:CrookedStrike"],"picked":"champ:StanceDance","floor":5},{"not_picked":["champ:BringItOn","champ:Endure"],"picked":"champ:SwordThrow","floor":6},{"not_picked":["champ:BerserkersShout","champ:ShieldWall"],"picked":"champ:Backstep","floor":8},{"not_picked":["champ:Endure","champ:AdrenalArmor"],"picked":"champ:FanOfKnives","floor":9},{"not_picked":["champ:Circumvent","champ:RisingSlash"],"picked":"champ:TornadoPunch","floor":10},{"not_picked":["champ:BringItOn","champ:Shatter"],"picked":"champ:RecklessLeap","floor":12},{"not_picked":["champ:DefensiveShout","champ:Endure"],"picked":"champ:LastStand","floor":13},{"not_picked":["champ:EndlessRage","champ:BerserkersShout"],"picked":"champ:FanOfKnives","floor":14},{"not_picked":["champ:FaceSlap","champ:DefensiveShout"],"picked":"Bomb","floor":15},{"not_picked":["champ:StrikeOfGenius","champ:LastStand"],"picked":"champ:HoldFirm","floor":16},{"not_picked":["champ:FanOfKnives+1","champ:FlashCut","champ:BringItOn"],"picked":"champ:PreciseThrust+1","floor":19},{"not_picked":["champ:DefensiveShout","champ:SkillfulDodge","champ:BladeFlurry"],"picked":"champ:ShieldSlam+1","floor":20},{"not_picked":["champ:EndlessRage+1","champ:LastStand","champ:FlashCut"],"picked":"champ:Parry","floor":21},{"not_picked":["champ:StanceDance","champ:Backstep","champ:FalseCounter"],"picked":"champ:TornadoPunch","floor":22},{"not_picked":["champ:SwordThrow","champ:PreciseThrust+1","champ:RisingSlash"],"picked":"champ:PerfectedStrike+1","floor":25},{"not_picked":["champ:StanceDance","champ:DefensiveShout","champ:FocusedBerserking"],"picked":"champ:BerserkersShout","floor":27},{"not_picked":["champ:Haymaker","champ:RapidStrikes+1","champ:FalseCounter"],"picked":"champ:Endure","floor":29},{"not_picked":["champ:Backstep+1","champ:GladiatorForm","champ:CrownThrow"],"picked":"champ:ArenaPreparation","floor":30},{"not_picked":["champ:DancingMaster","champ:GladiatorStyle","champ:Shatter+1"],"picked":"champ:FalseCounter","floor":31},{"not_picked":["champ:BerserkersShout","champ:EndlessRage","champ:GutPunch+1"],"picked":"champ:CalledShot","floor":32},{"not_picked":["champ:GladiatorForm","champ:DancingMaster","champ:MurderStrike"],"picked":"champ:VampiricStrike","floor":33},{"not_picked":["champ:AdrenalArmor+1","champ:BladeFlurry","champ:SkillfulDodge"],"picked":"champ:FaceSlap+1","floor":36}],"player_experience":113361,"relics_obtained":[{"floor":2,"key":"LetterFromLob"},{"floor":7,"key":"HollowMod:PaleOreRelic"},{"floor":8,"key":"Replay:Mystery Machine"},{"floor":24,"key":"Divine Protection"},{"floor":25,"key":"GodSword6"},{"floor":31,"key":"Replay:Kaleidoscope"}],"event_choices":[],"is_beta":false,"boss_relics":[{"not_picked":["aspiration:FutureDiary","bronze:MakeshiftBattery"],"picked":"Honey Jar"},{"not_picked":[]},{"not_picked":["Black Star","Busted Crown"],"picked":"MagicMushroom"},{"not_picked":[]}],"items_purged_floors":[],"is_endless":false,"potions_floor_spawned":[3,5,6,15,19,27,30,31,33,36],"killed_by":"3 Shapes","ascension_level":0}}