{"host":"8u7tvcybuv0u72fd","time":1613797958,"event":{"mods":["BaseMod","BetterRewards","Colored Map","Colored Powertips","Minty Spire (QoL Compilation)","Quick Restart","Shop Mod"],"gold_per_floor":[113,127,144,144,157,157,180,205,205,267,267,285,328,175,175,305,305,323,347,14,48,147,147,147,4,30,86,86,155,155,205,205,349,349,394,394,442,463,538,569,608,608,635,674,695,695,738,772,772,772,772],"floor_reached":50,"language":"ENG","playtime":2001,"items_purged":["Strike_R"],"score":773,"play_id":"d385b807-bccf-45e0-ad13-602570a320e4","local_time":"20210220001238","is_ascension_mode":false,"campfire_choices":[{"data":"Bash","floor":6.0,"key":"SMITH"},{"data":"Shrug It Off","floor":11.0,"key":"SMITH"},{"data":"Clash","floor":15.0,"key":"SMITH"},{"data":"Double Tap","floor":24.0,"key":"SMITH"},{"data":"HandOfGreed","floor":28.0,"key":"SMITH"},{"data":"Iron Wave","floor":30.0,"key":"SMITH"},{"data":"Searing Blow+1","floor":32.0,"key":"SMITH"},{"floor":42.0,"key":"REST"},{"floor":46.0,"key":"REST"},{"floor":49,"key":"RECALL"}],"circlet_count":0,"master_deck":["Strike_R","Strike_R+1","Strike_R","Defend_R","Defend_R+1","Defend_R","Defend_R+1","Bash+1","Headbutt+1","Shrug It Off+1","Clash+1","Iron Wave+1","Double Tap+1","Searing Blow+2","HandOfGreed+1","Flex+1","Rage+1","Reaper"],"relics":["Burning Blood","PreservedInsect","Blood Vial","Turnip","Whetstone","Mercury Hourglass","TheAbacus","Golden Idol","Sundial","War Paint","Lantern","Sozu","Omamori","MutagenicStrength","Happy Flower","Strawberry","Art of War","Lizard Tail","SacredBark","Red Skull","Regal Pillow"],"acts_visited":["Exordium","TheCity","TheBeyond"],"potions_floor_usage":[],"damage_taken":[{"damage":0.0,"enemies":"Cultist","floor":1.0,"turns":2.0},{"damage":0.0,"enemies":"2 Louse","floor":2.0,"turns":2.0},{"damage":0.0,"enemies":"Jaw Worm","floor":3.0,"turns":3.0},{"damage":3.0,"enemies":"Lots of Slimes","floor":5.0,"turns":2.0},{"damage":1.0,"enemies":"3 Louse","floor":7.0,"turns":2.0},{"damage":0.0,"enemies":"Large Slime","floor":8.0,"turns":3.0},{"damage":1.0,"enemies":"2 Fungi Beasts","floor":12.0,"turns":3.0},{"damage":0.0,"enemies":"3 Sentries","floor":13.0,"turns":2.0},{"damage":11.0,"enemies":"The Guardian","floor":16.0,"turns":9.0},{"damage":10.0,"enemies":"2 Thieves","floor":18.0,"turns":2.0},{"damage":0.0,"enemies":"Spheric Guardian","floor":19.0,"turns":3.0},{"damage":7.0,"enemies":"Snecko","floor":21.0,"turns":3.0},{"damage":1.0,"enemies":"Book of Stabbing","floor":27.0,"turns":3.0},{"damage":0.0,"enemies":"Gremlin Leader","floor":29.0,"turns":4.0},{"damage":5.0,"enemies":"Snake Plant","floor":31.0,"turns":3.0},{"damage":67.0,"enemies":"Automaton","floor":33.0,"turns":8.0},{"damage":2.0,"enemies":"Orb Walker","floor":35.0,"turns":3.0},{"damage":0.0,"enemies":"3 Shapes","floor":37.0,"turns":2.0},{"damage":25.0,"enemies":"Writhing Mass","floor":38.0,"turns":4.0},{"damage":14.0,"enemies":"Jaw Worm Horde","floor":39.0,"turns":5.0},{"damage":36.0,"enemies":"Reptomancer","floor":40.0,"turns":4.0},{"damage":19.0,"enemies":"Spire Growth","floor":41.0,"turns":3.0},{"damage":0.0,"enemies":"3 Darklings","floor":44.0,"turns":3.0},{"damage":18.0,"enemies":"Sphere and 2 Shapes","floor":45.0,"turns":4.0},{"damage":11,"enemies":"4 Shapes","floor":47,"turns":4},{"damage":35,"enemies":"Giant Head","floor":48,"turns":6},{"damage":134,"enemies":"Time Eater","floor":50,"turns":12}],"seed_played":"2572003166719113699","potions_obtained":[{"floor":3.0,"key":"SteroidPotion"},{"floor":12.0,"key":"LiquidBronze"},{"floor":13.0,"key":"SpeedPotion"}],"is_trial":false,"path_per_floor":["M","M","M","?","M","R","M","M","T","?","R","M","E","$","R","B",null,"M","M","$","M","?","?","R","$","T","E","R","E","R","M","R","B",null,"M","?","M","M","M","E","M","R","T","M","M","R","M","E","R","B"],"character_chosen":"IRONCLAD","items_purchased":["PreservedInsect","Blood Vial","Headbutt","Whetstone","Mercury Hourglass","TheAbacus","Shrug It Off","Fruit Juice","Explosive Potion","Dexterity Potion","Lantern","HandOfGreed","Omamori","Happy Flower"],"campfire_rested":2,"item_purchase_floors":[0,0,0,0,0,0,0,0,0,0,14,20,20,25],"current_hp_per_floor":[40,48,61,40,45,45,52,60,60,60,60,67,75,75,75,72,85,81,85,85,84,84,84,84,84,91,92,92,92,92,92,92,31,92,92,92,92,73,67,39,28,55,55,63,53,80,92,71,71,0,0],"gold":772,"neow_bonus":"","is_daily":false,"chose_seed":false,"campfire_upgraded":7,"win_rate":0.0,"timestamp":1613797958,"path_taken":["M","M","?","?","M","R","M","M","T","?","R","M","E","?","R","BOSS","M","?","$","M","?","?","R","$","T","E","R","E","R","M","R","BOSS","M","?","M","M","M","E","M","R","T","M","M","R","?","E","R","BOSS"],"items_purchased_type":["Relic","Relic","Card","Relic","Relic","Relic","Card","Potion","Potion","Potion","Relic","Card","Relic","Relic"],"build_version":"2020-12-22","purchased_purges":1,"victory":false,"max_hp_per_floor":[80,80,85,85,85,85,85,85,85,85,85,85,85,85,85,85,85,85,85,85,85,85,85,85,85,92,92,92,92,92,92,92,92,92,92,92,92,92,92,92,92,92,92,92,92,92,92,92,92,92,92],"card_choices":[{"not_picked":["Iron Wave","Infernal Blade","Wild Strike"],"picked":"SKIP","floor":1.0},{"not_picked":["Warcry","Pummel","Heavy Blade"],"picked":"SKIP","floor":2.0},{"not_picked":["Warcry","Armaments"],"picked":"Clash","floor":3.0},{"not_picked":["Intimidate","Whirlwind","Pummel"],"picked":"SKIP","floor":5.0},{"not_picked":["Impervious","Sever Soul","Feel No Pain"],"picked":"SKIP","floor":7.0},{"not_picked":["Anger","Sword Boomerang","Cleave"],"picked":"SKIP","floor":8.0},{"not_picked":["Sword Boomerang","Wild Strike","Whirlwind"],"picked":"SKIP","floor":12.0},{"not_picked":["Clash","Twin Strike"],"picked":"Iron Wave","floor":13.0},{"not_picked":["Bludgeon","Impervious"],"picked":"Double Tap","floor":16.0},{"not_picked":["Evolve","Thunderclap"],"picked":"Searing Blow+1","floor":18.0},{"not_picked":["Rupture","Shockwave","Thunderclap+1"],"picked":"SKIP","floor":19.0},{"not_picked":["Armaments","Shockwave","Twin Strike"],"picked":"SKIP","floor":21.0},{"not_picked":["Ghostly Armor","Heavy Blade","Flex+1"],"picked":"SKIP","floor":27.0},{"not_picked":["Shrug It Off","Dark Embrace","Clash"],"picked":"SKIP","floor":29.0},{"not_picked":["Heavy Blade","Shrug It Off","Thunderclap+1"],"picked":"SKIP","floor":31.0},{"not_picked":["Thunderclap+1","Infernal Blade+1"],"picked":"Flex+1","floor":35.0},{"not_picked":["Shockwave+1","Shrug It Off+1"],"picked":"Rage+1","floor":37.0},{"not_picked":["Rupture+1","Armaments","Burning Pact+1"],"picked":"SKIP","floor":38.0},{"not_picked":["Seeing Red","Spot Weakness+1","Perfected Strike"],"picked":"SKIP","floor":39.0},{"not_picked":["Headbutt","Sentinel+1","Hemokinesis"],"picked":"SKIP","floor":40.0},{"not_picked":["Clash+1","Sword Boomerang","Reckless Charge"],"picked":"SKIP","floor":41.0},{"not_picked":["Sword Boomerang+1","Perfected Strike","Havoc"],"picked":"SKIP","floor":44.0},{"not_picked":["Wild Strike","Anger"],"picked":"Reaper","floor":45.0},{"not_picked":["Twin Strike+1","True Grit","Reckless Charge+1"],"picked":"SKIP","floor":47},{"not_picked":["Pommel Strike","Entrench","Wild Strike"],"picked":"SKIP","floor":48}],"player_experience":1532153,"relics_obtained":[{"floor":9.0,"key":"Sundial"},{"floor":13.0,"key":"War Paint"},{"floor":26.0,"key":"Strawberry"},{"floor":27.0,"key":"Art of War"},{"floor":29.0,"key":"Lizard Tail"},{"floor":40.0,"key":"Red Skull"},{"floor":48,"key":"Regal Pillow"}],"event_choices":[{"damage_healed":0.0,"max_hp_gain":0.0,"max_hp_loss":0.0,"gold_gain":0.0,"event_name":"Golden Idol","player_choice":"Take Damage","floor":4.0,"gold_loss":0.0,"damage_taken":21.0,"relics_obtained":["Golden Idol"]},{"damage_healed":0.0,"max_hp_gain":0.0,"max_hp_loss":0.0,"gold_gain":62.0,"event_name":"Golden Wing","player_choice":"Gained Gold","floor":10.0,"gold_loss":0.0,"damage_taken":0.0},{"damage_healed":0.0,"max_hp_gain":0.0,"max_hp_loss":0.0,"gold_gain":99.0,"event_name":"Nest","player_choice":"Stole From Cult","floor":22.0,"gold_loss":0.0,"damage_taken":0.0},{"damage_healed":0.0,"max_hp_gain":0.0,"max_hp_loss":0.0,"gold_gain":0.0,"event_name":"Drug Dealer","player_choice":"Inject Mutagens","floor":23.0,"gold_loss":0.0,"damage_taken":0.0,"relics_obtained":["MutagenicStrength"]},{"cards_removed":["Strike_R"],"damage_healed":0.0,"max_hp_gain":0.0,"max_hp_loss":0.0,"gold_gain":0.0,"event_name":"Purifier","player_choice":"Purged","floor":36.0,"gold_loss":0.0,"damage_taken":0.0}],"is_beta":false,"boss_relics":[{"not_picked":["Fusion Hammer","Astrolabe"],"picked":"Sozu"},{"not_picked":["Philosopher\u0027s Stone","Snecko Eye"],"picked":"SacredBark"}],"items_purged_floors":[0],"is_endless":false,"potions_floor_spawned":[1,3,12,13,18,21,29,33,37,39,40,44,47],"killed_by":"Time Eater","ascension_level":0}}