{"host":"d54lcqy5t45er8jx","time":1613823740,"event":{"mods":["2.2 Compatiblity","BaseMod","CapriCore","Colored Powertips","Defuse TimeMaze Blight","Friendly Minions","Hermit","Hubris","Infinite Spire","KinomotoSakuraMod(ÙÊñýÜâ?)","Marisa£¨Ùöéë¡¡Øª×âÞÞ£©","Minty Spire (QoL Compilation)","Quick Restart","Railgun Mod","Rare Cards Sparkle","Relic Stats","Remilia£¨?Ú·×é?£©","StSLib","The Alterego","The Animator","The Cursed","The Immortal","The Servant 0.9.4","WarShipGirlsR/??á´Ò³R mod","Yakumo Yukari mod","Yohane!","Yuri Mod"],"gold_per_floor":[113,132,132,132,50,96,96,131,143,155,177,221,233,257,269,281,281],"floor_reached":16,"language":"ENG","playtime":607,"items_purged":[],"score":203,"play_id":"da5d63b6-1a0f-40aa-9fd9-232cda046714","local_time":"20210220212220","is_ascension_mode":true,"campfire_choices":[{"data":"HeartBreak","floor":10,"key":"SMITH"},{"data":"DiffusionOfMisfortune","floor":13,"key":"SMITH"},{"data":"ScarletCoffin","floor":15,"key":"SMITH"}],"circlet_count":0,"master_deck":["Strike_RM","Strike_RM","Strike_RM","Strike_RM","Defend_RM","Defend_RM","Defend_RM","Defend_RM","RedMoon","ScarletShoot","animator:Curse_GriefSeed","DiffusionOfMisfortune","UltimateOffering+1","AfternoonTea","StarOfDavid","UnstableMagic","FavorOfDestiny","DiffusionOfMisfortune","BloodyTrap","DiffusionOfMisfortune+1","Stigmanizer","HeartBreak+1","NightDance","BlasphemousPunishment","ScarletDream","ScarletCoffin+1"],"relics":["ScarletHat","Calipers","Lantern","MawBank","hubris:OldNail","Kunai"],"acts_visited":["Exordium"],"potions_floor_usage":[8,12,16],"damage_taken":[{"damage":2,"enemies":"2 Louse","floor":1,"turns":3},{"damage":0,"enemies":"Small Slimes","floor":2,"turns":2},{"damage":16,"enemies":"Gremlin Nob","floor":6,"turns":6},{"damage":25,"enemies":"3 Sentries","floor":8,"turns":1},{"damage":5,"enemies":"Jaw Worm","floor":11,"turns":2},{"damage":6,"enemies":"Lagavulin","floor":12,"turns":9},{"damage":0,"enemies":"Exordium Thugs","floor":14,"turns":3}],"seed_played":"-2605233311727830191","potions_obtained":[{"floor":2,"key":"Dexterity Potion"},{"floor":7,"key":"LazyBrew"},{"floor":7,"key":"Dexterity Potion"},{"floor":8,"key":"EssenceOfSteel"},{"floor":14,"key":"DistilledChaos"}],"is_trial":false,"path_per_floor":["M","M","?","?","$","E","?","E","T","R","M","E","R","M","R","B"],"character_chosen":"REMILIA","items_purchased":["BloodyTrap","DiffusionOfMisfortune"],"campfire_rested":0,"item_purchase_floors":[5,5],"current_hp_per_floor":[73,73,73,73,73,62,62,37,37,37,32,29,29,29,29,0,0],"gold":281,"neow_bonus":"ONE_RARE_RELIC","is_daily":false,"chose_seed":false,"campfire_upgraded":3,"win_rate":0.0,"timestamp":1613823740,"path_taken":["M","M","?","?","$","E","?","E","T","R","M","E","R","?","R","BOSS"],"items_purchased_type":["Card","Card"],"build_version":"2020-12-22","purchased_purges":0,"victory":false,"max_hp_per_floor":[75,75,75,75,75,75,75,75,75,75,75,75,75,75,75,75,75],"relic_stats":{"counters":[8,34],"Kunai":[4],"MawBank":96,"obtain_stats":[{"Lantern":6,"Calipers":0,"Kunai":12,"MawBank":8,"ScarletHat":0,"hubris:OldNail":9},{"Lantern":3,"Calipers":0,"Kunai":6,"MawBank":4,"ScarletHat":0,"hubris:OldNail":4},{"Lantern":11,"Calipers":0,"Kunai":23,"MawBank":12,"ScarletHat":0,"hubris:OldNail":12}]},"card_choices":[{"not_picked":["VampireFantasy","EndlessAdversity"],"picked":"DiffusionOfMisfortune","floor":1},{"not_picked":["EndlessAdversity","DiffusionOfMisfortune"],"picked":"UltimateOffering","floor":2},{"not_picked":["FitfulNightmare","VampireSweep"],"picked":"Stigmanizer","floor":6},{"not_picked":["ScarletDevil","MillenniumVampire"],"picked":"HeartBreak","floor":8},{"not_picked":["MastersStateliness","Stigmanizer"],"picked":"NightDance","floor":11},{"not_picked":["CharismaGuard","FavorOfDestiny"],"picked":"BlasphemousPunishment","floor":12},{"not_picked":["ScarletDevil","BlasphemousPunishment"],"picked":"ScarletDream","floor":12},{"not_picked":["ScarletDream","BlasphemousPunishment"],"picked":"ScarletCoffin","floor":14}],"player_experience":1014115,"relics_obtained":[{"floor":6,"key":"Lantern"},{"floor":8,"key":"MawBank"},{"floor":9,"key":"hubris:OldNail"},{"floor":12,"key":"Kunai"}],"event_choices":[{"damage_healed":0,"gold_gain":0,"player_choice":"Got Potions","damage_taken":0,"max_hp_gain":0,"max_hp_loss":0,"event_name":"Lab","floor":7,"gold_loss":0}],"is_beta":false,"boss_relics":[],"items_purged_floors":[],"is_endless":false,"potions_floor_spawned":[2,8,14],"killed_by":"The Guardian","ascension_level":1}}