{"host":"6a9c3xws62y7efyw","time":1613788417,"event":{"mods":["BaseMod","Colored Map","Minty Spire (QoL Compilation)","Relic Stats","StSLib"],"gold_per_floor":[17,28,78,89,108,108,145,145,145,171,199,199,225,225,225,311,311,330,356,75,75,101,101,135,135,161,204,32,67,67,90,90,173,173,188,1205,1225,1225,647,647,664,664,664,509,509,542,562,588,588,588,588,588,588,48,90,90],"floor_reached":57,"language":"ENG","playtime":3787,"items_purged":["Strike_G","Normality","Normality"],"score":2715,"play_id":"2c7b236c-6ab1-40d4-9c65-3916b6e7c29c","local_time":"20210219183337","is_ascension_mode":true,"campfire_choices":[{"data":"Bouncing Flask","floor":6.0,"key":"SMITH"},{"data":"Leg Sweep","floor":8.0,"key":"SMITH"},{"floor":15.0,"key":"REST"},{"floor":23.0,"key":"REST"},{"data":"A Thousand Cuts","floor":25.0,"key":"SMITH"},{"floor":32.0,"key":"REST"},{"data":"Wraith Form v2","floor":40.0,"key":"SMITH"},{"data":"Footwork","floor":45.0,"key":"SMITH"},{"floor":49.0,"key":"RECALL"},{"data":"Leg Sweep","floor":53.0,"key":"SMITH"}],"circlet_count":0,"master_deck":["AscendersBane","Strike_G","Strike_G","Defend_G","Defend_G","Defend_G","Defend_G","Survivor","Neutralize","Leg Sweep+1","Blade Dance","Eviscerate+1","Bouncing Flask+1","Backstab","Outmaneuver","Unload","Flying Knee","Adrenaline","PiercingWail+1","Footwork+1","Eviscerate","Dash","Night Terror","Backflip","A Thousand Cuts+1","Leg Sweep+1","Blur","Wraith Form v2+1","Night Terror","Backflip","Noxious Fumes","Reflex+1","Outmaneuver+1"],"relics":["Ring of the Snake","CeramicFish","Sundial","Snecko Eye","Orrery","StoneCalendar","Nunchaku","Bronze Scales","Sling","StrikeDummy","MutagenicStrength","Busted Crown","ClockworkSouvenir","Eternal Feather","Bottled Lightning","Thread and Needle","Pocketwatch","Bag of Preparation"],"acts_visited":["Exordium","TheCity","TheBeyond","TheEnding"],"potions_floor_usage":[56,56],"damage_taken":[{"damage":0.0,"enemies":"2 Louse","floor":1.0,"turns":4.0},{"damage":7.0,"enemies":"Cultist","floor":2.0,"turns":5.0},{"damage":0.0,"enemies":"Small Slimes","floor":4.0,"turns":3.0},{"damage":1.0,"enemies":"2 Fungi Beasts","floor":5.0,"turns":4.0},{"damage":26.0,"enemies":"Gremlin Nob","floor":7.0,"turns":4.0},{"damage":1.0,"enemies":"Looter","floor":10.0,"turns":3.0},{"damage":4.0,"enemies":"Red Slaver","floor":11.0,"turns":3.0},{"damage":12.0,"enemies":"Exordium Thugs","floor":13.0,"turns":3.0},{"damage":15.0,"enemies":"The Guardian","floor":16.0,"turns":10.0},{"damage":10.0,"enemies":"Spheric Guardian","floor":18.0,"turns":4.0},{"damage":6.0,"enemies":"Shell Parasite","floor":19.0,"turns":4.0},{"damage":1.0,"enemies":"Sentry and Sphere","floor":22.0,"turns":4.0},{"damage":14.0,"enemies":"Slavers","floor":24.0,"turns":5.0},{"damage":11.0,"enemies":"Book of Stabbing","floor":27.0,"turns":5.0},{"damage":0.0,"enemies":"Gremlin Leader","floor":29.0,"turns":6.0},{"damage":1.0,"enemies":"Chosen and Byrds","floor":31.0,"turns":5.0},{"damage":26.0,"enemies":"Automaton","floor":33.0,"turns":12.0},{"damage":0.0,"enemies":"Orb Walker","floor":35.0,"turns":1.0},{"damage":8.0,"enemies":"3 Darklings","floor":37.0,"turns":5.0},{"damage":1.0,"enemies":"4 Shapes","floor":41.0,"turns":5.0},{"damage":25.0,"enemies":"Nemesis","floor":46.0,"turns":7.0},{"damage":1.0,"enemies":"Transient","floor":47.0,"turns":6.0},{"damage":1.0,"enemies":"Giant Head","floor":48.0,"turns":6.0},{"damage":6.0,"enemies":"Time Eater","floor":50.0,"turns":11.0},{"damage":22.0,"enemies":"Donu and Deca","floor":51.0,"turns":10.0},{"damage":12,"enemies":"Shield and Spear","floor":55,"turns":8},{"damage":15,"enemies":"The Heart","floor":56,"turns":9}],"seed_played":"-4054840910620939424","potions_obtained":[{"floor":1.0,"key":"PowerPotion"},{"floor":5.0,"key":"GamblersBrew"},{"floor":10.0,"key":"AttackPotion"},{"floor":13.0,"key":"BlessingOfTheForge"},{"floor":16.0,"key":"EssenceOfSteel"},{"floor":19.0,"key":"SkillPotion"},{"floor":27.0,"key":"Block Potion"},{"floor":35.0,"key":"Regen Potion"},{"floor":37.0,"key":"Poison Potion"},{"floor":41.0,"key":"Fruit Juice"},{"floor":46.0,"key":"ColorlessPotion"}],"is_trial":false,"path_per_floor":["M","M","?","M","M","R","E","R","T","M","M","?","M","?","R","B",null,"M","M","$","?","M","R","E","R","T","E","$","E","?","M","R","B",null,"M","?","M","?","$","R","M","?","T","$","R","E","M","E","R","B","B",null,"R","$","E","B",null],"character_chosen":"THE_SILENT","items_purchased":["Eviscerate","Orrery","Sling","ClockworkSouvenir","Eternal Feather","Backflip","Noxious Fumes","Pocketwatch","Bag of Preparation","SkillPotion"],"campfire_rested":3,"item_purchase_floors":[20,20,28,39,39,39,44,54,54,54],"current_hp_per_floor":[59,52,52,52,51,51,25,25,25,24,20,20,8,1,20,5,51,41,35,35,29,28,47,33,33,33,22,22,22,22,21,40,14,53,53,53,45,45,45,63,62,62,62,62,63,43,42,41,59,53,31,59,68,68,56,41],"gold":90,"neow_bonus":"REMOVE_TWO","is_daily":false,"chose_seed":false,"campfire_upgraded":6,"win_rate":0.0,"timestamp":1613788417,"path_taken":["M","M","?","M","?","R","E","R","T","M","M","?","?","?","R","BOSS","M","M","$","?","?","R","E","R","T","E","$","E","?","M","R","BOSS","M","?","M","?","$","R","?","?","T","$","R","E","M","E","R","BOSS","BOSS","R","$","E","BOSS"],"items_purchased_type":["Card","Relic","Relic","Relic","Relic","Card","Card","Relic","Relic","Potion"],"build_version":"2020-12-22","purchased_purges":3,"victory":true,"max_hp_per_floor":[66,66,66,66,66,66,66,66,66,66,66,66,66,66,66,66,66,66,66,66,66,66,66,66,66,66,66,66,66,66,66,66,66,66,66,66,66,66,66,66,66,63,63,63,63,68,68,68,68,68,68,68,68,68,68,68],"relic_stats":{"counters":[27,152],"CeramicFish":207,"StoneCalendar":[226],"Eternal Feather":46,"Bag of Preparation":[2],"Nunchaku":[16],"Busted Crown":14,"Sundial":[18],"Bronze Scales":[344],"Snecko Eye":[206,234,198,198],"obtain_stats":[{"CeramicFish":7,"StoneCalendar":24,"Eternal Feather":39,"Thread and Needle":48,"Bag of Preparation":54,"Sling":28,"ClockworkSouvenir":39,"Nunchaku":26,"Busted Crown":34,"Sundial":9,"Bronze Scales":27,"MutagenicStrength":30,"Snecko Eye":17,"Orrery":20,"Bottled Lightning":46,"StrikeDummy":29,"Ring of the Snake":0,"Pocketwatch":54},{"CeramicFish":5,"StoneCalendar":13,"Eternal Feather":19,"Thread and Needle":23,"Bag of Preparation":25,"Sling":14,"ClockworkSouvenir":19,"Nunchaku":13,"Busted Crown":17,"Sundial":5,"Bronze Scales":14,"MutagenicStrength":15,"Snecko Eye":9,"Orrery":11,"Bottled Lightning":21,"StrikeDummy":15,"Ring of the Snake":0,"Pocketwatch":25},{"CeramicFish":20,"StoneCalendar":56,"Eternal Feather":90,"Thread and Needle":114,"Bag of Preparation":135,"Sling":61,"ClockworkSouvenir":90,"Nunchaku":56,"Busted Crown":84,"Sundial":20,"Bronze Scales":61,"MutagenicStrength":67,"Snecko Eye":39,"Orrery":47,"Bottled Lightning":102,"StrikeDummy":67,"Ring of the Snake":0,"Pocketwatch":135}],"Ring of the Snake":[54],"Pocketwatch":[3]},"card_choices":[{"not_picked":["Deflect","Outmaneuver"],"picked":"Leg Sweep","floor":1.0},{"not_picked":["Backflip","Calculated Gamble"],"picked":"Blade Dance","floor":2.0},{"not_picked":["Acrobatics","Deflect"],"picked":"Eviscerate","floor":4.0},{"not_picked":["Underhanded Strike","Infinite Blades"],"picked":"Bouncing Flask","floor":5.0},{"not_picked":["Escape Plan","Prepared"],"picked":"Backstab","floor":7.0},{"not_picked":["Choke","Reflex"],"picked":"Outmaneuver","floor":10.0},{"not_picked":["Prepared","Cloak And Dagger"],"picked":"Unload","floor":11.0},{"not_picked":["Blur","Sucker Punch"],"picked":"Flying Knee","floor":13.0},{"not_picked":["After Image","Malaise"],"picked":"Adrenaline","floor":16.0},{"not_picked":["Poisoned Stab","Flying Knee"],"picked":"PiercingWail+1","floor":18.0},{"not_picked":["Acrobatics","Slice+1"],"picked":"Footwork","floor":19.0},{"not_picked":["Acrobatics+1","Terror"],"picked":"Dash","floor":20.0},{"not_picked":["Blade Dance","Terror+1"],"picked":"Night Terror","floor":20.0},{"not_picked":["Riddle With Holes","Flying Knee"],"picked":"Backflip","floor":20.0},{"not_picked":["Deadly Poison","Underhanded Strike"],"picked":"A Thousand Cuts","floor":20.0},{"not_picked":["Setup+1","Cloak And Dagger"],"picked":"Leg Sweep","floor":22.0},{"not_picked":["Calculated Gamble","Dagger Throw"],"picked":"Blur","floor":24.0},{"not_picked":["Endless Agony","Escape Plan+1"],"picked":"Wraith Form v2","floor":27.0},{"not_picked":["Heel Hook","Setup","Sucker Punch"],"picked":"SKIP","floor":29.0},{"not_picked":["Bane","Blur"],"picked":"Blade Dance","floor":31.0},{"not_picked":["Malaise","Tools of the Trade"],"picked":"Night Terror","floor":33.0},{"not_picked":["Caltrops"],"picked":"SKIP","floor":35.0},{"not_picked":["Accuracy"],"picked":"SKIP","floor":37.0},{"not_picked":["Bane+1"],"picked":"SKIP","floor":41.0},{"not_picked":["Deflect"],"picked":"SKIP","floor":46.0},{"not_picked":[],"picked":"Reflex+1","floor":47.0},{"not_picked":["Dagger Spray+1"],"picked":"SKIP","floor":48.0},{"not_picked":[],"picked":"Outmaneuver+1","floor":55}],"player_experience":1556793,"relics_obtained":[{"floor":7.0,"key":"CeramicFish"},{"floor":9.0,"key":"Sundial"},{"floor":24.0,"key":"StoneCalendar"},{"floor":26.0,"key":"Nunchaku"},{"floor":27.0,"key":"Bronze Scales"},{"floor":29.0,"key":"StrikeDummy"},{"floor":46.0,"key":"Bottled Lightning"},{"floor":48.0,"key":"Thread and Needle"}],"event_choices":[{"damage_healed":0.0,"max_hp_gain":0.0,"max_hp_loss":0.0,"gold_gain":50.0,"event_name":"Golden Shrine","player_choice":"Pray","floor":3.0,"gold_loss":0.0,"damage_taken":0.0},{"damage_healed":0.0,"max_hp_gain":0.0,"max_hp_loss":0.0,"gold_gain":0.0,"event_name":"Upgrade Shrine","player_choice":"Upgraded","floor":12.0,"gold_loss":0.0,"damage_taken":0.0,"cards_upgraded":["Eviscerate"]},{"cards_removed":["Strike_G"],"damage_healed":0.0,"max_hp_gain":0.0,"max_hp_loss":0.0,"gold_gain":0.0,"event_name":"Golden Wing","player_choice":"Card Removal","floor":14.0,"gold_loss":0.0,"damage_taken":7.0},{"damage_healed":0.0,"max_hp_gain":0.0,"max_hp_loss":0.0,"gold_gain":0.0,"event_name":"Knowing Skull","player_choice":"","floor":21.0,"potions_obtained":[],"gold_loss":0.0,"damage_taken":6.0,"cards_obtained":[]},{"damage_healed":0.0,"max_hp_gain":0.0,"max_hp_loss":0.0,"gold_gain":0.0,"event_name":"Drug Dealer","player_choice":"Inject Mutagens","floor":30.0,"gold_loss":0.0,"damage_taken":0.0,"relics_obtained":["MutagenicStrength"]},{"damage_healed":0.0,"max_hp_gain":0.0,"max_hp_loss":0.0,"gold_gain":999.0,"event_name":"MindBloom","player_choice":"Gold","floor":36.0,"gold_loss":0.0,"damage_taken":0.0,"cards_obtained":["Normality","Normality"]},{"cards_removed":["Blade Dance"],"damage_healed":0.0,"max_hp_gain":0.0,"max_hp_loss":0.0,"gold_gain":0.0,"event_name":"Falling","player_choice":"Removed Skill","floor":38.0,"gold_loss":0.0,"damage_taken":0.0},{"damage_healed":0.0,"max_hp_gain":0.0,"max_hp_loss":3.0,"gold_gain":0.0,"event_name":"Winding Halls","player_choice":"Max HP","floor":42.0,"gold_loss":0.0,"damage_taken":0.0}],"is_beta":false,"boss_relics":[{"not_picked":["Runic Dome","Runic Pyramid"],"picked":"Snecko Eye"},{"not_picked":["SacredBark","Pandora\u0027s Box"],"picked":"Busted Crown"}],"items_purged_floors":[20,39,44],"is_endless":false,"potions_floor_spawned":[1,5,10,11,13,16,18,19,27,35,37,41,46,55],"ascension_level":20}}