{"host":"ypphcgdomtfqpc2w","time":1613826527,"event":{"mods":["BaseMod","DeckTracker","MarisaÅiñ∂âJÅ@ñÇóùçπÅj","Minty Spire (QoL Compilation)","Relic Stats","StSLib"],"gold_per_floor":[20,20,20,34,46,46,80,80,107,132,212,228,239,272,272,347,347,366,366,281,311,311,311,361,392,471,66,93,139,139,168,168,256,256,290,324,56,87,87,127,152,152,177,234,134,253,253,327,327,355,419,419,419,100,142,142,142],"floor_reached":56,"language":"ENG","playtime":8326,"items_purged":["Strike_MRS","ManaRampage+1"],"score":2290,"play_id":"6d37790d-2463-4b31-8923-e6c7e1467455","local_time":"20210220220847","is_ascension_mode":true,"campfire_choices":[{"data":"StarBarrage","floor":6.0,"key":"SMITH"},{"floor":8.0,"key":"REST"},{"floor":15.0,"key":"REST"},{"data":"OneTimeOff","floor":23.0,"key":"SMITH"},{"data":"BinaryStars","floor":32.0,"key":"SMITH"},{"data":"EscapeVelocity","floor":42.0,"key":"SMITH"},{"floor":49.0,"key":"RECALL"},{"data":"OrrerysSun","floor":53.0,"key":"SMITH"}],"circlet_count":0,"master_deck":["AscendersBane","Defend_MRS","Defend_MRS","Defend_MRS","UpSweep+1","PropBag","6A+1","StarBarrage+1","OrrerysSun+1","OneTimeOff+1","DeepEcoloBomb+1","AsteroidBelt","ShootingEcho+1","BlazingStar+1","BinaryStars+1","WitchOfGreed","OortCloud","NonDirectionalLaser+1","EscapeVelocity+1","Occultation+1","GrandCross+1","MeteoricShower+1","6A+1","OneTimeOff+1","Robbery+1","Parasite","Parasite","GravityBeat+1"],"relics":["MiniHakkero","Oddly Smooth Stone","Molten Egg 2","Nunchaku","Anchor","Boot","Bag of Marbles","SproutingBranch","Velvet Choker","Pen Nib","PreservedInsect","Sundial","BreadOfAWashokuLover","Lantern","Strawberry","TungstenRod","Astrolabe","Shuriken","Du-Vu Doll","MealTicket","ShroomBag","Bottled Lightning","Letter Opener","HornCleat","StrikeDummy","Mercury Hourglass"],"acts_visited":["Exordium","TheCity","TheBeyond","TheEnding"],"potions_floor_usage":[56,56],"damage_taken":[{"damage":4.0,"enemies":"Small Slimes","floor":1.0,"turns":3.0},{"damage":0.0,"enemies":"2 Louse","floor":4.0,"turns":2.0},{"damage":0.0,"enemies":"Cultist","floor":5.0,"turns":2.0},{"damage":23.0,"enemies":"3 Sentries","floor":7.0,"turns":7.0},{"damage":13.0,"enemies":"Gremlin Nob","floor":10.0,"turns":4.0},{"damage":8.0,"enemies":"Large Slime","floor":12.0,"turns":5.0},{"damage":0.0,"enemies":"3 Louse","floor":13.0,"turns":4.0},{"damage":7.0,"enemies":"Lagavulin","floor":14.0,"turns":6.0},{"damage":24.0,"enemies":"Slime Boss","floor":16.0,"turns":11.0},{"damage":4.0,"enemies":"Spheric Guardian","floor":18.0,"turns":3.0},{"damage":5.0,"enemies":"Chosen","floor":21.0,"turns":3.0},{"damage":5.0,"enemies":"Book of Stabbing","floor":24.0,"turns":5.0},{"damage":0.0,"enemies":"3 Cultists","floor":25.0,"turns":5.0},{"damage":0.0,"enemies":"Shelled Parasite and Fungi","floor":28.0,"turns":2.0},{"damage":3.0,"enemies":"Gremlin Leader","floor":29.0,"turns":5.0},{"damage":0.0,"enemies":"Snake Plant","floor":31.0,"turns":2.0},{"damage":7.0,"enemies":"Collector","floor":33.0,"turns":8.0},{"damage":12.0,"enemies":"3 Shapes","floor":35.0,"turns":7.0},{"damage":4.0,"enemies":"3 Darklings","floor":36.0,"turns":5.0},{"damage":2.0,"enemies":"4 Shapes","floor":38.0,"turns":7.0},{"damage":0.0,"enemies":"Giant Head","floor":40.0,"turns":5.0},{"damage":13.0,"enemies":"Transient","floor":41.0,"turns":6.0},{"damage":0.0,"enemies":"Nemesis","floor":44.0,"turns":7.0},{"damage":0.0,"enemies":"Giant Head","floor":46.0,"turns":4.0},{"damage":1.0,"enemies":"Sphere and 2 Shapes","floor":48.0,"turns":6.0},{"damage":35.0,"enemies":"Time Eater","floor":50.0,"turns":8.0},{"damage":76.0,"enemies":"Awakened One","floor":51.0,"turns":11.0},{"damage":0.0,"enemies":"Shield and Spear","floor":55.0,"turns":7.0},{"damage":125,"enemies":"The Heart","floor":56,"turns":8}],"seed_played":"1670847721477395869","potions_obtained":[{"floor":3.0,"key":"SneckoOil"},{"floor":3.0,"key":"SteroidPotion"},{"floor":4.0,"key":"ColorlessPotion"},{"floor":5.0,"key":"Strength Potion"},{"floor":7.0,"key":"DuplicationPotion"},{"floor":21.0,"key":"Swift Potion"},{"floor":21.0,"key":"AttackPotion"},{"floor":24.0,"key":"Regen Potion"},{"floor":24.0,"key":"DistilledChaos"},{"floor":25.0,"key":"PowerPotion"},{"floor":25.0,"key":"SpeedPotion"},{"floor":28.0,"key":"BottledSpark"},{"floor":29.0,"key":"Fruit Juice"},{"floor":29.0,"key":"EssenceOfSteel"},{"floor":33.0,"key":"SpeedPotion"},{"floor":35.0,"key":"Dexterity Potion"},{"floor":36.0,"key":"Explosive Potion"},{"floor":38.0,"key":"ShroomBrew"},{"floor":40.0,"key":"LiquidBronze"},{"floor":41.0,"key":"Swift Potion"},{"floor":41.0,"key":"SkillPotion"},{"floor":44.0,"key":"BottledSpark"},{"floor":48.0,"key":"Swift Potion"},{"floor":55.0,"key":"BlessingOfTheForge"},{"floor":55.0,"key":"SpeedPotion"}],"is_trial":false,"path_per_floor":["M","?","?","M","M","R","E","R","T","E","?","M","M","E","R","B",null,"M","?","?","M","?","R","E","M","T","$","M","E","?","M","R","B",null,"M","M","$","M","?","E","M","R","T","E","$","E","?","M","R","B","B",null,"R","$","E","B"],"character_chosen":"MARISA","items_purchased":["Lantern","Strawberry","Shuriken","HornCleat","Swift Potion"],"campfire_rested":2,"item_purchase_floors":[27,27,37,54,54],"current_hp_per_floor":[59,38,38,38,38,38,15,36,36,23,23,15,15,8,29,5,54,59,59,59,63,63,63,70,70,70,77,77,81,81,82,82,82,82,77,82,82,82,78,78,78,78,78,91,91,91,91,91,91,64,7,70,70,85,91,0,0],"gold":142,"neow_bonus":"TRANSFORM_TWO_CARDS","is_daily":false,"chose_seed":false,"campfire_upgraded":5,"win_rate":0.0,"timestamp":1613826527,"path_taken":["M","?","?","?","M","R","E","R","T","E","?","M","M","E","R","BOSS","M","?","?","M","?","R","E","M","T","$","?","E","?","M","R","BOSS","M","M","$","?","?","E","M","R","T","E","$","E","?","?","R","BOSS","BOSS","R","$","E","BOSS"],"items_purchased_type":["Relic","Relic","Relic","Relic","Potion"],"build_version":"2020-12-22","purchased_purges":2,"victory":false,"max_hp_per_floor":[70,70,70,70,70,70,70,70,70,70,70,70,70,70,70,70,70,70,70,70,70,70,70,70,70,70,77,77,82,82,82,82,82,82,82,82,82,82,78,78,91,91,91,91,91,91,91,91,91,91,91,91,91,91,91,91,91],"relic_stats":{"counters":[29,158],"Astrolabe":["Occultation","GrandCross","ManaRampage"],"Pen Nib":[22],"PreservedInsect":433,"Letter Opener":[40],"Boot":[52],"Mercury Hourglass":[45],"Nunchaku":[26],"Sundial":[16],"Shuriken":[26],"MealTicket":15,"obtain_stats":[{"AmplifyWand":40,"Lantern":27,"Gremlin Horn":25,"SproutingBranch":16,"Boot":14,"Nunchaku":10,"HornCleat":54,"Mummified Hand":1,"Sundial":4,"Strawberry":27,"MealTicket":43,"Kunai":7,"Astrolabe":34,"Blue Candle":38,"Oddly Smooth Stone":7,"Velvet Choker":17,"BreadOfAWashokuLover":26,"Pen Nib":20,"PreservedInsect":24,"Letter Opener":47,"Mercury Hourglass":12,"Du-Vu Doll":40,"ShroomBag":44,"Anchor":10,"Shuriken":5,"Ornamental Fan":51,"Molten Egg 2":7,"Bag of Marbles":14,"MiniHakkero":0,"Bottled Lightning":46,"StrikeDummy":55,"TungstenRod":29,"Meat on the Bone":29},{"AmplifyWand":21,"Lantern":13,"Gremlin Horn":13,"SproutingBranch":9,"Boot":8,"Nunchaku":5,"HornCleat":27,"Mummified Hand":1,"Sundial":2,"Strawberry":13,"MealTicket":22,"Kunai":4,"Astrolabe":17,"Blue Candle":20,"Oddly Smooth Stone":4,"Velvet Choker":9,"BreadOfAWashokuLover":13,"Pen Nib":10,"PreservedInsect":12,"Letter Opener":24,"Mercury Hourglass":6,"Du-Vu Doll":21,"ShroomBag":23,"Anchor":5,"Shuriken":3,"Ornamental Fan":27,"Molten Egg 2":4,"Bag of Marbles":8,"MiniHakkero":0,"Bottled Lightning":24,"StrikeDummy":28,"TungstenRod":15,"Meat on the Bone":15},{"AmplifyWand":99,"Lantern":60,"Gremlin Horn":57,"SproutingBranch":44,"Boot":33,"Nunchaku":18,"HornCleat":143,"Mummified Hand":1,"Sundial":4,"Strawberry":60,"MealTicket":107,"Kunai":10,"Astrolabe":77,"Blue Candle":93,"Oddly Smooth Stone":14,"Velvet Choker":44,"BreadOfAWashokuLover":60,"Pen Nib":47,"PreservedInsect":55,"Letter Opener":118,"Mercury Hourglass":20,"Du-Vu Doll":101,"ShroomBag":114,"Anchor":18,"Shuriken":6,"Ornamental Fan":133,"Molten Egg 2":14,"Bag of Marbles":33,"MiniHakkero":0,"Bottled Lightning":118,"StrikeDummy":150,"TungstenRod":67,"Meat on the Bone":63}],"TungstenRod":37},"card_choices":[{"not_picked":["AsteroidBelt","MilkyWay"],"picked":"6A","floor":1.0},{"not_picked":["DeepEcoloBomb","DragonMeteor"],"picked":"StarBarrage","floor":4.0},{"not_picked":["OneTimeOff","DarkSpark"],"picked":"OrrerysSun","floor":5.0},{"not_picked":["SprinkleStarSeal","Acceleration"],"picked":"OneTimeOff","floor":7.0},{"not_picked":["RefractionSpark+1","MysteriousBeam+1"],"picked":"DeepEcoloBomb+1","floor":10.0},{"not_picked":["WitchOfGreed","BlazeAway"],"picked":"AsteroidBelt","floor":12.0},{"not_picked":["GalacticHalo","GravityBeat+1"],"picked":"ShootingEcho+1","floor":13.0},{"not_picked":["UnstableBomb+1","IllusionStar"],"picked":"BlazingStar+1","floor":14.0},{"not_picked":["CollectingQuirk+1","StarDustReverie"],"picked":"BinaryStars","floor":16.0},{"not_picked":["LuminesStrike+1","GalacticHalo"],"picked":"WitchOfGreed","floor":18.0},{"not_picked":["WitchLeyline+1","UnstableBomb+1","WitchOfGreed"],"picked":"SKIP","floor":21.0},{"not_picked":["AsteroidBelt","PowerUp"],"picked":"OortCloud","floor":24.0},{"not_picked":["WitchOfGreed+1","ChargingUp","ManaRampage"],"picked":"SKIP","floor":25.0},{"not_picked":["MysteriousBeam+1","WitchOfGreed+1"],"picked":"NonDirectionalLaser+1","floor":28.0},{"not_picked":["ShootingEcho+1","DoubleSpark+1","ManaConvection"],"picked":"SKIP","floor":29.0},{"not_picked":["MysteriousBeam+1","OpenUniverse+1","DragonMeteor+1"],"picked":"SKIP","floor":31.0},{"not_picked":["AbsoluteMagnitude+1","TreasureHunter+1"],"picked":"EscapeVelocity","floor":33.0},{"not_picked":["SporeBomb","LuminesStrike+1"],"picked":"MeteoricShower+1","floor":35.0},{"not_picked":["UnstableBomb+1","WitchLeyline+1"],"picked":"6A+1","floor":36.0},{"not_picked":["6A+1","EnergyRecoil"],"picked":"OneTimeOff+1","floor":38.0},{"not_picked":["ManaConvection","LuminesStrike+1"],"picked":"Robbery+1","floor":40.0},{"not_picked":["WitchLeyline+1","SuperPerseids+1","DragonMeteor+1"],"picked":"SKIP","floor":41.0},{"not_picked":["GrandCross+1","6A+1","ShootingEcho+1"],"picked":"SKIP","floor":44.0},{"not_picked":["ChargingUp+1","PropBag","MysteriousBeam+1"],"picked":"SKIP","floor":46.0},{"not_picked":["ShootTheMoon+1","MysteriousBeam+1"],"picked":"GravityBeat+1","floor":48.0},{"not_picked":["PropBag","ManaConvection","StarDustReverie"],"picked":"SKIP","floor":55.0}],"player_experience":3348893,"relics_obtained":[{"floor":7.0,"key":"Oddly Smooth Stone"},{"floor":7.0,"key":"Molten Egg 2"},{"floor":10.0,"key":"Nunchaku"},{"floor":10.0,"key":"Anchor"},{"floor":14.0,"key":"Boot"},{"floor":14.0,"key":"Bag of Marbles"},{"floor":16.0,"key":"SproutingBranch"},{"floor":24.0,"key":"PreservedInsect"},{"floor":24.0,"key":"Sundial"},{"floor":26.0,"key":"BreadOfAWashokuLover"},{"floor":29.0,"key":"TungstenRod"},{"floor":40.0,"key":"Du-Vu Doll"},{"floor":43.0,"key":"MealTicket"},{"floor":44.0,"key":"ShroomBag"},{"floor":46.0,"key":"Bottled Lightning"},{"floor":55.0,"key":"StrikeDummy"}],"event_choices":[{"damage_healed":0.0,"max_hp_gain":0.0,"max_hp_loss":0.0,"gold_gain":0.0,"event_name":"Shining Light","player_choice":"Entered Light","floor":2.0,"gold_loss":0.0,"damage_taken":21.0,"cards_upgraded":["UpSweep","6A"]},{"damage_healed":0.0,"max_hp_gain":0.0,"max_hp_loss":0.0,"gold_gain":0.0,"event_name":"Lab","player_choice":"Got Potions","floor":3.0,"gold_loss":0.0,"damage_taken":0.0},{"damage_healed":0.0,"max_hp_gain":0.0,"max_hp_loss":0.0,"gold_gain":80.0,"event_name":"Golden Wing","player_choice":"Gained Gold","floor":11.0,"gold_loss":0.0,"damage_taken":0.0},{"damage_healed":0.0,"max_hp_gain":0.0,"max_hp_loss":0.0,"gold_gain":0.0,"event_name":"Ghosts","player_choice":"Ignored","floor":19.0,"gold_loss":0.0,"damage_taken":0.0},{"damage_healed":0.0,"max_hp_gain":0.0,"max_hp_loss":0.0,"gold_gain":0.0,"event_name":"Addict","player_choice":"Obtained Relic","floor":20.0,"gold_loss":85.0,"damage_taken":0.0,"relics_obtained":["Pen Nib"]},{"damage_healed":0.0,"max_hp_gain":0.0,"max_hp_loss":0.0,"gold_gain":0.0,"event_name":"The Mausoleum","player_choice":"Ignored","floor":22.0,"gold_loss":0.0,"damage_taken":0.0},{"cards_removed":["Strike_MRS"],"damage_healed":0.0,"max_hp_gain":0.0,"max_hp_loss":0.0,"gold_gain":0.0,"event_name":"Bonfire Elementals","player_choice":"Offered Basic","floor":30.0,"gold_loss":0.0,"damage_taken":0.0},{"damage_healed":0.0,"max_hp_gain":0.0,"max_hp_loss":4.0,"gold_gain":0.0,"event_name":"Winding Halls","player_choice":"Max HP","floor":39.0,"gold_loss":0.0,"damage_taken":0.0},{"damage_healed":0.0,"max_hp_gain":0.0,"max_hp_loss":0.0,"gold_gain":0.0,"event_name":"WeMeetAgain","player_choice":"Gave Potion","floor":47.0,"gold_loss":0.0,"damage_taken":0.0,"relics_obtained":["Letter Opener"]}],"is_beta":false,"boss_relics":[{"not_picked":["Snecko Eye","Pandora\u0027s Box"],"picked":"Velvet Choker"},{"not_picked":["Black Star","Runic Dome"],"picked":"Astrolabe"}],"items_purged_floors":[27,45],"is_endless":false,"potions_floor_spawned":[4,5,7,10,21,24,25,29,33,35,38,41,46,55],"killed_by":"The Heart","ascension_level":20}}