{"host":"99rrj5sgxw8sjly8","time":1613841629,"event":{"mods":["AchievementEnabler","BaseMod","Minty Spire (QoL Compilation)","Relic Stats"],"gold_per_floor":[111,186,486,499,510,510,537,548,548,566,566,37,95,125,125,199,199,218,232,13,13,30,30,30,30,30],"floor_reached":25,"language":"ENG","playtime":915,"items_purged":["Strike_B"],"score":380,"play_id":"602e10b7-8ba4-4aa8-80b4-0870157877b3","local_time":"20210220172029","is_ascension_mode":true,"campfire_choices":[{"data":"Panache","floor":6,"key":"SMITH"},{"data":"Go for the Eyes","floor":11,"key":"SMITH"},{"floor":15,"key":"REST"},{"floor":23,"key":"REST"}],"circlet_count":0,"master_deck":["AscendersBane","Strike_B","Strike_B","Strike_B","Defend_B","Defend_B","Defend_B","Defend_B","Dualcast","Panache+1","Hello World","Gash","Gash","Cold Snap","Go for the Eyes+1","Steam","Apotheosis","Scrape","Reprogram","Coolheaded","Echo Form","Reinforced Body","Reinforced Body+1","Turbo","Genetic Algorithm"],"relics":["Cracked Core","Old Coin","Torii","Dead Branch","Vajra","Happy Flower","Bottled Lightning","Black Star","Chemical X"],"acts_visited":["Exordium","TheCity"],"potions_floor_usage":[7,10,13,14,22,25],"damage_taken":[{"damage":4,"enemies":"Jaw Worm","floor":1,"turns":3},{"damage":2,"enemies":"2 Louse","floor":4,"turns":2},{"damage":7,"enemies":"Small Slimes","floor":5,"turns":3},{"damage":8,"enemies":"Lagavulin","floor":7,"turns":6},{"damage":0,"enemies":"Blue Slaver","floor":8,"turns":2},{"damage":8,"enemies":"Large Slime","floor":10,"turns":4},{"damage":8,"enemies":"3 Sentries","floor":13,"turns":4},{"damage":7,"enemies":"Gremlin Nob","floor":14,"turns":4},{"damage":8,"enemies":"Slime Boss","floor":16,"turns":5},{"damage":30,"enemies":"3 Byrds","floor":18,"turns":6},{"damage":12,"enemies":"Spheric Guardian","floor":19,"turns":4},{"damage":8,"enemies":"Shelled Parasite and Fungi","floor":22,"turns":6},{"damage":28,"enemies":"Slavers","floor":25,"turns":1}],"seed_played":"-4413068745959322457","potions_obtained":[{"floor":4,"key":"Strength Potion"},{"floor":7,"key":"Fire Potion"},{"floor":8,"key":"DuplicationPotion"},{"floor":10,"key":"Block Potion"},{"floor":14,"key":"SkillPotion"},{"floor":19,"key":"CultistPotion"}],"is_trial":false,"path_per_floor":["M","?","?","M","M","R","E","M","T","M","R","$","?","E","R","B",null,"M","M","$","?","M","R","?","E"],"character_chosen":"DEFECT","items_purchased":["Apotheosis","Vajra","Scrape","Chemical X","Turbo"],"campfire_rested":2,"item_purchase_floors":[12,12,12,20,20],"current_hp_per_floor":[60,49,44,42,35,35,27,27,27,19,19,19,11,4,23,15,52,22,10,10,10,2,21,21,0,0],"gold":30,"neow_bonus":"RANDOM_COLORLESS_2","is_daily":false,"chose_seed":false,"campfire_upgraded":2,"win_rate":0.0,"timestamp":1613841629,"path_taken":["M","?","?","M","M","R","E","M","T","M","R","$","?","E","R","BOSS","M","M","$","?","M","R","?","E"],"items_purchased_type":["Card","Relic","Card","Relic","Card"],"build_version":"2020-12-22","purchased_purges":1,"victory":false,"max_hp_per_floor":[64,64,64,64,64,64,64,64,64,64,64,64,64,64,64,64,64,64,64,64,64,64,64,64,64,64],"relic_stats":{"Torii":26,"Happy Flower":[8],"counters":[13,50],"Dead Branch":[10],"Black Star":0,"Chemical X":[3],"obtain_stats":[{"Torii":7,"Happy Flower":13,"Dead Branch":9,"Vajra":12,"Black Star":17,"Bottled Lightning":14,"Chemical X":20,"Cracked Core":0,"Old Coin":3},{"Torii":4,"Happy Flower":7,"Dead Branch":5,"Vajra":6,"Black Star":9,"Bottled Lightning":8,"Chemical X":11,"Cracked Core":0,"Old Coin":1},{"Torii":14,"Happy Flower":24,"Dead Branch":16,"Vajra":20,"Black Star":33,"Bottled Lightning":28,"Chemical X":43,"Cracked Core":0,"Old Coin":3}]},"card_choices":[{"not_picked":["Secret Weapon","Chrysalis"],"picked":"Panache","floor":0},{"not_picked":["Steam Power","Barrage"],"picked":"Hello World","floor":1},{"not_picked":["Heatsinks","Hologram"],"picked":"Gash","floor":4},{"not_picked":["Stack","Cold Snap"],"picked":"Gash","floor":5},{"not_picked":["Steam","Streamline"],"picked":"Cold Snap","floor":7},{"not_picked":["Chaos","Compile Driver"],"picked":"Go for the Eyes","floor":8},{"not_picked":["Barrage","Leap"],"picked":"Steam","floor":10},{"not_picked":["Creative AI","Redo"],"picked":"Reprogram","floor":13},{"not_picked":["Go for the Eyes","Streamline"],"picked":"Coolheaded","floor":14},{"not_picked":["Biased Cognition","Seek"],"picked":"Echo Form","floor":16},{"not_picked":["Leap","Self Repair"],"picked":"Reinforced Body","floor":18},{"not_picked":["Steam","Double Energy"],"picked":"Reinforced Body+1","floor":19},{"not_picked":["Redo+1","Chill"],"picked":"Genetic Algorithm","floor":22}],"player_experience":753017,"relics_obtained":[{"floor":7,"key":"Torii"},{"floor":9,"key":"Dead Branch"},{"floor":13,"key":"Happy Flower"},{"floor":14,"key":"Bottled Lightning"}],"event_choices":[{"damage_healed":0,"gold_gain":75,"player_choice":"Gather Gold","damage_taken":11,"max_hp_gain":0,"max_hp_loss":0,"event_name":"World of Goop","floor":2,"gold_loss":0},{"damage_healed":0,"gold_gain":0,"player_choice":"Success","damage_taken":5,"relics_obtained":["Old Coin"],"max_hp_gain":0,"max_hp_loss":0,"event_name":"Scrap Ooze","floor":3,"gold_loss":0},{"damage_healed":0,"gold_gain":0,"player_choice":"Searched \u00271\u0027 times","damage_taken":0,"max_hp_gain":0,"max_hp_loss":0,"event_name":"Dead Adventurer","floor":13,"gold_loss":0},{"damage_healed":0,"gold_gain":0,"player_choice":"Ignored","damage_taken":0,"max_hp_gain":0,"max_hp_loss":0,"event_name":"The Mausoleum","floor":21,"gold_loss":0},{"cards_removed":["Zap"],"damage_healed":0,"gold_gain":0,"player_choice":"Elegance","damage_taken":0,"max_hp_gain":0,"max_hp_loss":0,"event_name":"Back to Basics","floor":24,"gold_loss":0}],"is_beta":false,"boss_relics":[{"not_picked":["Inserter","Ectoplasm"],"picked":"Black Star"}],"items_purged_floors":[12],"is_endless":false,"potions_floor_spawned":[4,7,8,10,14,19],"killed_by":"Slavers","ascension_level":16}}