{"host":"7jl4uf745pjtflnx","time":1613791036,"event":{"mods":["BaseMod","BetterRewards","Hubris","Minty Spire (QoL Compilation)","Reliquary","Replay The Spire","StSLib","SuperFastMode","The Construct"],"gold_per_floor":[109,109,34,51,51,77,92,121,145,158,171,171,240,250,250,347,347,257,267,267,267],"floor_reached":20,"language":"ENG","playtime":757,"items_purged":["Strike_G"],"score":317,"play_id":"badfe853-7cca-42c6-8fcd-e9b6fee0b842","local_time":"20210219221716","is_ascension_mode":true,"campfire_choices":[{"data":"ReplayTheSpireMod:Speed Training","floor":15,"key":"SMITH"}],"circlet_count":0,"master_deck":["AscendersBane","Strike_G","Strike_G","Strike_G","Strike_G","Defend_G","Defend_G","Defend_G","Defend_G","Defend_G","Survivor","Neutralize","ReplayTheSpireMod:Speed Training+1","Dagger Spray","Sucker Punch","Dodge and Roll","Blur","Leg Sweep","Deadly Poison","ReplayTheSpireMod:From All Sides","Blur+1","Crippling Poison"],"relics":["Ring of the Snake","NeowsBlessing","hubris:SphereOfDissonance","reliquary:BallBearing","Ginger","MealTicket","SsserpentHead","Sozu"],"acts_visited":["Exordium","TheCity"],"potions_floor_usage":[13,14,14],"damage_taken":[{"damage":0,"enemies":"Cultist","floor":1,"turns":1},{"damage":0,"enemies":"Jaw Worm","floor":4,"turns":1},{"damage":0,"enemies":"Lagavulin","floor":6,"turns":1},{"damage":0,"enemies":"Small Slimes","floor":7,"turns":3},{"damage":4,"enemies":"Replay:BlueRogue","floor":8,"turns":12},{"damage":1,"enemies":"2 Fungi Beasts","floor":10,"turns":4},{"damage":2,"enemies":"Looter","floor":11,"turns":4},{"damage":2,"enemies":"Lots of Slimes","floor":13,"turns":4},{"damage":5,"enemies":"Exordium Thugs","floor":14,"turns":5},{"damage":29,"enemies":"The Guardian","floor":16,"turns":17},{"damage":23,"enemies":"2 Thieves","floor":18,"turns":5},{"damage":15,"enemies":"3 Byrds","floor":19,"turns":9},{"damage":26,"enemies":"3 Cultists","floor":20,"turns":7}],"seed_played":"-2595225025403545849","potions_obtained":[{"floor":7,"key":"DuplicationPotion"},{"floor":8,"key":"Fire Potion"},{"floor":11,"key":"BlessingOfTheForge"},{"floor":16,"key":"construct:ShiftPotion"}],"is_trial":false,"path_per_floor":["M","?","$","M","T","E","M","E","T","M","M","?","M","M","R","B",null,"M","M","M"],"character_chosen":"THE_SILENT","items_purchased":[],"campfire_rested":0,"item_purchase_floors":[],"current_hp_per_floor":[63,63,63,63,63,63,63,59,59,58,56,56,54,49,49,20,58,35,20,0,0],"gold":267,"neow_bonus":"THREE_ENEMY_KILL","is_daily":false,"chose_seed":false,"campfire_upgraded":1,"win_rate":0.0,"timestamp":1613791036,"path_taken":["M","?","$","M","?","E","M","E","T","M","M","?","?","M","R","BOSS","M","M","M"],"items_purchased_type":[],"build_version":"2020-12-22","purchased_purges":1,"victory":false,"max_hp_per_floor":[70,70,70,70,70,70,70,70,70,70,70,70,70,70,70,70,70,70,70,70,70],"card_choices":[{"not_picked":["Dodge and Roll","Finisher"],"picked":"ReplayTheSpireMod:Speed Training","floor":1},{"not_picked":["Quick Slash","Dagger Throw"],"picked":"Sucker Punch","floor":4},{"not_picked":["Dagger Spray","Reflex","Dagger Throw"],"picked":"SKIP","floor":6},{"not_picked":["Hidden Blade","Backflip"],"picked":"Dodge and Roll","floor":7},{"not_picked":["All Out Attack","Bane"],"picked":"Blur","floor":8},{"not_picked":["Sucker Punch","Bane"],"picked":"Leg Sweep","floor":10},{"not_picked":["Toxin Wave","Dagger Throw"],"picked":"Deadly Poison","floor":11},{"not_picked":["Deadly Poison","Predator","Tools of the Trade"],"picked":"SKIP","floor":13},{"not_picked":["Masterful Stab","Bane","Deadly Poison"],"picked":"SKIP","floor":14},{"not_picked":["Atom Bomb","Phantasmal Killer"],"picked":"ReplayTheSpireMod:From All Sides","floor":16},{"not_picked":["Hidden Blade","Dagger Spray"],"picked":"Blur+1","floor":18},{"not_picked":["Finisher+1","Flying Knee"],"picked":"Crippling Poison","floor":19}],"player_experience":839166,"relics_obtained":[{"floor":5,"key":"hubris:SphereOfDissonance"},{"floor":6,"key":"reliquary:BallBearing"},{"floor":8,"key":"Ginger"},{"floor":9,"key":"MealTicket"}],"event_choices":[{"damage_healed":0,"gold_gain":0,"player_choice":"Trade","damage_taken":0,"relics_obtained":["SsserpentHead"],"max_hp_gain":0,"max_hp_loss":0,"event_name":"FaceTrader","floor":12,"gold_loss":0}],"is_beta":false,"boss_relics":[{"not_picked":["Astrolabe","Snecko Eye"],"picked":"Sozu"}],"items_purged_floors":[3],"is_endless":false,"potions_floor_spawned":[7,8,11,16],"killed_by":"3 Cultists","ascension_level":10}}