{"host":"sa0ri6nf6888r52r","time":1613838741,"event":{"mods":["BaseMod","DeckTracker","Minty Spire (QoL Compilation)","Shapeshifter Mod","StSLib"],"gold_per_floor":[117,127,127,302,327,327,352,363,363,313,323,333,360,374,374,476,476,491,491,35,35,54,54,83,83,110,110,142,162,162,175,175,175,175],"floor_reached":33,"language":"ENG","playtime":2368,"items_purged":["StSShapeShifter:ShapeShifter_Defend"],"score":295,"play_id":"088023b2-f816-4c03-8873-126cca74b618","local_time":"20210220093221","is_ascension_mode":false,"campfire_choices":[{"data":"StSShapeShifter:HummingbirdForm","floor":6,"key":"SMITH"},{"data":"StSShapeShifter:Earthquake","floor":15,"key":"SMITH"},{"data":"StSShapeShifter:StormGryphonForm","floor":25,"key":"SMITH"},{"data":"StSShapeShifter:MysticalSeed","floor":27,"key":"SMITH"},{"data":"StSShapeShifter:HippoForm","floor":30,"key":"SMITH"},{"floor":32,"key":"REST"}],"circlet_count":0,"master_deck":["StSShapeShifter:ShapeShifter_Strike","StSShapeShifter:ShapeShifter_Strike","StSShapeShifter:ShapeShifter_Strike","StSShapeShifter:ShapeShifter_Strike","StSShapeShifter:ShapeShifter_Strike+1","StSShapeShifter:ShapeShifter_Defend","StSShapeShifter:ShapeShifter_Defend","StSShapeShifter:ShapeShifter_Defend","StSShapeShifter:ShapeShifter_Defend","StSShapeShifter:Evolution+1","StSShapeShifter:HummingbirdForm+1","StSShapeShifter:Earthquake+1","StSShapeShifter:BarkSkin","StSShapeShifter:TopazSkin","StSShapeShifter:Wildfire2","StSShapeShifter:BarkSkin","StSShapeShifter:PowerShifter","StSShapeShifter:MonkeyForm","StSShapeShifter:StormGryphonForm+1","StSShapeShifter:HippoForm+1","StSShapeShifter:PantherForm","StSShapeShifter:MysticalSeed+1","StSShapeShifter:DeerForm","StSShapeShifter:BarkSkin","StSShapeShifter:FlamingoForm"],"relics":["StSShapeShifter:AnimalHeart","StSShapeShifter:TheShapeShiftersMagnolia","StSShapeShifter:EmeraldPantherFigurine","Orichalcum","StSShapeShifter:Fertilizer","Art of War","StSShapeShifter:LemurHeaddress","Nunchaku","Medical Kit","Unceasing Top","Strawberry","Meat on the Bone"],"acts_visited":["Exordium","TheCity"],"potions_floor_usage":[7,16,29],"damage_taken":[{"damage":0,"enemies":"2 Louse","floor":1,"turns":3},{"damage":2,"enemies":"Jaw Worm","floor":2,"turns":8},{"damage":33,"enemies":"3 Sentries","floor":7,"turns":11},{"damage":0,"enemies":"Cultist","floor":8,"turns":2},{"damage":2,"enemies":"Looter","floor":11,"turns":2},{"damage":0,"enemies":"2 Fungi Beasts","floor":12,"turns":3},{"damage":11,"enemies":"Lagavulin","floor":13,"turns":9},{"damage":0,"enemies":"Exordium Wildlife","floor":14,"turns":3},{"damage":10,"enemies":"Hexaghost","floor":16,"turns":13},{"damage":18,"enemies":"Chosen","floor":18,"turns":6},{"damage":8,"enemies":"Shell Parasite","floor":22,"turns":6},{"damage":26,"enemies":"Gremlin Leader","floor":24,"turns":7},{"damage":19,"enemies":"Slavers","floor":28,"turns":4},{"damage":5,"enemies":"Chosen and Byrds","floor":29,"turns":3},{"damage":9,"enemies":"3 Cultists","floor":31,"turns":4},{"damage":62,"enemies":"Automaton","floor":33,"turns":8}],"seed_played":"-2593728473248117190","potions_obtained":[{"floor":2,"key":"PowerPotion"},{"floor":8,"key":"Energy Potion"},{"floor":13,"key":"SmokeBomb"},{"floor":28,"key":"ColorlessPotion"}],"is_trial":false,"path_per_floor":["M","M","?","?","T","R","E","M","T","?","M","M","E","M","R","B",null,"M","?","$","?","M","$","E","R","T","R","E","M","R","M","R","B"],"character_chosen":"SHAPESHIFTER","items_purchased":["StSShapeShifter:HippoForm","Nunchaku","Medical Kit"],"campfire_rested":1,"item_purchase_floors":[20,20,20],"current_hp_per_floor":[85,83,66,66,66,66,33,33,33,33,31,31,20,20,20,10,85,67,59,59,59,51,51,25,25,32,32,13,20,20,23,50,0,0],"gold":175,"neow_bonus":"TEN_PERCENT_HP_BONUS","is_daily":false,"chose_seed":false,"campfire_upgraded":5,"win_rate":0.0,"timestamp":1613838741,"path_taken":["M","M","?","?","?","R","E","?","T","?","M","M","E","M","R","BOSS","M","?","$","?","M","$","E","R","T","R","E","M","R","M","R","BOSS"],"items_purchased_type":["Card","Relic","Relic"],"build_version":"2020-12-22","purchased_purges":1,"victory":false,"max_hp_per_floor":[85,85,85,85,85,85,85,85,85,85,85,85,85,85,85,85,85,85,85,85,85,85,85,85,85,92,92,92,92,92,92,92,92,92],"card_choices":[{"not_picked":["StSShapeShifter:DeerForm","StSShapeShifter:MonkeyForm"],"picked":"StSShapeShifter:Evolution","floor":1},{"not_picked":["StSShapeShifter:DeerForm","StSShapeShifter:Maul"],"picked":"StSShapeShifter:HummingbirdForm","floor":2},{"not_picked":["StSShapeShifter:EntForm","StSShapeShifter:Maul"],"picked":"StSShapeShifter:Earthquake","floor":7},{"not_picked":["StSShapeShifter:ThornToss","StSShapeShifter:Rest"],"picked":"StSShapeShifter:BarkSkin","floor":8},{"not_picked":["StSShapeShifter:Sapling","StSShapeShifter:MonkeyForm"],"picked":"StSShapeShifter:TopazSkin","floor":11},{"not_picked":["StSShapeShifter:FlowerShield","StSShapeShifter:SunflowerShuriken","StSShapeShifter:Hunt"],"picked":"SKIP","floor":12},{"not_picked":["StSShapeShifter:ShiftingStrike","StSShapeShifter:HippoForm"],"picked":"StSShapeShifter:Wildfire2","floor":13},{"not_picked":["StSShapeShifter:FullMoon","StSShapeShifter:FlowerShield"],"picked":"StSShapeShifter:BarkSkin","floor":14},{"not_picked":["StSShapeShifter:MooseForm","StSShapeShifter:Sap_Burst"],"picked":"StSShapeShifter:PowerShifter","floor":16},{"not_picked":["StSShapeShifter:BurstingSpore","StSShapeShifter:MultiSpiritedStrike"],"picked":"StSShapeShifter:MonkeyForm","floor":18},{"not_picked":["StSShapeShifter:Maul","StSShapeShifter:Bonk"],"picked":"StSShapeShifter:PantherForm","floor":22},{"not_picked":["StSShapeShifter:BurstingSpore+1","StSShapeShifter:MonkeyForm"],"picked":"StSShapeShifter:MysticalSeed","floor":24},{"not_picked":["StSShapeShifter:MagicMushrooms","StSShapeShifter:SquirrelForm"],"picked":"StSShapeShifter:DeerForm","floor":28},{"not_picked":["StSShapeShifter:FlowerShield","StSShapeShifter:Bonk"],"picked":"StSShapeShifter:BarkSkin","floor":29},{"not_picked":["StSShapeShifter:MonkeyForm","StSShapeShifter:FlowerShield"],"picked":"StSShapeShifter:FlamingoForm","floor":31}],"player_experience":158383,"relics_obtained":[{"floor":5,"key":"StSShapeShifter:EmeraldPantherFigurine"},{"floor":7,"key":"Orichalcum"},{"floor":9,"key":"StSShapeShifter:Fertilizer"},{"floor":13,"key":"Art of War"},{"floor":24,"key":"Unceasing Top"},{"floor":26,"key":"Strawberry"},{"floor":28,"key":"Meat on the Bone"}],"event_choices":[{"damage_healed":0,"gold_gain":0,"player_choice":"Entered Light","damage_taken":17,"max_hp_gain":0,"max_hp_loss":0,"event_name":"Shining Light","floor":3,"gold_loss":0,"cards_upgraded":["StSShapeShifter:ShapeShifter_Strike","StSShapeShifter:Evolution"]},{"damage_healed":0,"gold_gain":175,"player_choice":"AGREE","damage_taken":0,"max_hp_gain":0,"max_hp_loss":0,"event_name":"Liars Game","floor":4,"gold_loss":0,"cards_obtained":["Doubt"]},{"cards_removed":["Doubt"],"damage_healed":0,"gold_gain":0,"player_choice":"Card Removal","damage_taken":0,"max_hp_gain":0,"max_hp_loss":0,"event_name":"The Cleric","floor":10,"gold_loss":50},{"damage_healed":0,"gold_gain":0,"player_choice":"Ignored","damage_taken":0,"max_hp_gain":0,"max_hp_loss":0,"event_name":"Ghosts","floor":21,"gold_loss":0}],"is_beta":false,"boss_relics":[{"not_picked":["Runic Dome","SacredBark"],"picked":"StSShapeShifter:LemurHeaddress"}],"items_purged_floors":[20],"is_endless":false,"potions_floor_spawned":[2,8,13,28],"killed_by":"Automaton","ascension_level":0}}