{"host":"rg29p8m4aqjozpzt","time":1613839174,"event":{"mods":["100% Spire Juice","Aspiration","Bartender","BaseMod","Beaked The Cultist","Better Altar","Better Match","Better Sensory Stone","Better Skull","Better Third Choice","BetterRewards","Chen","Colored Powertips","Conspire","Downfall","Friendly Minions","Hermit","Hubris","JesterMod","Magitek Elite","Minty Spire (QoL Compilation)","Permanent Neow","Prisma Mod","QueenMod","Quick Restart","Relic Filter","Reorder Act Four","Shade Mod","StSLib","SuperFastMode","The Alterego","The Marked","The Runesmith","Unceasing Turn Reminder"],"gold_per_floor":[111,124,124,24,24,24,24,24,24],"floor_reached":7,"language":"ENG","playtime":285,"items_purged":["hexamod:Strike","hexamod:Defend","hexamod:Strike"],"score":39,"play_id":"141d98c6-e017-4ba0-b09e-89a7a61fdcf5","local_time":"20210220173934","is_ascension_mode":false,"campfire_choices":[{"data":"hexamod:Again","floor":6,"key":"SMITH"}],"circlet_count":0,"master_deck":["conspire:GhostlyStrike","conspire:GhostlyStrike","conspire:GhostlyDefend","conspire:GhostlyDefend","conspire:GhostlyDefend","hexamod:Sear","hexamod:Float","hexamod:Hexaguard","hexamod:PhantomFireball","hexamod:EmpoweredFlame","hexamod:Again+1","hexamod:ExtraCrispy","conspire:SpireCoStock","conspire:SpireCoStock","Injury"],"relics":["hexamod:SpiritBrand","Membership Card","Du-Vu Doll","Bird Faced Urn","Toxic Egg 2"],"acts_visited":["Exordium"],"potions_floor_usage":[2,7],"damage_taken":[{"damage":0,"enemies":"Small Slimes","floor":1,"turns":3},{"damage":0,"enemies":"Jaw Worm","floor":2,"turns":3},{"damage":59,"enemies":"Gremlin Nob","floor":7,"turns":4}],"seed_played":"-2318380371152872052","potions_obtained":[{"floor":1,"key":"DuplicationPotion"},{"floor":2,"key":"Energy Potion"}],"is_trial":false,"path_per_floor":["M","M","?","?","?","R","E"],"character_chosen":"THE_SPIRIT","items_purchased":["Membership Card","hexamod:Hexaguard","hexamod:PhantomFireball","hexamod:EmpoweredFlame","hexamod:Again","AttackPotion"],"campfire_rested":0,"item_purchase_floors":[0,0,0,0,0,0],"current_hp_per_floor":[40,44,44,44,44,44,0,0,0],"gold":24,"neow_bonus":"","is_daily":false,"chose_seed":false,"campfire_upgraded":1,"win_rate":0.0,"timestamp":1613839174,"path_taken":["M","M","?","?","?","R","E"],"items_purchased_type":["Relic","Card","Card","Card","Card","Potion"],"build_version":"2020-12-22","purchased_purges":3,"victory":false,"max_hp_per_floor":[70,70,70,70,70,70,70,70,70],"card_choices":[{"not_picked":["hexamod:Incineration","hexamod:NecessarySacrifice"],"picked":"hexamod:ExtraCrispy","floor":1},{"not_picked":["hexamod:HeatCrush","hexamod:AdvancingGuard","hexamod:SpectralAdrenaline"],"picked":"SKIP","floor":2}],"player_experience":1561886,"relics_obtained":[],"event_choices":[{"damage_healed":0,"gold_gain":0,"player_choice":"Agree","damage_taken":0,"max_hp_gain":0,"max_hp_loss":0,"event_name":"conspire:LoneGhost","floor":3,"gold_loss":0},{"damage_healed":0,"gold_gain":0,"player_choice":"Invest 2","damage_taken":0,"max_hp_gain":0,"max_hp_loss":0,"event_name":"conspire:Investor","floor":4,"gold_loss":0}],"is_beta":false,"boss_relics":[],"items_purged_floors":[0,0,0],"is_endless":false,"potions_floor_spawned":[1,2],"killed_by":"Gremlin Nob","ascension_level":0}}