{"host":"q9718omregw4er46","time":1613810476,"event":{"mods":["BaseMod","Bestiary","Colored Powertips","Custom Start","Minty Spire (QoL Compilation)","Quick Restart","Relic Stats"],"gold_per_floor":[109,125,139,139,139,139,183,183,183,221,240,240,286,309,309,419,419,439,32,32,46,46,80,80,101,149,190,203,228,228,246,246,339,339,360,146,146,146,159,159,194,229,241,291,319,631,643,679,691,703,715,727,739,47,86,86],"floor_reached":57,"language":"ENG","playtime":5189,"items_purged":["Blizzard","Dualcast","Undo"],"score":2949,"play_id":"0c7371b5-2a1e-493d-87d4-3514833457b4","local_time":"20210220134116","is_ascension_mode":true,"campfire_choices":[{"data":"Sunder","floor":6.0,"key":"SMITH"},{"data":"Defragment","floor":8.0,"key":"SMITH"},{"floor":12.0,"key":"REST"},{"data":"Zap","floor":15.0,"key":"SMITH"},{"data":"Defragment","floor":24.0,"key":"SMITH"},{"data":"Ghostly","floor":30.0,"key":"SMITH"},{"data":"Ghostly","floor":32.0,"key":"SMITH"},{"data":"Loop","floor":40.0,"key":"SMITH"},{"floor":49.0,"key":"RECALL"},{"data":"Ghostly","floor":53.0,"key":"SMITH"}],"circlet_count":0,"master_deck":["AscendersBane","Zap+1","Defragment+1","Sunder+1","Defragment+1","BootSequence","Biased Cognition","Defragment+1","Echo Form","Cold Snap","Fusion","Static Discharge","Cold Snap","Double Energy+1","Ball Lightning","Self Repair","Ghostly+1","Ghostly+1","Ghostly+1","Coolheaded","Hologram","Electrodynamics","Dark Shackles","Panacea","Loop+1","Compile Driver","Coolheaded+1","Go for the Eyes","White Noise","Recycle+1"],"relics":["Cracked Core","Golden Idol","Smiling Mask","Bag of Preparation","Lantern","Pandora\u0027s Box","Potion Belt","Gambling Chip","Bottled Tornado","Runic Pyramid","Happy Flower","MawBank","DataDisk","Juzu Bracelet","ClockworkSouvenir","TungstenRod","Pear"],"acts_visited":["Exordium","TheCity","TheBeyond","TheEnding"],"potions_floor_usage":[55,56,56],"damage_taken":[{"damage":4.0,"enemies":"Small Slimes","floor":1.0,"turns":3.0},{"damage":2.0,"enemies":"Jaw Worm","floor":2.0,"turns":4.0},{"damage":1.0,"enemies":"2 Louse","floor":3.0,"turns":2.0},{"damage":25.0,"enemies":"Gremlin Nob","floor":7.0,"turns":4.0},{"damage":25.0,"enemies":"3 Sentries","floor":10.0,"turns":5.0},{"damage":0.0,"enemies":"2 Fungi Beasts","floor":11.0,"turns":2.0},{"damage":0.0,"enemies":"Exordium Wildlife","floor":14.0,"turns":2.0},{"damage":12.0,"enemies":"Slime Boss","floor":16.0,"turns":6.0},{"damage":0.0,"enemies":"Spheric Guardian","floor":18.0,"turns":3.0},{"damage":0.0,"enemies":"Chosen","floor":21.0,"turns":5.0},{"damage":4.0,"enemies":"Book of Stabbing","floor":23.0,"turns":5.0},{"damage":0.0,"enemies":"3 Cultists","floor":25.0,"turns":5.0},{"damage":0.0,"enemies":"Gremlin Leader","floor":27.0,"turns":5.0},{"damage":5.0,"enemies":"Centurion and Healer","floor":28.0,"turns":6.0},{"damage":0.0,"enemies":"Snecko","floor":29.0,"turns":5.0},{"damage":3.0,"enemies":"Snake Plant","floor":31.0,"turns":6.0},{"damage":6.0,"enemies":"Collector","floor":33.0,"turns":9.0},{"damage":5.0,"enemies":"Orb Walker","floor":35.0,"turns":5.0},{"damage":15.0,"enemies":"3 Darklings","floor":39.0,"turns":4.0},{"damage":0.0,"enemies":"Reptomancer","floor":41.0,"turns":6.0},{"damage":3.0,"enemies":"Writhing Mass","floor":42.0,"turns":6.0},{"damage":0.0,"enemies":"Nemesis","floor":44.0,"turns":7.0},{"damage":3.0,"enemies":"Maw","floor":45.0,"turns":6.0},{"damage":11.0,"enemies":"Spire Growth","floor":48.0,"turns":5.0},{"damage":22.0,"enemies":"Time Eater","floor":50.0,"turns":9.0},{"damage":0.0,"enemies":"Donu and Deca","floor":51.0,"turns":8.0},{"damage":0,"enemies":"Shield and Spear","floor":55,"turns":8},{"damage":17,"enemies":"The Heart","floor":56,"turns":14}],"seed_played":"-1024890325352705817","potions_obtained":[{"floor":2.0,"key":"LiquidBronze"},{"floor":3.0,"key":"EssenceOfSteel"},{"floor":11.0,"key":"ColorlessPotion"},{"floor":14.0,"key":"PowerPotion"},{"floor":18.0,"key":"DistilledChaos"},{"floor":25.0,"key":"EssenceOfSteel"},{"floor":31.0,"key":"Dexterity Potion"},{"floor":33.0,"key":"Swift Potion"},{"floor":41.0,"key":"GamblersBrew"},{"floor":44.0,"key":"Fruit Juice"}],"is_trial":false,"path_per_floor":["M","M","M","?","?","R","E","R","T","E","M","R","T","M","R","B",null,"M","$","?","M","?","E","R","M","T","E","M","M","R","M","R","B",null,"M","$","?","?","M","R","E","M","T","E","M","?","?","M","R","B","B",null,"R","$","E","B",null],"character_chosen":"DEFECT","items_purchased":["Ball Lightning","Self Repair","Potion Belt","PotionOfCapacity","Happy Flower","ClockworkSouvenir","TungstenRod","White Noise","DistilledChaos"],"campfire_rested":1,"item_purchase_floors":[19,19,19,19,36,54,54,54,54],"current_hp_per_floor":[67,65,64,64,64,64,39,39,39,14,14,35,35,35,35,23,59,59,59,35,35,35,35,35,35,35,35,35,35,35,35,35,35,35,35,35,35,25,24,24,35,35,35,35,35,35,35,35,35,13,32,38,38,38,50,40],"gold":86,"neow_bonus":"TEN_PERCENT_HP_BONUS","is_daily":false,"chose_seed":false,"campfire_upgraded":8,"win_rate":0.0,"timestamp":1613810476,"path_taken":["M","M","M","?","?","R","E","R","T","E","?","R","?","M","R","BOSS","M","$","?","M","?","E","R","M","T","E","?","M","R","M","R","BOSS","M","$","?","?","M","R","E","M","T","E","M","?","?","M","R","BOSS","BOSS","R","$","E","BOSS"],"items_purchased_type":["Card","Card","Relic","Potion","Relic","Relic","Relic","Card","Potion"],"build_version":"2020-12-22","purchased_purges":3,"victory":true,"max_hp_per_floor":[78,78,78,78,71,71,71,71,71,71,71,71,71,71,71,71,71,71,71,35,35,35,35,35,35,35,35,35,35,35,35,35,35,35,35,35,35,35,35,35,35,35,35,35,35,35,35,35,35,35,40,40,40,40,50,50],"relic_stats":{"Happy Flower":[24],"counters":[28,152],"Golden Idol":201,"Gambling Chip":[69],"Pandora\u0027s Box":["Defragment","Echo Form","Cold Snap","Blizzard","Undo","Fusion","Static Discharge","Cold Snap"],"Bag of Preparation":[46],"Juzu Bracelet":2,"Smiling Mask":150,"MawBank":156,"obtain_stats":[{"Potion Belt":19,"Lantern":13,"Pear":55,"Happy Flower":36,"Golden Idol":5,"Bag of Preparation":10,"Juzu Bracelet":44,"Bottled Tornado":27,"Smiling Mask":9,"MawBank":41,"ClockworkSouvenir":54,"DataDisk":43,"Gambling Chip":23,"Pandora\u0027s Box":17,"Cracked Core":0,"TungstenRod":54,"Runic Pyramid":34},{"Potion Belt":9,"Lantern":6,"Pear":27,"Happy Flower":18,"Golden Idol":3,"Bag of Preparation":5,"Juzu Bracelet":22,"Bottled Tornado":13,"Smiling Mask":4,"MawBank":20,"ClockworkSouvenir":26,"DataDisk":21,"Gambling Chip":11,"Pandora\u0027s Box":8,"Cracked Core":0,"TungstenRod":26,"Runic Pyramid":17},{"Potion Belt":31,"Lantern":20,"Pear":139,"Happy Flower":82,"Golden Idol":9,"Bag of Preparation":18,"Juzu Bracelet":104,"Bottled Tornado":51,"Smiling Mask":13,"MawBank":91,"ClockworkSouvenir":131,"DataDisk":97,"Gambling Chip":41,"Pandora\u0027s Box":28,"Cracked Core":0,"TungstenRod":131,"Runic Pyramid":77}],"TungstenRod":25},"card_choices":[{"not_picked":["Rebound","Stack","Recycle"],"picked":"SKIP","floor":1.0},{"not_picked":["Static Discharge","Rebound"],"picked":"Defragment","floor":2.0},{"not_picked":["Beam Cell","Lockon"],"picked":"Sunder","floor":3.0},{"not_picked":["Hyperbeam","Stack"],"picked":"Defragment","floor":7.0},{"not_picked":["Redo","Beam Cell"],"picked":"BootSequence","floor":10.0},{"not_picked":["Steam Power","Hello World","Hologram"],"picked":"SKIP","floor":11.0},{"not_picked":["Leap","Streamline"],"picked":"Rebound","floor":14.0},{"not_picked":["Core Surge","Thunder Strike"],"picked":"Biased Cognition","floor":16.0},{"not_picked":["Sweeping Beam","Rip and Tear"],"picked":"Double Energy+1","floor":18.0},{"not_picked":["Ball Lightning","Cold Snap","Turbo"],"picked":"SKIP","floor":21.0},{"not_picked":["Cold Snap","Go for the Eyes","Gash"],"picked":"SKIP","floor":23.0},{"not_picked":["Conserve Battery","Hyperbeam"],"picked":"Coolheaded","floor":25.0},{"not_picked":["Stack+1","Tempest","Double Energy+1"],"picked":"SKIP","floor":27.0},{"not_picked":["Coolheaded","Redo","Steam"],"picked":"SKIP","floor":28.0},{"not_picked":["Turbo","Storm","Melter"],"picked":"SKIP","floor":29.0},{"not_picked":["Auto Shields","Turbo"],"picked":"Hologram","floor":31.0},{"not_picked":["Hyperbeam","Core Surge"],"picked":"Electrodynamics","floor":33.0},{"not_picked":["Sweeping Beam","Hello World","Doom and Gloom"],"picked":"SKIP","floor":35.0},{"not_picked":["Enlightenment","Forethought"],"picked":"Dark Shackles","floor":38.0},{"not_picked":["Impatience","Discovery"],"picked":"Panacea","floor":38.0},{"not_picked":["Streamline","Turbo+1"],"picked":"Loop","floor":39.0},{"not_picked":["Hologram","Leap+1","Static Discharge"],"picked":"SKIP","floor":41.0},{"not_picked":["Barrage","Rebound","Genetic Algorithm+1"],"picked":"SKIP","floor":42.0},{"not_picked":["Rebound+1","Undo"],"picked":"Compile Driver","floor":44.0},{"not_picked":["Go for the Eyes","Reinforced Body"],"picked":"Coolheaded+1","floor":45.0},{"not_picked":["Tempest","Rebound","Skim"],"picked":"SKIP","floor":48.0},{"not_picked":["Barrage","Streamline"],"picked":"Recycle+1","floor":55}],"player_experience":820051,"relics_obtained":[{"floor":9.0,"key":"Smiling Mask"},{"floor":10.0,"key":"Bag of Preparation"},{"floor":13.0,"key":"Lantern"},{"floor":23.0,"key":"Gambling Chip"},{"floor":27.0,"key":"Bottled Tornado"},{"floor":41.0,"key":"MawBank"},{"floor":43.0,"key":"DataDisk"},{"floor":44.0,"key":"Juzu Bracelet"},{"floor":55,"key":"Pear"}],"event_choices":[{"damage_healed":0.0,"max_hp_gain":0.0,"max_hp_loss":0.0,"gold_gain":0.0,"event_name":"Living Wall","player_choice":"Grow","floor":4.0,"gold_loss":0.0,"damage_taken":0.0,"cards_upgraded":["Defragment"]},{"damage_healed":0.0,"max_hp_gain":0.0,"max_hp_loss":7.0,"gold_gain":0.0,"event_name":"Golden Idol","player_choice":"Lose Max HP","floor":5.0,"gold_loss":0.0,"damage_taken":0.0,"relics_obtained":["Golden Idol"]},{"damage_healed":0.0,"max_hp_gain":0.0,"max_hp_loss":36.0,"gold_gain":0.0,"event_name":"Ghosts","player_choice":"Became a Ghost","floor":20.0,"gold_loss":0.0,"damage_taken":0.0,"cards_obtained":["Ghostly","Ghostly","Ghostly"]},{"damage_healed":0.0,"max_hp_gain":0.0,"max_hp_loss":0.0,"gold_gain":0.0,"event_name":"Tomb of Lord Red Mask","player_choice":"Ignored","floor":37.0,"gold_loss":0.0,"damage_taken":0.0},{"damage_healed":0.0,"max_hp_gain":0.0,"max_hp_loss":0.0,"gold_gain":0.0,"event_name":"SensoryStone","player_choice":"Memory 3","floor":38.0,"gold_loss":0.0,"damage_taken":10.0},{"damage_healed":0.0,"max_hp_gain":0.0,"max_hp_loss":0.0,"gold_gain":300.0,"event_name":"Wheel of Change","player_choice":"Gold","floor":46.0,"gold_loss":0.0,"damage_taken":0.0},{"damage_healed":0.0,"max_hp_gain":0.0,"max_hp_loss":0.0,"gold_gain":0.0,"cards_transformed":["Rebound"],"event_name":"Transmorgrifier","player_choice":"Transformed","floor":47.0,"gold_loss":0.0,"damage_taken":0.0,"cards_obtained":["Go for the Eyes"]}],"is_beta":false,"boss_relics":[{"not_picked":["Sozu","Fusion Hammer"],"picked":"Pandora\u0027s Box"},{"not_picked":["Empty Cage","Philosopher\u0027s Stone"],"picked":"Runic Pyramid"}],"items_purged_floors":[19,36,54],"is_endless":false,"potions_floor_spawned":[2,3,11,14,18,25,31,33,41,44],"ascension_level":20}}