{"host":"178rghtqlvp3zue2","time":1613802851,"event":{"mods":["2.2 Compatiblity","AchievementEnabler","BaseMod","CapriCore","DeckTracker","Minty Spire (QoL Compilation)","Prisma Mod","Quick Restart","StSLib","SuperFastMode","The Immortal"],"gold_per_floor":[116,116,116,129,141,141,153,188,260,260,276,276,307,307,307,410,410,423,461,473,161,161,161,189,189,266,266,121,151,182,182,182,287,287,299,349,349,367,384,384,384,384,452,471,489,489,489,92,92,112],"floor_reached":51,"language":"KOR","playtime":2897,"items_purged":[],"score":768,"play_id":"d4005627-bc9d-4e1e-a3b7-df6930fc4cba","local_time":"20210220153411","is_ascension_mode":false,"campfire_choices":[{"data":"PrismaMod:ChloeCommonAOEAttack","floor":6,"key":"SMITH"},{"floor":10,"key":"REST"},{"floor":12,"key":"DIG"},{"floor":15,"key":"REST"},{"floor":23,"key":"DIG"},{"floor":25,"key":"DIG"},{"floor":27,"key":"DIG"},{"floor":32,"key":"DIG"},{"floor":40,"key":"DIG"},{"floor":41,"key":"DIG"},{"floor":42,"key":"DIG"},{"data":"PrismaMod:ChloeGreatTracePools","floor":47,"key":"SMITH"},{"data":"PrismaMod:ChloeReshuffleDiscard","floor":49,"key":"SMITH"}],"circlet_count":0,"master_deck":["PrismaMod:ChloeCommonAttack+1","PrismaMod:ChloeCommonAttack+1","PrismaMod:ChloeCommonDefend","PrismaMod:ChloeCommonDefend","PrismaMod:ChloeCommonDefend","PrismaMod:ChloeCheapAttack+1","PrismaMod:ChloeCheapDefend+1","PrismaMod:ChloeCommonAOEAttack+1","PrismaMod:ChloeUncommonDefend","PrismaMod:ChloeRuleBreaker","PrismaMod:ChloeCheapAttack","PrismaMod:ChloeCheapAttackTwo","PrismaMod:ChloeExcalibur","PrismaMod:ChloeAnyAttackTrace+1","PrismaMod:ChloeCarnivalAttack+1","PrismaMod:ChloeCheapAttackTwo+1","PrismaMod:ChloeExhaustThree+1","PrismaMod:ChloeBetterTracePools","PrismaMod:ChloeExcalibur","PrismaMod:ChloeGaeBolg+1","PrismaMod:ChloeCheapDefendTwo","PrismaMod:ChloeCheapAttack","PrismaMod:ChloeAnyPowerTrace","PrismaMod:ChloeDiscardRecovery+1","PrismaMod:ChloeCheapAttack+1","PrismaMod:ChloeExcalibur+1","PrismaMod:ChloeGreatTracePools+1","PrismaMod:ChloeCheapDefendTwo+1","PrismaMod:ChloeCheapAttack","PrismaMod:ChloeReshuffleDiscard+1","PrismaMod:ChloeChristmas+1","Madness","Madness","Bandage Up+1"],"relics":["PrismaMod:PrismaTraceOn","Toy Ornithopter","Shovel","HornCleat","Centennial Puzzle","WingedGreaves","Astrolabe","Bottled Flame","Matryoshka","Anchor","CaptainsWheel","Oddly Smooth Stone","Pantograph","Singing Bowl","Whetstone","Calipers","FossilizedHelix","Bag of Marbles","Bag of Preparation","Bronze Scales","Dream Catcher","Meat on the Bone","Membership Card","Nunchaku","Toxic Egg 2"],"acts_visited":["Exordium","TheCity","TheBeyond"],"potions_floor_usage":[7,24,24,24,50,50],"damage_taken":[{"damage":5,"enemies":"2 Louse","floor":1,"turns":4},{"damage":0,"enemies":"Cultist","floor":4,"turns":4},{"damage":0,"enemies":"Jaw Worm","floor":5,"turns":3},{"damage":21,"enemies":"Exordium Wildlife","floor":7,"turns":11},{"damage":31,"enemies":"Gremlin Nob","floor":8,"turns":6},{"damage":4,"enemies":"Gremlin Gang","floor":11,"turns":4},{"damage":10,"enemies":"Lagavulin","floor":13,"turns":10},{"damage":12,"enemies":"Slime Boss","floor":16,"turns":9},{"damage":5,"enemies":"3 Byrds","floor":18,"turns":4},{"damage":7,"enemies":"Shell Parasite","floor":19,"turns":4},{"damage":9,"enemies":"Sentry and Sphere","floor":20,"turns":4},{"damage":16,"enemies":"Slavers","floor":24,"turns":4},{"damage":5,"enemies":"Centurion and Healer","floor":29,"turns":5},{"damage":0,"enemies":"Gremlin Leader","floor":30,"turns":7},{"damage":29,"enemies":"Champ","floor":33,"turns":8},{"damage":16,"enemies":"3 Darklings","floor":35,"turns":5},{"damage":0,"enemies":"Mind Bloom Boss Battle","floor":36,"turns":3},{"damage":0,"enemies":"Orb Walker","floor":38,"turns":3},{"damage":0,"enemies":"Sphere and 2 Shapes","floor":39,"turns":3},{"damage":0,"enemies":"Writhing Mass","floor":44,"turns":4},{"damage":0,"enemies":"Transient","floor":45,"turns":5},{"damage":77,"enemies":"Time Eater","floor":50,"turns":9}],"seed_played":"4372908395311625818","potions_obtained":[{"floor":1,"key":"Dexterity Potion"},{"floor":7,"key":"Fruit Juice"},{"floor":8,"key":"DuplicationPotion"},{"floor":16,"key":"SkillPotion"},{"floor":29,"key":"SteroidPotion"},{"floor":30,"key":"PowerPotion"},{"floor":33,"key":"Swift Potion"},{"floor":44,"key":"Regen Potion"}],"is_trial":false,"path_per_floor":["M","?","?","M","M","R","M","E","T","R","M","R","E","?","R","B",null,"M","M","M","$","?","R","E","R","T","R","$","M","E","?","R","B",null,"M","?","?","M","M","R","R","R","T","M","M","?","R","$","R","B",null],"character_chosen":"CHLOE","items_purchased":["PrismaMod:ChloeCheapDefendTwo","Bottled Flame","PrismaMod:ChloeAnyPowerTrace","Membership Card","Nunchaku","Toxic Egg 2","Bandage Up+1"],"campfire_rested":2,"item_purchase_floors":[21,21,28,48,48,48,48],"current_hp_per_floor":[70,55,48,48,48,48,37,6,6,30,26,26,16,16,40,28,80,75,68,59,59,59,59,60,60,60,60,60,57,57,57,57,55,84,73,84,84,84,84,84,84,84,84,84,84,73,73,73,73,47],"gold":112,"neow_bonus":"RANDOM_COMMON_RELIC","is_daily":false,"chose_seed":false,"campfire_upgraded":3,"win_rate":0.0,"timestamp":1613802851,"path_taken":["M","?","?","M","M","R","M","E","T","R","M","R","E","?","R","BOSS","M","M","M","$","?","R","E","R","T","R","$","?","E","?","R","BOSS","M","?","?","M","M","R","R","R","T","?","M","?","R","$","R","BOSS"],"items_purchased_type":["Card","Relic","Card","Relic","Relic","Relic","Card"],"build_version":"2020-12-22","purchased_purges":0,"victory":true,"max_hp_per_floor":[75,75,75,75,75,75,80,80,80,80,80,80,80,80,80,80,80,80,80,80,80,80,80,80,80,80,80,80,82,82,82,82,84,84,84,84,84,84,84,84,84,84,84,84,84,84,84,84,84,84],"card_choices":[{"not_picked":["PrismaMod:ChloeRhongomyniad","PrismaMod:ChloeDiscardRecovery"],"picked":"PrismaMod:ChloeCommonAOEAttack","floor":1},{"not_picked":["PrismaMod:ChloeChristmas","PrismaMod:ChloeCheapDefend"],"picked":"PrismaMod:ChloeUncommonDefend","floor":4},{"not_picked":["PrismaMod:ChloeMaid","PrismaMod:ChloeDiscardRecovery"],"picked":"PrismaMod:ChloeRuleBreaker","floor":5},{"not_picked":["PrismaMod:ChloeCheapDefend","PrismaMod:ChloeExhaustOne"],"picked":"PrismaMod:ChloeCheapAttack","floor":7},{"not_picked":["PrismaMod:ChloeCheapDefendTwo","PrismaMod:ChloeExhaustOne"],"picked":"PrismaMod:ChloeCheapAttackTwo","floor":8},{"not_picked":["PrismaMod:ChloeExhaustOne","PrismaMod:ChloeRuleBreaker","PrismaMod:ChloeChristmas"],"picked":"SKIP","floor":11},{"not_picked":["PrismaMod:ChloeExhaustOne","PrismaMod:ChloeCheapAttackTwo"],"picked":"PrismaMod:ChloeExcalibur","floor":13},{"not_picked":["PrismaMod:ChloeCarnivalAOEAttack","PrismaMod:ChloeExhaustThree"],"picked":"PrismaMod:ChloeAnyAttackTrace","floor":16},{"not_picked":["PrismaMod:ChloeCheapAttackTwo","PrismaMod:ChloeEyeOfTheEuryale"],"picked":"PrismaMod:ChloeBetterTracePools","floor":18},{"not_picked":["PrismaMod:ChloeExhaustOne+1","PrismaMod:ChloeCheapDefend"],"picked":"PrismaMod:ChloeExcalibur","floor":19},{"not_picked":["PrismaMod:ChloeCheapDefend","PrismaMod:ChloeDiscardRecovery"],"picked":"PrismaMod:ChloeGaeBolg","floor":20},{"not_picked":["PrismaMod:ChloeBetterTracePools+1","PrismaMod:ChloeExcalibur"],"picked":"PrismaMod:ChloeCheapAttack","floor":24},{"not_picked":["PrismaMod:ChloeExcalibur","PrismaMod:ChloeCheapDefend","PrismaMod:ChloeExhaustOne+1"],"picked":"Singing Bowl","floor":29},{"not_picked":["PrismaMod:ChloeMaid+1","PrismaMod:ChloeChristmas"],"picked":"PrismaMod:ChloeDiscardRecovery+1","floor":30},{"not_picked":["PrismaMod:ChloeHalloween","PrismaMod:ChloeAnyAttackTrace","PrismaMod:ChloeCarnivalAOEAttack"],"picked":"Singing Bowl","floor":33},{"not_picked":["PrismaMod:ChloeDemonicTutor+1","PrismaMod:ChloeChristmas+1"],"picked":"PrismaMod:ChloeCheapAttack+1","floor":35},{"not_picked":["PrismaMod:ChloeDiscardRecovery+1","PrismaMod:ChloeChristmas+1"],"picked":"PrismaMod:ChloeExcalibur+1","floor":36},{"not_picked":["PrismaMod:ChloeCommonAOEAttack+1","PrismaMod:ChloeExhaustOne+1"],"picked":"PrismaMod:ChloeCheapDefendTwo+1","floor":38},{"not_picked":["PrismaMod:ChloeUncommonDefend+1","PrismaMod:ChloeExhaustOne"],"picked":"PrismaMod:ChloeCheapAttack","floor":39},{"not_picked":["PrismaMod:ChloeExhaustOne+1","PrismaMod:ChloeCheapAttackTwo"],"picked":"PrismaMod:ChloeReshuffleDiscard","floor":44},{"not_picked":["PrismaMod:ChloeCommonAOEAttack","PrismaMod:ChloeExhaustOne"],"picked":"PrismaMod:ChloeChristmas+1","floor":45}],"player_experience":275269,"relics_obtained":[{"floor":8,"key":"Shovel"},{"floor":9,"key":"HornCleat"},{"floor":12,"key":"Centennial Puzzle"},{"floor":13,"key":"WingedGreaves"},{"floor":23,"key":"Matryoshka"},{"floor":24,"key":"Anchor"},{"floor":25,"key":"CaptainsWheel"},{"floor":26,"key":"Oddly Smooth Stone"},{"floor":26,"key":"Pantograph"},{"floor":27,"key":"Singing Bowl"},{"floor":30,"key":"Whetstone"},{"floor":32,"key":"Calipers"},{"floor":36,"key":"FossilizedHelix"},{"floor":40,"key":"Bag of Marbles"},{"floor":41,"key":"Bag of Preparation"},{"floor":42,"key":"Bronze Scales"},{"floor":43,"key":"Dream Catcher"},{"floor":43,"key":"Meat on the Bone"}],"event_choices":[{"damage_healed":0,"gold_gain":0,"player_choice":"Entered Light","damage_taken":15,"max_hp_gain":0,"max_hp_loss":0,"event_name":"Shining Light","floor":2,"gold_loss":0,"cards_upgraded":["PrismaMod:ChloeCommonAttack","PrismaMod:ChloeCheapAttack"]},{"cards_removed":["PrismaMod:ChloeCommonAttack"],"damage_healed":0,"gold_gain":0,"player_choice":"Card Removal","damage_taken":7,"max_hp_gain":0,"max_hp_loss":0,"event_name":"Golden Wing","floor":3,"gold_loss":0},{"damage_healed":0,"gold_gain":0,"player_choice":"Grow","damage_taken":0,"max_hp_gain":0,"max_hp_loss":0,"event_name":"Living Wall","floor":14,"gold_loss":0,"cards_upgraded":["PrismaMod:ChloeCheapDefend"]},{"damage_healed":0,"gold_gain":0,"player_choice":"Upgraded","damage_taken":0,"max_hp_gain":0,"max_hp_loss":0,"event_name":"Upgrade Shrine","floor":22,"gold_loss":0,"cards_upgraded":["PrismaMod:ChloeAnyAttackTrace"]},{"damage_healed":0,"gold_gain":0,"player_choice":"Ignored","damage_taken":0,"max_hp_gain":0,"max_hp_loss":0,"event_name":"Ghosts","floor":31,"gold_loss":0},{"damage_healed":0,"gold_gain":0,"player_choice":"Fight","damage_taken":0,"max_hp_gain":0,"max_hp_loss":0,"event_name":"MindBloom","floor":36,"gold_loss":0},{"damage_healed":0,"gold_gain":0,"cards_transformed":["PrismaMod:ChloeCommonAttack"],"player_choice":"Transformed","damage_taken":0,"max_hp_gain":0,"max_hp_loss":0,"event_name":"Transmorgrifier","floor":37,"gold_loss":0,"cards_obtained":["PrismaMod:ChloeGreatTracePools"]},{"damage_healed":0,"gold_gain":0,"player_choice":"Embrace Madness","damage_taken":11,"max_hp_gain":0,"max_hp_loss":0,"event_name":"Winding Halls","floor":46,"gold_loss":0,"cards_obtained":["Madness","Madness"]}],"is_beta":false,"boss_relics":[{"not_picked":["Calling Bell","Cursed Key"],"picked":"Astrolabe"},{"not_picked":["Sozu","Runic Pyramid","Fusion Hammer"]}],"items_purged_floors":[],"is_endless":false,"potions_floor_spawned":[1,7,8,16,19,29,30,33,39,44],"ascension_level":0}}