{"host":"f5gffvlv6a66yqkd","time":1613828998,"event":{"mods":["2.2 Compatiblity","BaseMod","Colored Map","Custom Start","DeckTracker","Keyboard Shortcuts","Minty Spire (QoL Compilation)","Permanent Neow","Quick Restart","Relic Stats","StSLib","SuperFastMode"],"gold_per_floor":[116,116,135,210,175,200,200,215,239,255,255,272,287,2,2,78,78,93,93,183,194,34,34,62,62,62,82,97,147,164,181,181,181,181],"floor_reached":33,"language":"KOR","playtime":1462,"items_purged":["Strike_B","Rebound"],"score":538,"play_id":"da38bd8d-eb37-4834-9d21-198a0dc43203","local_time":"20210220224958","is_ascension_mode":true,"campfire_choices":[{"floor":7.0,"key":"REST"},{"data":"Sunder","floor":11.0,"key":"SMITH"},{"data":"Defragment","floor":15.0,"key":"SMITH"},{"data":"Defragment","floor":23.0,"key":"SMITH"},{"data":"Storm","floor":25.0,"key":"SMITH"},{"data":"Recycle","floor":32.0,"key":"SMITH"}],"circlet_count":0,"master_deck":["AscendersBane","Zap+1","Dualcast+1","Sunder+1","Defragment+1","White Noise","Conserve Battery","Recycle+1","Chill","Beam Cell","Electrodynamics","Defragment+1","Rainbow","Rip and Tear","Glacier","BootSequence","Creative AI","Storm+1","Compile Driver","Coolheaded","Turbo","White Noise","Aggregate","Hologram"],"relics":["Cracked Core","Pen Nib","Bronze Scales","Membership Card","Bag of Preparation","Pandora\u0027s Box","Runic Capacitor","Blood Vial"],"acts_visited":["Exordium","TheCity"],"potions_floor_usage":[33,33,33,33],"damage_taken":[{"damage":0.0,"enemies":"Cultist","floor":1.0,"turns":3.0},{"damage":3.0,"enemies":"Small Slimes","floor":3.0,"turns":2.0},{"damage":39.0,"enemies":"Gremlin Nob","floor":6.0,"turns":4.0},{"damage":2.0,"enemies":"Jaw Worm","floor":8.0,"turns":3.0},{"damage":4.0,"enemies":"Exordium Wildlife","floor":10.0,"turns":4.0},{"damage":0.0,"enemies":"Large Slime","floor":12.0,"turns":2.0},{"damage":6.0,"enemies":"Looter","floor":13.0,"turns":4.0},{"damage":12.0,"enemies":"Slime Boss","floor":16.0,"turns":6.0},{"damage":0.0,"enemies":"Chosen","floor":18.0,"turns":4.0},{"damage":2.0,"enemies":"Shell Parasite","floor":21.0,"turns":4.0},{"damage":2.0,"enemies":"Book of Stabbing","floor":24.0,"turns":5.0},{"damage":24.0,"enemies":"Centurion and Healer","floor":27.0,"turns":3.0},{"damage":2.0,"enemies":"3 Cultists","floor":28.0,"turns":3.0},{"damage":1.0,"enemies":"Snake Plant","floor":30.0,"turns":3.0},{"damage":11.0,"enemies":"Sentry and Sphere","floor":31.0,"turns":3.0},{"damage":23,"enemies":"Champ","floor":33,"turns":2}],"seed_played":"3725215438251341959","potions_obtained":[{"floor":3.0,"key":"Energy Potion"},{"floor":6.0,"key":"Fire Potion"},{"floor":12.0,"key":"PowerPotion"},{"floor":16.0,"key":"Explosive Potion"},{"floor":18.0,"key":"BlessingOfTheForge"},{"floor":28.0,"key":"Energy Potion"},{"floor":30.0,"key":"LiquidBronze"},{"floor":31.0,"key":"EntropicBrew"}],"is_trial":false,"path_per_floor":["M","?","M","?","?","E","R","M","T","M","R","M","M","$","R","B",null,"M","?","?","M","$","R","E","R","T","M","M","?","M","M","R","B"],"character_chosen":"DEFECT","items_purchased":["Membership Card","Bag of Preparation","Runic Capacitor","Coolheaded"],"campfire_rested":1,"item_purchase_floors":[14,14,22,22],"current_hp_per_floor":[64,43,40,29,46,7,28,26,26,22,22,22,16,16,16,4,54,54,54,42,40,40,40,38,38,38,16,16,16,17,8,8,0,0],"gold":181,"neow_bonus":"UPGRADE_CARD","is_daily":false,"chose_seed":false,"campfire_upgraded":5,"win_rate":0.0,"timestamp":1613828998,"path_taken":["M","?","M","?","?","E","R","?","T","M","R","M","M","$","R","BOSS","M","?","?","?","$","R","E","R","T","M","M","?","M","M","R","BOSS"],"items_purchased_type":["Relic","Relic","Relic","Card"],"build_version":"2020-12-22","purchased_purges":2,"victory":false,"max_hp_per_floor":[71,71,71,71,71,71,71,71,71,71,71,71,71,71,71,71,71,71,71,71,71,71,71,71,71,71,71,71,71,71,71,71,71,71],"relic_stats":{"Blood Vial":10,"counters":[16,55],"Bronze Scales":[99],"Pandora\u0027s Box":["Machine Learning","Defragment","Rainbow","Rip and Tear","Multi-Cast","Glacier","Rebound"],"Pen Nib":[4],"Bag of Preparation":[18],"obtain_stats":[{"Blood Vial":24,"Bronze Scales":9,"Pandora\u0027s Box":17,"Pen Nib":6,"Bag of Preparation":14,"Runic Capacitor":22,"Membership Card":14,"Cracked Core":0},{"Blood Vial":11,"Bronze Scales":4,"Pandora\u0027s Box":8,"Pen Nib":3,"Bag of Preparation":7,"Runic Capacitor":10,"Membership Card":7,"Cracked Core":0},{"Blood Vial":41,"Bronze Scales":12,"Pandora\u0027s Box":28,"Pen Nib":9,"Bag of Preparation":22,"Runic Capacitor":36,"Membership Card":22,"Cracked Core":0}]},"card_choices":[{"not_picked":["Leap","Aggregate"],"picked":"Sunder","floor":1.0},{"not_picked":["Chill","Barrage"],"picked":"Defragment","floor":3.0},{"not_picked":["Lockon","Reinforced Body"],"picked":"White Noise","floor":6.0},{"not_picked":["Steam","Scrape"],"picked":"Conserve Battery","floor":8.0},{"not_picked":["Streamline","Stack"],"picked":"Recycle","floor":10.0},{"not_picked":["Rebound","Gash"],"picked":"Chill","floor":12.0},{"not_picked":["Steam","Sweeping Beam"],"picked":"Beam Cell","floor":13.0},{"not_picked":["Hyperbeam","Fission"],"picked":"Electrodynamics","floor":16.0},{"not_picked":["Streamline","Compile Driver"],"picked":"BootSequence","floor":18.0},{"not_picked":["Cold Snap+1","Thunder Strike"],"picked":"Compile Driver","floor":21.0},{"not_picked":["Multi-Cast","Coolheaded"],"picked":"Turbo","floor":24.0},{"not_picked":["Redo","Turbo+1"],"picked":"White Noise","floor":27.0},{"not_picked":["Turbo","Sunder"],"picked":"Aggregate","floor":28.0},{"not_picked":["Turbo","Genetic Algorithm","Cold Snap"],"picked":"SKIP","floor":30.0},{"not_picked":["Auto Shields","Darkness","Hologram"],"picked":"SKIP","floor":31.0},{"not_picked":["Auto Shields","Darkness"],"picked":"Hologram","floor":31.0}],"player_experience":1538241,"relics_obtained":[{"floor":6.0,"key":"Pen Nib"},{"floor":9.0,"key":"Bronze Scales"},{"floor":24.0,"key":"Blood Vial"}],"event_choices":[{"damage_healed":0.0,"max_hp_gain":0.0,"max_hp_loss":0.0,"gold_gain":0.0,"event_name":"Shining Light","player_choice":"Entered Light","floor":2.0,"gold_loss":0.0,"damage_taken":21.0,"cards_upgraded":["Strike_B","Dualcast"]},{"damage_healed":0.0,"max_hp_gain":0.0,"max_hp_loss":0.0,"gold_gain":75.0,"event_name":"World of Goop","player_choice":"Gather Gold","floor":4.0,"gold_loss":0.0,"damage_taken":11.0},{"damage_healed":17.0,"max_hp_gain":0.0,"max_hp_loss":0.0,"gold_gain":0.0,"event_name":"The Cleric","player_choice":"Healed","floor":5.0,"gold_loss":35.0,"damage_taken":0.0},{"damage_healed":0.0,"max_hp_gain":0.0,"max_hp_loss":0.0,"gold_gain":0.0,"cards_transformed":["Machine Learning","Multi-Cast"],"event_name":"Drug Dealer","player_choice":"Became Test Subject","floor":19.0,"gold_loss":0.0,"damage_taken":0.0,"cards_obtained":["Creative AI","Storm"]},{"damage_healed":0.0,"max_hp_gain":0.0,"max_hp_loss":0.0,"gold_gain":90.0,"event_name":"Knowing Skull","player_choice":"GOLD ","floor":20.0,"potions_obtained":[],"gold_loss":0.0,"damage_taken":12.0,"cards_obtained":[]},{"damage_healed":0.0,"max_hp_gain":0.0,"max_hp_loss":0.0,"gold_gain":50.0,"event_name":"Nest","player_choice":"Stole From Cult","floor":29.0,"gold_loss":0.0,"damage_taken":0.0}],"is_beta":false,"boss_relics":[{"not_picked":["Snecko Eye","Cursed Key"],"picked":"Pandora\u0027s Box"}],"items_purged_floors":[14,22],"is_endless":false,"potions_floor_spawned":[3,6,12,16,18,28,30,31],"killed_by":"Champ","ascension_level":20}}