{"host":"bakf0s4odzu8z5xt","time":1613854890,"event":{"mods":["2.2 Compatiblity","BaseMod","Downfall","Friendly Minions","Minty Spire (QoL Compilation)","StSLib"],"gold_per_floor":[199,219,319,337,348,348,374,274,301,107,117,2,2,17,34,130,130,30,42,42,42,42,42,42],"floor_reached":22,"language":"ENG","playtime":1153,"items_purged":["bronze:Strike","bronze:Strike"],"score":221,"play_id":"92c6ae90-b995-49a6-b236-e9c0942bea2a","local_time":"20210220150130","is_ascension_mode":true,"campfire_choices":[{"data":"bronze:Goto","floor":1,"key":"SMITH"},{"floor":6,"key":"RECALL"},{"data":"bronze:Boost","floor":8,"key":"SMITH"},{"data":"bronze:BitShift","floor":18,"key":"SMITH"}],"circlet_count":0,"master_deck":["bronze:Strike","bronze:Strike","bronze:Defend","bronze:Defend","bronze:Defend","bronze:Defend","bronze:Replicate","bronze:Goto+1","bronze:Optimize","bronze:Backtrace","bronze:Boost+1","bronze:Constructor","bronze:SpaghettiCode","bronze:Shell","bronze:BitShift+1","bronze:Fortify","bronze:FineTuning","bronze:WhirlingStrike","bronze:HardenedForm","bronze:CutThrough"],"relics":["bronze:BronzeCore","Boot","hexamod:CandleOfCauterizing","bronze:MakeshiftBattery","downfall:HeartBlessingGreen","Nloth\u0027s Gift"],"acts_visited":["Exordium","TheCity"],"potions_floor_usage":[11],"damage_taken":[{"damage":6,"enemies":"Small Slimes","floor":2,"turns":5},{"damage":2,"enemies":"Jaw Worm","floor":4,"turns":4},{"damage":0,"enemies":"Cultist","floor":5,"turns":2},{"damage":44,"enemies":"Lagavulin","floor":9,"turns":8},{"damage":0,"enemies":"downfall:FleeingMerchant","floor":10,"turns":4},{"damage":0,"enemies":"Large Slime","floor":11,"turns":3},{"damage":0,"enemies":"downfall:FleeingMerchant","floor":12,"turns":4},{"damage":4,"enemies":"3 Louse","floor":14,"turns":2},{"damage":0,"enemies":"Blue Slaver","floor":15,"turns":2},{"damage":25,"enemies":"WA_ARCHETYPE_RETAIN","floor":16,"turns":10},{"damage":9,"enemies":"Spheric Guardian","floor":19,"turns":4},{"damage":21,"enemies":"Shell Parasite","floor":22,"turns":4}],"seed_played":"-6821067344859915400","potions_obtained":[{"floor":2,"key":"Fire Potion"},{"floor":9,"key":"bronze:FreeFunctionsPotion"},{"floor":11,"key":"FairyPotion"},{"floor":14,"key":"BlessingOfTheForge"},{"floor":16,"key":"Ancient Potion"},{"floor":19,"key":"Explosive Potion"}],"is_trial":false,"path_per_floor":["R","M","?","M","M","R","T","R","E","$","M","$","?","M","M","B",null,"R","M","?","?","M"],"character_chosen":"THE_AUTOMATON","items_purchased":["bronze:Shell","bronze:BitShift"],"campfire_rested":0,"item_purchase_floors":[10,10],"current_hp_per_floor":[70,64,64,62,62,62,62,62,18,18,18,18,18,14,14,12,70,70,61,48,48,27,27,27],"gold":42,"neow_bonus":"HUNDRED_GOLD","is_daily":false,"chose_seed":false,"campfire_upgraded":3,"win_rate":0.0,"timestamp":1613854890,"path_taken":["R","M","?","M","M","R","T","R","E","$","M","$","?","M","M","BOSS","R","M","?","?","M"],"items_purchased_type":["Card","Card"],"build_version":"2020-12-22","purchased_purges":2,"victory":false,"max_hp_per_floor":[70,70,70,70,70,70,70,70,70,70,70,70,70,70,70,70,70,70,70,75,75,75,75,75],"card_choices":[{"not_picked":["bronze:DelayedGuard","bronze:Return"],"picked":"bronze:Optimize","floor":2},{"not_picked":["bronze:Allocate","bronze:Refactor"],"picked":"bronze:Backtrace","floor":4},{"not_picked":["bronze:DelayedGuard","bronze:Constructor"],"picked":"bronze:Boost","floor":5},{"not_picked":["bronze:HyperBeam","bronze:MaxOutput"],"picked":"bronze:Constructor","floor":9},{"not_picked":["bronze:Backtrace","bronze:Safeguard"],"picked":"bronze:SpaghettiCode","floor":10},{"not_picked":["bronze:DigitalCarnage","bronze:FineTuning"],"picked":"bronze:Fortify","floor":11},{"not_picked":["bronze:Branch","bronze:Return"],"picked":"bronze:FineTuning","floor":12},{"not_picked":["bronze:Safeguard","bronze:Repair","bronze:Invalidate"],"picked":"SKIP","floor":14},{"not_picked":["bronze:BitShift","bronze:DelayedSlice"],"picked":"bronze:WhirlingStrike","floor":15},{"not_picked":["bronze:AlphaBuild","bronze:Assembly"],"picked":"bronze:HardenedForm","floor":16},{"not_picked":["bronze:Shield+1","bronze:Repair"],"picked":"bronze:CutThrough","floor":19}],"player_experience":2239354,"relics_obtained":[{"floor":7,"key":"Boot"},{"floor":9,"key":"hexamod:CandleOfCauterizing"}],"event_choices":[],"is_beta":false,"boss_relics":[{"not_picked":["Empty Cage","SacredBark"],"picked":"bronze:MakeshiftBattery"}],"items_purged_floors":[10,12],"is_endless":false,"potions_floor_spawned":[2,9,11,14,16,19],"killed_by":"Shell Parasite","ascension_level":4}}