{"host":"tf5skwcwe0vlu2md","time":1613827333,"event":{"mods":["BaseMod","Downfall","Highlight Path","Minty Spire (QoL Compilation)","Quick Restart","StSLib","The Hierophant"],"gold_per_floor":[112,62,62,75,92,123,123,140,214,249,268,300,300,310,310,415,415,427,427,427,443,18,43,62,62,62],"floor_reached":25,"playtime":1468,"items_purged":[],"score":381,"play_id":"7887ffc8-f5d2-413e-8e2a-42bca3c31dd5","local_time":"20210221002213","is_ascension_mode":true,"campfire_choices":[{"data":"Fiend Fire","floor":7,"key":"SMITH"},{"floor":13,"key":"REST"},{"data":"Heavy Blade","floor":15,"key":"SMITH"}],"circlet_count":0,"master_deck":["Strike_R+1","Strike_R","Strike_R","Defend_R","Defend_R","Defend_R","Defend_R","Bash+1","Twin Strike","Warcry","Fiend Fire+1","Heavy Blade+1","Disarm","Inflame","Wild Strike+1","Thunderclap+1","Fiend Fire+1","Clash+1","Corruption","Heavy Blade+1","Writhe","Combust","Inflame","Inflame","Anger+1"],"relics":["Burning Blood","Turnip","Molten Egg 2","Juzu Bracelet","Boot","Cursed Key","Eternal Feather","Whetstone","Darkstone Periapt","Letter Opener"],"acts_visited":["Exordium","TheCity"],"potions_floor_usage":[10,16,24,25,25],"damage_taken":[{"damage":7,"enemies":"2 Louse","floor":1,"turns":3},{"damage":1,"enemies":"Cultist","floor":4,"turns":3},{"damage":7,"enemies":"Jaw Worm","floor":5,"turns":2},{"damage":16,"enemies":"Gremlin Nob","floor":6,"turns":3},{"damage":6,"enemies":"Looter","floor":8,"turns":2},{"damage":23,"enemies":"3 Sentries","floor":10,"turns":6},{"damage":8,"enemies":"Blue Slaver","floor":11,"turns":4},{"damage":45,"enemies":"Lagavulin","floor":12,"turns":7},{"damage":13,"enemies":"3 Louse","floor":14,"turns":3},{"damage":0,"enemies":"Slime Boss","floor":16,"turns":3},{"damage":1,"enemies":"3 Byrds","floor":18,"turns":5},{"damage":1,"enemies":"Spheric Guardian","floor":21,"turns":3},{"damage":52,"enemies":"Slavers","floor":23,"turns":4},{"damage":21,"enemies":"Centurion and Healer","floor":24,"turns":4},{"damage":38,"enemies":"Book of Stabbing","floor":25,"turns":2}],"seed_played":"2236456043047137319","potions_obtained":[{"floor":4,"key":"Explosive Potion"},{"floor":5,"key":"BloodPotion"},{"floor":10,"key":"GamblersBrew"},{"floor":14,"key":"Swift Potion"},{"floor":16,"key":"Ancient Potion"},{"floor":24,"key":"DistilledChaos"}],"is_trial":false,"path_per_floor":["M","?","?","M","M","E","R","M","T","E","M","E","R","M","R","B",null,"M","?","?","M","$","E","M","E"],"character_chosen":"IRONCLAD","items_purchased":["Whetstone","Darkstone Periapt","Inflame"],"campfire_rested":1,"item_purchase_floors":[22,22,22],"current_hp_per_floor":[79,79,79,84,83,73,73,73,73,56,54,15,41,34,34,40,76,81,64,64,69,69,23,8,0,0],"gold":62,"neow_bonus":"TEN_PERCENT_HP_BONUS","is_daily":false,"chose_seed":false,"campfire_upgraded":2,"win_rate":0.0,"timestamp":1613827333,"path_taken":["M","?","?","?","M","E","R","M","T","E","M","E","R","M","R","BOSS","M","?","?","M","$","E","M","E"],"items_purchased_type":["Relic","Relic","Card"],"build_version":"2020-12-13","purchased_purges":0,"victory":false,"max_hp_per_floor":[88,88,88,88,88,88,88,88,88,88,88,88,88,88,88,88,88,88,93,93,93,93,93,93,93,93],"card_choices":[{"not_picked":["Armaments","Body Slam"],"picked":"Twin Strike","floor":1},{"not_picked":["Havoc","Twin Strike"],"picked":"Fiend Fire","floor":4},{"not_picked":["Bloodletting","Sever Soul"],"picked":"Heavy Blade","floor":5},{"not_picked":["Perfected Strike","Searing Blow"],"picked":"Disarm","floor":6},{"not_picked":["Cleave","Clash"],"picked":"Inflame","floor":8},{"not_picked":["Impervious","Sentinel"],"picked":"Wild Strike+1","floor":10},{"not_picked":["Sword Boomerang+1","Burning Pact"],"picked":"Thunderclap+1","floor":11},{"not_picked":["Rupture","Feel No Pain"],"picked":"Fiend Fire+1","floor":12},{"not_picked":["Perfected Strike+1","Shrug It Off"],"picked":"Clash+1","floor":14},{"not_picked":["Reaper+1","Exhume"],"picked":"Corruption","floor":16},{"not_picked":["Twin Strike+1","Carnage+1"],"picked":"Heavy Blade+1","floor":18},{"not_picked":["Cleave+1","Intimidate"],"picked":"Combust","floor":21},{"not_picked":["Headbutt+1","Carnage+1"],"picked":"Inflame","floor":23},{"not_picked":["Twin Strike+1","True Grit"],"picked":"Anger+1","floor":24}],"player_experience":299942,"relics_obtained":[{"floor":6,"key":"Turnip"},{"floor":9,"key":"Molten Egg 2"},{"floor":10,"key":"Juzu Bracelet"},{"floor":12,"key":"Boot"},{"floor":23,"key":"Letter Opener"}],"event_choices":[{"cards_removed":["Strike_R"],"damage_healed":0,"gold_gain":0,"player_choice":"Card Removal","damage_taken":0,"max_hp_gain":0,"max_hp_loss":0,"event_name":"The Cleric","floor":2,"gold_loss":50},{"damage_healed":0,"gold_gain":0,"cards_transformed":["Strike_R"],"player_choice":"Transformed","damage_taken":0,"max_hp_gain":0,"max_hp_loss":0,"event_name":"Transmorgrifier","floor":3,"gold_loss":0,"cards_obtained":["Warcry"]},{"damage_healed":0,"gold_gain":0,"player_choice":"Shed Blood","damage_taken":22,"max_hp_gain":5,"max_hp_loss":0,"event_name":"Forgotten Altar","floor":19,"gold_loss":0},{"damage_healed":0,"gold_gain":0,"player_choice":"Opened","damage_taken":0,"relics_obtained":["Eternal Feather"],"max_hp_gain":0,"max_hp_loss":0,"event_name":"The Mausoleum","floor":20,"gold_loss":0,"cards_obtained":["Writhe"]}],"is_beta":false,"boss_relics":[{"not_picked":["Busted Crown","Sozu"],"picked":"Cursed Key"}],"items_purged_floors":[],"is_endless":false,"potions_floor_spawned":[4,5,10,14,16,21,24],"killed_by":"Book of Stabbing","ascension_level":6}}