{"host":"buaikbko8oj3kpfn","time":1613835841,"event":{"mods":["Act Like it!","BaseMod","Koishi","Minty Spire (QoL Compilation)","Remilia（蕾米莉亚）","RumiaBox-露米娅的神秘盒子","StSLib","【功能Mod】混沌之环修复补丁"],"gold_per_floor":[14,33,47,47,58,93,93,128,179,179,179],"floor_reached":10,"language":"ZHS","playtime":529,"items_purged":[],"score":105,"play_id":"f5c9e6cf-d01b-4874-af26-f166d0b6cade","local_time":"20210220234401","is_ascension_mode":true,"campfire_choices":[{"data":"Koishi:Ego","floor":7,"key":"SMITH"}],"circlet_count":0,"master_deck":["Koishi:BasicStrike","Koishi:BasicStrike","Koishi:BasicStrike","Koishi:BasicStrike","Koishi:BasicDefend","Koishi:BasicDefend","Koishi:BasicDefend","Koishi:BasicDefend","Koishi:Provoke","Koishi:HauntingSlash","Chrysalis","Koishi:FidgetySnatcher","Koishi:MassHysteria","Koishi:FreudianInstinct","Koishi:Ego+1"],"relics":["Koishi:ImaginaryFriend","AddBug","SecretRecord","SecretRecord"],"acts_visited":["Exordium"],"potions_floor_usage":[6,8],"damage_taken":[{"damage":10.0,"enemies":"Small Slimes","floor":1.0,"turns":4.0},{"damage":4.0,"enemies":"2 Louse","floor":2.0,"turns":4.0},{"damage":2.0,"enemies":"Cultist","floor":3.0,"turns":4.0},{"damage":7.0,"enemies":"Exordium Wildlife","floor":5.0,"turns":3.0},{"damage":24,"enemies":"3 Sentries","floor":6,"turns":4},{"damage":7,"enemies":"Gremlin Nob","floor":8,"turns":7},{"damage":5,"enemies":"3 Sentries","floor":10,"turns":2}],"seed_played":"5473786840073151567","potions_obtained":[{"floor":2.0,"key":"ColorlessPotion"},{"floor":5,"key":"ColorlessPotion"}],"is_trial":false,"path_per_floor":["M","M","M","?","M","E","R","E","T","E"],"character_chosen":"KOISHI","items_purchased":[],"campfire_rested":0,"item_purchase_floors":[],"current_hp_per_floor":[46,46,48,41,37,13,13,15,15,10,10],"gold":179,"neow_bonus":"RANDOM_COLORLESS_2","is_daily":false,"chose_seed":false,"campfire_upgraded":1,"win_rate":0.0,"timestamp":1613835841,"path_taken":["M","M","M","?","M","E","R","E","T","E"],"items_purchased_type":[],"build_version":"2020-12-22","purchased_purges":0,"victory":false,"max_hp_per_floor":[60,60,60,60,60,60,60,60,60,60,60],"card_choices":[{"not_picked":["Thinking Ahead","Secret Technique"],"picked":"Chrysalis","floor":0.0},{"not_picked":["Koishi:VengefulSpirit","Koishi:ReleaseOfTheId"],"picked":"Koishi:FidgetySnatcher","floor":1.0},{"not_picked":["Koishi:FleetingPhantom","Koishi:SpiritedAway"],"picked":"Koishi:MassHysteria","floor":2.0},{"not_picked":["Koishi:StingingMind","Koishi:IdleWhim","Koishi:TremblingHands"],"picked":"SKIP","floor":3.0},{"not_picked":["Koishi:PhantomBarrier","Koishi:SubterraneanRose"],"picked":"Koishi:FreudianInstinct","floor":5},{"not_picked":["Koishi:TremblingHands","Koishi:ApparitionsStalkTheNight"],"picked":"Koishi:Ego","floor":6},{"not_picked":["Koishi:Vanish","Koishi:SubterraneanRose","Koishi:TraumaticStroke"],"picked":"SKIP","floor":8}],"player_experience":428632,"relics_obtained":[{"floor":1.0,"key":"AddBug"},{"floor":3.0,"key":"SecretRecord"},{"floor":6,"key":"MagicDraw4"},{"floor":8,"key":"Vajra"},{"floor":9,"key":"Potion Belt"}],"event_choices":[{"damage_healed":0.0,"max_hp_gain":0.0,"max_hp_loss":0.0,"gold_gain":0.0,"event_name":"Scrap Ooze","player_choice":"Success","floor":4.0,"gold_loss":0.0,"damage_taken":7.0,"relics_obtained":["Ccalipers"]}],"is_beta":false,"boss_relics":[],"items_purged_floors":[],"is_endless":false,"potions_floor_spawned":[2,5],"killed_by":"3 Sentries","ascension_level":7}}