{"host":"ssbj2e5691x5ub3h","time":1613846301,"event":{"mods":["BaseMod","Minty Spire (QoL Compilation)","Quick Restart","StSLib","SuperFastMode","The Witch"],"gold_per_floor":[110,128,78,78,98,98,98,123,149,149,149,173,173,197,197,317,317,330,330,32,55,78,78,116,116,116,116,116,116],"floor_reached":28,"language":"ENG","playtime":1150,"items_purged":["Strike_Witch"],"score":228,"play_id":"2134d7e3-bcca-4f95-9f04-6f6f425c0cf7","local_time":"20210220163821","is_ascension_mode":false,"campfire_choices":[{"data":"MagicFang","floor":7,"key":"SMITH"},{"data":"Athame","floor":10,"key":"SMITH"},{"data":"BlackShield","floor":13,"key":"SMITH"},{"data":"EvilEye","floor":15,"key":"SMITH"},{"floor":23,"key":"REST"}],"circlet_count":0,"master_deck":["Strike_Witch","Strike_Witch","Defend_Witch","Defend_Witch","Defend_Witch","Hexguard","ZombieSpit","BoneCarving","BlackShield+1","Injury","MagicFang+1","Athame+1","MagicFang","EvilEye+1","TrollsBlood","Shame","SummonCatFamiliar+1","BalefulWard+1","Writhe"],"relics":["BlackCat","Golden Idol","Orichalcum","Boot","Black Star","Centennial Puzzle","Vajra","Kunai","Regal Pillow","Oddly Smooth Stone","Molten Egg 2"],"acts_visited":["Exordium","TheCity"],"potions_floor_usage":[16,16,22,28,28],"damage_taken":[{"damage":0,"enemies":"2 Louse","floor":1,"turns":3},{"damage":4,"enemies":"Small Slimes","floor":2,"turns":5},{"damage":3,"enemies":"Cultist","floor":5,"turns":5},{"damage":0,"enemies":"2 Fungi Beasts","floor":8,"turns":3},{"damage":0,"enemies":"Lots of Slimes","floor":12,"turns":4},{"damage":2,"enemies":"Exordium Thugs","floor":14,"turns":4},{"damage":15,"enemies":"The Guardian","floor":16,"turns":8},{"damage":23,"enemies":"Spheric Guardian","floor":18,"turns":6},{"damage":5,"enemies":"Chosen","floor":21,"turns":4},{"damage":29,"enemies":"Sentry and Sphere","floor":22,"turns":6},{"damage":42,"enemies":"Slavers","floor":24,"turns":7},{"damage":7,"enemies":"Centurion and Healer","floor":28,"turns":3}],"seed_played":"-3021070247515230637","potions_obtained":[{"floor":2,"key":"DuplicationPotion"},{"floor":8,"key":"Dexterity Potion"},{"floor":12,"key":"FearPotion"},{"floor":21,"key":"Fire Potion"},{"floor":22,"key":"Swift Potion"}],"is_trial":false,"path_per_floor":["M","M","?","?","M","?","R","M","T","R","?","M","R","M","R","B",null,"M","?","$","M","M","R","E","?","T","?","M"],"character_chosen":"WITCH","items_purchased":["Vajra","SummonCatFamiliar"],"campfire_rested":1,"item_purchase_floors":[20,20],"current_hp_per_floor":[73,69,69,69,66,66,66,66,66,66,66,66,66,64,64,49,73,52,52,52,50,25,46,5,5,5,5,0,0],"gold":116,"neow_bonus":"TEN_PERCENT_HP_BONUS","is_daily":false,"chose_seed":false,"campfire_upgraded":4,"win_rate":0.0,"timestamp":1613846301,"path_taken":["M","M","?","?","M","?","R","M","T","R","?","M","R","M","R","BOSS","M","?","$","M","M","R","E","?","T","?","M"],"items_purchased_type":["Relic","Card"],"build_version":"2020-12-22","purchased_purges":1,"victory":false,"max_hp_per_floor":[73,73,73,73,73,73,73,73,73,73,73,73,73,73,73,73,73,73,73,73,73,73,73,73,73,73,73,73,73],"card_choices":[{"not_picked":["BlackBolt","RiteOfWinter"],"picked":"BoneCarving","floor":1},{"not_picked":["SaltCircle","Foresight"],"picked":"BlackShield","floor":2},{"not_picked":["KarmaDrain","SoulBarrier"],"picked":"MagicFang","floor":5},{"not_picked":["StrangeBrew","Decrepify"],"picked":"MagicFang","floor":8},{"not_picked":["PainBolt","RiteOfSummer","RoilingBarrier"],"picked":"SKIP","floor":12},{"not_picked":["ChosenOfTheMoon","Boline"],"picked":"EvilEye","floor":14},{"not_picked":["Graveburst","WalpurgisNight"],"picked":"TrollsBlood","floor":16},{"not_picked":["MementoMori+1","SoulBarrier+1","Broomstick"],"picked":"SKIP","floor":18},{"not_picked":["CursedBlade","WretchedNails","GhoulTouch"],"picked":"SKIP","floor":21},{"not_picked":["GnarledBody","Demonfyre","PlagueSpreader"],"picked":"SKIP","floor":22},{"not_picked":["GhoulTouch+1","Decrepify+1"],"picked":"BalefulWard+1","floor":24}],"player_experience":144583,"relics_obtained":[{"floor":9,"key":"Orichalcum"},{"floor":24,"key":"Kunai"},{"floor":24,"key":"Regal Pillow"},{"floor":26,"key":"Molten Egg 2"}],"event_choices":[{"cards_removed":["Defend_Witch"],"damage_healed":0,"gold_gain":0,"player_choice":"Card Removal","damage_taken":0,"max_hp_gain":0,"max_hp_loss":0,"event_name":"The Cleric","floor":3,"gold_loss":50},{"damage_healed":0,"gold_gain":0,"player_choice":"Take Wound","damage_taken":0,"relics_obtained":["Golden Idol"],"max_hp_gain":0,"max_hp_loss":0,"event_name":"Golden Idol","floor":4,"gold_loss":0,"cards_obtained":["Injury"]},{"damage_healed":0,"gold_gain":0,"cards_transformed":["Strike_Witch"],"player_choice":"Change","damage_taken":0,"max_hp_gain":0,"max_hp_loss":0,"event_name":"Living Wall","floor":6,"gold_loss":0,"cards_obtained":["Athame"]},{"damage_healed":0,"gold_gain":0,"player_choice":"Searched \u00271\u0027 times","damage_taken":0,"relics_obtained":["Boot"],"max_hp_gain":0,"max_hp_loss":0,"event_name":"Dead Adventurer","floor":11,"gold_loss":0},{"damage_healed":0,"gold_gain":0,"player_choice":"Stole Relic","damage_taken":0,"relics_obtained":["Centennial Puzzle"],"max_hp_gain":0,"max_hp_loss":0,"event_name":"Addict","floor":19,"gold_loss":0,"cards_obtained":["Shame"]},{"damage_healed":0,"gold_gain":0,"player_choice":"Opened","damage_taken":0,"relics_obtained":["Oddly Smooth Stone"],"max_hp_gain":0,"max_hp_loss":0,"event_name":"The Mausoleum","floor":25,"gold_loss":0,"cards_obtained":["Writhe"]},{"damage_healed":0,"gold_gain":0,"player_choice":"Upgraded","damage_taken":0,"max_hp_gain":0,"max_hp_loss":0,"event_name":"Upgrade Shrine","floor":27,"gold_loss":0,"cards_upgraded":["SummonCatFamiliar"]}],"is_beta":false,"boss_relics":[{"not_picked":["Runic Pyramid","Coffee Dripper"],"picked":"Black Star"}],"items_purged_floors":[20],"is_endless":false,"potions_floor_spawned":[2,8,12,21,22],"killed_by":"Centurion and Healer","ascension_level":0}}