{"host":"dl909bjyolgrn2uw","time":1613864326,"event":{"mods":["2.2 Compatiblity","BaseMod","Bestiary","Better Altar","Better Note","Better Sensory Stone","Better Skull","Better Vampires","Better-Laid Plans","Colored Powertips","Curses Come First","Disable Question Mark Monsters","Displayed Cursed Tome","Emptier Cage","Minty Spire (QoL Compilation)","Morshu Shopkeeper","Permanent Neow","Quick Restart","Rare Cards Sparkle","Relic Stats","Shop Mod","Spicy Shops","StSLib","SuperFastMode","Transform Curses"],"gold_per_floor":[114,164,7,7,27,27,53,53,53,85,100,131,131,150,150,150,150],"floor_reached":16,"language":"ENG","playtime":517,"items_purged":[],"score":279,"play_id":"e8489160-bc35-4ae7-aa39-05e45d217d10","local_time":"20210220173846","is_ascension_mode":true,"campfire_choices":[{"data":"Rainbow","floor":6.0,"key":"SMITH"},{"data":"Streamline","floor":8.0,"key":"SMITH"},{"data":"Fission","floor":13,"key":"SMITH"},{"data":"Capacitor","floor":15,"key":"SMITH"}],"circlet_count":0,"master_deck":["AscendersBane","Strike_B","Strike_B","Strike_B","Defend_B","Defend_B","Defend_B","Defend_B","Zap","Dualcast","Streamline+1","Rainbow+1","Rebound","Capacitor+1","Fission+1","Genetic Algorithm","Chill","Coolheaded"],"relics":["Cracked Core","NeowsBlessing","ClockworkSouvenir","Pantograph","Emotion Chip","Dream Catcher","Mango"],"acts_visited":["Exordium"],"potions_floor_usage":[16],"damage_taken":[{"damage":0.0,"enemies":"Small Slimes","floor":1.0,"turns":1.0},{"damage":0.0,"enemies":"Cultist","floor":5.0,"turns":1.0},{"damage":0.0,"enemies":"Gremlin Nob","floor":7.0,"turns":1.0},{"damage":17.0,"enemies":"3 Sentries","floor":10.0,"turns":6.0},{"damage":12.0,"enemies":"Jaw Worm","floor":11.0,"turns":2.0},{"damage":15,"enemies":"Lagavulin","floor":12,"turns":7},{"damage":16,"enemies":"3 Louse","floor":14,"turns":2},{"damage":38,"enemies":"Hexaghost","floor":16,"turns":9}],"seed_played":"-7073343812111599313","potions_obtained":[{"floor":1.0,"key":"ColorlessPotion"},{"floor":5.0,"key":"AttackPotion"},{"floor":14,"key":"ColorlessPotion"}],"is_trial":false,"path_per_floor":["M","?","$","?","M","R","E","R","T","E","M","E","R","M","R","B"],"character_chosen":"DEFECT","items_purchased":["ClockworkSouvenir"],"campfire_rested":0,"item_purchase_floors":[3],"current_hp_per_floor":[64,57,57,57,57,57,57,57,57,40,28,27,27,11,11,0,0],"gold":150,"neow_bonus":"THREE_ENEMY_KILL","is_daily":false,"chose_seed":false,"campfire_upgraded":4,"win_rate":0.0,"timestamp":1613864326,"path_taken":["M","?","?","?","M","R","E","R","T","E","M","E","R","M","R","BOSS"],"items_purchased_type":["Relic"],"build_version":"2020-12-22","purchased_purges":0,"victory":false,"max_hp_per_floor":[71,71,71,71,71,71,71,71,71,71,71,85,85,85,85,85,85],"relic_stats":{"Emotion Chip":[34,15,10,9,0],"Dream Catcher":0,"counters":[8,29],"Pantograph":25,"obtain_stats":[{"Emotion Chip":9,"Dream Catcher":10,"NeowsBlessing":0,"Pantograph":7,"Mango":12,"Cracked Core":0,"ClockworkSouvenir":3},{"Emotion Chip":3,"Dream Catcher":4,"NeowsBlessing":0,"Pantograph":3,"Mango":6,"Cracked Core":0,"ClockworkSouvenir":1},{"Emotion Chip":3,"Dream Catcher":9,"NeowsBlessing":0,"Pantograph":3,"Mango":18,"Cracked Core":0,"ClockworkSouvenir":1}]},"card_choices":[{"not_picked":["BootSequence","Leap"],"picked":"Streamline","floor":1.0},{"not_picked":["Darkness","Gash"],"picked":"Rebound","floor":5.0},{"not_picked":["Go for the Eyes","Cold Snap"],"picked":"Capacitor","floor":7.0},{"not_picked":["Redo","Coolheaded"],"picked":"Fission","floor":10.0},{"not_picked":["Gash","Rebound"],"picked":"Genetic Algorithm","floor":11.0},{"not_picked":["Rebound","Melter"],"picked":"Chill","floor":12},{"not_picked":["Skim","Beam Cell"],"picked":"Coolheaded","floor":14}],"player_experience":476005,"relics_obtained":[{"floor":7.0,"key":"Pantograph"},{"floor":9.0,"key":"Emotion Chip"},{"floor":10.0,"key":"Dream Catcher"},{"floor":12,"key":"Mango"}],"event_choices":[{"damage_healed":0.0,"max_hp_gain":0.0,"max_hp_loss":0.0,"gold_gain":50.0,"event_name":"FaceTrader","player_choice":"Touch","floor":2.0,"gold_loss":0.0,"damage_taken":7.0},{"damage_healed":0.0,"max_hp_gain":0.0,"max_hp_loss":0.0,"gold_gain":0.0,"cards_transformed":["Strike_B"],"event_name":"Transmorgrifier","player_choice":"Transformed","floor":4.0,"gold_loss":0.0,"damage_taken":0.0,"cards_obtained":["Rainbow"]}],"is_beta":false,"boss_relics":[],"items_purged_floors":[],"is_endless":false,"potions_floor_spawned":[1,5,14],"killed_by":"Hexaghost","ascension_level":19}}