{"host":"lv7etzzgwahaenh9","time":1613849396,"event":{"mods":["AchievementEnabler","BaseMod","Colored Map","Colored Powertips","Highlight Path","Minty Spire (QoL Compilation)","Permanent Neow","Quick Restart","Random Character Button","StSLib"],"gold_per_floor":[114,131,145,159,169,169,203,203,226,32,32,58,58,90,90,195,195,209,224,235,235,235],"floor_reached":21,"language":"ENG","playtime":887,"items_purged":[],"score":364,"play_id":"1780b9ca-7001-48ae-8729-ea75403fd9af","local_time":"20210220112956","is_ascension_mode":true,"campfire_choices":[{"data":"BowlingBash","floor":6,"key":"SMITH"},{"data":"Vault","floor":8,"key":"SMITH"},{"data":"BattleHymn","floor":11,"key":"SMITH"},{"data":"DevaForm","floor":15,"key":"SMITH"}],"circlet_count":0,"master_deck":["Strike_P","Strike_P","Strike_P","Defend_P","Defend_P","Defend_P","Eruption","Vigilance","TalkToTheHand","Devotion","BowlingBash+1","FlyingSleeves","BattleHymn+1","ThirdEye+1","WaveOfTheHand+1","Vault+1","Sadistic Nature","Halt","Indignation","DevaForm+1","Brilliance","JustLucky","EmptyBody","Prostrate"],"relics":["PureWater","Happy Flower","Blood Vial","War Paint","CultistMask","Oddly Smooth Stone","SlaversCollar"],"acts_visited":["Exordium","TheCity"],"potions_floor_usage":[12,21,21],"damage_taken":[{"damage":0,"enemies":"2 Louse","floor":1,"turns":3},{"damage":5,"enemies":"Cultist","floor":2,"turns":3},{"damage":2,"enemies":"Jaw Worm","floor":3,"turns":3},{"damage":1,"enemies":"Exordium Thugs","floor":4,"turns":3},{"damage":9,"enemies":"Blue Slaver","floor":5,"turns":4},{"damage":12,"enemies":"3 Sentries","floor":7,"turns":6},{"damage":10,"enemies":"Gremlin Nob","floor":12,"turns":4},{"damage":10,"enemies":"Lagavulin","floor":14,"turns":4},{"damage":0,"enemies":"Slime Boss","floor":16,"turns":4},{"damage":16,"enemies":"2 Thieves","floor":18,"turns":5},{"damage":0,"enemies":"Spheric Guardian","floor":19,"turns":3},{"damage":27,"enemies":"Snake Plant","floor":20,"turns":5},{"damage":2,"enemies":"Chosen and Byrds","floor":21,"turns":5}],"seed_played":"-890104729117178331","potions_obtained":[{"floor":3,"key":"Ancient Potion"},{"floor":4,"key":"SpeedPotion"},{"floor":5,"key":"ColorlessPotion"},{"floor":12,"key":"Dexterity Potion"},{"floor":19,"key":"FearPotion"}],"is_trial":false,"path_per_floor":["M","M","M","M","M","R","E","R","T","$","R","E","?","E","R","B",null,"M","M","M","M"],"character_chosen":"WATCHER","items_purchased":["Sadistic Nature","Halt"],"campfire_rested":0,"item_purchase_floors":[10,10],"current_hp_per_floor":[65,60,58,57,48,48,36,36,36,36,36,28,28,20,20,22,54,40,42,17,17,17],"gold":235,"neow_bonus":"TRANSFORM_TWO_CARDS","is_daily":false,"chose_seed":false,"campfire_upgraded":4,"win_rate":0.0,"timestamp":1613849396,"path_taken":["M","M","M","M","M","R","E","R","T","$","R","E","?","E","R","BOSS","M","M","M","M"],"items_purchased_type":["Card","Card"],"build_version":"2020-12-22","purchased_purges":0,"victory":false,"max_hp_per_floor":[65,65,65,65,65,65,65,65,65,65,65,65,65,65,65,65,65,65,65,65,65,65],"card_choices":[{"not_picked":["Nirvana","WindmillStrike"],"picked":"BowlingBash","floor":1},{"not_picked":["EmptyFist","FollowUp"],"picked":"FlyingSleeves","floor":2},{"not_picked":["CutThroughFate","DeceiveReality"],"picked":"BattleHymn","floor":3},{"not_picked":["PathToVictory","Nirvana"],"picked":"ThirdEye","floor":4},{"not_picked":["Consecrate","Protect"],"picked":"WaveOfTheHand","floor":5},{"not_picked":["EmptyBody","CarveReality"],"picked":"Vault","floor":7},{"not_picked":["FlurryOfBlows","CutThroughFate"],"picked":"Indignation","floor":12},{"not_picked":["Study","Prostrate"],"picked":"DevaForm","floor":14},{"not_picked":["DevaForm","Vault"],"picked":"Brilliance","floor":16},{"not_picked":["JustLucky","FlurryOfBlows","FollowUp"],"picked":"SKIP","floor":18},{"not_picked":["FlurryOfBlows","FollowUp"],"picked":"JustLucky","floor":18},{"not_picked":["WheelKick","CutThroughFate"],"picked":"EmptyBody","floor":19},{"not_picked":["ClearTheMind+1","CutThroughFate"],"picked":"Prostrate","floor":20}],"player_experience":479254,"relics_obtained":[{"floor":7,"key":"Happy Flower"},{"floor":9,"key":"Blood Vial"},{"floor":12,"key":"War Paint"},{"floor":14,"key":"Oddly Smooth Stone"}],"event_choices":[{"damage_healed":0,"gold_gain":0,"player_choice":"Trade","damage_taken":0,"relics_obtained":["CultistMask"],"max_hp_gain":0,"max_hp_loss":0,"event_name":"FaceTrader","floor":13,"gold_loss":0}],"is_beta":false,"boss_relics":[{"not_picked":["Astrolabe","Calling Bell"],"picked":"SlaversCollar"}],"items_purged_floors":[],"is_endless":false,"potions_floor_spawned":[3,4,5,12,19],"killed_by":"Chosen and Byrds","ascension_level":9}}