{"host":"7hppq3hpkrufijwt","time":1613852573,"event":{"mods":["AchievementEnabler","BaseMod","Colored Powertips","Minty Spire (QoL Compilation)","Quick Restart"],"gold_per_floor":[113,63,63,75,91,120,181,181,181,24,41,41,60,95,95,95,95],"floor_reached":16,"language":"ENG","playtime":918,"items_purged":["Defend_B"],"score":110,"play_id":"102949f9-8ce6-4015-9f54-ca72918556c2","local_time":"20210220212253","is_ascension_mode":false,"campfire_choices":[{"floor":8,"key":"REST"},{"floor":15,"key":"REST"}],"circlet_count":0,"master_deck":["Strike_B","Strike_B","Defend_B","Defend_B","Zap","Dualcast","Conserve Battery","Genetic Algorithm","Streamline","Steam Power","Machine Learning","Turbo","Regret","Conserve Battery"],"relics":["Cracked Core","Peace Pipe","Gremlin Horn","Ornamental Fan","White Beast Statue","The Courier"],"acts_visited":["Exordium"],"potions_floor_usage":[],"damage_taken":[{"damage":6,"enemies":"Jaw Worm","floor":1,"turns":3},{"damage":0,"enemies":"2 Louse","floor":4,"turns":2},{"damage":6,"enemies":"Small Slimes","floor":5,"turns":4},{"damage":18,"enemies":"Gremlin Nob","floor":6,"turns":4},{"damage":24,"enemies":"Gremlin Nob","floor":7,"turns":4},{"damage":0,"enemies":"3 Louse","floor":11,"turns":3},{"damage":2,"enemies":"Blue Slaver","floor":13,"turns":4},{"damage":31,"enemies":"3 Sentries","floor":14,"turns":8},{"damage":28,"enemies":"Hexaghost","floor":16,"turns":8}],"seed_played":"-2396510538277176246","potions_obtained":[{"floor":4,"key":"SmokeBomb"},{"floor":11,"key":"Regen Potion"},{"floor":13,"key":"ColorlessPotion"},{"floor":14,"key":"Energy Potion"}],"is_trial":false,"path_per_floor":["M","?","?","M","M","E","?","R","T","$","M","?","M","E","R","B"],"character_chosen":"DEFECT","items_purchased":["Machine Learning"],"campfire_rested":2,"item_purchase_floors":[10],"current_hp_per_floor":[69,69,62,62,56,38,14,36,36,36,36,36,34,3,25,0,0],"gold":95,"neow_bonus":"REMOVE_CARD","is_daily":false,"chose_seed":false,"campfire_upgraded":0,"win_rate":0.0,"timestamp":1613852573,"path_taken":["M","?","?","M","?","E","?","R","T","$","M","?","M","E","R","BOSS"],"items_purchased_type":["Card"],"build_version":"2020-12-22","purchased_purges":1,"victory":false,"max_hp_per_floor":[75,75,75,75,75,75,75,75,75,75,75,75,75,75,75,75,75],"card_choices":[{"not_picked":["Steam","Undo"],"picked":"Conserve Battery","floor":1},{"not_picked":["Stack","Leap"],"picked":"Genetic Algorithm","floor":4},{"not_picked":["Gash","Defragment"],"picked":"Streamline","floor":5},{"not_picked":["Rebound","Glacier","Cold Snap"],"picked":"SKIP","floor":6},{"not_picked":["Genetic Algorithm","Aggregate"],"picked":"Steam Power","floor":7},{"not_picked":["Ball Lightning","Rebound"],"picked":"Turbo","floor":11},{"not_picked":["Beam Cell","Go for the Eyes"],"picked":"Conserve Battery","floor":13},{"not_picked":["Stack","Turbo","Recycle"],"picked":"SKIP","floor":14}],"player_experience":105949,"relics_obtained":[{"floor":6,"key":"Peace Pipe"},{"floor":7,"key":"Gremlin Horn"},{"floor":9,"key":"Ornamental Fan"},{"floor":14,"key":"The Courier"}],"event_choices":[{"cards_removed":["Defend_B"],"damage_healed":0,"gold_gain":0,"player_choice":"Card Removal","damage_taken":0,"max_hp_gain":0,"max_hp_loss":0,"event_name":"The Cleric","floor":2,"gold_loss":50},{"cards_removed":["Strike_B"],"damage_healed":0,"gold_gain":0,"player_choice":"Card Removal","damage_taken":7,"max_hp_gain":0,"max_hp_loss":0,"event_name":"Golden Wing","floor":3,"gold_loss":0},{"damage_healed":0,"gold_gain":30,"player_choice":"Searched \u00272\u0027 times","damage_taken":0,"max_hp_gain":0,"max_hp_loss":0,"event_name":"Dead Adventurer","floor":7,"gold_loss":0},{"damage_healed":0,"gold_gain":0,"player_choice":"Box","damage_taken":0,"relics_obtained":["White Beast Statue"],"max_hp_gain":0,"max_hp_loss":0,"event_name":"Big Fish","floor":12,"gold_loss":0,"cards_obtained":["Regret"]}],"is_beta":false,"boss_relics":[],"items_purged_floors":[10],"is_endless":false,"potions_floor_spawned":[4,11,13,14],"killed_by":"Hexaghost","ascension_level":0}}