{"host":"trw84khdytc0ixrp","time":1613864678,"event":{"mods":["BaseMod","Downfall","Hermit","Jorbs\u0027s Wanderer Trilogy","Minty Spire (QoL Compilation)","StSLib","The Cursed","The Disciple"],"gold_per_floor":[111,111,111,111,131,161,176,176,202,215,215,247,263,21,21,21,21],"floor_reached":16,"language":"ENG","playtime":2158,"items_purged":["Strike_Br"],"score":135,"play_id":"abc1ce67-333e-49c8-912d-fa23ee325970","local_time":"20210221004438","is_ascension_mode":false,"campfire_choices":[{"data":"SecondHand","floor":8,"key":"SMITH"},{"floor":15,"key":"REST"}],"circlet_count":0,"master_deck":["Strike_Br","Strike_Br","Strike_Br","Defend_Br","Defend_Br","Defend_Br","Defend_Br","SecondHand+1","PatternShift","LockedBlood","LockedThread","LockedScales","LockedMercury","LockedThread","Stagnate","LockedScales","ExoVibe+10","HandsUpB","Facsimile","OracleForm","BlueShift"],"relics":["Chronometer","NeowsBlessing","SpringShield","Prayer Wheel","Juzu Bracelet","SlipperyGoo","Chemical X"],"acts_visited":["Exordium"],"potions_floor_usage":[13],"damage_taken":[{"damage":0,"enemies":"Jaw Worm","floor":1,"turns":1},{"damage":0,"enemies":"Small Slimes","floor":5,"turns":1},{"damage":0,"enemies":"Gremlin Nob","floor":6,"turns":1},{"damage":9,"enemies":"2 Louse","floor":7,"turns":4},{"damage":6,"enemies":"Red Slaver","floor":10,"turns":6},{"damage":26,"enemies":"3 Sentries","floor":12,"turns":10},{"damage":23,"enemies":"Gremlin Gang","floor":13,"turns":6},{"damage":48,"enemies":"Hexaghost","floor":16,"turns":23}],"seed_played":"-1073832200863088157","potions_obtained":[{"floor":7,"key":"FearPotion"},{"floor":13,"key":"Guardian:BlockOnCardUsePotion"}],"is_trial":false,"path_per_floor":["M","?","?","?","M","E","M","R","T","M","?","E","M","$","R","B"],"character_chosen":"CHRONO_CLASS","items_purchased":["Chemical X","BlueShift"],"campfire_rested":1,"item_purchase_floors":[14,14],"current_hp_per_floor":[65,65,62,62,62,62,57,57,57,57,57,37,18,18,37,0,0],"gold":21,"neow_bonus":"THREE_ENEMY_KILL","is_daily":false,"chose_seed":false,"campfire_upgraded":1,"win_rate":0.0,"timestamp":1613864678,"path_taken":["M","?","?","?","?","E","M","R","T","M","?","E","M","$","R","BOSS"],"items_purchased_type":["Relic","Card"],"build_version":"2020-12-22","purchased_purges":1,"victory":false,"max_hp_per_floor":[65,65,65,65,65,65,65,65,65,65,65,65,65,65,65,65,65],"card_choices":[{"not_picked":["Engulf","ShortSighted"],"picked":"LockedBlood","floor":1},{"not_picked":["Engulf","Echoward"],"picked":"LockedScales","floor":5},{"not_picked":["Recurrance","Cuckoo"],"picked":"LockedMercury","floor":6},{"not_picked":["LockedBlood","EscortCommand"],"picked":"LockedThread","floor":7},{"not_picked":["AlternateTimeline","BlueShift"],"picked":"Stagnate","floor":7},{"not_picked":["Tempo","WakeUpCall"],"picked":"LockedScales","floor":10},{"not_picked":["Break","WindUp"],"picked":"ExoVibe","floor":10},{"not_picked":["Goo","LockedMedicine"],"picked":"HandsUpB","floor":12},{"not_picked":["LockedAnchor","AlternateTimeline"],"picked":"Facsimile","floor":13},{"not_picked":["LockedTornado","CrunchTime"],"picked":"OracleForm","floor":13}],"player_experience":172147,"relics_obtained":[{"floor":6,"key":"Prayer Wheel"},{"floor":9,"key":"Juzu Bracelet"},{"floor":12,"key":"SlipperyGoo"}],"event_choices":[{"damage_healed":0,"gold_gain":0,"player_choice":"Ignored","damage_taken":0,"max_hp_gain":0,"max_hp_loss":0,"event_name":"Liars Game","floor":2,"gold_loss":0},{"damage_healed":0,"gold_gain":0,"player_choice":"Success","damage_taken":3,"relics_obtained":["SpringShield"],"max_hp_gain":0,"max_hp_loss":0,"event_name":"Scrap Ooze","floor":3,"gold_loss":0},{"damage_healed":0,"gold_gain":0,"player_choice":"1 cards matched","damage_taken":0,"max_hp_gain":0,"max_hp_loss":0,"event_name":"Match and Keep!","floor":4,"gold_loss":0,"cards_obtained":["LockedThread"]},{"damage_healed":0,"gold_gain":0,"player_choice":"Grow","damage_taken":0,"max_hp_gain":0,"max_hp_loss":0,"event_name":"Living Wall","floor":11,"gold_loss":0,"cards_upgraded":["ExoVibe"]}],"is_beta":false,"boss_relics":[],"items_purged_floors":[14],"is_endless":false,"potions_floor_spawned":[7,13],"killed_by":"Hexaghost","ascension_level":0}}