{"host":"08t08ld674si40tv","time":1613814806,"event":{"mods":["AchievementEnabler","BaseMod","Colored Map","Minty Spire (QoL Compilation)","StSLib","SuperFastMode"],"gold_per_floor":[119,119,18,18,35,60,5,31,86,113,132,132,132,150,150,229,229,244,58,76,95,125,158,158,173,227,227,245,245,245,280,280,354,354,366,382,176,191,191,219,237,250,274,299,165,165,35,69,69,69,69,69,69,7,37,37],"floor_reached":57,"language":"KOR","playtime":1789,"items_purged":["Dualcast","Stack"],"score":2971,"play_id":"5b699880-77bf-4a13-9399-8f89ae683cf7","local_time":"20210220185326","is_ascension_mode":true,"campfire_choices":[{"data":"Go for the Eyes","floor":12.0,"key":"SMITH"},{"data":"Self Repair","floor":15.0,"key":"SMITH"},{"data":"Scrape","floor":27.0,"key":"SMITH"},{"data":"Reinforced Body","floor":30,"key":"SMITH"},{"data":"Seek","floor":32,"key":"SMITH"},{"data":"Reboot","floor":46,"key":"SMITH"},{"floor":49,"key":"RECALL"},{"data":"Beam Cell","floor":53,"key":"SMITH"}],"circlet_count":0,"master_deck":["AscendersBane","Defend_B","Defend_B","Defend_B","Defend_B","Gash+1","Gash+1","Gash+1","Gash+1","Gash+1","Reprogram+1","Flash of Steel+1","Self Repair+1","Melter","Go for the Eyes+1","All For One","Genetic Algorithm","Conserve Battery","Beam Cell+1","Scrape+1","Reinforced Body+1","Seek+1","Reboot+1","CurseOfTheBell","Reinforced Body+1","Core Surge","Master of Strategy"],"relics":["Cracked Core","Question Card","Whetstone","The Courier","Regal Pillow","Kunai","Nuclear Battery","ClockworkSouvenir","Red Mask","HornCleat","Toy Ornithopter","Oddly Smooth Stone","Calling Bell","Vajra","Meat on the Bone","Torii","Bag of Preparation","DataDisk","Juzu Bracelet","Gremlin Horn","Happy Flower","Medical Kit","Bag of Marbles","Ice Cream"],"acts_visited":["Exordium","TheCity","TheBeyond","TheEnding"],"potions_floor_usage":[36,44,55,56,56],"damage_taken":[{"damage":0.0,"enemies":"Cultist","floor":1.0,"turns":3.0},{"damage":0.0,"enemies":"2 Louse","floor":5.0,"turns":2.0},{"damage":9.0,"enemies":"3 Sentries","floor":6.0,"turns":6.0},{"damage":14.0,"enemies":"Lagavulin","floor":8.0,"turns":4.0},{"damage":23.0,"enemies":"3 Sentries","floor":10.0,"turns":6.0},{"damage":4.0,"enemies":"Jaw Worm","floor":11.0,"turns":2.0},{"damage":5.0,"enemies":"Large Slime","floor":14.0,"turns":4.0},{"damage":12.0,"enemies":"Slime Boss","floor":16.0,"turns":9.0},{"damage":0.0,"enemies":"Spheric Guardian","floor":18.0,"turns":2.0},{"damage":1.0,"enemies":"2 Thieves","floor":20.0,"turns":3.0},{"damage":22.0,"enemies":"Centurion and Healer","floor":21.0,"turns":5.0},{"damage":0.0,"enemies":"Masked Bandits","floor":22.0,"turns":2.0},{"damage":0.0,"enemies":"Gremlin Leader","floor":23.0,"turns":2.0},{"damage":0.0,"enemies":"Shelled Parasite and Fungi","floor":25.0,"turns":3.0},{"damage":0.0,"enemies":"Cultist and Chosen","floor":28.0,"turns":3.0},{"damage":0,"enemies":"Book of Stabbing","floor":31,"turns":3},{"damage":13,"enemies":"Champ","floor":33,"turns":7},{"damage":8,"enemies":"3 Darklings","floor":35,"turns":4},{"damage":1,"enemies":"3 Shapes","floor":36,"turns":9},{"damage":14,"enemies":"Writhing Mass","floor":38,"turns":4},{"damage":0,"enemies":"Giant Head","floor":40,"turns":3},{"damage":0,"enemies":"4 Shapes","floor":41,"turns":5},{"damage":0,"enemies":"Maw","floor":42,"turns":4},{"damage":34,"enemies":"Reptomancer","floor":44,"turns":5},{"damage":0,"enemies":"Nemesis","floor":48,"turns":3},{"damage":26,"enemies":"Awakened One","floor":50,"turns":9},{"damage":8,"enemies":"Donu and Deca","floor":51,"turns":6},{"damage":9,"enemies":"Shield and Spear","floor":55,"turns":7},{"damage":61,"enemies":"The Heart","floor":56,"turns":9}],"seed_played":"-8879926562918656996","potions_obtained":[{"floor":1.0,"key":"PotionOfCapacity"},{"floor":6.0,"key":"Energy Potion"},{"floor":10.0,"key":"SkillPotion"},{"floor":21.0,"key":"EssenceOfSteel"},{"floor":22.0,"key":"DuplicationPotion"},{"floor":36,"key":"AttackPotion"},{"floor":48,"key":"SkillPotion"},{"floor":55,"key":"Weak Potion"}],"is_trial":false,"path_per_floor":["M","T","$","?","M","E","$","E","T","E","M","R","?","M","R","B",null,"M","$","M","M","?","E","?","M","T","R","M","?","R","E","R","B",null,"M","M","$","M","?","E","M","M","T","E","$","R","$","E","R","B","B",null,"R","$","E","B",null],"character_chosen":"DEFECT","items_purchased":["Flash of Steel","Go for the Eyes","ClockworkSouvenir","Bag of Preparation","Happy Flower","Medical Kit","Master of Strategy"],"campfire_rested":0,"item_purchase_floors":[3,7,19,37,45,47,54],"current_hp_per_floor":[64,64,64,64,64,62,62,55,55,39,35,35,35,37,37,35,62,71,71,71,59,59,59,59,69,69,69,69,69,69,69,69,66,70,62,71,71,57,62,62,71,71,71,47,47,47,47,57,57,53,55,67,67,67,71,37],"gold":37,"neow_bonus":"ONE_RANDOM_RARE_CARD","is_daily":false,"chose_seed":false,"campfire_upgraded":7,"win_rate":0.0,"timestamp":1613814806,"path_taken":["M","?","$","?","M","E","?","E","T","E","M","R","?","M","R","BOSS","M","$","M","M","?","E","?","M","T","R","M","?","R","E","R","BOSS","M","?","$","M","?","E","M","M","T","E","$","R","?","E","R","BOSS","BOSS","R","$","E","BOSS"],"items_purchased_type":["Card","Card","Relic","Relic","Relic","Relic","Card"],"build_version":"2020-12-22","purchased_purges":2,"victory":true,"max_hp_per_floor":[71,71,71,71,71,71,71,71,71,71,71,71,71,71,71,71,71,71,71,71,71,71,71,71,71,71,71,71,71,71,71,71,71,71,71,71,71,71,71,71,71,71,71,71,71,71,71,71,71,71,71,71,71,71,71,71],"card_choices":[{"not_picked":["Blizzard","Sweeping Beam","Compile Driver"],"picked":"SKIP","floor":1.0},{"not_picked":["Blizzard","Compile Driver"],"picked":"Sweeping Beam","floor":1.0},{"not_picked":["Compile Driver","Steam","Gash"],"picked":"Self Repair","floor":5.0},{"not_picked":["Cold Snap","Static Discharge","Heatsinks"],"picked":"Melter","floor":6.0},{"not_picked":["Turbo","Sunder","Glacier","Lockon"],"picked":"SKIP","floor":8.0},{"not_picked":["Storm","Electrodynamics","Ball Lightning","Hologram"],"picked":"SKIP","floor":10.0},{"not_picked":["Coolheaded","Gash","Redo"],"picked":"Stack","floor":11.0},{"not_picked":["Gash","Stack","Rip and Tear","Coolheaded"],"picked":"SKIP","floor":14.0},{"not_picked":["Rainbow","Seek","Reboot"],"picked":"All For One","floor":16.0},{"not_picked":["Compile Driver","Double Energy","Steam+1","Fusion"],"picked":"SKIP","floor":18.0},{"not_picked":["Barrage","Conserve Battery","Turbo"],"picked":"Genetic Algorithm","floor":20.0},{"not_picked":["Turbo","Compile Driver","Meteor Strike"],"picked":"Conserve Battery","floor":21.0},{"not_picked":["Gash","Hello World","Streamline+1"],"picked":"Beam Cell","floor":22.0},{"not_picked":["Consume","Steam","Conserve Battery"],"picked":"Scrape","floor":23.0},{"not_picked":["Streamline","Self Repair","Melter","Sunder"],"picked":"SKIP","floor":25.0},{"not_picked":["Hyperbeam","Turbo","Sweeping Beam","Rebound"],"picked":"SKIP","floor":28.0},{"not_picked":["Heatsinks+1","Reinforced Body","Rebound"],"picked":"Seek","floor":31},{"not_picked":["Biased Cognition","Fission","Amplify"],"picked":"Reboot","floor":33},{"not_picked":["Tempest","Consume+1","Stack+1","Barrage+1"],"picked":"SKIP","floor":35},{"not_picked":["Chaos","Genetic Algorithm","Compile Driver","Ball Lightning"],"picked":"SKIP","floor":36},{"not_picked":["Hello World","FTL","Beam Cell","Steam"],"picked":"SKIP","floor":38},{"not_picked":["Fusion","Self Repair","Streamline"],"picked":"Reinforced Body+1","floor":40},{"not_picked":["Force Field+1","Fusion+1","Compile Driver","Steam"],"picked":"SKIP","floor":41},{"not_picked":["Leap","Blizzard","Ball Lightning+1","Capacitor"],"picked":"SKIP","floor":42},{"not_picked":["Scrape","Barrage","Cold Snap+1"],"picked":"Core Surge","floor":44},{"not_picked":["Machine Learning","Self Repair","Reprogram+1","Seek"],"picked":"SKIP","floor":48},{"not_picked":["Barrage","Force Field+1","Rebound+1","Electrodynamics"],"picked":"SKIP","floor":55}],"player_experience":310088,"relics_obtained":[{"floor":2.0,"key":"Question Card"},{"floor":6.0,"key":"Whetstone"},{"floor":8.0,"key":"The Courier"},{"floor":10.0,"key":"Regal Pillow"},{"floor":22.0,"key":"Red Mask"},{"floor":23.0,"key":"HornCleat"},{"floor":26.0,"key":"Toy Ornithopter"},{"floor":31,"key":"Oddly Smooth Stone"},{"floor":34,"key":"Vajra"},{"floor":34,"key":"Meat on the Bone"},{"floor":34,"key":"Torii"},{"floor":40,"key":"DataDisk"},{"floor":43,"key":"Juzu Bracelet"},{"floor":44,"key":"Gremlin Horn"},{"floor":48,"key":"Bag of Marbles"},{"floor":55,"key":"Ice Cream"}],"event_choices":[{"cards_removed":["Zap"],"damage_healed":0.0,"max_hp_gain":0.0,"max_hp_loss":0.0,"gold_gain":0.0,"event_name":"Living Wall","player_choice":"Forget","floor":4.0,"gold_loss":0.0,"damage_taken":0.0},{"damage_healed":0.0,"max_hp_gain":0.0,"max_hp_loss":0.0,"gold_gain":0.0,"event_name":"WeMeetAgain","player_choice":"Gave Potion","floor":13.0,"gold_loss":0.0,"damage_taken":0.0,"relics_obtained":["Kunai"]},{"damage_healed":0.0,"max_hp_gain":0.0,"max_hp_loss":0.0,"gold_gain":0.0,"event_name":"Masked Bandits","player_choice":"Fought Bandits","floor":22.0,"gold_loss":0.0,"damage_taken":0.0},{"damage_healed":0.0,"max_hp_gain":0.0,"max_hp_loss":0.0,"gold_gain":0.0,"event_name":"The Library","player_choice":"Read","floor":24.0,"gold_loss":0.0,"damage_taken":0.0,"cards_obtained":["Reinforced Body"]},{"damage_healed":0,"gold_gain":0,"player_choice":"0 cards matched","damage_taken":0,"max_hp_gain":0,"max_hp_loss":0,"event_name":"Match and Keep!","floor":29,"gold_loss":0,"cards_obtained":[]},{"cards_removed":["Sweeping Beam"],"damage_healed":5,"gold_gain":0,"player_choice":"Offered Common","damage_taken":0,"max_hp_gain":0,"max_hp_loss":0,"event_name":"Bonfire Elementals","floor":39,"gold_loss":0},{"cards_removed":["Sweeping Beam"],"damage_healed":5,"gold_gain":0,"player_choice":"Offered Special","damage_taken":0,"max_hp_gain":0,"max_hp_loss":0,"event_name":"Bonfire Elementals","floor":39,"gold_loss":0}],"is_beta":false,"boss_relics":[{"not_picked":["SlaversCollar","Runic Dome"],"picked":"Nuclear Battery"},{"not_picked":["Fusion Hammer","Pandora\u0027s Box"],"picked":"Calling Bell"}],"items_purged_floors":[19,37],"is_endless":false,"potions_floor_spawned":[1,6,10,11,21,22,25,33,36,41,42,48,55],"ascension_level":20}}