{"host":"dg9ago0zd82drrsw","time":1613857269,"event":{"mods":["BaseMod","Bestiary","Downfall","GifTheSpireLib","Minty Spire (QoL Compilation)","Relic Stats","StSLib"],"gold_per_floor":[99,99,99,129,129,304,329,329,329,344,354,354,216,228,246,351,351,351,364,364,384,334,334,334,334,34,67,67,52,52,63,79,179,179,179,191,191,211,211,211,211],"floor_reached":39,"language":"ENG","playtime":1621,"items_purged":["Doubt","Guardian:Defend_Guardian"],"score":545,"play_id":"6135156f-59a2-49a4-96e0-0ac8dfaf9f7c","local_time":"20210221004109","is_ascension_mode":true,"campfire_choices":[{"data":"Guardian:TwinSlam","floor":1.0,"key":"SMITH"},{"data":"Guardian:CurlUp","floor":9.0,"key":"SMITH"},{"data":"Guardian:ArmoredProtocol","floor":12.0,"key":"SMITH"},{"data":"Guardian:TimeSifter","floor":18.0,"key":"SMITH"},{"data":"Guardian:FuturePlans","floor":23.0,"key":"SMITH"},{"data":"Guardian:Emergency","floor":28.0,"key":"SMITH"},{"data":"Guardian:FastForward","floor":30.0,"key":"SMITH"},{"data":"Guardian:ConstructionForm","floor":35.0,"key":"SMITH"}],"circlet_count":0,"master_deck":["Guardian:Strike_Guardian","Guardian:Strike_Guardian","Guardian:Defend_Guardian","Guardian:Defend_Guardian","Guardian:Defend_Guardian","Guardian:CurlUp+1","Guardian:TwinSlam+1","Guardian:ArmoredProtocol+1","Guardian:FuturePlans+1","Guardian:TemporalStrike","Guardian:ShieldSpikes","Guardian:SpikerProtocol","Guardian:Recover","Guardian:TemporalShield","Guardian:FierceBash","Guardian:BronzeArmor","Guardian:TimeSifter+1","Guardian:Incinerate","Guardian:FastForward+1","Guardian:PiercingHide","Guardian:ChargeCore","Guardian:Emergency+1","Guardian:DonusPower","Guardian:ConstructionForm+1","Guardian:Orbwalk+1","Guardian:ConstructionForm+1"],"relics":["Guardian:ModeShifter","downfall:HeartsMalice","Empty Cage","Blue Candle","Pear","downfall:RedIOU","Tiny Chest","Sozu"],"acts_visited":["Exordium","TheCity","TheBeyond"],"potions_floor_usage":[39],"damage_taken":[{"damage":0.0,"enemies":"Small Slimes","floor":2.0,"turns":1.0},{"damage":0.0,"enemies":"2 Louse","floor":3.0,"turns":1.0},{"damage":0.0,"enemies":"Jaw Worm","floor":5.0,"turns":1.0},{"damage":8.0,"enemies":"Blue Slaver","floor":10.0,"turns":5.0},{"damage":7.0,"enemies":"3 Louse","floor":11.0,"turns":4.0},{"damage":0.0,"enemies":"downfall:FleeingMerchant","floor":13.0,"turns":4.0},{"damage":0.0,"enemies":"2 Fungi Beasts","floor":14.0,"turns":5.0},{"damage":1.0,"enemies":"downfall:LooterAlt","floor":15.0,"turns":6.0},{"damage":55.0,"enemies":"IC_STATUS_ARCHETYPE","floor":16.0,"turns":11.0},{"damage":6.0,"enemies":"Spheric Guardian","floor":19.0,"turns":6.0},{"damage":0.0,"enemies":"downfall:LooterAlt2","floor":21.0,"turns":6.0},{"damage":0.0,"enemies":"downfall:FleeingMerchant","floor":26.0,"turns":4.0},{"damage":14.0,"enemies":"Book of Stabbing","floor":27.0,"turns":5.0},{"damage":8.0,"enemies":"downfall:FleeingMerchant","floor":29.0,"turns":4.0},{"damage":27.0,"enemies":"Cultist and Chosen","floor":31.0,"turns":8.0},{"damage":3.0,"enemies":"Snake Plant","floor":32.0,"turns":6.0},{"damage":32.0,"enemies":"WA_ARCHETYPE_CALM","floor":33.0,"turns":9.0},{"damage":3.0,"enemies":"Orb Walker","floor":36.0,"turns":5.0},{"damage":15.0,"enemies":"3 Shapes","floor":38.0,"turns":6.0},{"damage":56,"enemies":"Sphere and 2 Shapes","floor":39,"turns":3}],"seed_played":"2314358129165483023","potions_obtained":[{"floor":10.0,"key":"Ancient Potion"},{"floor":14.0,"key":"SkillPotion"},{"floor":15.0,"key":"DuplicationPotion"},{"floor":16.0,"key":"Block Potion"},{"floor":19.0,"key":"sneckomod:MuddlingPotion"},{"floor":33.0,"key":"BlessingOfTheForge"}],"is_trial":false,"path_per_floor":["R","M","M","?","M","?","T","?","R","M","M","R","$","M","M","B",null,"R","M","?","M","?","R","T","?","$","E","R","$","R","M","M","B",null,"R","M","?","M","M"],"character_chosen":"GUARDIAN","items_purchased":["Guardian:TemporalShield","Guardian:FastForward","Guardian:PiercingHide","Guardian:ChargeCore"],"campfire_rested":0,"item_purchase_floors":[13,26,26,26],"current_hp_per_floor":[72,72,72,72,72,72,72,77,77,69,62,62,62,62,61,16,68,68,62,57,67,85,85,95,95,95,81,81,73,73,46,43,11,74,74,71,71,56,0,0,0],"gold":211,"neow_bonus":"THREE_ENEMY_KILL","is_daily":false,"chose_seed":false,"campfire_upgraded":8,"win_rate":0.0,"timestamp":1613857269,"path_taken":["R","M","M","?","M","?","T","?","R","M","M","R","?","M","M","BOSS","R","M","?","M","?","R","T","?","?","E","R","$","R","M","M","BOSS","R","M","?","?","M"],"items_purchased_type":["Card","Card","Card","Card"],"build_version":"2020-12-22","purchased_purges":2,"victory":false,"max_hp_per_floor":[80,80,80,80,80,80,80,85,85,85,85,85,85,85,85,85,85,85,85,85,85,85,85,95,95,95,95,95,95,95,95,95,95,95,95,95,95,95,95,95,95],"relic_stats":{"Sozu":1,"counters":[20,97],"Blue Candle":[0],"Tiny Chest":0,"obtain_stats":[{"Sozu":34,"Pear":24,"Blue Candle":20,"Guardian:ModeShifter":0,"downfall:HeartsMalice":0,"Tiny Chest":27,"downfall:RedIOU":25,"Empty Cage":17,"Toy Ornithopter":7},{"Sozu":17,"Pear":11,"Blue Candle":10,"Guardian:ModeShifter":0,"downfall:HeartsMalice":0,"Tiny Chest":13,"downfall:RedIOU":11,"Empty Cage":9,"Toy Ornithopter":3},{"Sozu":83,"Pear":47,"Blue Candle":41,"Guardian:ModeShifter":0,"downfall:HeartsMalice":0,"Tiny Chest":56,"downfall:RedIOU":47,"Empty Cage":35,"Toy Ornithopter":0}]},"card_choices":[{"not_picked":["Guardian:Preprogram","Guardian:WalkerClaw"],"picked":"Guardian:ArmoredProtocol","floor":2.0},{"not_picked":["Guardian:TemporalStrike","Guardian:BronzeOrb"],"picked":"Guardian:FuturePlans","floor":3.0},{"not_picked":["Guardian:GuardianWhirl","Guardian:CrystalBeam"],"picked":"Guardian:TemporalStrike","floor":5.0},{"not_picked":["Guardian:Gem_Red","Guardian:ChargeUp"],"picked":"Guardian:ShieldSpikes","floor":10.0},{"not_picked":["Guardian:VentSteam","Guardian:TemporalStrike"],"picked":"Guardian:SpikerProtocol","floor":11.0},{"not_picked":["Guardian:TemporalStrike","Guardian:Suspension"],"picked":"Guardian:Recover","floor":13.0},{"not_picked":["Guardian:Suspension","Guardian:CrystalBeam"],"picked":"Guardian:FierceBash","floor":14.0},{"not_picked":["Guardian:PiercingHide","Guardian:TemporalShield"],"picked":"Guardian:BronzeArmor","floor":15.0},{"not_picked":["Guardian:GemFire","Guardian:FierceBash"],"picked":"Guardian:TimeSifter","floor":16.0},{"not_picked":["Guardian:VentSteam","Guardian:FloatingOrbs","Guardian:Reroute"],"picked":"SKIP","floor":19.0},{"not_picked":["Guardian:TemporalShield","Guardian:GuardianWhirl"],"picked":"Guardian:Gem_Fragmented","floor":21.0},{"not_picked":["Guardian:VentSteam","Guardian:PrismaticBarrier"],"picked":"Guardian:Incinerate","floor":26.0},{"not_picked":["Guardian:BodySlam","Guardian:StasisStrike"],"picked":"Guardian:Emergency","floor":27.0},{"not_picked":["Guardian:RefractedBeam+1","Guardian:PrimingBeam","Guardian:Gem_Red"],"picked":"SKIP","floor":29.0},{"not_picked":["Guardian:PrismaticBeam","Guardian:Incinerate","Guardian:WalkerClaw"],"picked":"SKIP","floor":31.0},{"not_picked":["Guardian:Recover+1","Guardian:RollAttack+1"],"picked":"Guardian:DonusPower","floor":32.0},{"not_picked":["Guardian:SphericShield","Guardian:GemFinder"],"picked":"Guardian:ConstructionForm","floor":33.0},{"not_picked":["Guardian:PrimingBeam","Guardian:TimeCapacitor+1"],"picked":"Guardian:Orbwalk+1","floor":36.0},{"not_picked":["Guardian:TemporalStrike","Guardian:Planning+1","Guardian:Gem_Lightblue"],"picked":"SKIP","floor":38.0}],"player_experience":764332,"relics_obtained":[{"floor":7.0,"key":"Toy Ornithopter"},{"floor":24.0,"key":"Pear"},{"floor":27.0,"key":"Tiny Chest"}],"event_choices":[{"damage_healed":0.0,"max_hp_gain":5.0,"max_hp_loss":0.0,"gold_gain":0.0,"event_name":"Big Fish","player_choice":"Donut","floor":8.0,"gold_loss":0.0,"damage_taken":0.0}],"is_beta":false,"boss_relics":[{"not_picked":["Guardian:StasisSlotReductionRelic","bronze:MakeshiftBattery"],"picked":"Empty Cage"},{"not_picked":["expansioncontent:StudyCardRelic","Guardian:ModeShifterPlus"],"picked":"Sozu"}],"items_purged_floors":[13,26],"is_endless":false,"potions_floor_spawned":[10,14,15,16,19,33,36],"killed_by":"Sphere and 2 Shapes","ascension_level":7}}