{"host":"5tzvto3beate6p8b","time":1613855797,"event":{"mods":["BaseMod","Colored Map","Minty Spire (QoL Compilation)","StSLib","SuperFastMode"],"gold_per_floor":[113,113,129,147,167,206,206,220,220,220,65,94,94,125,125,224,224,244,280,280,305,323,323,362,362,362,395,409,422,422,3,3,94,94,117,28,28,28,44,44,44,44],"floor_reached":41,"language":"JPN","playtime":2194,"items_purged":["Strike_G"],"score":928,"play_id":"1bc8defe-eece-4743-80d6-d995d8c1fad1","local_time":"20210221061637","is_ascension_mode":true,"campfire_choices":[{"data":"Blade Dance","floor":7.0,"key":"SMITH"},{"data":"Neutralize","floor":10.0,"key":"SMITH"},{"floor":13.0,"key":"REST"},{"floor":15.0,"key":"REST"},{"floor":23.0,"key":"REST"},{"floor":25.0,"key":"REST"},{"floor":30.0,"key":"REST"},{"floor":32.0,"key":"REST"},{"data":"Malaise","floor":40,"key":"SMITH"}],"circlet_count":0,"master_deck":["AscendersBane","Strike_G","Defend_G","Defend_G","Defend_G","Defend_G","Defend_G","Survivor","Neutralize+1","Blade Dance+1","Quick Slash","Dagger Spray","Accuracy","Dash","Dash","Envenom","Backflip","Cloak And Dagger","Envenom","Quick Slash+1","After Image+1","Blade Dance+1","Crippling Poison+1","PiercingWail","Cloak And Dagger","Dodge and Roll+1","Accuracy","Accuracy","Noxious Fumes","Terror","Leg Sweep","Trip","Malaise+1","Accuracy","Acrobatics"],"relics":["Ring of the Snake","Ancient Tea Set","Golden Idol","Pen Nib","Pear","Odd Mushroom","Matryoshka","Astrolabe","Red Mask","CultistMask","The Courier","Blood Vial","Question Card","Nunchaku","Sozu"],"acts_visited":["Exordium","TheCity","TheBeyond"],"potions_floor_usage":[],"damage_taken":[{"damage":1.0,"enemies":"Cultist","floor":1.0,"turns":3.0},{"damage":1.0,"enemies":"2 Louse","floor":3.0,"turns":2.0},{"damage":5.0,"enemies":"Small Slimes","floor":4.0,"turns":3.0},{"damage":24.0,"enemies":"Exordium Thugs","floor":5.0,"turns":5.0},{"damage":17.0,"enemies":"3 Sentries","floor":6.0,"turns":7.0},{"damage":1.0,"enemies":"Large Slime","floor":8.0,"turns":5.0},{"damage":0.0,"enemies":"The Mushroom Lair","floor":12.0,"turns":3.0},{"damage":6.0,"enemies":"Gremlin Nob","floor":14.0,"turns":3.0},{"damage":24.0,"enemies":"The Guardian","floor":16.0,"turns":13.0},{"damage":0.0,"enemies":"Chosen","floor":18.0,"turns":5.0},{"damage":43.0,"enemies":"Masked Bandits","floor":19.0,"turns":6.0},{"damage":0.0,"enemies":"3 Byrds","floor":21.0,"turns":4.0},{"damage":13.0,"enemies":"Shelled Parasite and Fungi","floor":22.0,"turns":6.0},{"damage":6.0,"enemies":"Slavers","floor":24.0,"turns":6.0},{"damage":7.0,"enemies":"Book of Stabbing","floor":27.0,"turns":5.0},{"damage":6.0,"enemies":"Snecko","floor":28.0,"turns":4.0},{"damage":13.0,"enemies":"Snake Plant","floor":29.0,"turns":5.0},{"damage":40.0,"enemies":"Automaton","floor":33.0,"turns":9.0},{"damage":11.0,"enemies":"3 Shapes","floor":35.0,"turns":7.0},{"damage":6,"enemies":"3 Darklings","floor":39,"turns":4},{"damage":71,"enemies":"Reptomancer","floor":41,"turns":3}],"seed_played":"7108173901291555502","potions_obtained":[{"floor":5.0,"key":"EntropicBrew"},{"floor":6.0,"key":"Strength Potion"},{"floor":12.0,"key":"Strength Potion"},{"floor":16.0,"key":"SkillPotion"},{"floor":21.0,"key":"BlessingOfTheForge"},{"floor":22.0,"key":"GamblersBrew"},{"floor":29.0,"key":"BlessingOfTheForge"}],"is_trial":false,"path_per_floor":["M","?","M","M","M","E","R","M","T","R","$","?","R","E","R","B",null,"M","?","?","M","M","R","E","R","T","E","M","M","R","$","R","B",null,"M","$","?","?","M","R","E"],"character_chosen":"THE_SILENT","items_purchased":["Dash","Envenom","Noxious Fumes","Terror","Leg Sweep","Trip","GhostInAJar","Accuracy","Acrobatics"],"campfire_rested":6,"item_purchase_floors":[11,11,31,31,31,31,31,36,36],"current_hp_per_floor":[58,58,57,52,28,11,11,10,20,20,20,20,41,35,56,32,61,61,18,18,18,5,26,20,41,41,36,32,21,42,42,63,25,59,50,50,50,70,64,64,0,0],"gold":44,"neow_bonus":"RANDOM_COMMON_RELIC","is_daily":false,"chose_seed":false,"campfire_upgraded":3,"win_rate":0.0,"timestamp":1613855797,"path_taken":["M","?","M","M","M","E","R","M","T","R","$","?","R","E","R","BOSS","M","?","?","M","M","R","E","R","T","E","M","?","R","$","R","BOSS","M","$","?","?","M","R","E"],"items_purchased_type":["Card","Card","Card","Card","Card","Card","Potion","Card","Card"],"build_version":"2020-12-22","purchased_purges":1,"victory":false,"max_hp_per_floor":[66,60,60,60,60,60,60,60,70,70,70,70,70,70,70,70,70,70,70,70,70,70,70,70,70,70,70,70,70,70,70,70,70,70,70,70,70,70,70,70,70,70],"card_choices":[{"not_picked":["Slice","Quick Slash"],"picked":"Blade Dance","floor":1.0},{"not_picked":["Eviscerate","Riddle With Holes"],"picked":"Quick Slash","floor":3.0},{"not_picked":["Predator","Distraction"],"picked":"Dagger Spray","floor":4.0},{"not_picked":["Quick Slash","Bane","Outmaneuver"],"picked":"SKIP","floor":5.0},{"not_picked":["Escape Plan","Masterful Stab"],"picked":"Accuracy","floor":6.0},{"not_picked":["Dodge and Roll","Sucker Punch"],"picked":"Dash","floor":8.0},{"not_picked":["Tools of the Trade","Underhanded Strike"],"picked":"Backflip","floor":12.0},{"not_picked":["Choke","Dodge and Roll"],"picked":"Cloak And Dagger","floor":14.0},{"not_picked":["Storm of Steel","A Thousand Cuts"],"picked":"Envenom","floor":16.0},{"not_picked":["Prepared","Choke"],"picked":"Crippling Poison+1","floor":18.0},{"not_picked":["Poisoned Stab","Deflect"],"picked":"PiercingWail","floor":19.0},{"not_picked":["Distraction","Dagger Throw"],"picked":"Choke","floor":21.0},{"not_picked":["Riddle With Holes","Dagger Spray"],"picked":"Cloak And Dagger","floor":22.0},{"not_picked":["Setup","Poisoned Stab"],"picked":"Dodge and Roll+1","floor":24.0},{"not_picked":["Blur","Caltrops","Glass Knife"],"picked":"Accuracy","floor":27.0},{"not_picked":["Poisoned Stab+1","Blur","Distraction+1","Dodge and Roll"],"picked":"SKIP","floor":28.0},{"not_picked":["Sucker Punch","Underhanded Strike","Dagger Throw+1"],"picked":"Accuracy","floor":29.0},{"not_picked":["Burst","Phantasmal Killer","Unload"],"picked":"Malaise","floor":33.0},{"not_picked":["Bouncing Flask+1","Outmaneuver","Endless Agony","Deflect"],"picked":"SKIP","floor":35.0},{"not_picked":["Blur","Deflect","Underhanded Strike","Tactician"],"picked":"SKIP","floor":39}],"player_experience":825307,"relics_obtained":[{"floor":6.0,"key":"Pen Nib"},{"floor":9.0,"key":"Pear"},{"floor":12.0,"key":"Odd Mushroom"},{"floor":14.0,"key":"Matryoshka"},{"floor":19.0,"key":"Red Mask"},{"floor":24.0,"key":"The Courier"},{"floor":26.0,"key":"Blood Vial"},{"floor":26.0,"key":"Question Card"},{"floor":27.0,"key":"Nunchaku"}],"event_choices":[{"damage_healed":0.0,"max_hp_gain":0.0,"max_hp_loss":6.0,"gold_gain":0.0,"event_name":"Golden Idol","player_choice":"Lose Max HP","floor":2.0,"gold_loss":0.0,"damage_taken":0.0,"relics_obtained":["Golden Idol"]},{"damage_healed":0.0,"max_hp_gain":0.0,"max_hp_loss":0.0,"gold_gain":0.0,"event_name":"Mushrooms","player_choice":"Fought Mushrooms","floor":12.0,"gold_loss":0.0,"damage_taken":0.0},{"damage_healed":0.0,"max_hp_gain":0.0,"max_hp_loss":0.0,"gold_gain":0.0,"event_name":"Masked Bandits","player_choice":"Fought Bandits","floor":19.0,"gold_loss":0.0,"damage_taken":0.0},{"damage_healed":0.0,"max_hp_gain":0.0,"max_hp_loss":0.0,"gold_gain":0.0,"event_name":"FaceTrader","player_choice":"Trade","floor":20.0,"gold_loss":0.0,"damage_taken":0.0,"relics_obtained":["CultistMask"]},{"damage_healed":0,"gold_gain":0,"player_choice":"Ignored","damage_taken":0,"max_hp_gain":0,"max_hp_loss":0,"event_name":"Mysterious Sphere","floor":37,"gold_loss":0},{"cards_removed":["Choke"],"damage_healed":20,"gold_gain":0,"player_choice":"Offered Uncommon","damage_taken":0,"max_hp_gain":0,"max_hp_loss":0,"event_name":"Bonfire Elementals","floor":38,"gold_loss":0}],"is_beta":false,"boss_relics":[{"not_picked":["Tiny House","Philosopher\u0027s Stone"],"picked":"Astrolabe"},{"not_picked":["HoveringKite","Pandora\u0027s Box"],"picked":"Sozu"}],"items_purged_floors":[31],"is_endless":false,"potions_floor_spawned":[5,6,12,16,21,22,29],"killed_by":"Reptomancer","ascension_level":20}}