{"host":"5f8yr5jxnqok2jdo","time":1613834563,"event":{"mods":["AchievementEnabler","BaseMod","Better Altar","Better Match","Better Note","Better Skull","Better Third Choice","Block Reminder","Colored Map","Colored Powertips","DeckTracker","Displayed Cursed Tome","Filter the Spire","Googly Eyes","Highlight Path","Key Reminder","Minty Spire (QoL Compilation)","Quick Restart","Rare Cards Sparkle","Relic Sorter","Relic Stats","ShortenTheSpire","Smile Girya","Spire Arcade","Spire Birthday Party","StSLib","Steal the Spire","SuperFastMode","Uncapped","Unceasing Turn Reminder","UnlockEverythingMod","Weighted Paths","everything is the same but u backflip on backflip","slay the spire mod where everything is the same but ironclad has a cowboy hat"],"gold_per_floor":[114,126,91,91,107,142,142,177,177,177,20,20,35,62,62,138,138,148,198,217,237,38,63,63,63],"floor_reached":24,"language":"ENG","playtime":600,"items_purged":[],"score":468,"play_id":"36d3afc9-4c7c-4819-bfe5-d21525765ce4","local_time":"20210220162243","is_ascension_mode":true,"campfire_choices":[{"data":"True Grit","floor":7,"key":"SMITH"},{"floor":10,"key":"REST"},{"data":"Bash","floor":12,"key":"SMITH"},{"data":"Clothesline","floor":15,"key":"SMITH"}],"circlet_count":0,"master_deck":["AscendersBane","Strike_R","Strike_R","Strike_R","Strike_R","Strike_R","Defend_R","Defend_R","Defend_R","Defend_R","Bash+1","Cleave","Perfected Strike+1","True Grit+1","Impervious","Clothesline+1","Juggernaut","Uppercut","Carnage","Pommel Strike","Mayhem","Power Through"],"relics":["Snecko Eye","Lizard Tail","Incense Burner","WingedGreaves","Medical Kit","Darkstone Periapt","Runic Dome","HornCleat"],"acts_visited":["Exordium","TheCity"],"potions_floor_usage":[21],"damage_taken":[{"damage":0,"enemies":"2 Louse","floor":1,"turns":3},{"damage":20,"enemies":"Small Slimes","floor":2,"turns":4},{"damage":0,"enemies":"Cultist","floor":5,"turns":2},{"damage":30,"enemies":"Gremlin Nob","floor":6,"turns":4},{"damage":15,"enemies":"Lagavulin","floor":8,"turns":4},{"damage":4,"enemies":"Exordium Thugs","floor":13,"turns":3},{"damage":2,"enemies":"3 Sentries","floor":14,"turns":5},{"damage":12,"enemies":"The Guardian","floor":16,"turns":9},{"damage":2,"enemies":"2 Thieves","floor":18,"turns":4},{"damage":11,"enemies":"Spheric Guardian","floor":20,"turns":3},{"damage":24,"enemies":"Snake Plant","floor":21,"turns":4},{"damage":37,"enemies":"Slavers","floor":23,"turns":5},{"damage":41,"enemies":"Gremlin Leader","floor":24,"turns":4}],"seed_played":"8458668050976545219","potions_obtained":[{"floor":2,"key":"Explosive Potion"},{"floor":14,"key":"Regen Potion"},{"floor":16,"key":"BloodPotion"},{"floor":23,"key":"SpeedPotion"}],"is_trial":false,"path_per_floor":["M","M","?","?","M","E","R","E","T","R","$","R","M","E","R","B",null,"M","?","M","M","$","E","E"],"character_chosen":"IRONCLAD","items_purchased":["Medical Kit","Mayhem"],"campfire_rested":1,"item_purchase_floors":[11,22],"current_hp_per_floor":[68,48,66,66,66,36,36,21,21,43,43,43,39,37,37,25,63,61,54,43,34,34,37,0,0],"gold":63,"neow_bonus":"BOSS_RELIC","is_daily":false,"chose_seed":false,"campfire_upgraded":3,"win_rate":0.0,"timestamp":1613834563,"path_taken":["M","M","?","?","M","E","R","E","T","R","$","R","M","E","R","BOSS","M","?","M","M","$","E","E"],"items_purchased_type":["Relic","Card"],"build_version":"2020-12-22","purchased_purges":0,"victory":false,"max_hp_per_floor":[75,75,75,75,75,75,75,75,75,75,75,75,75,75,75,75,75,75,75,75,75,75,75,75,75],"relic_stats":{"Darkstone Periapt":0,"Lizard Tail":37,"counters":[13,54],"Snecko Eye":[90,91,75,98],"Medical Kit":[8],"obtain_stats":[{"Darkstone Periapt":14,"Runic Dome":17,"Lizard Tail":6,"HornCleat":23,"Snecko Eye":0,"WingedGreaves":9,"Incense Burner":8,"Medical Kit":11,"Burning Blood":0},{"Darkstone Periapt":7,"Runic Dome":8,"Lizard Tail":4,"HornCleat":12,"Snecko Eye":0,"WingedGreaves":5,"Incense Burner":5,"Medical Kit":5,"Burning Blood":0},{"Darkstone Periapt":25,"Runic Dome":34,"Lizard Tail":13,"HornCleat":50,"Snecko Eye":0,"WingedGreaves":17,"Incense Burner":17,"Medical Kit":17,"Burning Blood":0}]},"card_choices":[{"not_picked":["Warcry","Flex"],"picked":"Cleave","floor":1},{"not_picked":["Havoc","Hemokinesis"],"picked":"Perfected Strike","floor":2},{"not_picked":["True Grit","Searing Blow","Thunderclap"],"picked":"SKIP","floor":5},{"not_picked":["True Grit","Searing Blow","Thunderclap"],"picked":"SKIP","floor":5},{"not_picked":["Searing Blow","Thunderclap"],"picked":"True Grit","floor":5},{"not_picked":["Power Through","Iron Wave","Pommel Strike"],"picked":"SKIP","floor":6},{"not_picked":["Anger","Flex"],"picked":"Impervious","floor":8},{"not_picked":["Spot Weakness","Wild Strike"],"picked":"Clothesline","floor":13},{"not_picked":["Iron Wave","Heavy Blade","Warcry"],"picked":"SKIP","floor":14},{"not_picked":["Limit Break","Feed"],"picked":"Juggernaut","floor":16},{"not_picked":["Pommel Strike","Clash+1"],"picked":"Uppercut","floor":18},{"not_picked":["Clothesline","Clash"],"picked":"Carnage","floor":20},{"not_picked":["Perfected Strike","Pommel Strike","Sentinel"],"picked":"SKIP","floor":21},{"not_picked":["Perfected Strike","Sentinel"],"picked":"Pommel Strike","floor":21},{"not_picked":["Twin Strike","Second Wind"],"picked":"Power Through","floor":23}],"player_experience":371717,"relics_obtained":[{"floor":6,"key":"Lizard Tail"},{"floor":8,"key":"Incense Burner"},{"floor":9,"key":"WingedGreaves"},{"floor":14,"key":"Darkstone Periapt"},{"floor":23,"key":"HornCleat"}],"event_choices":[{"damage_healed":18,"gold_gain":0,"player_choice":"Healed","damage_taken":0,"max_hp_gain":0,"max_hp_loss":0,"event_name":"The Cleric","floor":3,"gold_loss":35},{"damage_healed":0,"gold_gain":0,"player_choice":"Forge","damage_taken":0,"max_hp_gain":0,"max_hp_loss":0,"event_name":"Accursed Blacksmith","floor":4,"gold_loss":0,"cards_upgraded":["Perfected Strike"]},{"damage_healed":0,"gold_gain":50,"player_choice":"Touch","damage_taken":7,"max_hp_gain":0,"max_hp_loss":0,"event_name":"FaceTrader","floor":19,"gold_loss":0}],"is_beta":false,"boss_relics":[{"not_picked":["Busted Crown","Velvet Choker"],"picked":"Runic Dome"}],"items_purged_floors":[],"is_endless":false,"potions_floor_spawned":[2,14,16,18,23],"killed_by":"Gremlin Leader","ascension_level":20}}