{"host":"ibckqdmmf9y74ymf","time":1613781565,"event":{"mods":["2.2 Compatiblity","BaseMod","Colored Map","Curses Come First","Highlight Path","Minty Spire (QoL Compilation)","Quick Restart","Rare Cards Sparkle","Relic Stats","StSLib"],"gold_per_floor":[113,71,71,82,82,110,110,144,167,179,191,214,246,258,258],"floor_reached":14,"language":"ENG","playtime":254,"items_purged":[],"score":246,"play_id":"be9d0634-69a8-4a05-a080-23fc0cace553","local_time":"20210220013925","is_ascension_mode":true,"campfire_choices":[{"data":"Static Discharge","floor":7.0,"key":"SMITH"},{"floor":11,"key":"REST"}],"circlet_count":0,"master_deck":["AscendersBane","Strike_B","Strike_B","Strike_B","Defend_B","Defend_B","Defend_B","Defend_B","Zap","Dualcast","FTL","Static Discharge+1","Ball Lightning","Creative AI","Chill","Seek","Barrage"],"relics":["Cracked Core","NeowsBlessing","Blood Vial","Emotion Chip","MawBank"],"acts_visited":["Exordium"],"potions_floor_usage":[13],"damage_taken":[{"damage":0.0,"enemies":"Small Slimes","floor":1.0,"turns":1.0},{"damage":0.0,"enemies":"2 Louse","floor":4.0,"turns":1.0},{"damage":0.0,"enemies":"3 Sentries","floor":6.0,"turns":1.0},{"damage":36.0,"enemies":"Gremlin Nob","floor":8.0,"turns":4.0},{"damage":7,"enemies":"Jaw Worm","floor":12,"turns":2},{"damage":21,"enemies":"Exordium Thugs","floor":13,"turns":4},{"damage":23,"enemies":"Lagavulin","floor":14,"turns":4}],"seed_played":"8602269910872781523","potions_obtained":[{"floor":1.0,"key":"FocusPotion"}],"is_trial":false,"path_per_floor":["M","$","?","M","?","E","R","E","T","?","R","M","M","E"],"character_chosen":"DEFECT","items_purchased":["Static Discharge"],"campfire_rested":1,"item_purchase_floors":[2],"current_hp_per_floor":[64,64,64,64,57,57,57,23,23,23,44,39,20,0,0],"gold":258,"neow_bonus":"THREE_ENEMY_KILL","is_daily":false,"chose_seed":false,"campfire_upgraded":1,"win_rate":0.0,"timestamp":1613781565,"path_taken":["M","$","?","M","?","E","R","E","T","?","R","M","M","E"],"items_purchased_type":["Card"],"build_version":"2020-12-22","purchased_purges":0,"victory":false,"max_hp_per_floor":[71,71,71,71,71,71,71,71,71,71,71,71,71,71,71],"relic_stats":{"Blood Vial":8,"Emotion Chip":[10,9,1,0,0],"counters":[7,17],"MawBank":60,"obtain_stats":[{"Blood Vial":6,"Emotion Chip":8,"NeowsBlessing":0,"Cracked Core":0,"MawBank":9},{"Blood Vial":3,"Emotion Chip":4,"NeowsBlessing":0,"Cracked Core":0,"MawBank":4},{"Blood Vial":3,"Emotion Chip":7,"NeowsBlessing":0,"Cracked Core":0,"MawBank":7}]},"card_choices":[{"not_picked":["Auto Shields","Beam Cell"],"picked":"FTL","floor":1.0},{"not_picked":["Leap","Skim"],"picked":"Ball Lightning","floor":4.0},{"not_picked":["Fusion","Storm","Heatsinks"],"picked":"SKIP","floor":6.0},{"not_picked":["Double Energy","Coolheaded","Beam Cell"],"picked":"SKIP","floor":8.0},{"not_picked":["Streamline","Beam Cell"],"picked":"Seek","floor":12},{"not_picked":["Steam Power","Beam Cell"],"picked":"Barrage","floor":13}],"player_experience":748650,"relics_obtained":[{"floor":6.0,"key":"Blood Vial"},{"floor":8.0,"key":"Emotion Chip"},{"floor":9.0,"key":"MawBank"}],"event_choices":[{"damage_healed":0.0,"max_hp_gain":0.0,"max_hp_loss":0.0,"gold_gain":0.0,"event_name":"The Cleric","player_choice":"Leave","floor":3.0,"gold_loss":0.0,"damage_taken":0.0},{"cards_removed":["Strike_B"],"damage_healed":0.0,"max_hp_gain":0.0,"max_hp_loss":0.0,"gold_gain":0.0,"event_name":"Golden Wing","player_choice":"Card Removal","floor":5.0,"gold_loss":0.0,"damage_taken":7.0},{"damage_healed":0,"gold_gain":0,"player_choice":"2 cards matched","damage_taken":0,"max_hp_gain":0,"max_hp_loss":0,"event_name":"Match and Keep!","floor":10,"gold_loss":0,"cards_obtained":["Creative AI","Chill"]}],"is_beta":false,"boss_relics":[],"items_purged_floors":[],"is_endless":false,"potions_floor_spawned":[1],"killed_by":"Lagavulin","ascension_level":20}}