{"host":"ssqg06p4hogpulti","time":1613856487,"event":{"mods":["BaseMod","Minty Spire (QoL Compilation)","StSLib","The Marked"],"gold_per_floor":[109,123,123,123,143,169,182,192,218,218,228,255,274,274,274,376,376,396,411,36,36,51,77,77,77,127,127,0,26,39,54,54,54,54],"floor_reached":33,"language":"SPA","playtime":1561,"items_purged":["Parasite"],"score":354,"play_id":"7959f2f5-a431-48f4-9827-9af5e5f15779","local_time":"20210220222807","is_ascension_mode":false,"campfire_choices":[{"floor":10,"key":"RECALL"},{"data":"theMarked:Maelstrom","floor":15,"key":"SMITH"},{"floor":24,"key":"REST"},{"floor":32,"key":"REST"}],"circlet_count":0,"master_deck":["theMarked:Strike","theMarked:Strike","theMarked:Strike","theMarked:Strike","theMarked:Strike","theMarked:Defend","theMarked:Defend","theMarked:Defend","theMarked:Defend","theMarked:SoldierOfQuellstein","theMarked:Parry","theMarked:TunnelVision","theMarked:SwordAndMagic","theMarked:Maelstrom+1","theMarked:Parkour","theMarked:Parkour","theMarked:GodGivenPower","theMarked:PowerFlow","theMarked:Aftermath","theMarked:Vacuum","theMarked:BanishingStrike+1","theMarked:ContemptForTheProud+1","theMarked:Vacuum","theMarked:ResourceFulStrike","theMarked:ChainLightning","Writhe","theMarked:Reabsorb+1","theMarked:EmpowerWeapon+1"],"relics":["theMarked:ArtifactOfAir","NeowsBlessing","Mercury Hourglass","Tiny Chest","MealTicket","Fusion Hammer","theMarked:DemonDagger","Boot","Orichalcum","Toxic Egg 2","Oddly Smooth Stone","Akabeko"],"acts_visited":["Exordium","TheCity"],"potions_floor_usage":[6,12,12,12,23,33,33],"damage_taken":[{"damage":0,"enemies":"Jaw Worm","floor":1,"turns":1},{"damage":0,"enemies":"2 Louse","floor":2,"turns":1},{"damage":0,"enemies":"Small Slimes","floor":5,"turns":1},{"damage":31,"enemies":"Lagavulin","floor":6,"turns":6},{"damage":10,"enemies":"Exordium Thugs","floor":7,"turns":3},{"damage":12,"enemies":"Blue Slaver","floor":8,"turns":2},{"damage":3,"enemies":"3 Louse","floor":11,"turns":2},{"damage":0,"enemies":"Gremlin Nob","floor":12,"turns":2},{"damage":0,"enemies":"Looter","floor":13,"turns":3},{"damage":0,"enemies":"Slime Boss","floor":16,"turns":5},{"damage":31,"enemies":"2 Thieves","floor":18,"turns":4},{"damage":12,"enemies":"Shell Parasite","floor":19,"turns":3},{"damage":12,"enemies":"Centurion and Healer","floor":22,"turns":3},{"damage":22,"enemies":"Gremlin Leader","floor":23,"turns":6},{"damage":2,"enemies":"Snecko","floor":30,"turns":3},{"damage":21,"enemies":"Shelled Parasite and Fungi","floor":31,"turns":3},{"damage":53,"enemies":"Automaton","floor":33,"turns":6}],"seed_played":"2056012187458858516","potions_obtained":[{"floor":1,"key":"ColorlessPotion"},{"floor":6,"key":"theMarked:ChargePotion"},{"floor":8,"key":"Strength Potion"},{"floor":11,"key":"theMarked:ChargePotion"},{"floor":16,"key":"Ancient Potion"},{"floor":22,"key":"Weak Potion"},{"floor":30,"key":"SmokeBomb"},{"floor":31,"key":"theMarked:ChargePotion"}],"is_trial":false,"path_per_floor":["M","M","?","?","M","E","M","M","T","R","M","E","M","?","R","B",null,"M","M","$","?","M","E","R","T","T","?","?","T","M","M","R","B"],"character_chosen":"THE_DEFAULT","items_purchased":["theMarked:DemonDagger","Boot"],"campfire_rested":2,"item_purchase_floors":[20,20],"current_hp_per_floor":[72,72,72,72,72,41,31,19,19,19,16,16,16,34,34,34,72,41,29,44,44,32,10,30,30,30,30,30,30,28,7,27,0,0],"gold":54,"neow_bonus":"THREE_ENEMY_KILL","is_daily":false,"chose_seed":false,"campfire_upgraded":1,"win_rate":0.0,"timestamp":1613856487,"path_taken":["M","M","?","?","M","E","M","M","T","R","M","E","M","?","R","BOSS","M","M","$","?","?","E","R","?","T","?","?","?","M","M","R","BOSS"],"items_purchased_type":["Relic","Relic"],"build_version":"2020-12-22","purchased_purges":1,"victory":false,"max_hp_per_floor":[72,72,72,72,72,72,72,72,72,72,72,72,72,72,72,72,72,72,72,69,69,69,69,69,69,69,69,69,69,69,69,69,69,69],"card_choices":[{"not_picked":["theMarked:BanishingWave","theMarked:Aftermath"],"picked":"theMarked:Parry","floor":1},{"not_picked":["theMarked:SwordAndMagic","theMarked:Generate"],"picked":"theMarked:TunnelVision","floor":2},{"not_picked":["theMarked:RepellingDischarge","theMarked:Parkour"],"picked":"theMarked:SwordAndMagic","floor":5},{"not_picked":["theMarked:BanishingWave","theMarked:WastefulAttack"],"picked":"theMarked:Maelstrom","floor":6},{"not_picked":["theMarked:ResourceFulStrike","theMarked:TheMission"],"picked":"theMarked:Parkour","floor":7},{"not_picked":["theMarked:Parry","theMarked:SwordAndMagic"],"picked":"theMarked:Parkour","floor":8},{"not_picked":["theMarked:Toughness","theMarked:TakeCover"],"picked":"theMarked:GodGivenPower","floor":11},{"not_picked":["theMarked:HeightenedSenses","theMarked:ParalyzingBlade"],"picked":"theMarked:PowerFlow","floor":12},{"not_picked":["theMarked:WastefulAttack","theMarked:Improvise"],"picked":"theMarked:Aftermath","floor":13},{"not_picked":["theMarked:Abjuration","theMarked:ThrowWeapon"],"picked":"theMarked:Vacuum","floor":16},{"not_picked":["theMarked:MuscleMemory","theMarked:EmpowerWeapon"],"picked":"theMarked:BanishingStrike+1","floor":18},{"not_picked":["theMarked:Frustration","theMarked:RepellingDischarge"],"picked":"theMarked:ContemptForTheProud+1","floor":19},{"not_picked":["theMarked:TakeCover","theMarked:WastefulAttack"],"picked":"theMarked:ResourceFulStrike","floor":22},{"not_picked":["theMarked:Memento","theMarked:SwordAndMagic"],"picked":"theMarked:ChainLightning","floor":23},{"not_picked":["theMarked:TwofoldDefense+1","theMarked:SwordAndMagic"],"picked":"theMarked:Reabsorb+1","floor":30},{"not_picked":["theMarked:RepellingDischarge+1","theMarked:SelfDefenseTraining"],"picked":"theMarked:EmpowerWeapon+1","floor":31}],"player_experience":273368,"relics_obtained":[{"floor":6,"key":"Mercury Hourglass"},{"floor":9,"key":"Tiny Chest"},{"floor":12,"key":"MealTicket"},{"floor":23,"key":"Orichalcum"},{"floor":25,"key":"Toxic Egg 2"},{"floor":29,"key":"Akabeko"}],"event_choices":[{"damage_healed":0,"gold_gain":0,"player_choice":"Ignored","damage_taken":0,"max_hp_gain":0,"max_hp_loss":0,"event_name":"Golden Wing","floor":3,"gold_loss":0},{"damage_healed":0,"gold_gain":0,"player_choice":"Leave","damage_taken":0,"max_hp_gain":0,"max_hp_loss":0,"event_name":"The Cleric","floor":4,"gold_loss":0},{"damage_healed":18,"gold_gain":0,"player_choice":"Healed and dodged fight","damage_taken":0,"max_hp_gain":0,"max_hp_loss":0,"event_name":"Mushrooms","floor":14,"gold_loss":0,"cards_obtained":["Parasite"]},{"damage_healed":0,"gold_gain":0,"player_choice":"Copied","damage_taken":0,"max_hp_gain":0,"max_hp_loss":0,"event_name":"Duplicator","floor":21,"gold_loss":0,"cards_obtained":["theMarked:Vacuum"]},{"damage_healed":0,"gold_gain":0,"player_choice":"Opened","damage_taken":0,"relics_obtained":["Oddly Smooth Stone"],"max_hp_gain":0,"max_hp_loss":0,"event_name":"The Mausoleum","floor":27,"gold_loss":0,"cards_obtained":["Writhe"]},{"damage_healed":0,"gold_gain":0,"player_choice":"Paid Fearfully","damage_taken":0,"max_hp_gain":0,"max_hp_loss":0,"event_name":"Masked Bandits","floor":28,"gold_loss":127}],"is_beta":false,"boss_relics":[{"not_picked":["Runic Pyramid","Ectoplasm"],"picked":"Fusion Hammer"}],"items_purged_floors":[20],"is_endless":false,"potions_floor_spawned":[1,6,8,11,16,22,30,31],"killed_by":"Automaton","ascension_level":0}}