{"host":"xg4r5pv6chpuampg","time":1613834597,"event":{"mods":["AchievementEnabler","BaseMod","Googly Eyes","Minty Spire (QoL Compilation)","StSLib","Together in Spire"],"gold_per_floor":[112,125,141,106,125,125,49,49,49,49,379,398,398,478,478,578,578,591,591,591,610,630,630,650,650,674,684,684,699,699,714,714,811,811,828,838,838,838,838],"floor_reached":38,"language":"ENG","playtime":1552,"items_purged":[],"score":403,"play_id":"be110d90-3c80-4947-aba7-7f01fbc202bb","local_time":"20210220182317","is_ascension_mode":false,"campfire_choices":[{"floor":6,"key":"REST"},{"data":"Ragnarok","floor":8,"key":"SMITH"},{"data":"BattleHymn","floor":10,"key":"SMITH"},{"data":"Collect","floor":13,"key":"SMITH"},{"data":"Eruption","floor":15,"key":"SMITH"},{"floor":23,"key":"REST"},{"floor":25,"key":"REST"},{"floor":32,"key":"REST"}],"circlet_count":0,"master_deck":["Strike_P+1","Strike_P+1","Strike_P+1","Defend_P+1","Defend_P+1","Defend_P+1","Eruption+1","Vigilance","Prostrate","CrushJoints","BattleHymn+1","Ragnarok+1","SignatureMove","Collect+1","Prostrate","DeusExMachina","ForeignInfluence","Pray","Crescendo+1","Devotion","Protect+1","SandsOfTime","ConjureBlade","Alpha","FlurryOfBlows","Writhe"],"relics":["PureWater","Dream Catcher","FossilizedHelix","Old Coin","Philosopher\u0027s Stone","Gambling Chip","Empty Cage"],"acts_visited":["Exordium","TheCity","TheBeyond"],"potions_floor_usage":[16,21,33,33],"damage_taken":[{"damage":7,"enemies":"Cultist","floor":1,"turns":3},{"damage":10,"enemies":"Small Slimes","floor":2,"turns":3},{"damage":0,"enemies":"2 Louse","floor":3,"turns":2},{"damage":40,"enemies":"Large Slime","floor":5,"turns":4},{"damage":0,"enemies":"Gremlin Nob","floor":11,"turns":3},{"damage":8,"enemies":"2 Fungi Beasts","floor":12,"turns":3},{"damage":41,"enemies":"The Guardian","floor":16,"turns":5},{"damage":7,"enemies":"Shell Parasite","floor":18,"turns":3},{"damage":24,"enemies":"3 Byrds","floor":21,"turns":4},{"damage":0,"enemies":"Snecko","floor":22,"turns":2},{"damage":16,"enemies":"Snake Plant","floor":24,"turns":3},{"damage":62,"enemies":"Shelled Parasite and Fungi","floor":27,"turns":5},{"damage":0,"enemies":"Chosen and Byrds","floor":29,"turns":4},{"damage":0,"enemies":"Sentry and Sphere","floor":31,"turns":2},{"damage":23,"enemies":"Automaton","floor":33,"turns":6},{"damage":29,"enemies":"3 Darklings","floor":35,"turns":4},{"damage":28,"enemies":"3 Shapes","floor":36,"turns":4},{"damage":36,"enemies":"Sphere and 2 Shapes","floor":38,"turns":1}],"seed_played":"5334384150332592930","potions_obtained":[{"floor":2,"key":"Fire Potion"},{"floor":5,"key":"Swift Potion"},{"floor":11,"key":"DuplicationPotion"},{"floor":16,"key":"Explosive Potion"},{"floor":18,"key":"EssenceOfSteel"},{"floor":22,"key":"StancePotion"},{"floor":36,"key":"SpeedPotion"}],"is_trial":false,"path_per_floor":["M","M","M","?","M","R","$","R","T","R","E","M","R","?","R","B",null,"M","?","?","M","M","R","M","R","T","M","?","M","?","M","R","B",null,"M","M","?","M"],"character_chosen":"WATCHER","items_purchased":["DuplicationPotion"],"campfire_rested":4,"item_purchase_floors":[7],"current_hp_per_floor":[65,55,55,72,32,53,53,53,53,53,53,45,45,45,45,4,72,65,65,65,41,41,62,46,67,67,5,5,5,5,5,26,3,72,43,15,33,0,0],"gold":838,"neow_bonus":"RANDOM_COMMON_RELIC","is_daily":false,"chose_seed":false,"campfire_upgraded":4,"win_rate":0.0,"timestamp":1613834597,"path_taken":["M","M","?","?","M","R","$","R","T","R","E","M","R","?","R","BOSS","M","?","?","M","M","R","M","R","T","M","?","M","?","M","R","BOSS","M","M","?","M"],"items_purchased_type":["Potion"],"build_version":"2020-12-22","purchased_purges":0,"victory":false,"max_hp_per_floor":[72,72,72,72,72,72,72,72,72,72,72,72,72,72,72,72,72,72,72,72,72,72,72,72,72,72,72,72,72,72,72,72,72,72,72,72,72,72,72],"card_choices":[{"not_picked":["FlyingSleeves","EmptyBody"],"picked":"Prostrate","floor":1},{"not_picked":["Nirvana","Swivel"],"picked":"CrushJoints","floor":2},{"not_picked":["FlyingSleeves","EmptyFist"],"picked":"BattleHymn","floor":3},{"not_picked":["Consecrate","ForeignInfluence"],"picked":"Ragnarok","floor":5},{"not_picked":["FlyingSleeves","Protect"],"picked":"SignatureMove","floor":6},{"not_picked":["CrushJoints","Consecrate"],"picked":"Collect","floor":11},{"not_picked":["FlurryOfBlows","EmptyFist"],"picked":"Prostrate","floor":12},{"not_picked":["Scrawl","Omniscience"],"picked":"DeusExMachina","floor":16},{"not_picked":["JustLucky","EmptyFist"],"picked":"ForeignInfluence","floor":18},{"not_picked":["Evaluate","FlyingSleeves","PathToVictory"],"picked":"SKIP","floor":21},{"not_picked":["CrushJoints","Study"],"picked":"Pray","floor":22},{"not_picked":["CutThroughFate","FlurryOfBlows"],"picked":"Crescendo+1","floor":23},{"not_picked":["WreathOfFlame","FollowUp"],"picked":"Devotion","floor":24},{"not_picked":["FlyingSleeves","SignatureMove+1"],"picked":"Protect+1","floor":27},{"not_picked":["WreathOfFlame","BowlingBash"],"picked":"SandsOfTime","floor":29},{"not_picked":["Protect","BowlingBash+1"],"picked":"ConjureBlade","floor":31},{"not_picked":["MasterReality","Devotion"],"picked":"Alpha","floor":33},{"not_picked":["SignatureMove","SashWhip"],"picked":"FlurryOfBlows","floor":35},{"not_picked":["BowlingBash","Protect+1","FlyingSleeves+1"],"picked":"SKIP","floor":36}],"player_experience":144164,"relics_obtained":[{"floor":9,"key":"FossilizedHelix"},{"floor":11,"key":"Old Coin"}],"event_choices":[{"damage_healed":18,"gold_gain":0,"player_choice":"Healed","damage_taken":0,"max_hp_gain":0,"max_hp_loss":0,"event_name":"The Cleric","floor":4,"gold_loss":35},{"damage_healed":0,"gold_gain":80,"player_choice":"Gained Gold","damage_taken":0,"max_hp_gain":0,"max_hp_loss":0,"event_name":"Golden Wing","floor":14,"gold_loss":0},{"damage_healed":0,"gold_gain":0,"player_choice":"Simplicity","damage_taken":0,"max_hp_gain":0,"max_hp_loss":0,"event_name":"Back to Basics","floor":19,"gold_loss":0,"cards_upgraded":["Strike_P","Strike_P","Strike_P","Strike_P","Defend_P","Defend_P","Defend_P","Defend_P"]},{"damage_healed":0,"gold_gain":0,"player_choice":"Ignored","damage_taken":0,"max_hp_gain":0,"max_hp_loss":0,"event_name":"Ghosts","floor":20,"gold_loss":0},{"damage_healed":0,"gold_gain":0,"player_choice":"Opened","damage_taken":0,"relics_obtained":["Gambling Chip"],"max_hp_gain":0,"max_hp_loss":0,"event_name":"The Mausoleum","floor":28,"gold_loss":0},{"damage_healed":0,"gold_gain":0,"player_choice":"Ignored","damage_taken":0,"max_hp_gain":0,"max_hp_loss":0,"event_name":"Cursed Tome","floor":30,"gold_loss":0},{"damage_healed":18,"gold_gain":0,"player_choice":"Writhe","damage_taken":0,"max_hp_gain":0,"max_hp_loss":0,"event_name":"Winding Halls","floor":37,"gold_loss":0,"cards_obtained":["Writhe"]}],"is_beta":false,"boss_relics":[{"not_picked":["Coffee Dripper","Velvet Choker"],"picked":"Philosopher\u0027s Stone"},{"not_picked":["Runic Dome","SacredBark"],"picked":"Empty Cage"}],"items_purged_floors":[],"is_endless":false,"potions_floor_spawned":[2,5,11,16,18,22,29,36],"killed_by":"Sphere and 2 Shapes","ascension_level":0}}