{"host":"s6crvt3yfdd1ycvm","time":1613812877,"event":{"mods":["Act Like it!","Arknights","BaseMod","Gensokyo","KinomotoSakuraMod(ƒæ÷Æ±æ”£)","Marisa£®ÏF”Í°°ƒß¿Ì…≥£©","Minty Spire (QoL Compilation)","StSLib","Td1madao Mod","The Cursed","The Mystic","The Poker Player","The Runesmith","The Servant 0.9.4","Youmu£®ªÍ∆«—˝√Œ£©","Yuyuko"],"gold_per_floor":[111,124,124,139,139,156,231,231,279,279,312,330,330,344,344,441,441,459,459,476,494,494,494],"floor_reached":22,"language":"ZHS","playtime":1919,"items_purged":[],"score":188,"play_id":"8ed31eaf-e4ee-4148-8e69-1116e5fbddf6","local_time":"20210220172117","is_ascension_mode":false,"campfire_choices":[{"data":"ats:Sashimi Platter","floor":10,"key":"SMITH"},{"data":"ats:Ignite","floor":13,"key":"SMITH"},{"data":"ats:Burning Ground","floor":15,"key":"SMITH"}],"circlet_count":0,"master_deck":["ats:Strike S","ats:Strike V","ats:Armor Crushing Shot","ats:Defend","ats:Defend","ats:Defend","ats:Defend","ats:Emotion Absorption","ats:Sashimi Platter+1","ats:Sashimi Platter+1","Bash","Panacea","ats:Ignite+1","ats:Closed Bolt Burst Fire","ats:Burning Ground+1","ats:Absolute Focus","ats:Sunburst","ats:Part Time Job","ats:Volcano","ats:Apocalypse","ats:Very Hot Blade+1","ats:Collapsing Strike+1"],"relics":["ats:Sanity Plus","NeowsBlessing","Boot","ats:Originium","ats:Rhine Circuitry"],"acts_visited":["Exordium","TheCity"],"potions_floor_usage":[16,16,20,21],"damage_taken":[{"damage":0,"enemies":"ats:Genji","floor":1,"turns":1},{"damage":0,"enemies":"Cultist","floor":2,"turns":1},{"damage":0,"enemies":"2 Louse","floor":4,"turns":2},{"damage":18,"enemies":"2 Fungi Beasts","floor":6,"turns":4},{"damage":34,"enemies":"Gremlin Nob","floor":11,"turns":5},{"damage":22,"enemies":"Looter","floor":12,"turns":4},{"damage":11,"enemies":"Red Slaver","floor":14,"turns":3},{"damage":89,"enemies":"The Guardian","floor":16,"turns":10},{"damage":33,"enemies":"3 Byrds","floor":18,"turns":5},{"damage":71,"enemies":"Shell Parasite","floor":20,"turns":11},{"damage":42,"enemies":"Snake Plant","floor":21,"turns":3},{"damage":23,"enemies":"Centurion and Healer","floor":22,"turns":3}],"seed_played":"-2251831781549482259","potions_obtained":[{"floor":2,"key":"AttackPotion"},{"floor":4,"key":"Weak Potion"},{"floor":6,"key":"LiquidBronze"},{"floor":11,"key":"FearPotion"},{"floor":14,"key":"ats:Burn Small Potion"},{"floor":18,"key":"Dexterity Potion"},{"floor":21,"key":"ColorlessPotion"}],"is_trial":false,"path_per_floor":["M","M","?","M","?","M","?","?","T","R","E","M","R","M","R","B",null,"M","?","M","M","M"],"character_chosen":"DOCTOR_CLASS","items_purchased":[],"campfire_rested":0,"item_purchase_floors":[],"current_hp_per_floor":[72,72,72,72,72,68,57,57,57,57,43,45,45,48,48,6,72,45,45,32,5,0,0],"gold":494,"neow_bonus":"THREE_ENEMY_KILL","is_daily":false,"chose_seed":false,"campfire_upgraded":3,"win_rate":0.0,"timestamp":1613812877,"path_taken":["M","M","?","?","?","M","?","?","T","R","E","M","R","?","R","BOSS","M","?","M","?","M"],"items_purchased_type":[],"build_version":"2020-12-22","purchased_purges":0,"victory":false,"max_hp_per_floor":[72,72,72,72,72,72,72,72,72,72,72,72,72,72,72,72,72,72,72,72,72,72,72],"card_choices":[{"not_picked":["ats:Apocalypse","ats:Hammer On"],"picked":"ats:Sashimi Platter","floor":1},{"not_picked":["ats:Absolute Focus","ats:Ignite"],"picked":"ats:Sashimi Platter","floor":2},{"not_picked":["ats:Flexible Camouflage","ats:Directed Diagnosis"],"picked":"ats:Ignite","floor":4},{"not_picked":["ats:Hammer On","ats:Guard Mode"],"picked":"ats:Closed Bolt Burst Fire","floor":6},{"not_picked":["ats:Defend Order","ats:LN2 Cannon"],"picked":"ats:Absolute Focus","floor":11},{"not_picked":["ats:Blood Oath","ats:Poison Spread"],"picked":"ats:Sunburst","floor":12},{"not_picked":["ats:Shell Defense","ats:Beaten Up"],"picked":"ats:Part Time Job","floor":14},{"not_picked":["ats:Shadow Assault","ats:Disruption Kick"],"picked":"ats:Volcano","floor":16},{"not_picked":["ats:Rapid Magazine","ats:Cat Scratch"],"picked":"ats:Apocalypse","floor":18},{"not_picked":["ats:Powerful Strike","ats:Rapid Magazine"],"picked":"ats:Very Hot Blade+1","floor":20},{"not_picked":["ats:Explosion Area Strengthen+1","ats:Flexible Camouflage"],"picked":"ats:Collapsing Strike+1","floor":21}],"player_experience":32880,"relics_obtained":[{"floor":9,"key":"Boot"},{"floor":11,"key":"ats:Originium"},{"floor":11,"key":"ats:Rhine Circuitry"}],"event_choices":[{"damage_healed":0,"gold_gain":0,"player_choice":"2 cards matched","damage_taken":0,"max_hp_gain":0,"max_hp_loss":0,"event_name":"Match and Keep!","floor":3,"gold_loss":0,"cards_obtained":["Bash","Panacea"]},{"damage_healed":0,"gold_gain":0,"player_choice":"Grow","damage_taken":0,"max_hp_gain":0,"max_hp_loss":0,"event_name":"Living Wall","floor":5,"gold_loss":0,"cards_upgraded":["ats:Sashimi Platter"]},{"damage_healed":0,"gold_gain":75,"player_choice":"Gather Gold","damage_taken":11,"max_hp_gain":0,"max_hp_loss":0,"event_name":"World of Goop","floor":7,"gold_loss":0},{"damage_healed":0,"gold_gain":0,"cards_transformed":["ats:Strike C"],"player_choice":"Transformed","damage_taken":0,"max_hp_gain":0,"max_hp_loss":0,"event_name":"Transmorgrifier","floor":8,"gold_loss":0,"cards_obtained":["ats:Burning Ground"]},{"cards_removed":["ats:Strike G"],"damage_healed":0,"gold_gain":0,"player_choice":"Offered Basic","damage_taken":0,"max_hp_gain":0,"max_hp_loss":0,"event_name":"Bonfire Elementals","floor":19,"gold_loss":0}],"is_beta":false,"boss_relics":[{"not_picked":["Ectoplasm","Busted Crown"],"picked":"ats:Sanity Plus"}],"items_purged_floors":[],"is_endless":false,"potions_floor_spawned":[2,4,6,11,14,18,21],"killed_by":"Centurion and Healer","ascension_level":0}}