{"host":"08xvxt5w1s7zc7e5","time":1613799552,"event":{"mods":["AchievementEnabler","BaseMod","DeckTracker","Minty Spire (QoL Compilation)","Quick Restart","StSLib","SuperFastMode"],"gold_per_floor":[118,132,87,102,122,122,122,122,171,181,181,195,212,230,230,333,333,350,370,370,370],"floor_reached":20,"language":"KOR","playtime":434,"items_purged":[],"score":238,"play_id":"c6b287b4-4cd4-4fc9-87d3-4fa74c42bc08","local_time":"20210220143912","is_ascension_mode":true,"campfire_choices":[{"data":"Neutralize","floor":6.0,"key":"SMITH"},{"data":"Quick Slash","floor":8.0,"key":"SMITH"},{"data":"Poisoned Stab","floor":11.0,"key":"SMITH"},{"data":"Phantasmal Killer","floor":15.0,"key":"SMITH"}],"circlet_count":0,"master_deck":["Strike_G","Strike_G","Strike_G","Strike_G","Strike_G","Defend_G","Defend_G","Defend_G","Defend_G","Defend_G","Survivor","Neutralize+1","Poisoned Stab+1","Quick Slash+1","Expertise","PiercingWail","Tactician","Escape Plan","Phantasmal Killer+1","Malaise","Acrobatics","Finisher"],"relics":["Ring of the Snake","NeowsBlessing","Calipers","Anchor","Philosopher\u0027s Stone"],"acts_visited":["Exordium","TheCity"],"potions_floor_usage":[18,19],"damage_taken":[{"damage":0.0,"enemies":"Cultist","floor":1.0,"turns":1.0},{"damage":0.0,"enemies":"2 Louse","floor":2.0,"turns":1.0},{"damage":0.0,"enemies":"Jaw Worm","floor":4.0,"turns":1.0},{"damage":2.0,"enemies":"3 Louse","floor":5.0,"turns":4.0},{"damage":0.0,"enemies":"Lots of Slimes","floor":10.0,"turns":4.0},{"damage":13.0,"enemies":"Blue Slaver","floor":12.0,"turns":3.0},{"damage":0.0,"enemies":"3 Louse","floor":13.0,"turns":3.0},{"damage":1.0,"enemies":"Red Slaver","floor":14.0,"turns":3.0},{"damage":31.0,"enemies":"Hexaghost","floor":16.0,"turns":11.0},{"damage":14,"enemies":"Shell Parasite","floor":18,"turns":4},{"damage":21,"enemies":"3 Byrds","floor":19,"turns":6},{"damage":28,"enemies":"Shelled Parasite and Fungi","floor":20,"turns":5}],"seed_played":"-1004524312031108209","potions_obtained":[{"floor":1.0,"key":"Energy Potion"},{"floor":4.0,"key":"DistilledChaos"},{"floor":10.0,"key":"SpeedPotion"},{"floor":13.0,"key":"LiquidMemories"}],"is_trial":false,"path_per_floor":["M","M","$","M","M","R","T","R","T","M","R","M","M","M","R","B",null,"M","M","M"],"character_chosen":"THE_SILENT","items_purchased":["Poisoned Stab"],"campfire_rested":0,"item_purchase_floors":[3],"current_hp_per_floor":[63,63,63,63,61,61,61,61,61,61,61,48,48,47,47,16,57,43,22,0,0],"gold":370,"neow_bonus":"THREE_ENEMY_KILL","is_daily":false,"chose_seed":false,"campfire_upgraded":4,"win_rate":0.0,"timestamp":1613799552,"path_taken":["M","M","$","M","M","R","?","R","T","M","R","M","M","M","R","BOSS","M","M","M"],"items_purchased_type":["Card"],"build_version":"2020-12-22","purchased_purges":0,"victory":false,"max_hp_per_floor":[70,70,70,70,70,70,70,70,70,70,70,70,70,70,70,70,70,70,70,70,70],"card_choices":[{"not_picked":["Flechettes","Underhanded Strike","Dodge and Roll"],"picked":"SKIP","floor":1.0},{"not_picked":["Outmaneuver","Setup","Eviscerate"],"picked":"SKIP","floor":2.0},{"not_picked":["Underhanded Strike","Well Laid Plans"],"picked":"Quick Slash","floor":4.0},{"not_picked":["Poisoned Stab","Concentrate"],"picked":"Expertise","floor":5.0},{"not_picked":["Bane","Sucker Punch"],"picked":"PiercingWail","floor":10.0},{"not_picked":["Poisoned Stab","Flying Knee"],"picked":"Tactician","floor":12.0},{"not_picked":["Quick Slash","Dagger Throw"],"picked":"Escape Plan","floor":13.0},{"not_picked":["Finisher","Outmaneuver"],"picked":"Phantasmal Killer","floor":14.0},{"not_picked":["Doppelganger","Bullet Time"],"picked":"Malaise","floor":16.0},{"not_picked":["Blade Dance","Well Laid Plans"],"picked":"Acrobatics","floor":18},{"not_picked":["Outmaneuver","Acrobatics"],"picked":"Finisher","floor":19}],"player_experience":396343,"relics_obtained":[{"floor":7.0,"key":"Calipers"},{"floor":9.0,"key":"Anchor"}],"event_choices":[],"is_beta":false,"boss_relics":[{"not_picked":["Calling Bell","Runic Dome"],"picked":"Philosopher\u0027s Stone"}],"items_purged_floors":[],"is_endless":false,"potions_floor_spawned":[1,4,10,13],"killed_by":"Shelled Parasite and Fungi","ascension_level":8}}