{"host":"1vy6j31128f61x2z","time":1613849425,"event":{"mods":["AchievementEnabler","BaseMod","Colored Powertips","Minty Spire (QoL Compilation)","Permanent Neow"],"gold_per_floor":[117,117,131,149,149,149,181,83,110,110,110,137,137,148,148,247,247,262,281,281,297,132,132,132],"floor_reached":23,"language":"ENG","playtime":1034,"items_purged":["Strike_G","Strike_G"],"score":209,"play_id":"d5d8c573-119e-4a96-aa68-ba50d08f58a5","local_time":"20210220143025","is_ascension_mode":true,"campfire_choices":[{"data":"Leg Sweep","floor":6,"key":"SMITH"},{"data":"Footwork","floor":11,"key":"SMITH"},{"data":"Backflip","floor":13,"key":"SMITH"},{"data":"Backflip","floor":15,"key":"SMITH"}],"circlet_count":0,"master_deck":["Strike_G","Strike_G","Strike_G","Defend_G","Defend_G","Defend_G","Defend_G","Defend_G","Survivor","Neutralize","Leg Sweep+1","Footwork+1","All Out Attack","Bouncing Flask","Backflip+1","Deadly Poison","Corpse Explosion","Backflip+1","Tools of the Trade","Footwork","Blur","Footwork","Leg Sweep"],"relics":["Ring of the Snake","Pen Nib","MealTicket","Smiling Mask","Vajra","Oddly Smooth Stone","Runic Pyramid"],"acts_visited":["Exordium","TheCity"],"potions_floor_usage":[16,16,19,23],"damage_taken":[{"damage":0.0,"enemies":"Cultist","floor":1.0,"turns":5.0},{"damage":4.0,"enemies":"Jaw Worm","floor":3.0,"turns":7.0},{"damage":4.0,"enemies":"2 Louse","floor":4.0,"turns":3.0},{"damage":11,"enemies":"Lagavulin","floor":7,"turns":7},{"damage":2,"enemies":"3 Sentries","floor":12,"turns":8},{"damage":0,"enemies":"Gremlin Gang","floor":14,"turns":1},{"damage":10,"enemies":"Hexaghost","floor":16,"turns":8},{"damage":0,"enemies":"Chosen","floor":18,"turns":5},{"damage":18,"enemies":"2 Thieves","floor":19,"turns":4},{"damage":0,"enemies":"Shelled Parasite and Fungi","floor":21,"turns":7},{"damage":68,"enemies":"Slavers","floor":23,"turns":5}],"seed_played":"-7931881763636507003","potions_obtained":[{"floor":1.0,"key":"Poison Potion"},{"floor":7,"key":"SteroidPotion"},{"floor":12,"key":"Block Potion"},{"floor":14,"key":"Fire Potion"},{"floor":18,"key":"Energy Potion"},{"floor":21,"key":"Weak Potion"}],"is_trial":false,"path_per_floor":["M","?","M","M","?","R","E","$","T","?","R","E","R","M","R","B",null,"M","M","?","M","$","E"],"character_chosen":"THE_SILENT","items_purchased":["Deadly Poison","Footwork","Leg Sweep"],"campfire_rested":0,"item_purchase_floors":[8,22,22],"current_hp_per_floor":[70,70,66,62,62,62,51,66,66,66,66,64,64,64,64,54,70,70,52,52,52,67,0,0],"gold":132,"neow_bonus":"THREE_CARDS","is_daily":false,"chose_seed":false,"campfire_upgraded":4,"win_rate":0.0,"timestamp":1613849425,"path_taken":["M","?","M","M","?","R","E","$","T","?","R","E","R","M","R","BOSS","M","M","?","M","$","E"],"items_purchased_type":["Card","Card","Card"],"build_version":"2020-12-22","purchased_purges":2,"victory":false,"max_hp_per_floor":[70,70,70,70,70,70,70,70,70,70,70,70,70,70,70,70,70,70,70,70,70,70,70,70],"card_choices":[{"not_picked":["Skewer","Cloak And Dagger"],"picked":"Leg Sweep","floor":0.0},{"not_picked":["Expertise","Masterful Stab"],"picked":"Footwork","floor":1.0},{"not_picked":["Finisher","Prepared"],"picked":"All Out Attack","floor":3.0},{"not_picked":["Tactician","Flechettes"],"picked":"Bouncing Flask","floor":4.0},{"not_picked":["Choke","Acrobatics"],"picked":"Backflip","floor":7},{"not_picked":["Poisoned Stab","Outmaneuver"],"picked":"Corpse Explosion","floor":12},{"not_picked":["Riddle With Holes","PiercingWail"],"picked":"Backflip","floor":14},{"not_picked":["After Image","Unload"],"picked":"Tools of the Trade","floor":16},{"not_picked":["Bane","Acrobatics"],"picked":"Footwork","floor":18},{"not_picked":["Deadly Poison","Prepared"],"picked":"Blur","floor":19},{"not_picked":["Blade Dance","Cloak And Dagger+1","Deadly Poison"],"picked":"SKIP","floor":21}],"player_experience":94282,"relics_obtained":[{"floor":7,"key":"MealTicket"},{"floor":9,"key":"Smiling Mask"},{"floor":12,"key":"Oddly Smooth Stone"}],"event_choices":[{"damage_healed":0.0,"max_hp_gain":0.0,"max_hp_loss":0.0,"gold_gain":0.0,"event_name":"Big Fish","player_choice":"Box","floor":2.0,"gold_loss":0.0,"damage_taken":0.0,"relics_obtained":["Pen Nib"],"cards_obtained":["Regret"]},{"cards_removed":["Regret"],"damage_healed":0,"gold_gain":0,"player_choice":"Forget","damage_taken":0,"max_hp_gain":0,"max_hp_loss":0,"event_name":"Living Wall","floor":5,"gold_loss":0},{"damage_healed":0,"gold_gain":0,"player_choice":"Gave Potion","damage_taken":0,"relics_obtained":["Vajra"],"max_hp_gain":0,"max_hp_loss":0,"event_name":"WeMeetAgain","floor":10,"gold_loss":0},{"damage_healed":0,"gold_gain":0,"player_choice":"Ignored","damage_taken":0,"max_hp_gain":0,"max_hp_loss":0,"event_name":"Ghosts","floor":20,"gold_loss":0}],"is_beta":false,"boss_relics":[{"not_picked":["Busted Crown","WristBlade"],"picked":"Runic Pyramid"}],"items_purged_floors":[8,22],"is_endless":false,"potions_floor_spawned":[1,7,12,14,18,21],"killed_by":"Slavers","ascension_level":1}}