{"host":"sxaoifcprvg3ww0o","time":1613831193,"event":{"mods":["ATMod(∞¢Ë™Mod)","Act Like it!","Arknights","BaseMod","Downfall","Gensokyo","GifTheSpireLib","Hermit","KinomotoSakuraMod(ƒæ÷Æ±æ”£)","Lobotomy","LobotomyExtend","Marisa£®ÏF”Í°°ƒß¿Ì…≥£©","Minty Spire (QoL Compilation)","Prisma Mod","Quick Restart","Reimu£®≤©¿ˆ¡È√Œ£©","Reliquary","Remilia£®¿Ÿ√◊¿Ú—«£©","Replay The Spire","Ruina","StSLib","The Alterego","The Bug Knight","The Senshi","UnlockEverythingMod","Waifu the Spire","Yakumo Yukari mod","Youmu£®ªÍ∆«—˝√Œ£©","Yuyuko","°æ“≈ŒÔø®≈∆°øREMEMod"],"gold_per_floor":[235,235,235,249,249,282,182,182,230,243,243,243],"floor_reached":11,"language":"ZHS","playtime":481,"items_purged":[],"score":71,"play_id":"a050373b-38ca-45c3-bbdf-8570d58d74a7","local_time":"20210220222633","is_ascension_mode":false,"campfire_choices":[],"circlet_count":0,"master_deck":["AT_purpleEX","AT_purpleEX","AT_purpleEX","AT_purpleEX","Defend_purpleEX","Defend_purpleEX","Defend_purpleEX","Defend_purpleEX","Observe_purple_1","AT_FamilyPortrait","alterego_mod:Vow","Realm_recovery_purpleEX","Injury","Shallow_ocean_purpleEX"],"relics":["Boundary_crack","Memoryfragments_purpleEX","REME_ComplimentaryCards","AT_ATBox","LetterFromLob","Replay:Rubber Ducky","Gensokyo:Justice","Omamori","Singing Bowl","AT_RedTearstoneRing"],"acts_visited":["Exordium"],"potions_floor_usage":[11],"damage_taken":[{"damage":2,"enemies":"Gensokyo:2_Kodama","floor":1,"turns":4},{"damage":10,"enemies":"Gensokyo:Gryphon","floor":4,"turns":3},{"damage":54,"enemies":"Gensokyo:Aya","floor":6,"turns":7},{"damage":11,"enemies":"Gensokyo:Python","floor":10,"turns":3},{"damage":8,"enemies":"Gensokyo:Cirno","floor":11,"turns":3}],"seed_played":"-2651815787007078115","potions_obtained":[{"floor":10,"key":"LifebloodPotion"}],"is_trial":false,"path_per_floor":["M","?","?","M","$","E","?","?","T","M","E"],"character_chosen":"Youkari","items_purchased":[],"campfire_rested":0,"item_purchase_floors":[],"current_hp_per_floor":[70,70,70,60,60,6,6,14,14,5,0,0],"gold":243,"neow_bonus":"HUNDRED_GOLD","is_daily":false,"chose_seed":false,"campfire_upgraded":0,"win_rate":0.0,"timestamp":1613831193,"path_taken":["M","?","?","M","$","E","?","?","T","M","E"],"items_purchased_type":[],"build_version":"2020-12-22","purchased_purges":0,"victory":false,"max_hp_per_floor":[70,70,70,70,70,70,70,70,70,72,72,72],"card_choices":[{"not_picked":["Mirror_FormAndEmptin_purple","ExistenceContinue_purple"],"picked":"Realm_recovery_purpleEX","floor":1},{"not_picked":["DimensionStaggered_purple","Charmbait_purple"],"picked":"Shallow_ocean_purpleEX","floor":4},{"not_picked":["Line_surface_state_purple","Shallow_ocean_purpleEX","StateErode_purple"],"picked":"SKIP","floor":6},{"not_picked":["SharpContractionReality_purple","RuleDissolution_purple","Umbrella_purple"],"picked":"Singing Bowl","floor":10}],"player_experience":592735,"relics_obtained":[{"floor":1,"key":"LetterFromLob"},{"floor":6,"key":"Omamori"},{"floor":9,"key":"AT_RedTearstoneRing"}],"event_choices":[],"is_beta":false,"boss_relics":[],"items_purged_floors":[],"is_endless":false,"potions_floor_spawned":[10],"killed_by":"Gensokyo:Cirno","ascension_level":0}}