{"host":"u21q392b5xaj11fl","time":1613851694,"event":{"mods":["2.2 Compatiblity","Bard","BaseMod","Better Note","Colored Map","Colored Powertips","Conspire","Custom Start","Downfall","Faster Ascension Climbing","GifTheSpireLib","Gremlin Skip","Highlight Path","Hubris","Infinite Spire","Mad Scientist","Marisa????????","Mimic Mod","Minty Spire (QoL Compilation)","Monster B Gone","Permanent Neow","Potionbrewer","Quick Restart","READ ME - Guardian Mod","Relic Sorter","Replay The Spire","Shop Mod","Somnambulant","StSLib","Stuff the Spire","SuperFastMode","The Construct","The Disciple","The Servant 0.9.4"],"gold_per_floor":[115,127,127,127,20,53,75,75,75,75,114,114,138,165,165,246,246,267,267,289,289,229,255,255,255,255],"floor_reached":24,"language":"ENG","playtime":1762,"items_purged":[],"score":389,"play_id":"bc994b2d-62b3-4035-b432-f02b6272f16f","local_time":"20210220140814","is_ascension_mode":true,"campfire_choices":[{"data":"hexamod:Incineration","floor":10.0,"key":"SMITH"},{"data":"Feel No Pain","floor":15.0,"key":"SMITH"}],"circlet_count":0,"master_deck":["AscendersBane","hexamod:Strike","hexamod:Strike","hexamod:Strike","hexamod:Defend","hexamod:Defend","hexamod:Defend+1","hexamod:Defend","hexamod:Sear","hexamod:Float","hexamod:SecondSeal","hexamod:SpectersWail","hexamod:Incineration+1","hexamod:FourthSeal","hexamod:NightmareStrike","hexamod:EtherealExpedition","Feel No Pain+1","hexamod:SuperheatedStrike","hexamod:ParanormalForm","hexamod:GhostLash","hexamod:FifthSeal","hexamod:FastForward","hexamod:HauntingEcho"],"relics":["NeowsBlessing","hubris:Towel","hexamod:MatchstickCase","Shuriken","m_DevilBlood","Snack Pack","Centennial Puzzle","WarpedTongs","Philosopher\u0027s Stone","Nunchaku"],"acts_visited":["Exordium","TheCity"],"potions_floor_usage":[24],"damage_taken":[{"damage":0.0,"enemies":"conspire:RoseBush","floor":1.0,"turns":1.0},{"damage":0.0,"enemies":"Jaw Worm","floor":2.0,"turns":1.0},{"damage":0.0,"enemies":"Gremlin Nob","floor":6.0,"turns":1.0},{"damage":1.0,"enemies":"Cultist","floor":7.0,"turns":3.0},{"damage":8.0,"enemies":"Lagavulin","floor":11.0,"turns":5.0},{"damage":13.0,"enemies":"2 Fungi Beasts","floor":13.0,"turns":3.0},{"damage":5.0,"enemies":"3 Louse","floor":14.0,"turns":4.0},{"damage":20.0,"enemies":"Slime Boss","floor":16.0,"turns":9.0},{"damage":15.0,"enemies":"3 Byrds","floor":18.0,"turns":3.0},{"damage":5.0,"enemies":"Spheric Guardian","floor":20.0,"turns":3.0},{"damage":56,"enemies":"Slavers","floor":24,"turns":3}],"seed_played":"-3273249330704093720","potions_obtained":[{"floor":1.0,"key":"FearPotion"},{"floor":6.0,"key":"BlessingOfTheForge"},{"floor":7.0,"key":"LifebloodPotion"},{"floor":11.0,"key":"potionbrewer:FreezingPotion"},{"floor":13.0,"key":"DuplicationPotion"},{"floor":13.0,"key":"DuplicationPotion"},{"floor":14.0,"key":"potionbrewer:BlacksmithPotion"},{"floor":16.0,"key":"infinitespire:BlackPotion"},{"floor":18.0,"key":"Energy Potion"},{"floor":20.0,"key":"hexamod:DoubleChargePotion"}],"is_trial":false,"path_per_floor":["M","M","?","T","$","E","M","?","T","R","E","?","M","M","R","B",null,"M","?","M","?","?","T","E"],"character_chosen":"THE_SPIRIT","items_purchased":["hexamod:Incineration","hexamod:FourthSeal"],"campfire_rested":0,"item_purchase_floors":[5,5],"current_hp_per_floor":[57,57,57,57,57,57,56,56,56,56,56,56,51,54,54,44,58,53,53,54,54,54,54,0,0,0],"gold":255,"neow_bonus":"THREE_ENEMY_KILL","is_daily":false,"chose_seed":false,"campfire_upgraded":2,"win_rate":0.0,"timestamp":1613851694,"path_taken":["M","M","?","?","$","E","?","?","T","R","E","?","M","?","R","BOSS","M","?","?","?","?","?","E"],"items_purchased_type":["Card","Card"],"build_version":"2020-12-22","purchased_purges":0,"victory":false,"max_hp_per_floor":[63,63,63,63,63,63,63,63,63,63,63,63,63,63,63,63,63,63,63,63,63,63,63,63,63,63],"card_choices":[{"not_picked":["hexamod:SuperheatedStrike","hexamod:GhostLash"],"picked":"hexamod:SecondSeal","floor":1.0},{"not_picked":["hexamod:NightmareStrike","hexamod:ThirdSeal"],"picked":"hexamod:SpectersWail","floor":2.0},{"not_picked":["hexamod:ShieldOfDarkness","hexamod:SuperheatedStrike","hexamod:GhostOfSpirePresent"],"picked":"SKIP","floor":6.0},{"not_picked":["hexamod:InspiringFlames","hexamod:Haunt"],"picked":"hexamod:NightmareStrike","floor":7.0},{"not_picked":["hexamod:ExtraCrispy","hexamod:NightmareGuise"],"picked":"hexamod:EtherealExpedition","floor":11.0},{"not_picked":["hexamod:GhostOfSpirePast","hexamod:ThirdSeal"],"picked":"Feel No Pain","floor":13.0},{"not_picked":["hexamod:AdvancingGuard","hexamod:TimeOfNeed"],"picked":"hexamod:SuperheatedStrike","floor":14.0},{"not_picked":["hexamod:UnlimitedPower","hexamod:FlameSwitch"],"picked":"hexamod:ParanormalForm","floor":16.0},{"not_picked":["hexamod:ChargedBarrage","hexamod:SpectralAdrenaline+1"],"picked":"hexamod:GhostLash","floor":18.0},{"not_picked":["hexamod:Haunt+1","hexamod:GhostLash+1"],"picked":"hexamod:FastForward","floor":20.0}],"player_experience":323493,"relics_obtained":[{"floor":4.0,"key":"hexamod:MatchstickCase"},{"floor":6.0,"key":"Shuriken"},{"floor":9.0,"key":"Snack Pack"},{"floor":11.0,"key":"Centennial Puzzle"},{"floor":23.0,"key":"Nunchaku"}],"event_choices":[{"damage_healed":0.0,"max_hp_gain":0.0,"max_hp_loss":0.0,"gold_gain":0.0,"event_name":"Accursed Blacksmith","player_choice":"Rummage","floor":12.0,"gold_loss":0.0,"damage_taken":0.0,"relics_obtained":["WarpedTongs"],"cards_obtained":["Pain"]},{"damage_healed":0.0,"max_hp_gain":0.0,"max_hp_loss":0.0,"gold_gain":0.0,"event_name":"Match and Keep!","player_choice":"1 cards matched","floor":19.0,"gold_loss":0.0,"damage_taken":0.0,"cards_obtained":["hexamod:FifthSeal"]},{"damage_healed":0.0,"max_hp_gain":0.0,"max_hp_loss":0.0,"gold_gain":0.0,"cards_transformed":["hexamod:Strike"],"event_name":"Transmorgrifier","player_choice":"Transformed","floor":21.0,"gold_loss":0.0,"damage_taken":0.0,"cards_obtained":["hexamod:HauntingEcho"]},{"cards_removed":["Pain"],"damage_healed":0.0,"max_hp_gain":0.0,"max_hp_loss":0.0,"gold_gain":0.0,"event_name":"Designer","player_choice":"Single Remove","floor":22.0,"gold_loss":60.0,"damage_taken":0.0}],"is_beta":false,"boss_relics":[{"not_picked":["Calling Bell","conspire:SeveredTorchhead"],"picked":"Philosopher\u0027s Stone"}],"items_purged_floors":[],"is_endless":false,"potions_floor_spawned":[1,6,13,16],"killed_by":"Slavers","ascension_level":14}}