{"host":"3c8x8j1h2jyrixpf","time":1613780203,"event":{"mods":["BaseMod","Colored Powertips","Highlight Path","Minty Spire (QoL Compilation)","StSLib"],"gold_per_floor":[115,127,92,92,12,12,32,63,88,119,131,143,155,242,254,343,355,380,51,83,99,99,99,99,99],"floor_reached":24,"language":"ENG","playtime":694,"items_purged":["Strike_P"],"score":330,"play_id":"596b3d57-a145-40df-834e-82e2f8564756","local_time":"20210219181643","is_ascension_mode":true,"campfire_choices":[{"data":"Fasting2","floor":6.0,"key":"SMITH"},{"data":"DevaForm","floor":11.0,"key":"SMITH"},{"floor":13.0,"key":"REST"},{"data":"WheelKick","floor":15.0,"key":"SMITH"},{"floor":23,"key":"REST"}],"circlet_count":0,"master_deck":["AscendersBane","Strike_P","Strike_P","Defend_P","Defend_P","Eruption","Vigilance","WheelKick+1","DeceiveReality","Fasting2+1","Consecrate","BowlingBash","DevaForm+1","Omniscience","FlurryOfBlows","Apotheosis","CutThroughFate","FearNoEvil","TalkToTheHand"],"relics":["Empty Cage","Blood Vial","MawBank","Philosopher\u0027s Stone","Red Mask","Nilry\u0027s Codex"],"acts_visited":["Exordium","TheCity"],"potions_floor_usage":[18,20],"damage_taken":[{"damage":14.0,"enemies":"Small Slimes","floor":1.0,"turns":3.0},{"damage":21.0,"enemies":"Cultist","floor":2.0,"turns":4.0},{"damage":0.0,"enemies":"2 Louse","floor":7.0,"turns":6.0},{"damage":16.0,"enemies":"Gremlin Nob","floor":8.0,"turns":3.0},{"damage":5.0,"enemies":"Lagavulin","floor":10.0,"turns":10.0},{"damage":20.0,"enemies":"Hexaghost","floor":16.0,"turns":9.0},{"damage":7,"enemies":"3 Byrds","floor":18,"turns":3},{"damage":22,"enemies":"Masked Bandits","floor":20,"turns":3},{"damage":0,"enemies":"Chosen","floor":21,"turns":3},{"damage":49,"enemies":"Book of Stabbing","floor":24,"turns":4}],"seed_played":"-4645833334689069100","potions_obtained":[{"floor":2.0,"key":"Explosive Potion"},{"floor":4.0,"key":"Weak Potion"},{"floor":4.0,"key":"DuplicationPotion"},{"floor":8.0,"key":"Explosive Potion"},{"floor":16.0,"key":"Block Potion"},{"floor":20,"key":"Ancient Potion"}],"is_trial":false,"path_per_floor":["M","M","?","?","$","R","M","E","T","E","R","?","R","?","R","B",null,"M","$","?","M","?","R","E"],"character_chosen":"WATCHER","items_purchased":["Fasting2","Apotheosis","CutThroughFate","FearNoEvil"],"campfire_rested":2,"item_purchase_floors":[5,19,19,19],"current_hp_per_floor":[51,30,48,48,48,48,48,32,32,29,29,22,43,32,32,14,58,53,53,33,35,19,40,0,0],"gold":99,"neow_bonus":"BOSS_RELIC","is_daily":false,"chose_seed":false,"campfire_upgraded":3,"win_rate":0.0,"timestamp":1613780203,"path_taken":["M","M","?","?","$","R","?","E","T","E","R","?","R","?","R","BOSS","M","$","?","M","?","R","E"],"items_purchased_type":["Card","Card","Card","Card"],"build_version":"2020-12-22","purchased_purges":1,"victory":false,"max_hp_per_floor":[72,72,72,72,72,72,72,72,72,72,72,72,72,72,72,72,72,72,72,72,72,72,72,72,72],"card_choices":[{"not_picked":["Halt","ForeignInfluence"],"picked":"WheelKick","floor":1.0},{"not_picked":["BowlingBash","SashWhip"],"picked":"DeceiveReality","floor":2.0},{"not_picked":["Sanctity","BowlingBash"],"picked":"Consecrate","floor":7.0},{"not_picked":["SashWhip","Vengeance"],"picked":"BowlingBash","floor":8.0},{"not_picked":["CarveReality","Fasting2"],"picked":"DevaForm","floor":10.0},{"not_picked":["Wish","Establishment"],"picked":"Omniscience","floor":16.0},{"not_picked":["BowlingBash","FlyingSleeves"],"picked":"FlurryOfBlows","floor":18},{"not_picked":["FlurryOfBlows+1","Worship"],"picked":"TalkToTheHand","floor":21}],"player_experience":272789,"relics_obtained":[{"floor":8.0,"key":"Blood Vial"},{"floor":10.0,"key":"MawBank"},{"floor":20,"key":"Red Mask"},{"floor":22,"key":"Nilry\u0027s Codex"}],"event_choices":[{"damage_healed":18.0,"max_hp_gain":0.0,"max_hp_loss":0.0,"gold_gain":0.0,"event_name":"The Cleric","player_choice":"Healed","floor":3.0,"gold_loss":35.0,"damage_taken":0.0},{"damage_healed":0.0,"max_hp_gain":0.0,"max_hp_loss":0.0,"gold_gain":0.0,"event_name":"Lab","player_choice":"Got Potions","floor":4.0,"gold_loss":0.0,"damage_taken":0.0},{"cards_removed":["Defend_P"],"damage_healed":0.0,"max_hp_gain":0.0,"max_hp_loss":0.0,"gold_gain":0.0,"event_name":"Golden Wing","player_choice":"Card Removal","floor":12.0,"gold_loss":0.0,"damage_taken":7.0},{"damage_healed":0.0,"max_hp_gain":0.0,"max_hp_loss":0.0,"gold_gain":75.0,"event_name":"World of Goop","player_choice":"Gather Gold","floor":14.0,"gold_loss":0.0,"damage_taken":11.0},{"damage_healed":0,"gold_gain":0,"player_choice":"Fought Bandits","damage_taken":0,"max_hp_gain":0,"max_hp_loss":0,"event_name":"Masked Bandits","floor":20,"gold_loss":0},{"damage_healed":0,"gold_gain":0,"player_choice":"Obtained Book","damage_taken":16,"max_hp_gain":0,"max_hp_loss":0,"event_name":"Cursed Tome","floor":22,"gold_loss":0}],"is_beta":false,"boss_relics":[{"not_picked":["SlaversCollar","Sozu"],"picked":"Philosopher\u0027s Stone"}],"items_purged_floors":[19],"is_endless":false,"potions_floor_spawned":[2,8,16,20],"killed_by":"Book of Stabbing","ascension_level":13}}