{"host":"6xsbn6ynqlzwllfm","time":1613826614,"event":{"mods":["2.2 Compatiblity","BaseMod","Bestiary","Colored Map","Colored Powertips","Curses Come First","Downfall","Highlight Path","Keyboard Shortcuts","Minty Spire (QoL Compilation)","Quick Restart","Relic Stats","Slay the Relics Exporter","StSLib","SuperFastMode"],"gold_per_floor":[112,112,124,124,137,163,183,183,183,200,227,152,152,152,152],"floor_reached":13,"language":"ENG","playtime":425,"items_purged":["bronze:Strike"],"score":204,"play_id":"4db4c467-b997-402b-9939-f88b48a6f4c2","local_time":"20210220081014","is_ascension_mode":true,"campfire_choices":[{"floor":8,"key":"REST"}],"circlet_count":0,"master_deck":["AscendersBane","bronze:Strike","bronze:Strike+1","bronze:Defend","bronze:Defend","bronze:Defend","bronze:Defend+1","bronze:Replicate","bronze:Goto","bronze:Flail","bronze:Boost","bronze:ClassDefault","bronze:TinkerersToolbox","bronze:Frontload","bronze:CutThrough","bronze:BronzeOrb"],"relics":["bronze:BronzeCore","Blue Candle","Question Card","Eternal Feather"],"acts_visited":["Exordium"],"potions_floor_usage":[6,11,11],"damage_taken":[{"damage":9,"enemies":"Jaw Worm","floor":1,"turns":5},{"damage":6,"enemies":"2 Louse","floor":3,"turns":2},{"damage":0,"enemies":"Cultist","floor":5,"turns":4},{"damage":22,"enemies":"Gremlin Nob","floor":6,"turns":5},{"damage":0,"enemies":"Blue Slaver","floor":7,"turns":5},{"damage":12,"enemies":"Large Slime","floor":10,"turns":9},{"damage":0,"enemies":"Lagavulin","floor":11,"turns":5},{"damage":34,"enemies":"Gremlin Nob","floor":13,"turns":3}],"seed_played":"8655839219389591672","potions_obtained":[{"floor":1,"key":"SkillPotion"},{"floor":6,"key":"FearPotion"},{"floor":7,"key":"SkillPotion"},{"floor":10,"key":"Energy Potion"}],"is_trial":false,"path_per_floor":["M","?","M","?","M","E","M","R","T","M","E","$","E"],"character_chosen":"THE_AUTOMATON","items_purchased":[],"campfire_rested":1,"item_purchase_floors":[],"current_hp_per_floor":[54,47,41,27,27,5,5,25,25,13,13,13,0,0,0],"gold":152,"neow_bonus":"TEN_PERCENT_HP_BONUS","is_daily":false,"chose_seed":false,"campfire_upgraded":0,"win_rate":0.0,"timestamp":1613826614,"path_taken":["M","?","M","?","?","E","M","R","T","M","E","?","E"],"items_purchased_type":[],"build_version":"2020-12-22","purchased_purges":1,"victory":false,"max_hp_per_floor":[69,69,69,69,69,69,69,69,69,69,69,69,69,69,69],"relic_stats":{"counters":[8,38],"Blue Candle":[0],"Eternal Feather":0,"Question Card":2,"obtain_stats":[{"bronze:BronzeCore":0,"Blue Candle":6,"Eternal Feather":11,"Question Card":9},{"bronze:BronzeCore":0,"Blue Candle":4,"Eternal Feather":7,"Question Card":5},{"bronze:BronzeCore":0,"Blue Candle":16,"Eternal Feather":35,"Question Card":21}]},"card_choices":[{"not_picked":["bronze:Backtrace","bronze:Branch"],"picked":"bronze:Flail","floor":1},{"not_picked":["bronze:InfiniteBeams","bronze:Flail"],"picked":"bronze:Boost","floor":3},{"not_picked":["bronze:Overheat","bronze:WhirlingStrike"],"picked":"bronze:ClassDefault","floor":5},{"not_picked":["bronze:Boost","bronze:Shell"],"picked":"bronze:TinkerersToolbox","floor":6},{"not_picked":["bronze:FineTuning","bronze:FollowUp"],"picked":"bronze:Frontload","floor":7},{"not_picked":["bronze:Refactor","bronze:WhirlingStrike","bronze:NullPointer"],"picked":"bronze:CutThrough","floor":10},{"not_picked":["bronze:ForceShield","bronze:Mutator","bronze:FineTuning"],"picked":"bronze:BronzeOrb","floor":11}],"player_experience":1815788,"relics_obtained":[{"floor":6,"key":"Blue Candle"},{"floor":9,"key":"Question Card"},{"floor":11,"key":"Eternal Feather"}],"event_choices":[{"cards_removed":["bronze:Strike"],"damage_healed":0,"gold_gain":0,"player_choice":"Card Removal","damage_taken":7,"max_hp_gain":0,"max_hp_loss":0,"event_name":"Golden Wing","floor":2,"gold_loss":0},{"damage_healed":0,"gold_gain":0,"player_choice":"Entered Light","damage_taken":14,"max_hp_gain":0,"max_hp_loss":0,"event_name":"Shining Light","floor":4,"gold_loss":0,"cards_upgraded":["bronze:Strike","bronze:Defend"]}],"is_beta":false,"boss_relics":[],"items_purged_floors":[12],"is_endless":false,"potions_floor_spawned":[1,6,7,10],"killed_by":"Gremlin Nob","ascension_level":14}}