{"host":"x665ekuy0qorxtwt","time":1613818652,"event":{"mods":["AchievementEnabler","BaseMod","Bestiary","Colored Map","Colored Powertips","Minty Spire (QoL Compilation)"],"gold_per_floor":[117,117,117,136,153,153,187,187,268,268,268,289,332,352,352,472,472,497,188,202,227,152,152,176,219,244,159,172,172,193,212,212,337,337,361,381,406,153,167,208,208,208,208],"floor_reached":42,"language":"ENG","playtime":3152,"items_purged":["Strike_P","Strike_P"],"score":587,"play_id":"23de2f1f-eaff-4a79-9f70-26da22955594","local_time":"20210220025732","is_ascension_mode":false,"campfire_choices":[{"data":"SandsOfTime","floor":6,"key":"SMITH"},{"data":"Eruption","floor":8,"key":"SMITH"},{"data":"CutThroughFate","floor":11,"key":"SMITH"},{"data":"WheelKick","floor":15,"key":"SMITH"},{"data":"BattleHymn","floor":23,"key":"SMITH"},{"data":"FlurryOfBlows","floor":29,"key":"SMITH"},{"data":"Consecrate","floor":32,"key":"SMITH"},{"data":"Judgement","floor":41,"key":"SMITH"}],"circlet_count":0,"master_deck":["Strike_P","Strike_P+1","Defend_P","Defend_P","Defend_P+1","Defend_P","Eruption+1","Vigilance+1","FlurryOfBlows+1","SandsOfTime+1","CutThroughFate+1","WheelKick+1","Omniscience","BattleHymn+1","CutThroughFate+1","Consecrate+1","ForeignInfluence+1","Weave","Judgement+1","SandsOfTime+1","Parasite","Tantrum"],"relics":["HolyWater","Art of War","TungstenRod","Pantograph","Golden Idol","Eternal Feather","Ice Cream","Matryoshka","Darkstone Periapt","Boot","HornCleat","VioletLotus","Lee\u0027s Waffle","Strawberry"],"acts_visited":["Exordium","TheCity","TheBeyond"],"potions_floor_usage":[14,16,21,28,31,33,37,37],"damage_taken":[{"damage":0,"enemies":"Cultist","floor":1,"turns":5},{"damage":0,"enemies":"Small Slimes","floor":4,"turns":2},{"damage":0,"enemies":"Jaw Worm","floor":5,"turns":3},{"damage":8,"enemies":"Lagavulin","floor":7,"turns":6},{"damage":0,"enemies":"3 Louse","floor":12,"turns":3},{"damage":3,"enemies":"3 Sentries","floor":13,"turns":5},{"damage":2,"enemies":"Exordium Thugs","floor":14,"turns":3},{"damage":0,"enemies":"Slime Boss","floor":16,"turns":3},{"damage":1,"enemies":"3 Byrds","floor":18,"turns":5},{"damage":5,"enemies":"Spheric Guardian","floor":20,"turns":4},{"damage":30,"enemies":"Chosen and Byrds","floor":21,"turns":7},{"damage":0,"enemies":"3 Cultists","floor":24,"turns":4},{"damage":15,"enemies":"Gremlin Leader","floor":25,"turns":4},{"damage":5,"enemies":"Shelled Parasite and Fungi","floor":28,"turns":3},{"damage":0,"enemies":"Snecko","floor":30,"turns":2},{"damage":0,"enemies":"Centurion and Healer","floor":31,"turns":2},{"damage":0,"enemies":"Collector","floor":33,"turns":5},{"damage":6,"enemies":"3 Shapes","floor":35,"turns":4},{"damage":0,"enemies":"Orb Walker","floor":36,"turns":3},{"damage":15,"enemies":"Writhing Mass","floor":37,"turns":5},{"damage":13,"enemies":"4 Shapes","floor":39,"turns":3},{"damage":36,"enemies":"Reptomancer","floor":40,"turns":4},{"damage":66,"enemies":"Giant Head","floor":42,"turns":5}],"seed_played":"7917640214251190537","potions_obtained":[{"floor":1,"key":"AttackPotion"},{"floor":13,"key":"StancePotion"},{"floor":14,"key":"Energy Potion"},{"floor":20,"key":"SkillPotion"},{"floor":24,"key":"StancePotion"},{"floor":25,"key":"Block Potion"},{"floor":28,"key":"Strength Potion"},{"floor":35,"key":"SteroidPotion"},{"floor":36,"key":"Energy Potion"},{"floor":40,"key":"Explosive Potion"}],"is_trial":false,"path_per_floor":["M","?","?","M","M","R","E","R","T","?","R","M","E","M","R","B",null,"M","$","M","M","$","R","M","E","T","?","M","R","M","M","R","B",null,"M","M","M","$","M","E","R","E"],"character_chosen":"WATCHER","items_purchased":["Ice Cream","Lee\u0027s Waffle"],"campfire_rested":0,"item_purchase_floors":[19,38],"current_hp_per_floor":[72,58,55,55,55,55,47,47,47,30,30,30,27,25,31,56,72,71,71,66,36,36,45,45,30,30,30,25,34,34,34,43,68,72,66,66,57,85,72,43,55,0,0],"gold":208,"neow_bonus":"UPGRADE_CARD","is_daily":false,"chose_seed":false,"campfire_upgraded":8,"win_rate":0.0,"timestamp":1613818652,"path_taken":["M","?","?","M","M","R","E","R","T","?","R","?","E","M","R","BOSS","M","$","M","M","$","R","M","E","T","?","M","R","M","M","R","BOSS","M","M","M","$","M","E","R","E"],"items_purchased_type":["Relic","Relic"],"build_version":"2020-12-22","purchased_purges":2,"victory":false,"max_hp_per_floor":[72,72,72,72,72,72,72,72,72,72,72,72,72,72,72,72,72,72,72,72,72,72,72,72,72,72,72,72,72,72,72,72,72,72,72,72,78,85,85,92,92,92,92],"card_choices":[{"not_picked":["Meditate","EmptyBody","Protect"],"picked":"SKIP","floor":1},{"not_picked":["Perseverance","EmptyMind"],"picked":"FlurryOfBlows","floor":4},{"not_picked":["EmptyBody","CrushJoints"],"picked":"SandsOfTime","floor":5},{"not_picked":["Worship","Fasting2"],"picked":"CutThroughFate","floor":7},{"not_picked":["Establishment","Crescendo"],"picked":"WheelKick","floor":12},{"not_picked":["FlyingSleeves","Perseverance","EmptyFist"],"picked":"SKIP","floor":13},{"not_picked":["Wallop","SandsOfTime","Halt"],"picked":"SKIP","floor":14},{"not_picked":["ConjureBlade","SpiritShield"],"picked":"Omniscience","floor":16},{"not_picked":["WaveOfTheHand","Crescendo"],"picked":"BattleHymn","floor":18},{"not_picked":["EmptyMind+1","Consecrate"],"picked":"CutThroughFate+1","floor":20},{"not_picked":["BowlingBash+1","FlurryOfBlows"],"picked":"Consecrate","floor":21},{"not_picked":["BowlingBash","MentalFortress","InnerPeace"],"picked":"SKIP","floor":24},{"not_picked":["EmptyBody","BowlingBash"],"picked":"ForeignInfluence+1","floor":25},{"not_picked":["JustLucky","Evaluate","PathToVictory+1"],"picked":"SKIP","floor":28},{"not_picked":["ThirdEye","SpiritShield","Protect"],"picked":"SKIP","floor":30},{"not_picked":["Consecrate","Evaluate"],"picked":"Weave","floor":31},{"not_picked":["Wish","MasterReality"],"picked":"Judgement","floor":33},{"not_picked":["CrushJoints","Prostrate"],"picked":"SandsOfTime+1","floor":35},{"not_picked":["ThirdEye+1","EmptyMind","EmptyBody+1"],"picked":"SKIP","floor":36},{"not_picked":["Wireheading","EmptyFist","BowlingBash"],"picked":"SKIP","floor":37},{"not_picked":["Perseverance+1","Evaluate","SandsOfTime+1"],"picked":"SKIP","floor":39},{"not_picked":["FollowUp","Crescendo"],"picked":"Tantrum","floor":40}],"player_experience":218616,"relics_obtained":[{"floor":7,"key":"TungstenRod"},{"floor":9,"key":"Pantograph"},{"floor":13,"key":"Eternal Feather"},{"floor":25,"key":"Matryoshka"},{"floor":26,"key":"Darkstone Periapt"},{"floor":26,"key":"Boot"},{"floor":40,"key":"Strawberry"}],"event_choices":[{"damage_healed":0,"gold_gain":0,"player_choice":"Entered Light","damage_taken":14,"max_hp_gain":0,"max_hp_loss":0,"event_name":"Shining Light","floor":2,"gold_loss":0,"cards_upgraded":["Defend_P","Strike_P"]},{"damage_healed":0,"gold_gain":0,"player_choice":"Success","damage_taken":3,"relics_obtained":["Art of War"],"max_hp_gain":0,"max_hp_loss":0,"event_name":"Scrap Ooze","floor":3,"gold_loss":0},{"damage_healed":0,"gold_gain":0,"player_choice":"Take Damage","damage_taken":18,"relics_obtained":["Golden Idol"],"max_hp_gain":0,"max_hp_loss":0,"event_name":"Golden Idol","floor":10,"gold_loss":0},{"damage_healed":0,"gold_gain":0,"player_choice":"Obtained Relic","damage_taken":0,"relics_obtained":["HornCleat"],"max_hp_gain":0,"max_hp_loss":0,"event_name":"Addict","floor":27,"gold_loss":85}],"is_beta":false,"boss_relics":[{"not_picked":["Coffee Dripper","Empty Cage"],"picked":"HolyWater"},{"not_picked":["Cursed Key","Fusion Hammer"],"picked":"VioletLotus"}],"items_purged_floors":[22,38],"is_endless":false,"potions_floor_spawned":[1,13,14,20,24,25,28,30,35,36,40],"killed_by":"Giant Head","ascension_level":0}}