{"host":"u1dfzl6o6mfmauc3","time":1613782671,"event":{"mods":["2.2 Compatiblity","AchievementEnabler","BaseMod","Bestiary","Block Reminder","Challenge The Spire","Colored Map","Dark Map","Hermit","Highlight Path","Minty Spire (QoL Compilation)","Random Character Button","Rare Cards Sparkle","Relic Stats","Robot Space Explorer","StSLib","The Disciple"],"gold_per_floor":[117,117,19,30,40,40,68,243,243,243,267,279,291,316,359,371,383,383],"floor_reached":17,"language":"ENG","playtime":509,"items_purged":["Clumsy"],"score":144,"play_id":"bf8521e4-3aa6-443f-88c1-21486b3c8d53","local_time":"20210219195751","is_ascension_mode":true,"campfire_choices":[{"data":"Shrug It Off","floor":6,"key":"SMITH"},{"data":"True Grit","floor":12,"key":"SMITH"},{"data":"Offering","floor":16,"key":"SMITH"}],"circlet_count":0,"master_deck":["Strike_R","Strike_R","Strike_R","Strike_R","Strike_R","Defend_R","Defend_R","Defend_R","Defend_R","Bash","Reaper","Uppercut+1","Shrug It Off+1","True Grit+1","Offering+1","Feel No Pain+1"],"relics":["Burning Blood","Frozen Egg 2","Mercury Hourglass","MawBank","Strawberry"],"acts_visited":["Exordium"],"potions_floor_usage":[15,17],"damage_taken":[{"damage":3,"enemies":"2 Louse","floor":1,"turns":4},{"damage":1,"enemies":"Small Slimes","floor":4,"turns":4},{"damage":4,"enemies":"Jaw Worm","floor":5,"turns":3},{"damage":19,"enemies":"Lagavulin","floor":7,"turns":8},{"damage":0,"enemies":"Exordium Thugs","floor":11,"turns":5},{"damage":10,"enemies":"2 Fungi Beasts","floor":14,"turns":3},{"damage":36,"enemies":"Gremlin Nob","floor":15,"turns":4},{"damage":77,"enemies":"Hexaghost","floor":17,"turns":16}],"seed_played":"7581302713777860228","potions_obtained":[{"floor":1,"key":"BloodPotion"},{"floor":7,"key":"ElixirPotion"}],"is_trial":false,"path_per_floor":["M","?","$","M","M","R","E","?","T","T","M","R","?","M","E","R","B"],"character_chosen":"IRONCLAD","items_purchased":["Shrug It Off"],"campfire_rested":0,"item_purchase_floors":[3],"current_hp_per_floor":[80,80,80,80,80,80,71,71,71,71,80,80,73,69,68,68,0,0],"gold":383,"neow_bonus":"THREE_RARE_CARDS","is_daily":false,"chose_seed":false,"campfire_upgraded":3,"win_rate":0.0,"timestamp":1613782671,"path_taken":["M","?","$","M","M","R","E","?","T","T","M","R","?","M","E","R","BOSS"],"items_purchased_type":["Card"],"build_version":"2020-12-22","purchased_purges":1,"victory":false,"max_hp_per_floor":[80,80,80,80,80,80,80,80,80,80,80,80,80,80,87,87,87,87],"relic_stats":{"counters":[8,47],"MawBank":84,"obtain_stats":[{"Strawberry":15,"Frozen Egg 2":7,"MawBank":10,"Burning Blood":0,"Mercury Hourglass":9},{"Strawberry":7,"Frozen Egg 2":4,"MawBank":4,"Burning Blood":0,"Mercury Hourglass":4},{"Strawberry":31,"Frozen Egg 2":19,"MawBank":19,"Burning Blood":0,"Mercury Hourglass":19}],"Burning Blood":28,"Mercury Hourglass":[93]},"card_choices":[{"not_picked":["Corruption","Juggernaut"],"picked":"Reaper","floor":0},{"not_picked":["Clash","Havoc"],"picked":"Uppercut","floor":1},{"not_picked":["Perfected Strike","Pommel Strike","Uppercut"],"picked":"SKIP","floor":4},{"not_picked":["Flex","Intimidate","Sword Boomerang"],"picked":"SKIP","floor":5},{"not_picked":["Perfected Strike","Limit Break"],"picked":"True Grit","floor":7},{"not_picked":["Wild Strike","Intimidate","Iron Wave"],"picked":"SKIP","floor":11},{"not_picked":["Thunderclap","Whirlwind"],"picked":"Offering","floor":14},{"not_picked":["Corruption+1","Whirlwind"],"picked":"Feel No Pain+1","floor":15}],"player_experience":261481,"relics_obtained":[{"floor":7,"key":"Frozen Egg 2"},{"floor":9,"key":"Mercury Hourglass"},{"floor":10,"key":"MawBank"},{"floor":15,"key":"Strawberry"}],"event_choices":[{"damage_healed":0,"gold_gain":0,"player_choice":"Grow","damage_taken":0,"max_hp_gain":0,"max_hp_loss":0,"event_name":"Living Wall","floor":2,"gold_loss":0,"cards_upgraded":["Uppercut"]},{"damage_healed":0,"gold_gain":175,"player_choice":"AGREE","damage_taken":0,"max_hp_gain":0,"max_hp_loss":0,"event_name":"Liars Game","floor":8,"gold_loss":0,"cards_obtained":["Doubt"]},{"cards_removed":["Doubt"],"damage_healed":0,"gold_gain":0,"player_choice":"Card Removal","damage_taken":7,"max_hp_gain":0,"max_hp_loss":0,"event_name":"Golden Wing","floor":13,"gold_loss":0}],"is_beta":false,"boss_relics":[],"items_purged_floors":[3],"is_endless":false,"potions_floor_spawned":[1,7],"killed_by":"Hexaghost","ascension_level":5}}