{"host":"mqhvlr3kpxebko0t","time":1613822983,"event":{"mods":["AchievementEnabler","BaseMod","Colored Map","Colored Powertips","KOR Keyword Fix","Keyboard Shortcuts","Minty Spire (QoL Compilation)","StSLib","SuperFastMode"],"gold_per_floor":[117,42,42,52,2,30,50,50,74,74,94,127,127,141,141,220,220,236,236,251,261,271,271,301,228,267,279,279],"floor_reached":27,"language":"KOR","playtime":344,"items_purged":[],"score":536,"play_id":"b318fcf0-3a14-4842-a64a-ce214ae7f07b","local_time":"20210220210943","is_ascension_mode":true,"campfire_choices":[{"data":"Pommel Strike","floor":10,"key":"SMITH"},{"data":"Uppercut","floor":13,"key":"SMITH"},{"data":"Immolate","floor":15,"key":"SMITH"},{"data":"Offering","floor":23,"key":"SMITH"}],"circlet_count":0,"master_deck":["AscendersBane","Strike_R","Strike_R","Strike_R","Defend_R","Defend_R+1","Defend_R+1","Defend_R","Bash","Uppercut+1","Whirlwind","Shrug It Off+1","Shrug It Off","Pommel Strike+1","Immolate+1","Offering+1","Burning Pact+1","Battle Trance+1"],"relics":["Burning Blood","NeowsBlessing","Akabeko","Boot","Dream Catcher","Anchor","Coffee Dripper","MawBank","Kunai","War Paint"],"acts_visited":["Exordium","TheCity"],"potions_floor_usage":[12,18,22],"damage_taken":[{"damage":0,"enemies":"Cultist","floor":1,"turns":1},{"damage":0,"enemies":"Jaw Worm","floor":4,"turns":1},{"damage":0,"enemies":"Lagavulin","floor":6,"turns":1},{"damage":1,"enemies":"Small Slimes","floor":7,"turns":3},{"damage":4,"enemies":"Blue Slaver","floor":11,"turns":4},{"damage":6,"enemies":"Gremlin Nob","floor":12,"turns":3},{"damage":0,"enemies":"Red Slaver","floor":14,"turns":2},{"damage":8,"enemies":"Slime Boss","floor":16,"turns":6},{"damage":6,"enemies":"2 Thieves","floor":18,"turns":2},{"damage":17,"enemies":"Shell Parasite","floor":20,"turns":2},{"damage":6,"enemies":"Snecko","floor":21,"turns":2},{"damage":9,"enemies":"Snake Plant","floor":22,"turns":2},{"damage":48,"enemies":"Gremlin Leader","floor":24,"turns":7},{"damage":21,"enemies":"Book of Stabbing","floor":27,"turns":5}],"seed_played":"7636917405509228477","potions_obtained":[{"floor":1,"key":"Weak Potion"},{"floor":4,"key":"Weak Potion"},{"floor":7,"key":"LiquidMemories"},{"floor":18,"key":"Fruit Juice"},{"floor":21,"key":"BlessingOfTheForge"}],"is_trial":false,"path_per_floor":["M","?","?","M","$","E","M","?","T","R","M","E","R","M","R","B",null,"M","?","M","M","M","R","E","?","T","E"],"character_chosen":"IRONCLAD","items_purchased":["Shrug It Off"],"campfire_rested":0,"item_purchase_floors":[5],"current_hp_per_floor":[74,74,74,75,75,75,75,52,52,52,54,54,54,60,60,58,71,76,76,65,65,62,62,20,20,20,0,0],"gold":279,"neow_bonus":"THREE_ENEMY_KILL","is_daily":false,"chose_seed":false,"campfire_upgraded":4,"win_rate":0.0,"timestamp":1613822983,"path_taken":["M","?","?","?","$","E","M","?","T","R","M","E","R","M","R","BOSS","M","?","?","M","M","R","E","?","T","E"],"items_purchased_type":["Card"],"build_version":"2020-12-22","purchased_purges":0,"victory":false,"max_hp_per_floor":[75,75,75,75,75,75,75,75,75,75,75,75,75,75,75,75,75,80,80,80,80,80,80,80,80,80,80,80],"card_choices":[{"not_picked":["Inflame","Bloodletting"],"picked":"Uppercut","floor":1},{"not_picked":["Heavy Blade","Hemokinesis"],"picked":"Whirlwind","floor":4},{"not_picked":["Whirlwind","Headbutt"],"picked":"Shrug It Off","floor":6},{"not_picked":["Wild Strike","Entrench"],"picked":"Pommel Strike","floor":7},{"not_picked":["Havoc","Sentinel","Clash"],"picked":"SKIP","floor":11},{"not_picked":["Pommel Strike","Clothesline"],"picked":"Immolate","floor":12},{"not_picked":["Metallicize","Dual Wield","Inflame"],"picked":"SKIP","floor":14},{"not_picked":["Fiend Fire","Immolate"],"picked":"Offering","floor":16},{"not_picked":["Flex","Clothesline"],"picked":"Burning Pact+1","floor":18},{"not_picked":["Sword Boomerang","Armaments","Intimidate"],"picked":"SKIP","floor":20},{"not_picked":["Headbutt","Twin Strike","Sword Boomerang"],"picked":"SKIP","floor":21},{"not_picked":["True Grit","Twin Strike","Feel No Pain"],"picked":"SKIP","floor":22},{"not_picked":["Power Through","Burning Pact"],"picked":"Battle Trance","floor":24}],"player_experience":718918,"relics_obtained":[{"floor":6,"key":"Boot"},{"floor":9,"key":"Dream Catcher"},{"floor":12,"key":"Anchor"},{"floor":24,"key":"MawBank"},{"floor":26,"key":"War Paint"}],"event_choices":[{"cards_removed":["Strike_R"],"damage_healed":0,"gold_gain":0,"player_choice":"Card Removal","damage_taken":0,"max_hp_gain":0,"max_hp_loss":0,"event_name":"The Cleric","floor":2,"gold_loss":75},{"damage_healed":0,"gold_gain":0,"player_choice":"Gave Potion","damage_taken":0,"relics_obtained":["Akabeko"],"max_hp_gain":0,"max_hp_loss":0,"event_name":"WeMeetAgain","floor":3,"gold_loss":0},{"damage_healed":0,"gold_gain":0,"player_choice":"Entered Light","damage_taken":23,"max_hp_gain":0,"max_hp_loss":0,"event_name":"Shining Light","floor":8,"gold_loss":0,"cards_upgraded":["Defend_R","Shrug It Off"]},{"cards_removed":["Strike_R"],"damage_healed":0,"gold_gain":0,"player_choice":"Purged","damage_taken":0,"max_hp_gain":0,"max_hp_loss":0,"event_name":"Purifier","floor":19,"gold_loss":0},{"damage_healed":0,"gold_gain":0,"player_choice":"Obtained Relic","damage_taken":0,"relics_obtained":["Kunai"],"max_hp_gain":0,"max_hp_loss":0,"event_name":"Addict","floor":25,"gold_loss":85}],"is_beta":false,"boss_relics":[{"not_picked":["Black Star","Black Blood"],"picked":"Coffee Dripper"}],"items_purged_floors":[],"is_endless":false,"potions_floor_spawned":[1,4,7,18,21],"killed_by":"Book of Stabbing","ascension_level":20}}