{"host":"udyc8f81k2jocuhg","time":1613830522,"event":{"mods":["2.2 Compatiblity","BaseMod","Better Third Choice","Colored Powertips","Conspire","Custom Start","GifTheSpireLib","Hermit","Minty Spire (QoL Compilation)","Permanent Neow","Quick Restart","Relic Filter","Relic Stats","Replay The Spire","Shop Mod","Spikes Relics","StSLib","Stuff the Spire"],"gold_per_floor":[15,32,46,23,37,37,37],"floor_reached":6,"language":"ENG","playtime":203,"items_purged":[],"score":80,"play_id":"96cf1fff-156f-4f4a-a45e-1e1ffa545604","local_time":"20210220151522","is_ascension_mode":true,"campfire_choices":[],"circlet_count":0,"master_deck":["AscendersBane","Strike_B","Strike_B","Strike_B","Strike_B","Defend_B","Defend_B","Defend_B","Defend_B","Zap","Dualcast","Conserve Battery","Turbo","Leap"],"relics":["Cracked Core","Ice Cream"],"acts_visited":["Exordium"],"potions_floor_usage":[],"damage_taken":[{"damage":0.0,"enemies":"Cultist","floor":1.0,"turns":3.0},{"damage":2.0,"enemies":"Jaw Worm","floor":2.0,"turns":3.0},{"damage":0.0,"enemies":"Small Slimes","floor":3.0,"turns":4.0},{"damage":15.0,"enemies":"Exordium Thugs","floor":4.0,"turns":4.0},{"damage":24.0,"enemies":"Exordium Wildlife","floor":5.0,"turns":6.0},{"damage":33,"enemies":"Gremlin Nob","floor":6,"turns":3}],"seed_played":"-5966684533454437263","potions_obtained":[{"floor":3.0,"key":"SkillPotion"},{"floor":4.0,"key":"Doom Potion"}],"is_trial":false,"path_per_floor":["M","M","M","M","M","E"],"character_chosen":"DEFECT","items_purchased":[],"campfire_rested":0,"item_purchase_floors":[],"current_hp_per_floor":[64,62,62,47,23,0,0],"gold":37,"neow_bonus":"ONE_RARE_RELIC","is_daily":false,"chose_seed":false,"campfire_upgraded":0,"win_rate":0.0,"timestamp":1613830522,"path_taken":["M","M","M","M","?","E"],"items_purchased_type":[],"build_version":"2020-12-22","purchased_purges":0,"victory":false,"max_hp_per_floor":[71,71,71,71,71,71,71],"relic_stats":{"counters":[6,23],"obtain_stats":[{"Ice Cream":0,"Cracked Core":0},{"Ice Cream":0,"Cracked Core":0},{"Ice Cream":0,"Cracked Core":0}]},"card_choices":[{"not_picked":["Sweeping Beam","Hologram","Crystallizer"],"picked":"SKIP","floor":1.0},{"not_picked":["Steam","Ball Lightning"],"picked":"Conserve Battery","floor":2.0},{"not_picked":["Panic Button","Force Field"],"picked":"Turbo","floor":3.0},{"not_picked":["Steam","Hologram"],"picked":"Leap","floor":4.0},{"not_picked":["Beam Cell","Heatsinks","Compile Driver"],"picked":"SKIP","floor":5.0}],"player_experience":2045427,"relics_obtained":[],"event_choices":[],"is_beta":false,"boss_relics":[],"items_purged_floors":[],"is_endless":false,"potions_floor_spawned":[3,4],"killed_by":"Gremlin Nob","ascension_level":20}}