{"host":"vl29iwkwnyytuw8q","time":1613861812,"event":{"mods":["BaseMod","Minty Spire (QoL Compilation)","Permanent Neow","Relic Stats","StSLib"],"gold_per_floor":[112,124,137,137,154,154,154,154],"floor_reached":7,"language":"ENG","playtime":191,"items_purged":[],"score":86,"play_id":"08d91dfb-c90c-4b49-af57-eced355f21fd","local_time":"20210220235652","is_ascension_mode":true,"campfire_choices":[{"floor":6,"key":"REST"}],"circlet_count":0,"master_deck":["AscendersBane","Strike_G","Strike_G","Strike_G","Strike_G","Strike_G","Defend_G","Defend_G","Defend_G","Defend_G","Defend_G","Survivor","Neutralize","PiercingWail","Underhanded Strike","Dagger Spray"],"relics":["Velvet Choker","Calipers"],"acts_visited":["Exordium"],"potions_floor_usage":[],"damage_taken":[{"damage":2,"enemies":"2 Louse","floor":1,"turns":5},{"damage":3,"enemies":"Small Slimes","floor":2,"turns":5},{"damage":3,"enemies":"Cultist","floor":3,"turns":4},{"damage":7,"enemies":"Looter","floor":5,"turns":5},{"damage":0,"enemies":"Lagavulin","floor":7,"turns":1}],"seed_played":"-7467416890877997779","potions_obtained":[{"floor":2,"key":"GhostInAJar"},{"floor":5,"key":"Block Potion"}],"is_trial":false,"path_per_floor":["M","M","M","?","M","R","E"],"character_chosen":"THE_SILENT","items_purchased":[],"campfire_rested":1,"item_purchase_floors":[],"current_hp_per_floor":[57,54,51,25,18,37,37,37],"gold":154,"neow_bonus":"BOSS_RELIC","is_daily":false,"chose_seed":false,"campfire_upgraded":0,"win_rate":0.0,"timestamp":1613861812,"path_taken":["M","M","M","?","M","R","E"],"items_purchased_type":[],"build_version":"2020-12-22","purchased_purges":0,"victory":false,"max_hp_per_floor":[66,66,66,66,66,66,66,66],"relic_stats":{"counters":[5,20],"obtain_stats":[{"Calipers":4,"Velvet Choker":0,"Ring of the Snake":0},{"Calipers":3,"Velvet Choker":0,"Ring of the Snake":0},{"Calipers":14,"Velvet Choker":0,"Ring of the Snake":0}]},"card_choices":[{"not_picked":["Flying Knee","Cloak And Dagger"],"picked":"PiercingWail","floor":1},{"not_picked":["Dagger Spray","Prepared"],"picked":"Underhanded Strike","floor":2},{"not_picked":["Finisher","Underhanded Strike","Flying Knee"],"picked":"SKIP","floor":3},{"not_picked":["Distraction","All Out Attack"],"picked":"Dagger Spray","floor":5}],"player_experience":705692,"relics_obtained":[],"event_choices":[{"damage_healed":0,"gold_gain":0,"player_choice":"Success","damage_taken":26,"relics_obtained":["Calipers"],"max_hp_gain":0,"max_hp_loss":0,"event_name":"Scrap Ooze","floor":4,"gold_loss":0}],"is_beta":false,"boss_relics":[],"items_purged_floors":[],"is_endless":false,"potions_floor_spawned":[2,5],"killed_by":"Lagavulin","ascension_level":20}}