{"host":"zksvs3x2ysy9npnz","time":1613861336,"event":{"mods":["Aspiration","BaseMod","Beaked The Cultist","BetterRewards","Clockwork Mod","Colored Map","Conspire","Downfall","Halation","Highlight Path","Hubris","Infinite Spire","Jedi Mod","Magitek Elite","Minty Spire (QoL Compilation)","Permanent Neow","Quick Restart","Relic Stats","Shop Mod","StSLib","The Runesmith","The Witch"],"gold_per_floor":[114,114,127,144,144,144,163,163,163,181,181,192,192,219,219,320,320,337,337,354,354,354,389,389,389,416,416,428,428,67,83,83,83,83,83],"floor_reached":33,"language":"FRA","playtime":2300,"items_purged":["champ:Strike","champ:Strike"],"score":334,"play_id":"accfcc63-7e8f-462e-bfc3-5cd1a8512975","local_time":"20210220234856","is_ascension_mode":true,"campfire_choices":[{"data":"champ:ArenaPreparation","floor":6,"key":"SMITH"},{"data":"champ:SetATrap","floor":8,"key":"SMITH"},{"data":"champ:Taunt","floor":11,"key":"SMITH"},{"data":"Jack Of All Trades","floor":15,"key":"SMITH"},{"data":"RitualDagger","floor":24,"key":"SMITH"},{"floor":29,"key":"REST"},{"data":"champ:RageSigil","floor":32,"key":"SMITH"}],"circlet_count":0,"master_deck":["champ:Defend","champ:Defend","champ:Defend","champ:Defend","champ:Execute","champ:Taunt+1","champ:ArenaPreparation+1","champ:FocusedBerserking","champ:SetATrap+1","champ:CrownThrow","champ:ShieldThrow","Jack Of All Trades+1","champ:ShieldWall","champ:CheapShot","champ:IronFortress","RitualDagger+1","infinitespire:Fortify","champ:RageSigil+1"],"relics":["champ:ChampionCrownUpgraded","aspiration:Nostalgia","Pendant","infinitespire:PuzzleCube","Guard_Bracelet","Nunchaku","hubris:Towel","aspiration:RitualStick","Bag of Preparation","halation:LettersToHer","Lantern","halation:AfternoonTea","MealTicket"],"acts_visited":["Exordium","TheCity"],"potions_floor_usage":[23,23,23],"damage_taken":[{"damage":20,"enemies":"Jaw Worm","floor":1,"turns":7},{"damage":15,"enemies":"Cultist","floor":3,"turns":3},{"damage":17,"enemies":"2 Louse","floor":4,"turns":2},{"damage":20,"enemies":"Red Slaver","floor":7,"turns":4},{"damage":16,"enemies":"3 Louse","floor":10,"turns":4},{"damage":54,"enemies":"Large Slime","floor":12,"turns":7},{"damage":57,"enemies":"Lagavulin","floor":14,"turns":5},{"damage":35,"enemies":"Hexaghost","floor":16,"turns":9},{"damage":25,"enemies":"Chosen","floor":18,"turns":4},{"damage":48,"enemies":"3 Byrds","floor":20,"turns":7},{"damage":27,"enemies":"Slavers","floor":23,"turns":5},{"damage":40,"enemies":"Snake Plant","floor":28,"turns":3},{"damage":48,"enemies":"Sentry and Sphere","floor":31,"turns":5},{"damage":159,"enemies":"Champ","floor":33,"turns":9}],"seed_played":"-1773667259889861994","potions_obtained":[{"floor":4,"key":"champ:OpenerPotion"},{"floor":12,"key":"PowerPotion"},{"floor":16,"key":"LiquidMemories"},{"floor":23,"key":"Dexterity Potion"}],"is_trial":false,"path_per_floor":["M","?","M","M","T","R","M","R","T","M","R","M","?","E","R","B",null,"M","?","M","?","?","E","R","?","T","AVR","M","R","$","M","R","B"],"character_chosen":"THE_CHAMP","items_purchased":["halation:AfternoonTea","MealTicket"],"campfire_rested":1,"item_purchase_floors":[30,30],"current_hp_per_floor":[90,90,90,88,88,88,78,78,78,77,77,58,58,58,58,48,90,90,90,82,76,58,57,57,57,57,57,57,84,84,76,76,0,0,0],"gold":83,"neow_bonus":"NOSTALGIA","is_daily":false,"chose_seed":false,"campfire_upgraded":6,"win_rate":0.0,"timestamp":1613861336,"path_taken":["M","?","M","?","?","R","M","R","T","?","R","M","?","E","R","BOSS","M","?","M","?","?","E","R","?","T","AVR","?","R","$","?","R","BOSS"],"items_purchased_type":["Relic","Relic"],"build_version":"2020-12-22","purchased_purges":2,"victory":false,"max_hp_per_floor":[90,90,90,90,90,90,90,90,90,90,90,90,90,90,90,90,90,90,90,90,90,90,90,90,90,90,90,90,90,90,90,90,90,90,90],"relic_stats":{"Nunchaku":[5],"counters":[14,74],"MealTicket":0,"Bag of Preparation":[6],"obtain_stats":[{"Lantern":27,"aspiration:Nostalgia":0,"champ:ChampionCrown":0,"champ:ChampionCrownUpgraded":17,"Bag of Preparation":23,"hubris:Towel":19,"aspiration:RitualStick":22,"Nunchaku":14,"Pendant":0,"MealTicket":30,"halation:AfternoonTea":30,"Guard_Bracelet":9,"halation:LettersToHer":26,"infinitespire:PuzzleCube":5},{"Lantern":11,"aspiration:Nostalgia":0,"champ:ChampionCrown":0,"champ:ChampionCrownUpgraded":8,"Bag of Preparation":11,"hubris:Towel":9,"aspiration:RitualStick":10,"Nunchaku":7,"Pendant":0,"MealTicket":12,"halation:AfternoonTea":12,"Guard_Bracelet":4,"halation:LettersToHer":11,"infinitespire:PuzzleCube":3},{"Lantern":57,"aspiration:Nostalgia":0,"champ:ChampionCrown":0,"champ:ChampionCrownUpgraded":41,"Bag of Preparation":57,"hubris:Towel":45,"aspiration:RitualStick":52,"Nunchaku":32,"Pendant":0,"MealTicket":60,"halation:AfternoonTea":60,"Guard_Bracelet":16,"halation:LettersToHer":57,"infinitespire:PuzzleCube":12}],"aspiration:RitualStick":[0]},"card_choices":[{"not_picked":["champ:GutPunch","champ:BerserkersShout"],"picked":"champ:ArenaPreparation","floor":1},{"not_picked":["champ:ShieldSlam","champ:PreciseThrust"],"picked":"champ:SetATrap","floor":3},{"not_picked":["champ:TornadoPunch","champ:FaceSlap","champ:BerserkersShout"],"picked":"SKIP","floor":4},{"not_picked":["champ:StanceDance","champ:DefensiveStyle","champ:ShieldWall"],"picked":"SKIP","floor":7},{"not_picked":["champ:BerserkersShout","champ:FlashCut","champ:MurderStrike"],"picked":"SKIP","floor":10},{"not_picked":["champ:StanceDance","champ:PreciseThrust"],"picked":"champ:CrownThrow","floor":12},{"not_picked":["champ:StanceDance","champ:Haymaker"],"picked":"champ:ShieldWall","floor":14},{"not_picked":["champ:Devastate","champ:HeavySlash"],"picked":"champ:CheapShot","floor":16},{"not_picked":["champ:Circumvent+1","champ:BerserkersShout"],"picked":"champ:IronFortress","floor":18},{"not_picked":["champ:Haymaker","champ:DefensiveShout+1","champ:ShieldSigil+1"],"picked":"SKIP","floor":20},{"not_picked":["champ:HeartStrike","champ:Encircle","champ:EnragedBash"],"picked":"SKIP","floor":23},{"not_picked":["champ:CrownThrow","champ:FanOfKnives+1","champ:HeartStrike"],"picked":"SKIP","floor":28},{"not_picked":["champ:ShieldSlam","champ:GutPunch+1"],"picked":"champ:RageSigil","floor":31}],"player_experience":1909317,"relics_obtained":[{"floor":5,"key":"infinitespire:PuzzleCube"},{"floor":9,"key":"Guard_Bracelet"},{"floor":14,"key":"Nunchaku"},{"floor":23,"key":"Bag of Preparation"},{"floor":26,"key":"halation:LettersToHer"}],"event_choices":[{"damage_healed":0,"gold_gain":0,"cards_transformed":["champ:Strike"],"player_choice":"Transformed","damage_taken":0,"max_hp_gain":0,"max_hp_loss":0,"event_name":"Transmorgrifier","floor":2,"gold_loss":0,"cards_obtained":["champ:FocusedBerserking"]},{"damage_healed":0,"gold_gain":0,"player_choice":"2 cards matched","damage_taken":0,"max_hp_gain":0,"max_hp_loss":0,"event_name":"Match and Keep!","floor":13,"gold_loss":0,"cards_obtained":["champ:ShieldThrow","Jack Of All Trades"]},{"damage_healed":0,"gold_gain":0,"player_choice":"Joined the Cult","damage_taken":6,"max_hp_gain":0,"max_hp_loss":0,"event_name":"Nest","floor":21,"gold_loss":0,"cards_obtained":["RitualDagger"]},{"cards_removed":["champ:Strike"],"damage_healed":0,"gold_gain":0,"player_choice":"Offered Basic","damage_taken":0,"max_hp_gain":0,"max_hp_loss":0,"event_name":"Bonfire Elementals","floor":25,"gold_loss":0}],"is_beta":false,"boss_relics":[{"not_picked":["Busted Crown","beaked:SacredDeck"],"picked":"champ:ChampionCrownUpgraded"}],"items_purged_floors":[27,30],"is_endless":false,"potions_floor_spawned":[4,12,16,18,23],"killed_by":"Champ","ascension_level":3}}