{"host":"v0dnu0zs4qo0v13s","time":1613839752,"event":{"mods":["BaseMod","Colored Map","Colored Powertips","Minty Spire (QoL Compilation)","Relic Stats","StSLib","SuperFastMode","everything is the same but u backflip on backflip"],"gold_per_floor":[116,128,145,165,165,165,181,181,261,146,146,146,31,31,31,130,130,146,146,121,70,70,70],"floor_reached":22,"language":"ENG","playtime":679,"items_purged":["Strike_R"],"score":305,"play_id":"dfd3bf7a-c0d3-4517-9377-a96859c82ad8","local_time":"20210220114912","is_ascension_mode":true,"campfire_choices":[{"data":"Bash","floor":6.0,"key":"SMITH"},{"data":"Hemokinesis","floor":8.0,"key":"SMITH"},{"data":"Burning Pact","floor":11.0,"key":"SMITH"},{"data":"Second Wind","floor":15.0,"key":"SMITH"}],"circlet_count":0,"master_deck":["AscendersBane","Strike_R","Strike_R","Defend_R","Defend_R","Defend_R","Defend_R","Bash+1","Pommel Strike","Ghostly Armor","Dropkick","Headbutt","Hemokinesis+1","Burning Pact+1","Feel No Pain","Second Wind+1","Injury","Berserk","Rupture","Dual Wield","Battle Trance"],"relics":["Burning Blood","NeowsBlessing","Shuriken","Golden Idol","SlaversCollar"],"acts_visited":["Exordium","TheCity"],"potions_floor_usage":[],"damage_taken":[{"damage":0.0,"enemies":"2 Louse","floor":1.0,"turns":1.0},{"damage":0.0,"enemies":"Jaw Worm","floor":2.0,"turns":1.0},{"damage":0.0,"enemies":"Small Slimes","floor":3.0,"turns":1.0},{"damage":22.0,"enemies":"Looter","floor":4.0,"turns":3.0},{"damage":4.0,"enemies":"Red Slaver","floor":7.0,"turns":3.0},{"damage":33.0,"enemies":"Hexaghost","floor":16.0,"turns":9.0},{"damage":35.0,"enemies":"Shell Parasite","floor":18.0,"turns":6.0},{"damage":30,"enemies":"2 Thieves","floor":20,"turns":5},{"damage":0,"enemies":"Snake Plant","floor":22,"turns":1}],"seed_played":"-4934695282672206331","potions_obtained":[{"floor":3.0,"key":"DistilledChaos"},{"floor":4.0,"key":"Weak Potion"}],"is_trial":false,"path_per_floor":["M","M","M","M","?","R","M","R","T","$","R","?","$","?","R","B",null,"M","?","M","$","M"],"character_chosen":"IRONCLAD","items_purchased":["Burning Pact","Feel No Pain","Second Wind","Block Potion"],"campfire_rested":0,"item_purchase_floors":[10,13,13,21],"current_hp_per_floor":[74,75,75,59,52,52,54,54,54,54,54,59,59,59,59,32,68,39,39,15,15,15,15],"gold":70,"neow_bonus":"THREE_ENEMY_KILL","is_daily":false,"chose_seed":false,"campfire_upgraded":4,"win_rate":0.0,"timestamp":1613839752,"path_taken":["M","M","M","M","?","R","M","R","T","$","R","?","?","?","R","BOSS","M","?","?","?","M"],"items_purchased_type":["Card","Card","Card","Potion"],"build_version":"2020-12-22","purchased_purges":1,"victory":false,"max_hp_per_floor":[75,75,75,75,75,75,75,75,75,75,75,80,80,80,80,80,80,80,80,80,80,80,80],"relic_stats":{"counters":[9,30],"Shuriken":[5],"Golden Idol":27,"obtain_stats":[{"SlaversCollar":17,"NeowsBlessing":0,"Shuriken":9,"Golden Idol":14,"Burning Blood":0},{"SlaversCollar":6,"NeowsBlessing":0,"Shuriken":5,"Golden Idol":5,"Burning Blood":0},{"SlaversCollar":18,"NeowsBlessing":0,"Shuriken":9,"Golden Idol":9,"Burning Blood":0}],"Burning Blood":37},"card_choices":[{"not_picked":["Anger","Body Slam"],"picked":"Pommel Strike","floor":1.0},{"not_picked":["Blood for Blood","Clothesline"],"picked":"Ghostly Armor","floor":2.0},{"not_picked":["Twin Strike","Spot Weakness"],"picked":"Dropkick","floor":3.0},{"not_picked":["Dropkick","Ghostly Armor"],"picked":"Headbutt","floor":4.0},{"not_picked":["Wild Strike","Warcry"],"picked":"Hemokinesis","floor":7.0},{"not_picked":["Bludgeon","Juggernaut"],"picked":"Berserk","floor":16.0},{"not_picked":["Sword Boomerang","Shrug It Off+1"],"picked":"Rupture","floor":18.0},{"not_picked":["Flex","Armaments"],"picked":"Battle Trance","floor":20}],"player_experience":739578,"relics_obtained":[{"floor":9.0,"key":"Shuriken"}],"event_choices":[{"cards_removed":["Strike_R"],"damage_healed":0.0,"max_hp_gain":0.0,"max_hp_loss":0.0,"gold_gain":0.0,"event_name":"Golden Wing","player_choice":"Card Removal","floor":5.0,"gold_loss":0.0,"damage_taken":7.0},{"damage_healed":0.0,"max_hp_gain":5.0,"max_hp_loss":0.0,"gold_gain":0.0,"event_name":"Big Fish","player_choice":"Donut","floor":12.0,"gold_loss":0.0,"damage_taken":0.0},{"damage_healed":0.0,"max_hp_gain":0.0,"max_hp_loss":0.0,"gold_gain":0.0,"event_name":"Golden Idol","player_choice":"Take Wound","floor":14.0,"gold_loss":0.0,"damage_taken":0.0,"relics_obtained":["Golden Idol"],"cards_obtained":["Injury"]},{"damage_healed":0.0,"max_hp_gain":0.0,"max_hp_loss":0.0,"gold_gain":0.0,"cards_transformed":["Strike_R"],"event_name":"Transmorgrifier","player_choice":"Transformed","floor":19.0,"gold_loss":0.0,"damage_taken":0.0,"cards_obtained":["Dual Wield"]}],"is_beta":false,"boss_relics":[{"not_picked":["Runic Cube","Ectoplasm"],"picked":"SlaversCollar"}],"items_purged_floors":[10],"is_endless":false,"potions_floor_spawned":[3,4],"killed_by":"Snake Plant","ascension_level":15}}