{"host":"5f8yr5jxnqok2jdo","time":1613831160,"event":{"mods":["AchievementEnabler","Ascension Reborn","BaseMod","Better Altar","Better Match","Better Note","Better Skull","Better Third Choice","Block Reminder","Colored Map","Colored Powertips","DeckTracker","Displayed Cursed Tome","Filter the Spire","Googly Eyes","Highlight Path","Key Reminder","Minty Spire (QoL Compilation)","Quick Restart","Rare Cards Sparkle","Relic Sorter","Relic Stats","ShortenTheSpire","Smile Girya","Spire Arcade","Spire Birthday Party","StSLib","Steal the Spire","SuperFastMode","Uncapped","Unceasing Turn Reminder","Weighted Paths","everything is the same but u backflip on backflip","slay the spire mod where everything is the same but ironclad has a cowboy hat"],"gold_per_floor":[112,128,278,278,297,297,297],"floor_reached":6,"language":"ENG","playtime":185,"items_purged":[],"score":72,"play_id":"b9656da9-794f-48c5-9072-3ea7cd0dfc5b","local_time":"20210220152600","is_ascension_mode":true,"campfire_choices":[],"circlet_count":0,"master_deck":["AscendersBane","Strike_R","Strike_R","Strike_R","Strike_R","Strike_R","Defend_R","Defend_R","Defend_R","Defend_R","Bash","Mayhem","Whirlwind","Doubt"],"relics":["Burning Blood","Frozen Egg 2"],"acts_visited":["Exordium"],"potions_floor_usage":[],"damage_taken":[{"damage":14,"enemies":"Small Slimes","floor":1,"turns":5},{"damage":3,"enemies":"2 Louse","floor":2,"turns":4},{"damage":13,"enemies":"Cultist","floor":5,"turns":5},{"damage":25,"enemies":"Lagavulin","floor":6,"turns":5}],"seed_played":"-280460441068129541","potions_obtained":[{"floor":1,"key":"LiquidBronze"}],"is_trial":false,"path_per_floor":["M","M","?","?","M","E"],"character_chosen":"IRONCLAD","items_purchased":[],"campfire_rested":0,"item_purchase_floors":[],"current_hp_per_floor":[42,45,45,19,12,0,0],"gold":297,"neow_bonus":"RANDOM_COLORLESS_2","is_daily":false,"chose_seed":false,"campfire_upgraded":0,"win_rate":0.0,"timestamp":1613831160,"path_taken":["M","M","?","?","M","E"],"items_purchased_type":[],"build_version":"2020-12-22","purchased_purges":0,"victory":false,"max_hp_per_floor":[75,75,75,75,75,75,75],"relic_stats":{"counters":[4,19],"obtain_stats":[{"Frozen Egg 2":4,"Burning Blood":0},{"Frozen Egg 2":2,"Burning Blood":0},{"Frozen Egg 2":9,"Burning Blood":0}],"Burning Blood":18},"card_choices":[{"not_picked":["Chrysalis","Transmutation"],"picked":"Mayhem","floor":0},{"not_picked":["Havoc","Twin Strike","Armaments"],"picked":"SKIP","floor":1},{"not_picked":["Armaments","Burning Pact"],"picked":"Whirlwind","floor":2},{"not_picked":["Spot Weakness","Headbutt","Feel No Pain+1"],"picked":"SKIP","floor":5}],"player_experience":369852,"relics_obtained":[],"event_choices":[{"damage_healed":0,"gold_gain":150,"player_choice":"AGREE","damage_taken":128,"max_hp_gain":0,"max_hp_loss":0,"event_name":"betterThird:BetterSerpent","floor":3,"gold_loss":0},{"damage_healed":0,"gold_gain":0,"player_choice":"Relic ","damage_taken":26,"max_hp_gain":0,"max_hp_loss":0,"event_name":"betterThird:BetterScrap","floor":4,"gold_loss":0,"cards_obtained":["Scrape"]}],"is_beta":false,"boss_relics":[],"items_purged_floors":[],"is_endless":false,"potions_floor_spawned":[1],"killed_by":"Lagavulin","ascension_level":20}}