{"host":"avjwtc49fhlk6kym","time":1613787157,"event":{"mods":["AchievementEnabler","BaseMod","Better Match","Better Note","Better Third Choice","Colored Map","Colored Powertips","Displayed Cursed Tome","Highlight Path","Minty Spire (QoL Compilation)","Permanent Neow","Quick Restart","StSLib"],"gold_per_floor":[119,131,147,159,176,210,210,238,285,302,302,57,57,75,75,179,179,197,209,209,222,1,31,43,43,91,91,91,91,116,134,134,231,231,241,0,10,22,22,22,34,47,47,60,60,76,76,76],"floor_reached":47,"language":"ENG","playtime":3003,"items_purged":["Strike_P"],"score":581,"play_id":"081b33ac-5302-4a68-a3f7-e0579343cbdf","local_time":"20210219211237","is_ascension_mode":true,"campfire_choices":[{"floor":7.0,"key":"REST"},{"data":"CrushJoints","floor":11.0,"key":"SMITH"},{"data":"Apotheosis","floor":13.0,"key":"SMITH"},{"floor":15.0,"key":"REST"},{"floor":25.0,"key":"REST"},{"floor":27.0,"key":"REST"},{"floor":29.0,"key":"REST"},{"floor":32.0,"key":"REST"},{"floor":40.0,"key":"REST"}],"circlet_count":0,"master_deck":["Strike_P","Strike_P","Strike_P","Defend_P","Defend_P","Defend_P","Defend_P","Eruption","Vigilance","CrushJoints+1","SandsOfTime","MasterReality","FollowUp","FearNoEvil","SandsOfTime","Evaluate","Apotheosis+1","SandsOfTime","FlurryOfBlows","Brilliance","CurseOfTheBell","Protect","ForeignInfluence","DeusExMachina","PathToVictory","Brilliance","Wireheading","DeusExMachina","Protect","FlyingSleeves","SandsOfTime+1","Scrawl","Evaluate+1","Brilliance","Prostrate+1","Halt+1","Parasite","Conclude","Protect","BowlingBash","LessonLearned"],"relics":["PureWater","Boot","Bag of Preparation","Mango","Vajra","Art of War","InkBottle","Prayer Wheel","Nloth\u0027s Gift","TheAbacus","The Courier","PreservedInsect","Centennial Puzzle","Sozu","Red Mask","StrikeDummy"],"acts_visited":["Exordium","TheCity","TheBeyond"],"potions_floor_usage":[],"damage_taken":[{"damage":0.0,"enemies":"Cultist","floor":1.0,"turns":2.0},{"damage":4.0,"enemies":"Jaw Worm","floor":2.0,"turns":2.0},{"damage":0.0,"enemies":"2 Louse","floor":3.0,"turns":2.0},{"damage":13.0,"enemies":"Looter","floor":4.0,"turns":4.0},{"damage":0.0,"enemies":"Blue Slaver","floor":5.0,"turns":3.0},{"damage":23.0,"enemies":"3 Sentries","floor":6.0,"turns":6.0},{"damage":14.0,"enemies":"Gremlin Nob","floor":8.0,"turns":3.0},{"damage":0.0,"enemies":"Large Slime","floor":10.0,"turns":4.0},{"damage":3.0,"enemies":"Looter","floor":14.0,"turns":2.0},{"damage":36.0,"enemies":"Hexaghost","floor":16.0,"turns":6.0},{"damage":17.0,"enemies":"3 Byrds","floor":18.0,"turns":4.0},{"damage":16.0,"enemies":"Spheric Guardian","floor":19.0,"turns":4.0},{"damage":18.0,"enemies":"Snecko","floor":21.0,"turns":3.0},{"damage":14.0,"enemies":"Slavers","floor":23.0,"turns":4.0},{"damage":41.0,"enemies":"Snake Plant","floor":24.0,"turns":4.0},{"damage":24.0,"enemies":"Colosseum Slavers","floor":28.0,"turns":5.0},{"damage":18.0,"enemies":"Book of Stabbing","floor":30.0,"turns":3.0},{"damage":2.0,"enemies":"3 Cultists","floor":31.0,"turns":4.0},{"damage":22.0,"enemies":"Champ","floor":33.0,"turns":6.0},{"damage":41.0,"enemies":"3 Darklings","floor":35.0,"turns":4.0},{"damage":2.0,"enemies":"3 Shapes","floor":37.0,"turns":3.0},{"damage":19.0,"enemies":"Sphere and 2 Shapes","floor":38.0,"turns":4.0},{"damage":31.0,"enemies":"Transient","floor":41.0,"turns":5.0},{"damage":6.0,"enemies":"Writhing Mass","floor":42.0,"turns":6.0},{"damage":7,"enemies":"Sphere and 2 Shapes","floor":44,"turns":5},{"damage":1,"enemies":"Maw","floor":46,"turns":8},{"damage":7,"enemies":"Jaw Worm Horde","floor":47,"turns":1}],"seed_played":"1124123381188639540","potions_obtained":[{"floor":2.0,"key":"SkillPotion"},{"floor":4.0,"key":"EntropicBrew"},{"floor":5.0,"key":"EntropicBrew"},{"floor":6.0,"key":"BottledMiracle"},{"floor":14.0,"key":"Ancient Potion"},{"floor":21.0,"key":"Fire Potion"},{"floor":31.0,"key":"ColorlessPotion"},{"floor":33.0,"key":"SkillPotion"}],"is_trial":false,"path_per_floor":["M","M","M","M","M","E","R","E","T","M","R","$","R","M","R","B",null,"M","M","?","M","$","E","M","R","T","R","?","R","E","M","R","B",null,"M","?","M","M","?","R","M","M","T","M","T","M","M"],"character_chosen":"WATCHER","items_purchased":["Apotheosis","SandsOfTime","TheAbacus"],"campfire_rested":7,"item_purchase_floors":[12,12,22],"current_hp_per_floor":[72,68,68,55,55,32,53,53,53,53,53,53,53,50,75,39,86,69,53,53,35,35,21,9,34,34,59,35,60,42,40,65,43,86,45,45,43,24,24,49,18,12,12,5,5,4,0,0],"gold":76,"neow_bonus":"RANDOM_COMMON_RELIC","is_daily":false,"chose_seed":false,"campfire_upgraded":2,"win_rate":0.0,"timestamp":1613787157,"path_taken":["M","M","M","M","M","E","R","E","T","?","R","$","R","M","R","BOSS","M","M","?","M","$","E","?","R","T","R","?","R","E","M","R","BOSS","M","?","M","M","?","R","M","M","T","M","?","M","M"],"items_purchased_type":["Card","Card","Relic"],"build_version":"2020-12-22","purchased_purges":1,"victory":false,"max_hp_per_floor":[72,72,72,72,72,72,72,86,86,86,86,86,86,86,86,86,86,86,86,86,86,86,86,86,86,86,86,86,86,86,86,86,86,86,86,86,86,86,86,86,86,86,86,86,86,86,86,86],"card_choices":[{"not_picked":["ClearTheMind","Nirvana"],"picked":"CrushJoints","floor":1.0},{"not_picked":["SashWhip","BowlingBash"],"picked":"SandsOfTime","floor":2.0},{"not_picked":["BowlingBash","FlyingSleeves"],"picked":"MasterReality","floor":3.0},{"not_picked":["Crescendo","FlurryOfBlows"],"picked":"FollowUp","floor":4.0},{"not_picked":["Study","Vengeance"],"picked":"FearNoEvil","floor":5.0},{"not_picked":["WaveOfTheHand","Scrawl"],"picked":"SandsOfTime","floor":6.0},{"not_picked":["Consecrate","MentalFortress","Meditate"],"picked":"SKIP","floor":8.0},{"not_picked":["Prostrate","EmptyFist"],"picked":"Evaluate","floor":10.0},{"not_picked":["Indignation","EmptyBody"],"picked":"FlurryOfBlows","floor":14.0},{"not_picked":["Vault","Wish"],"picked":"Brilliance","floor":16.0},{"not_picked":["MentalFortress","EmptyFist+1"],"picked":"Protect","floor":18.0},{"not_picked":["Adaptation+1","FollowUp"],"picked":"ForeignInfluence","floor":18.0},{"not_picked":["Protect","Weave"],"picked":"DeusExMachina","floor":19.0},{"not_picked":["MentalFortress","Prostrate+1"],"picked":"PathToVictory","floor":19.0},{"not_picked":["Nirvana","BowlingBash"],"picked":"Brilliance","floor":21.0},{"not_picked":["EmptyBody","CutThroughFate"],"picked":"Wireheading","floor":21.0},{"not_picked":["Swivel","WaveOfTheHand"],"picked":"DeusExMachina","floor":23.0},{"not_picked":["JustLucky","Evaluate"],"picked":"Protect","floor":24.0},{"not_picked":["Adaptation","FollowUp","WreathOfFlame"],"picked":"SKIP","floor":24.0},{"not_picked":["EmptyBody+1","Consecrate"],"picked":"Meditate","floor":30.0},{"not_picked":["FollowUp","FearNoEvil"],"picked":"FlyingSleeves","floor":31.0},{"not_picked":["SashWhip","Crescendo"],"picked":"SandsOfTime+1","floor":31.0},{"not_picked":["Alpha","DeusExMachina"],"picked":"Scrawl","floor":33.0},{"not_picked":["Omniscience","Fasting2+1"],"picked":"Evaluate+1","floor":35.0},{"not_picked":["Halt","EmptyBody"],"picked":"Brilliance","floor":35.0},{"not_picked":["Halt","ClearTheMind+1"],"picked":"Prostrate+1","floor":37.0},{"not_picked":["Ragnarok","FollowUp+1","Vault"],"picked":"SKIP","floor":37.0},{"not_picked":["DeceiveReality","Worship","Evaluate"],"picked":"SKIP","floor":38.0},{"not_picked":["ClearTheMind","Evaluate+1","SashWhip+1"],"picked":"SKIP","floor":38.0},{"not_picked":["SpiritShield","Worship+1"],"picked":"Halt+1","floor":41.0},{"not_picked":["FollowUp","Indignation","CutThroughFate"],"picked":"SKIP","floor":41.0},{"not_picked":["Sanctity","WreathOfFlame"],"picked":"Conclude","floor":42.0},{"not_picked":["Worship","Crescendo","CutThroughFate+1"],"picked":"SKIP","floor":42.0},{"not_picked":["SashWhip","FollowUp+1"],"picked":"Protect","floor":44},{"not_picked":["MasterReality","WindmillStrike","ClearTheMind+1"],"picked":"SKIP","floor":44},{"not_picked":["SignatureMove+1","PathToVictory"],"picked":"BowlingBash","floor":46},{"not_picked":["Halt","Tantrum+1"],"picked":"LessonLearned","floor":46}],"player_experience":456397,"relics_obtained":[{"floor":6.0,"key":"Bag of Preparation"},{"floor":8.0,"key":"Mango"},{"floor":9.0,"key":"Vajra"},{"floor":17.0,"key":"Art of War"},{"floor":17.0,"key":"InkBottle"},{"floor":17.0,"key":"Prayer Wheel"},{"floor":23.0,"key":"The Courier"},{"floor":26.0,"key":"PreservedInsect"},{"floor":30.0,"key":"Centennial Puzzle"},{"floor":45,"key":"StrikeDummy"}],"event_choices":[{"damage_healed":0.0,"max_hp_gain":0.0,"max_hp_loss":0.0,"gold_gain":0.0,"event_name":"N\u0027loth","player_choice":"Traded Relic","floor":20.0,"relics_lost":["Calling Bell"],"gold_loss":0.0,"damage_taken":0.0,"relics_obtained":["Nloth\u0027s Gift"]},{"damage_healed":0.0,"max_hp_gain":0.0,"max_hp_loss":0.0,"gold_gain":0.0,"event_name":"Colosseum","player_choice":"Fight","floor":28.0,"gold_loss":0.0,"damage_taken":0.0},{"damage_healed":0.0,"max_hp_gain":0.0,"max_hp_loss":0.0,"gold_gain":0.0,"event_name":"Colosseum","player_choice":"Fled From Nobs","floor":28.0,"gold_loss":0.0,"damage_taken":0.0},{"damage_healed":0.0,"max_hp_gain":0.0,"max_hp_loss":0.0,"gold_gain":0.0,"event_name":"Tomb of Lord Red Mask","player_choice":"Paid","floor":36.0,"gold_loss":241.0,"damage_taken":0.0,"relics_obtained":["Red Mask"]},{"cards_removed":["Meditate"],"damage_healed":0.0,"max_hp_gain":0.0,"max_hp_loss":0.0,"gold_gain":0.0,"event_name":"Falling","player_choice":"Removed Skill","floor":39.0,"gold_loss":0.0,"damage_taken":0.0}],"is_beta":false,"boss_relics":[{"not_picked":["SlaversCollar","Velvet Choker"],"picked":"Calling Bell"},{"not_picked":["Runic Pyramid","Black Star"],"picked":"Sozu"}],"items_purged_floors":[22],"is_endless":false,"potions_floor_spawned":[2,4,5,6,14,21,31,33,38,44,46],"killed_by":"Jaw Worm Horde","ascension_level":2}}