{"host":"dxw0slwvk2p0izr3","time":1613805944,"event":{"mods":["BaseMod","Downfall","Minty Spire (QoL Compilation)","Replay The Spire","Shop Mod","StSLib"],"gold_per_floor":[99,117,166,166,180,212,212,212,122,122,22,34,59,70,80,175,175,175,187,199,199,199,234,234,134,147,147,178,78,90,75,95,95,95,95],"floor_reached":33,"language":"ZHS","playtime":2814,"items_purged":["bronze:Defend"],"score":345,"play_id":"086bf26c-9c3d-4ec1-be56-b25227d017e8","local_time":"20210220152544","is_ascension_mode":false,"campfire_choices":[{"data":"bronze:Defend","floor":1.0,"key":"PURGE"},{"data":"bronze:Boost","floor":11.0,"key":"SMITH"},{"floor":18.0,"key":"RECALL"},{"data":"bronze:BronzeOrb","floor":25.0,"key":"SMITH"},{"data":"bronze:Verify","floor":27.0,"key":"SMITH"},{"data":"bronze:Iterate","floor":29.0,"key":"SMITH"}],"circlet_count":0,"master_deck":["bronze:Strike","bronze:Strike","bronze:Strike","bronze:Defend","bronze:Defend","bronze:Replicate+1","bronze:Goto+1","bronze:Iterate+1","bronze:Optimize","bronze:CutThrough+1","bronze:Boost+1","bronze:Verify+1","bronze:Overheat","bronze:Mutator+1","bronze:BronzeOrb+1","bronze:Optimize+1","bronze:Virus","bronze:Repulsor+1","bronze:WildBeam","bronze:Philosophize","bronze:Frontload","bronze:Backtrace+1","bronze:WhirlingStrike+1","bronze:Repair"],"relics":["bronze:BronzeCore","Sundial","TungstenRod","InkBottle","downfall:HeartBlessingBlue","Frozen Egg 2","ReplayTheSpireMod:DimensionalGlitch","Nilry\u0027s Codex","Darkstone Periapt","Omamori","downfall:HeartBlessingRed","Replay:Multitool","downfall:HeartBlessingGreen"],"acts_visited":["Exordium","TheCity"],"potions_floor_usage":[],"damage_taken":[{"damage":0.0,"enemies":"Small Slimes","floor":2.0,"turns":3.0},{"damage":7.0,"enemies":"2 Louse","floor":5.0,"turns":2.0},{"damage":5.0,"enemies":"Replay:BlueRogue","floor":6.0,"turns":3.0},{"damage":2.0,"enemies":"downfall:FleeingMerchant","floor":9.0,"turns":4.0},{"damage":0.0,"enemies":"Jaw Worm","floor":12.0,"turns":1.0},{"damage":7.0,"enemies":"Lagavulin","floor":13.0,"turns":4.0},{"damage":6.0,"enemies":"Blue Slaver","floor":14.0,"turns":2.0},{"damage":0.0,"enemies":"2 Fungi Beasts","floor":15.0,"turns":2.0},{"damage":36.0,"enemies":"DF_ARCHETYPE_STREAMLINE","floor":16.0,"turns":8.0},{"damage":0.0,"enemies":"3 Byrds","floor":19.0,"turns":3.0},{"damage":0.0,"enemies":"Spheric Guardian","floor":20.0,"turns":2.0},{"damage":30.0,"enemies":"Slavers","floor":23.0,"turns":4.0},{"damage":2.0,"enemies":"Cultist and Chosen","floor":26.0,"turns":4.0},{"damage":0.0,"enemies":"Gremlin Leader","floor":28.0,"turns":3.0},{"damage":4.0,"enemies":"Snecko","floor":30.0,"turns":3.0},{"damage":6.0,"enemies":"downfall:FleeingMerchant","floor":31.0,"turns":4.0},{"damage":0.0,"enemies":"Centurion and Healer","floor":32.0,"turns":2.0},{"damage":63,"enemies":"WA_ARCHETYPE_CALM","floor":33,"turns":5}],"seed_played":"4062752424360255623","potions_obtained":[{"floor":2.0,"key":"Ancient Potion"},{"floor":3.0,"key":"Adrenaline Potion"},{"floor":12.0,"key":"Toxic Potion"},{"floor":13.0,"key":"Regen Potion"},{"floor":23.0,"key":"Cursed Concoction"},{"floor":26.0,"key":"Energy Potion"},{"floor":32.0,"key":"FearPotion"}],"is_trial":false,"path_per_floor":["R","M","?","?","M","E","T","T","$","?","R","M","E","M","M","B",null,"R","M","M","?","?","E","T","R","M","R","E","R","M","$","M","B"],"character_chosen":"THE_AUTOMATON","items_purchased":[],"campfire_rested":0,"item_purchase_floors":[],"current_hp_per_floor":[77,77,77,77,70,65,65,65,63,63,73,73,66,60,60,24,87,87,87,87,87,64,41,41,41,39,39,39,39,35,29,34,0,0,0],"gold":95,"neow_bonus":"TEN_PERCENT_HP_BONUS","is_daily":false,"chose_seed":false,"campfire_upgraded":4,"win_rate":0.0,"timestamp":1613805944,"path_taken":["R","M","?","?","M","E","T","?","?","?","R","M","E","M","M","BOSS","BOSS","R","M","M","?","?","E","T","R","M","R","E","R","M","$","M","BOSS"],"items_purchased_type":[],"build_version":"2020-12-22","purchased_purges":1,"victory":false,"max_hp_per_floor":[77,77,77,77,77,77,77,77,77,77,87,87,87,87,87,87,87,87,87,87,87,87,87,87,87,87,87,87,87,87,87,87,87,87,87],"card_choices":[{"not_picked":["bronze:Repulsor","bronze:ChildClass"],"picked":"bronze:Iterate","floor":2.0},{"not_picked":["bronze:BuggyMess","bronze:OilSpill"],"picked":"bronze:Optimize","floor":3.0},{"not_picked":["bronze:Flail","bronze:Backtrace"],"picked":"bronze:Boost","floor":5.0},{"not_picked":["bronze:Repair","bronze:Flail"],"picked":"bronze:Verify","floor":6.0},{"not_picked":["bronze:MaxOutput","bronze:BugBarrage","bronze:Philosophize"],"picked":"SKIP","floor":9.0},{"not_picked":["bronze:Deprecate","bronze:Iterate"],"picked":"bronze:Overheat","floor":12.0},{"not_picked":["bronze:DelayedGuard","bronze:Turbo"],"picked":"bronze:Mutator+1","floor":13.0},{"not_picked":["bronze:Frontload","bronze:DelayedSlice"],"picked":"bronze:BronzeOrb","floor":14.0},{"not_picked":["bronze:Overheat","bronze:FollowUp"],"picked":"bronze:Optimize+1","floor":15.0},{"not_picked":["bronze:ThunderWave","bronze:ShipIt"],"picked":"bronze:Virus","floor":16.0},{"not_picked":["bronze:BugBarrage","bronze:Invalidate"],"picked":"bronze:Repulsor+1","floor":19.0},{"not_picked":["bronze:Fortify","bronze:Deprecate"],"picked":"bronze:WildBeam","floor":20.0},{"not_picked":["bronze:GetLatest+1","bronze:ForLoop"],"picked":"bronze:Frontload","floor":23.0},{"not_picked":["bronze:Philosophize","bronze:Turbo"],"picked":"bronze:Backtrace+1","floor":26.0},{"not_picked":["bronze:Philosophize","bronze:BugBarrage+1","bronze:Turbo"],"picked":"SKIP","floor":28.0},{"not_picked":["bronze:DelayedGuard+1","bronze:FollowUp"],"picked":"bronze:WhirlingStrike+1","floor":30.0},{"not_picked":["bronze:ForLoop","bronze:ChildClass"],"picked":"bronze:Repair","floor":31.0},{"not_picked":["bronze:DelayedGuard","bronze:ThunderWave","bronze:FineTuning"],"picked":"SKIP","floor":32.0}],"player_experience":99183,"relics_obtained":[{"floor":3.0,"key":"Sundial"},{"floor":6.0,"key":"TungstenRod"},{"floor":8.0,"key":"InkBottle"},{"floor":13.0,"key":"Frozen Egg 2"},{"floor":22.0,"key":"Nilry\u0027s Codex"},{"floor":23.0,"key":"Darkstone Periapt"},{"floor":24.0,"key":"Omamori"},{"floor":28.0,"key":"Replay:Multitool"}],"event_choices":[{"damage_healed":0.0,"max_hp_gain":0.0,"max_hp_loss":0.0,"gold_gain":0.0,"event_name":"The Library","player_choice":"Read","floor":21.0,"gold_loss":0.0,"damage_taken":0.0,"cards_obtained":["bronze:Philosophize"]}],"is_beta":false,"boss_relics":[{"not_picked":["Black Star","Abe\u0027s Treasure"],"picked":"ReplayTheSpireMod:DimensionalGlitch"}],"items_purged_floors":[9],"is_endless":false,"potions_floor_spawned":[2,12,13,14,23,26,32],"killed_by":"WA_ARCHETYPE_CALM","ascension_level":0}}