{"host":"35igpbicnxdwoo63","time":1613809949,"event":{"mods":["AchievementEnabler","BaseMod","CapriCore","Lobotomy","Minty Spire (QoL Compilation)","StSLib","SuperFastMode"],"gold_per_floor":[117,67,86,86,111,111,126,126,126,126,50,85,115,141,141,238,238,256,256,267,217,232,232,251,251,251,268,268,268],"floor_reached":28,"language":"KOR","playtime":1574,"items_purged":[],"score":251,"play_id":"33609e64-1c41-466b-acee-c5807956ca60","local_time":"20210220173229","is_ascension_mode":false,"campfire_choices":[{"data":"Deadly Poison","floor":6,"key":"SMITH"},{"data":"Cloak And Dagger","floor":10,"key":"SMITH"},{"data":"Noxious Fumes","floor":15,"key":"SMITH"},{"data":"Escape Plan","floor":23,"key":"SMITH"},{"floor":25,"key":"REST"}],"circlet_count":0,"master_deck":["Strike_G","Strike_G","Defend_G","Defend_G","Defend_G","Defend_G","Survivor","Neutralize","Deadly Poison+1","LaLuna","Cloak And Dagger+1","GreedKing","Footwork","Noxious Fumes+1","MHz","VoidDream","Escape Plan+1","SpiderBud","Glass Knife+1","Underhanded Strike+1","Backflip+1","Dash+1","GalaxyChild","Footwork","RitualDagger+1","Wellcheers","Noxious Fumes","CherryBlossoms","Expertise","SnowQueen","Blade Dance","Yin","All Out Attack+1"],"relics":["Ring of the Snake","CogitoBucket","Centennial Puzzle","Molten Egg 2","Paper Crane","Singing Bowl","Pantograph","Astrolabe","SkinProphecy","Kunai"],"acts_visited":["Exordium","TheCity"],"potions_floor_usage":[22,28,28,28],"damage_taken":[{"damage":5,"enemies":"Small Slimes","floor":1,"turns":6},{"damage":0,"enemies":"2 Louse","floor":3,"turns":2},{"damage":2,"enemies":"Jaw Worm","floor":7,"turns":2},{"damage":5,"enemies":"3 Sentries","floor":12,"turns":7},{"damage":21,"enemies":"Gremlin Nob","floor":14,"turns":4},{"damage":43,"enemies":"The Guardian","floor":16,"turns":11},{"damage":15,"enemies":"2 Thieves","floor":18,"turns":8},{"damage":10,"enemies":"Chosen","floor":20,"turns":5},{"damage":24,"enemies":"Snake Plant","floor":22,"turns":5},{"damage":13,"enemies":"Centurion and Healer","floor":24,"turns":7},{"damage":26,"enemies":"Chosen and Byrds","floor":27,"turns":7},{"damage":17,"enemies":"Snake Plant","floor":28,"turns":3}],"seed_played":"-7574256384828826932","potions_obtained":[{"floor":3,"key":"Swift Potion"},{"floor":12,"key":"Strength Potion"},{"floor":20,"key":"Regen Potion"},{"floor":22,"key":"LiquidBronze"}],"is_trial":false,"path_per_floor":["M","?","M","?","T","R","M","?","T","R","$","E","?","E","R","B",null,"M","?","M","?","M","R","M","R","T","M","M"],"character_chosen":"THE_SILENT","items_purchased":["Noxious Fumes"],"campfire_rested":1,"item_purchase_floors":[11],"current_hp_per_floor":[65,65,65,70,70,70,68,61,61,61,61,58,58,37,37,19,77,62,56,42,42,29,29,15,39,39,15,0,0],"gold":268,"neow_bonus":"","is_daily":false,"chose_seed":false,"campfire_upgraded":4,"win_rate":0.0,"timestamp":1613809949,"path_taken":["M","?","M","?","?","R","M","?","T","R","?","E","?","E","R","BOSS","M","?","M","?","M","R","?","R","T","M","M"],"items_purchased_type":["Card"],"build_version":"2020-12-22","purchased_purges":0,"victory":false,"max_hp_per_floor":[70,70,70,75,75,75,75,75,75,75,75,77,77,77,77,77,77,77,77,79,79,81,81,83,83,83,85,89,89],"card_choices":[{"not_picked":["Prepared","Sucker Punch"],"picked":"Deadly Poison","floor":1},{"not_picked":["PunishingBird","OSAHOGD"],"picked":"LaLuna","floor":3},{"not_picked":["Endless Agony","Escape Plan"],"picked":"Cloak And Dagger","floor":3},{"not_picked":["LittlePrince","Murderer"],"picked":"GreedKing","floor":7},{"not_picked":["Slice","Corpse Explosion"],"picked":"Footwork","floor":7},{"not_picked":["FairyFestival","DreamingCurrent"],"picked":"MHz","floor":12},{"not_picked":["Escape Plan","Underhanded Strike+1","Slice+1"],"picked":"Singing Bowl","floor":12},{"not_picked":["OSAHOGD","Murderer"],"picked":"VoidDream","floor":14},{"not_picked":["Quick Slash+1","Outmaneuver"],"picked":"Escape Plan","floor":14},{"not_picked":["Laetitia","Bloodbath","PunishingBird"],"picked":"Singing Bowl","floor":16},{"not_picked":["ShyLook","MeatLantern"],"picked":"SpiderBud","floor":16},{"not_picked":["Burst","Night Terror"],"picked":"Glass Knife+1","floor":16},{"not_picked":["BlueStar","HeroicMonk","Scorched"],"picked":"Singing Bowl","floor":18},{"not_picked":["Mercenary","DreamingCurrent"],"picked":"GalaxyChild","floor":18},{"not_picked":["Reflex","Deadly Poison"],"picked":"Footwork","floor":18},{"not_picked":["MeatLantern","Scorched"],"picked":"Wellcheers","floor":20},{"not_picked":["Corpse Explosion","Expertise"],"picked":"Noxious Fumes","floor":20},{"not_picked":["BigBadWolf","Laetitia","BeautyBeast"],"picked":"Singing Bowl","floor":22},{"not_picked":["Rudolta","FairyFestival"],"picked":"CherryBlossoms","floor":22},{"not_picked":["Deadly Poison","Quick Slash+1"],"picked":"Expertise","floor":22},{"not_picked":["QueenBee","Murderer","Bloodbath"],"picked":"Singing Bowl","floor":24},{"not_picked":["Scorched","UniverseFragment"],"picked":"SnowQueen","floor":24},{"not_picked":["Flechettes+1","Deflect"],"picked":"Blade Dance","floor":24},{"not_picked":["Variant","DespairKnight"],"picked":"Yin","floor":27},{"not_picked":["Deflect","Flying Knee+1"],"picked":"All Out Attack+1","floor":27}],"player_experience":130328,"relics_obtained":[{"floor":5,"key":"Centennial Puzzle"},{"floor":9,"key":"Paper Crane"},{"floor":12,"key":"Singing Bowl"},{"floor":14,"key":"Pantograph"},{"floor":26,"key":"Kunai"}],"event_choices":[{"cards_removed":["Strike_G"],"damage_healed":0,"gold_gain":0,"player_choice":"Card Removal","damage_taken":0,"max_hp_gain":0,"max_hp_loss":0,"event_name":"The Cleric","floor":2,"gold_loss":50},{"damage_healed":0,"gold_gain":0,"player_choice":"Donut","damage_taken":0,"max_hp_gain":5,"max_hp_loss":0,"event_name":"Big Fish","floor":4,"gold_loss":0},{"damage_healed":0,"gold_gain":0,"player_choice":"Success","damage_taken":7,"relics_obtained":["Molten Egg 2"],"max_hp_gain":0,"max_hp_loss":0,"event_name":"Scrap Ooze","floor":8,"gold_loss":0},{"damage_healed":0,"gold_gain":30,"player_choice":"Searched \u00271\u0027 times","damage_taken":0,"max_hp_gain":0,"max_hp_loss":0,"event_name":"Dead Adventurer","floor":13,"gold_loss":0},{"damage_healed":0,"gold_gain":0,"player_choice":"Joined the Cult","damage_taken":6,"max_hp_gain":0,"max_hp_loss":0,"event_name":"Nest","floor":19,"gold_loss":0,"cards_obtained":["RitualDagger"]},{"damage_healed":0,"gold_gain":0,"player_choice":"Bet on Murderer","damage_taken":0,"max_hp_gain":0,"max_hp_loss":0,"event_name":"The Joust","floor":21,"gold_loss":50}],"is_beta":false,"boss_relics":[{"not_picked":["Cursed Key","HoveringKite"],"picked":"Astrolabe"}],"items_purged_floors":[],"is_endless":false,"potions_floor_spawned":[3,12,20,22],"killed_by":"Snake Plant","ascension_level":0}}