{"host":"t0r9wuv4zaiwets7","time":1613847397,"event":{"mods":["100% Spire Juice","AchievementEnabler","Astrologer","Bard","BaseMod","Bestiary","ChefMod","Colored Map","Colored Powertips","Downfall","Hermit","Highlight Path","Jorbs\u0027s Wanderer Trilogy","Minty Spire (QoL Compilation)","Potionbrewer","Robot Space Explorer","StSLib","The Administrix","The Animator","The Dragon Tamer","The Gatherer","The Mystic"],"gold_per_floor":[111,125,125,145,155,486,497,507,533,72,247,247,28,45,45,141,141,152,152,152,163,166,166,193,50,103,202,202,225,258,275,275,378,378,392,392,407,1406,603,603,633,633,660,660,685,698,723,142,142,142],"floor_reached":51,"language":"ENG","playtime":3123,"items_purged":["Doubt","Normality","potionbrewer:PotionbrewerStrike"],"score":843,"play_id":"38cb4fe8-c615-40ec-ad34-23f52c47a1d9","local_time":"20210220105637","is_ascension_mode":false,"campfire_choices":[{"data":"potionbrewer:TwoForOne","floor":12.0,"key":"SMITH"},{"floor":15.0,"key":"REST"},{"data":"potionbrewer:ChainReaction","floor":23.0,"key":"SMITH"},{"floor":28.0,"key":"REST"},{"floor":32.0,"key":"REST"},{"data":"Normality","floor":40,"key":"PURGE"},{"data":"potionbrewer:PotionbrewerStrike","floor":42,"key":"PURGE"},{"data":"potionbrewer:HazardousMaterials","floor":49,"key":"SMITH"}],"circlet_count":0,"master_deck":["potionbrewer:PotionbrewerStrike","potionbrewer:PotionbrewerDefend","potionbrewer:PotionbrewerDefend","potionbrewer:PotionbrewerDefend","potionbrewer:PotionbrewerDefend","potionbrewer:Collect","potionbrewer:ChemicalSpill","potionbrewer:VolatileSolution","potionbrewer:TestFormula","potionbrewer:Smack","potionbrewer:Contingency","potionbrewer:EmptyBottle","potionbrewer:PortableLab","potionbrewer:DigDeep","potionbrewer:TwoForOne+1","potionbrewer:TwoForOne","potionbrewer:TwoForOne","potionbrewer:IronFlesh","potionbrewer:AcidCloud+1","potionbrewer:Shovel+1","potionbrewer:Smokescreen+1","potionbrewer:OneTwoPunch+1","potionbrewer:Prototype","potionbrewer:TwoForOne","potionbrewer:Prototype","potionbrewer:PrivateReserves","potionbrewer:HazardousMaterials+1","potionbrewer:VolatileSolution+1","Madness","Madness","potionbrewer:Prototype"],"relics":["potionbrewer:PotionKit","Old Coin","Bronze Scales","DollysMirror","Bag of Preparation","Tiny Chest","Runic Pyramid","Enchiridion","Nunchaku","potionbrewer:ToyAutogyro","MealTicket","Happy Flower","Potion Belt","Busted Crown","Peace Pipe","potionbrewer:BunsenBurner","Toolbox","Bag of Marbles","Ancient Tea Set","Juzu Bracelet","Anchor","ClockworkSouvenir","Mercury Hourglass"],"acts_visited":["Exordium","TheCity","TheBeyond"],"potions_floor_usage":[35,35,37,37,41,41,41,41,46,46,46,47,47,47,47,47,47,50,50,50,50,50,50],"damage_taken":[{"damage":9.0,"enemies":"2 Louse","floor":1.0,"turns":3.0},{"damage":6.0,"enemies":"Cultist","floor":2.0,"turns":3.0},{"damage":0.0,"enemies":"Small Slimes","floor":4.0,"turns":2.0},{"damage":7.0,"enemies":"2 Fungi Beasts","floor":5.0,"turns":4.0},{"damage":17.0,"enemies":"Gremlin Nob","floor":6.0,"turns":4.0},{"damage":14.0,"enemies":"Blue Slaver","floor":7.0,"turns":4.0},{"damage":0.0,"enemies":"Looter","floor":8.0,"turns":1.0},{"damage":0.0,"enemies":"Exordium Wildlife","floor":14.0,"turns":3.0},{"damage":44.0,"enemies":"The Guardian","floor":16.0,"turns":9.0},{"damage":11.0,"enemies":"Spheric Guardian","floor":18.0,"turns":5.0},{"damage":0.0,"enemies":"Shell Parasite","floor":21.0,"turns":2.0},{"damage":0.0,"enemies":"Centurion and Healer","floor":22.0,"turns":4.0},{"damage":30.0,"enemies":"Book of Stabbing","floor":24.0,"turns":3.0},{"damage":3.0,"enemies":"Gremlin Leader","floor":30.0,"turns":5.0},{"damage":5.0,"enemies":"Chosen and Byrds","floor":31.0,"turns":6.0},{"damage":0.0,"enemies":"Champ","floor":33.0,"turns":11.0},{"damage":7,"enemies":"Orb Walker","floor":35,"turns":2},{"damage":4,"enemies":"3 Shapes","floor":37,"turns":6},{"damage":4,"enemies":"Nemesis","floor":41,"turns":3},{"damage":0,"enemies":"Jaw Worm Horde","floor":46,"turns":3},{"damage":15,"enemies":"Reptomancer","floor":47,"turns":5},{"damage":15,"enemies":"Time Eater","floor":50,"turns":7}],"seed_played":"6460165876729215599","potions_obtained":[{"floor":2.0,"key":"EntropicBrew"},{"floor":7.0,"key":"FearPotion"},{"floor":8.0,"key":"PowerPotion"},{"floor":14.0,"key":"BlessingOfTheForge"},{"floor":18.0,"key":"sneckomod:MuddlingPotion"},{"floor":24.0,"key":"SteroidPotion"},{"floor":33.0,"key":"SteroidPotion"},{"floor":46,"key":"Weak Potion"},{"floor":47,"key":"potionbrewer:HastePotion"}],"is_trial":false,"path_per_floor":["M","M","?","M","M","E","M","M","T","$","?","R","$","M","R","B",null,"M","?","?","M","M","R","E","$","T","?","R","T","E","M","R","B",null,"M","?","M","?","$","R","E","R","T","?","T","M","E","$","R","B",null],"character_chosen":"POTIONBREWER","items_purchased":["potionbrewer:TwoForOne","DollysMirror","Bag of Preparation","Tiny Chest","potionbrewer:ToyAutogyro","Peace Pipe","potionbrewer:BunsenBurner","Toolbox","potionbrewer:PrivateReserves","potionbrewer:HazardousMaterials","Strength Potion","ClockworkSouvenir","Mercury Hourglass"],"campfire_rested":3,"item_purchase_floors":[10,10,10,13,25,39,39,39,39,39,48,48,48],"current_hp_per_floor":[73,67,67,67,60,43,29,29,29,29,29,29,29,29,53,9,82,71,71,55,55,55,55,25,25,25,25,49,49,46,41,65,65,82,75,75,71,71,82,82,78,78,78,68,68,68,53,68,68,53],"gold":142,"neow_bonus":"TEN_PERCENT_HP_BONUS","is_daily":false,"chose_seed":false,"campfire_upgraded":3,"win_rate":0.0,"timestamp":1613847397,"path_taken":["M","M","?","M","?","E","M","M","T","$","?","R","$","M","R","BOSS","M","?","?","M","M","R","E","$","T","?","R","?","E","M","R","BOSS","M","?","M","?","$","R","E","R","T","?","?","M","E","$","R","BOSS"],"items_purchased_type":["Card","Relic","Relic","Relic","Relic","Relic","Relic","Relic","Card","Card","Potion","Relic","Relic"],"build_version":"2020-12-22","purchased_purges":3,"victory":true,"max_hp_per_floor":[82,82,82,82,82,82,82,82,82,82,82,82,82,82,82,82,82,82,82,82,82,82,82,82,82,82,82,82,82,82,82,82,82,82,82,82,82,82,82,82,82,82,82,82,82,82,82,82,82,82],"card_choices":[{"not_picked":["potionbrewer:OneTwoPunch","potionbrewer:Biohazard"],"picked":"potionbrewer:VolatileSolution","floor":1.0},{"not_picked":["potionbrewer:Refill","potionbrewer:OneTwoPunch"],"picked":"potionbrewer:TestFormula","floor":2.0},{"not_picked":["potionbrewer:BalancedFormula","potionbrewer:TestFormula"],"picked":"potionbrewer:Contingency","floor":4.0},{"not_picked":["potionbrewer:Brandish","potionbrewer:MicrobeSpray","potionbrewer:Prototype"],"picked":"potionbrewer:EmptyBottle","floor":5.0},{"not_picked":["potionbrewer:PrivateReserves","potionbrewer:TimeBomb"],"picked":"potionbrewer:PortableLab","floor":6.0},{"not_picked":["potionbrewer:FlashPowder","potionbrewer:TestFormula"],"picked":"potionbrewer:DigDeep","floor":7.0},{"not_picked":["potionbrewer:ExothermicReaction","potionbrewer:UnstableFormula"],"picked":"potionbrewer:ChainReaction","floor":8.0},{"not_picked":["potionbrewer:OneTwoPunch","potionbrewer:Brandish"],"picked":"potionbrewer:TwoForOne","floor":14.0},{"not_picked":["potionbrewer:EquivalentExchange","potionbrewer:Transmute"],"picked":"potionbrewer:IronFlesh","floor":16.0},{"not_picked":["potionbrewer:VolatileSolution","potionbrewer:Toxicity"],"picked":"potionbrewer:AcidCloud+1","floor":18.0},{"not_picked":["potionbrewer:CrossReference","potionbrewer:Smokescreen+1"],"picked":"potionbrewer:Shovel+1","floor":21.0},{"not_picked":["potionbrewer:Smack","potionbrewer:Refill"],"picked":"potionbrewer:Smokescreen+1","floor":22.0},{"not_picked":["potionbrewer:PotentialEnergy","potionbrewer:PortableLab"],"picked":"potionbrewer:OneTwoPunch+1","floor":24.0},{"not_picked":["potionbrewer:Toxicity","potionbrewer:Smokescreen","potionbrewer:TimeBomb"],"picked":"potionbrewer:Prototype","floor":30.0},{"not_picked":["potionbrewer:BlindingSpray","potionbrewer:AcidCloud+1","potionbrewer:MicrobeSpray+1"],"picked":"SKIP","floor":31.0},{"not_picked":["potionbrewer:Bribery","potionbrewer:BeatDown","potionbrewer:Prototype"],"picked":"potionbrewer:TwoForOne","floor":33.0},{"not_picked":["potionbrewer:OneTwoPunch"],"picked":"potionbrewer:Prototype","floor":35},{"not_picked":["potionbrewer:FlashPowder+1"],"picked":"SKIP","floor":37},{"not_picked":[],"picked":"potionbrewer:VolatileSolution+1","floor":41},{"not_picked":["potionbrewer:VolatileSolution"],"picked":"SKIP","floor":46},{"not_picked":["potionbrewer:Smokescreen+1"],"picked":"potionbrewer:Prototype","floor":47}],"player_experience":221212,"relics_obtained":[{"floor":6.0,"key":"Old Coin"},{"floor":9.0,"key":"Bronze Scales"},{"floor":20.0,"key":"Enchiridion"},{"floor":24.0,"key":"Nunchaku"},{"floor":26.0,"key":"MealTicket"},{"floor":29.0,"key":"Happy Flower"},{"floor":30.0,"key":"Potion Belt"},{"floor":41,"key":"Bag of Marbles"},{"floor":43,"key":"Ancient Tea Set"},{"floor":45,"key":"Juzu Bracelet"},{"floor":47,"key":"Anchor"}],"event_choices":[{"damage_healed":0.0,"max_hp_gain":0.0,"max_hp_loss":0.0,"gold_gain":0.0,"cards_transformed":["potionbrewer:PotionbrewerStrike"],"event_name":"Transmorgrifier","player_choice":"Transformed","floor":3.0,"gold_loss":0.0,"damage_taken":0.0,"cards_obtained":["potionbrewer:Smack"]},{"damage_healed":0.0,"max_hp_gain":0.0,"max_hp_loss":0.0,"gold_gain":175.0,"event_name":"Liars Game","player_choice":"AGREE","floor":11.0,"gold_loss":0.0,"damage_taken":0.0,"cards_obtained":["Doubt"]},{"damage_healed":0.0,"max_hp_gain":0.0,"max_hp_loss":0.0,"gold_gain":0.0,"event_name":"Cursed Tome","player_choice":"Obtained Book","floor":20.0,"gold_loss":0.0,"damage_taken":16.0},{"damage_healed":0.0,"max_hp_gain":0.0,"max_hp_loss":0.0,"gold_gain":99.0,"event_name":"Nest","player_choice":"Stole From Cult","floor":27.0,"gold_loss":0.0,"damage_taken":0.0},{"cards_removed":["potionbrewer:ChainReaction"],"damage_healed":0,"gold_gain":0,"player_choice":"Removed Power","damage_taken":0,"max_hp_gain":0,"max_hp_loss":0,"event_name":"Falling","floor":36,"gold_loss":0},{"damage_healed":0,"gold_gain":999,"player_choice":"Gold","damage_taken":0,"max_hp_gain":0,"max_hp_loss":0,"event_name":"MindBloom","floor":38,"gold_loss":0,"cards_obtained":["Normality","Normality"]},{"damage_healed":0,"gold_gain":0,"player_choice":"Embrace Madness","damage_taken":10,"max_hp_gain":0,"max_hp_loss":0,"event_name":"Winding Halls","floor":44,"gold_loss":0,"cards_obtained":["Madness","Madness"]}],"is_beta":false,"boss_relics":[{"not_picked":["Coffee Dripper","bronze:MakeshiftBattery"],"picked":"Runic Pyramid"},{"not_picked":["Philosopher\u0027s Stone","Astrolabe"],"picked":"Busted Crown"}],"items_purged_floors":[13,39,48],"is_endless":false,"potions_floor_spawned":[2,7,8,14,18,24,33,46,47],"ascension_level":0}}