{"host":"31s8hzukbhz1k6i6","time":1613843549,"event":{"mods":["AchievementEnabler","BaseMod","Bestiary","Colored Map","Filter the Spire","Minty Spire (QoL Compilation)","Relic Stats"],"gold_per_floor":[114,132,144,36,55,81,81,106,129,148,207,233,233,246,246,317,317,333,349,349,365,365,392,392,419,419,419,438,457,485,485,485,556,556,570,570,359,369,369,397,268,268,319,336,336,362,362,380,380,380,380,380,380,8,34,34],"floor_reached":57,"language":"ENG","playtime":5211,"items_purged":["Alpha+1","Strike_P+1","Strike_P+1"],"score":3105,"play_id":"c6ff43d6-8da8-4401-b6b9-e7a644249c3a","local_time":"20210220095229","is_ascension_mode":true,"campfire_choices":[{"data":"Eruption","floor":7.0,"key":"SMITH"},{"data":"Scrawl","floor":15.0,"key":"SMITH"},{"data":"CrushJoints","floor":24.0,"key":"SMITH"},{"floor":27.0,"key":"REST"},{"data":"TalkToTheHand","floor":32.0,"key":"SMITH"},{"data":"Omniscience","floor":42.0,"key":"SMITH"},{"data":"TalkToTheHand","floor":45.0,"key":"SMITH"},{"data":"TalkToTheHand","floor":47.0,"key":"SMITH"},{"floor":49.0,"key":"RECALL"},{"floor":53.0,"key":"REST"}],"circlet_count":0,"master_deck":["AscendersBane","Strike_P+1","Defend_P+1","Eruption+1","Vigilance","CrushJoints+1","Vengeance","EmptyFist","CutThroughFate+1","Scrawl+1","InnerPeace","TalkToTheHand+1","Halt","Meditate","FlurryOfBlows","Vault+1","EmptyFist+1","EmptyMind+1","FlurryOfBlows+1","Wireheading","FlurryOfBlows","TalkToTheHand+1","Omniscience+1","TalkToTheHand+1","CutThroughFate","TalkToTheHand","FlurryOfBlows"],"relics":["VioletLotus","Bag of Marbles","Pen Nib","Anchor","Blood Vial","Singing Bowl","Astrolabe","Ice Cream","Happy Flower","Mummified Hand","Art of War","SlaversCollar","Membership Card","Vajra","Bag of Preparation","Lizard Tail","Whetstone","Strawberry","HandDrill","Mercury Hourglass"],"acts_visited":["Exordium","TheCity","TheBeyond","TheEnding"],"potions_floor_usage":[55,56],"damage_taken":[{"damage":6.0,"enemies":"Jaw Worm","floor":1.0,"turns":4.0},{"damage":7.0,"enemies":"2 Louse","floor":2.0,"turns":4.0},{"damage":0.0,"enemies":"Cultist","floor":3.0,"turns":2.0},{"damage":13.0,"enemies":"Blue Slaver","floor":5.0,"turns":4.0},{"damage":10.0,"enemies":"3 Sentries","floor":6.0,"turns":4.0},{"damage":2.0,"enemies":"Lagavulin","floor":8.0,"turns":3.0},{"damage":4.0,"enemies":"3 Louse","floor":10.0,"turns":3.0},{"damage":10.0,"enemies":"3 Sentries","floor":11.0,"turns":6.0},{"damage":0.0,"enemies":"Gremlin Nob","floor":12.0,"turns":2.0},{"damage":0.0,"enemies":"Looter","floor":14.0,"turns":2.0},{"damage":0.0,"enemies":"Slime Boss","floor":16.0,"turns":4.0},{"damage":19.0,"enemies":"3 Byrds","floor":18.0,"turns":7.0},{"damage":0.0,"enemies":"Spheric Guardian","floor":19.0,"turns":4.0},{"damage":30.0,"enemies":"Snake Plant","floor":21.0,"turns":3.0},{"damage":0.0,"enemies":"Book of Stabbing","floor":23.0,"turns":3.0},{"damage":20.0,"enemies":"Slavers","floor":25.0,"turns":4.0},{"damage":0.0,"enemies":"Snecko","floor":28.0,"turns":3.0},{"damage":0.0,"enemies":"Centurion and Healer","floor":29.0,"turns":3.0},{"damage":13.0,"enemies":"Book of Stabbing","floor":30.0,"turns":4.0},{"damage":16.0,"enemies":"Automaton","floor":33.0,"turns":7.0},{"damage":25.0,"enemies":"3 Darklings","floor":35.0,"turns":4.0},{"damage":0.0,"enemies":"Orb Walker","floor":38.0,"turns":3.0},{"damage":0.0,"enemies":"Giant Head","floor":40.0,"turns":4.0},{"damage":0.0,"enemies":"Transient","floor":44.0,"turns":6.0},{"damage":0.0,"enemies":"Nemesis","floor":46.0,"turns":6.0},{"damage":0.0,"enemies":"3 Darklings","floor":48.0,"turns":2.0},{"damage":25.0,"enemies":"Donu and Deca","floor":50.0,"turns":6.0},{"damage":29.0,"enemies":"Awakened One","floor":51.0,"turns":8.0},{"damage":28,"enemies":"Shield and Spear","floor":55,"turns":4},{"damage":47,"enemies":"The Heart","floor":56,"turns":10}],"seed_played":"-3762356091222001642","potions_obtained":[{"floor":6.0,"key":"Swift Potion"},{"floor":8.0,"key":"ColorlessPotion"},{"floor":10.0,"key":"Regen Potion"},{"floor":11.0,"key":"Fire Potion"},{"floor":14.0,"key":"FearPotion"},{"floor":29.0,"key":"Weak Potion"},{"floor":33.0,"key":"SneckoOil"},{"floor":35.0,"key":"GamblersBrew"}],"is_trial":false,"path_per_floor":["M","M","M","$","M","E","R","E","T","M","?","E","?","M","R","B",null,"M","M","?","M","?","E","R","E","T","R","M","M","E","?","R","B",null,"M","?","$","M","?","E","$","R","T","M","R","E","R","M","R","B","B",null,"R","$","E","B",null],"character_chosen":"WATCHER","items_purchased":["CutThroughFate","AttackPotion","Membership Card","Bag of Preparation","FlurryOfBlows","Whetstone","Strawberry","HandDrill","Weak Potion"],"campfire_rested":2,"item_purchase_floors":[4,4,37,41,54,54,54,54,54],"current_hp_per_floor":[55,48,48,48,35,25,25,23,23,19,26,28,33,37,37,39,66,49,51,51,25,25,29,29,11,11,34,38,42,31,31,31,17,67,46,46,46,48,48,52,52,52,52,54,54,56,56,60,60,37,10,69,89,96,70,25],"gold":34,"neow_bonus":"BOSS_RELIC","is_daily":false,"chose_seed":false,"campfire_upgraded":7,"win_rate":0.0,"timestamp":1613843549,"path_taken":["M","M","M","$","M","E","R","E","T","M","?","E","?","M","R","BOSS","M","M","?","M","?","E","R","E","T","R","M","?","E","?","R","BOSS","M","?","$","M","?","E","$","R","T","?","R","E","R","M","R","BOSS","BOSS","R","$","E","BOSS"],"items_purchased_type":["Card","Potion","Relic","Relic","Card","Relic","Relic","Relic","Potion"],"build_version":"2020-12-22","purchased_purges":3,"victory":true,"max_hp_per_floor":[68,68,68,68,68,68,68,68,68,68,68,68,73,75,75,75,75,75,75,75,77,77,79,79,79,79,79,81,83,83,83,83,83,83,85,85,85,85,85,87,87,87,87,87,87,87,87,89,89,89,89,89,89,96,98,98],"relic_stats":{"Singing Bowl":18,"Happy Flower":[23],"counters":[30,129],"Astrolabe":["EmptyFist","EmptyMind","Alpha"],"Pen Nib":[53],"Bag of Preparation":[14],"Whetstone":["CutThroughFate","FlurryOfBlows"],"Mercury Hourglass":[30],"Blood Vial":44,"Lizard Tail":0,"Mummified Hand":[18],"VioletLotus":[66],"Art of War":[0],"HandDrill":[2],"obtain_stats":[{"Ice Cream":23,"Singing Bowl":12,"Happy Flower":25,"Astrolabe":17,"Vajra":40,"Pen Nib":8,"Bag of Preparation":41,"Whetstone":54,"Mercury Hourglass":55,"Blood Vial":11,"SlaversCollar":34,"Anchor":9,"Lizard Tail":46,"Mummified Hand":26,"Strawberry":54,"VioletLotus":0,"Bag of Marbles":6,"Art of War":30,"HandDrill":54,"Membership Card":37,"PureWater":0},{"Ice Cream":15,"Singing Bowl":9,"Happy Flower":16,"Astrolabe":11,"Vajra":23,"Pen Nib":6,"Bag of Preparation":23,"Whetstone":28,"Mercury Hourglass":29,"Blood Vial":7,"SlaversCollar":20,"Anchor":6,"Lizard Tail":25,"Mummified Hand":16,"Strawberry":28,"VioletLotus":0,"Bag of Marbles":5,"Art of War":19,"HandDrill":28,"Membership Card":21,"PureWater":0},{"Ice Cream":55,"Singing Bowl":32,"Happy Flower":59,"Astrolabe":38,"Vajra":87,"Pen Nib":21,"Bag of Preparation":87,"Whetstone":115,"Mercury Hourglass":119,"Blood Vial":24,"SlaversCollar":76,"Anchor":21,"Lizard Tail":99,"Mummified Hand":59,"Strawberry":115,"VioletLotus":0,"Bag of Marbles":18,"Art of War":69,"HandDrill":115,"Membership Card":80,"PureWater":0}]},"card_choices":[{"not_picked":["Halt","Protect"],"picked":"CrushJoints","floor":1.0},{"not_picked":["Prostrate","ThirdEye"],"picked":"Vengeance","floor":2.0},{"not_picked":["WreathOfFlame","Halt"],"picked":"EmptyFist","floor":3.0},{"not_picked":["Protect","Consecrate"],"picked":"Scrawl","floor":5.0},{"not_picked":["SashWhip","EmptyBody"],"picked":"InnerPeace","floor":6.0},{"not_picked":["FollowUp","MasterReality"],"picked":"TalkToTheHand","floor":8.0},{"not_picked":["SashWhip","FollowUp"],"picked":"Halt","floor":10.0},{"not_picked":["ClearTheMind","PathToVictory"],"picked":"Meditate","floor":11.0},{"not_picked":["EmptyBody","ThirdEye"],"picked":"FlurryOfBlows","floor":12.0},{"not_picked":["Nirvana","Halt","Crescendo"],"picked":"Singing Bowl","floor":14.0},{"not_picked":["Judgement","Establishment"],"picked":"Vault","floor":16.0},{"not_picked":["Crescendo","JustLucky+1"],"picked":"FlurryOfBlows","floor":18.0},{"not_picked":["CrushJoints","InnerPeace"],"picked":"Wireheading","floor":19.0},{"not_picked":["Study","Wireheading","WreathOfFlame"],"picked":"Singing Bowl","floor":21.0},{"not_picked":["Collect","Swivel","PathToVictory"],"picked":"Singing Bowl","floor":23.0},{"not_picked":["Weave","Indignation+1"],"picked":"FlurryOfBlows","floor":25.0},{"not_picked":["Prostrate","BattleHymn","EmptyBody"],"picked":"Singing Bowl","floor":28.0},{"not_picked":["CrushJoints","JustLucky","FlyingSleeves"],"picked":"Singing Bowl","floor":29.0},{"not_picked":["Indignation","Vengeance"],"picked":"TalkToTheHand","floor":30.0},{"not_picked":["Ragnarok","DevaForm"],"picked":"Omniscience","floor":33.0},{"not_picked":["BowlingBash+1","PathToVictory","Crescendo"],"picked":"Singing Bowl","floor":35.0},{"not_picked":["EmptyBody+1","FearNoEvil"],"picked":"TalkToTheHand","floor":38.0},{"not_picked":["Evaluate","Wireheading","PathToVictory"],"picked":"Singing Bowl","floor":40.0},{"not_picked":["BattleHymn","Brilliance"],"picked":"CutThroughFate","floor":44.0},{"not_picked":["Consecrate","Evaluate"],"picked":"TalkToTheHand","floor":46.0},{"not_picked":["Consecrate","BattleHymn","JustLucky"],"picked":"Singing Bowl","floor":48.0},{"not_picked":["Protect","JustLucky","Evaluate+1"],"picked":"Singing Bowl","floor":55}],"player_experience":233179,"relics_obtained":[{"floor":6.0,"key":"Bag of Marbles"},{"floor":8.0,"key":"Pen Nib"},{"floor":9.0,"key":"Anchor"},{"floor":12.0,"key":"Singing Bowl"},{"floor":23.0,"key":"Ice Cream"},{"floor":25.0,"key":"Happy Flower"},{"floor":26.0,"key":"Mummified Hand"},{"floor":30.0,"key":"Art of War"},{"floor":40.0,"key":"Vajra"},{"floor":46.0,"key":"Lizard Tail"},{"floor":55,"key":"Mercury Hourglass"}],"event_choices":[{"damage_healed":0.0,"max_hp_gain":0.0,"max_hp_loss":0.0,"gold_gain":0.0,"event_name":"Dead Adventurer","player_choice":"Searched \u00273\u0027 times","floor":11.0,"gold_loss":0.0,"damage_taken":0.0,"relics_obtained":["Blood Vial"]},{"damage_healed":0.0,"max_hp_gain":5.0,"max_hp_loss":0.0,"gold_gain":0.0,"event_name":"Big Fish","player_choice":"Donut","floor":13.0,"gold_loss":0.0,"damage_taken":0.0},{"damage_healed":0.0,"max_hp_gain":0.0,"max_hp_loss":0.0,"gold_gain":0.0,"event_name":"Cursed Tome","player_choice":"Ignored","floor":20.0,"gold_loss":0.0,"damage_taken":0.0},{"damage_healed":0.0,"max_hp_gain":0.0,"max_hp_loss":0.0,"gold_gain":0.0,"event_name":"Upgrade Shrine","player_choice":"Upgraded","floor":22.0,"gold_loss":0.0,"damage_taken":0.0,"cards_upgraded":["Vault"]},{"damage_healed":0.0,"max_hp_gain":0.0,"max_hp_loss":0.0,"gold_gain":0.0,"event_name":"Back to Basics","player_choice":"Simplicity","floor":31.0,"gold_loss":0.0,"damage_taken":0.0,"cards_upgraded":["Strike_P","Strike_P","Strike_P","Defend_P","Defend_P"]},{"damage_healed":0.0,"max_hp_gain":0.0,"max_hp_loss":0.0,"gold_gain":0.0,"event_name":"Tomb of Lord Red Mask","player_choice":"Ignored","floor":36.0,"gold_loss":0.0,"damage_taken":0.0},{"cards_removed":["Defend_P"],"damage_healed":0.0,"max_hp_gain":0.0,"max_hp_loss":0.0,"gold_gain":0.0,"event_name":"Purifier","player_choice":"Purged","floor":39.0,"gold_loss":0.0,"damage_taken":0.0}],"is_beta":false,"boss_relics":[{"not_picked":["Snecko Eye","Runic Dome"],"picked":"Astrolabe"},{"not_picked":["Black Star","Pandora\u0027s Box"],"picked":"SlaversCollar"}],"items_purged_floors":[37,41,54],"is_endless":false,"potions_floor_spawned":[6,8,10,11,14,23,28,29,33,35,46,48],"ascension_level":20}}