{"host":"mydft8i2zzydgggw","time":1613796234,"event":{"mods":["AchievementEnabler","BaseMod","Colored Map","Colored Powertips","DeckTracker","Keyboard Shortcuts","Minty Spire (QoL Compilation)","Rare Cards Sparkle","Relic Stats","StSLib","SuperFastMode","Together in Spire","everything is the same but u backflip on backflip"],"gold_per_floor":[118,135,148,162,177,205,205,205,205],"floor_reached":8,"language":"KOR","playtime":289,"items_purged":[],"score":96,"play_id":"d109c3c5-18a9-4980-a61d-124b66ed4323","local_time":"20210220134354","is_ascension_mode":true,"campfire_choices":[{"data":"Prepared","floor":7,"key":"SMITH"}],"circlet_count":0,"master_deck":["AscendersBane","Strike_G","Strike_G","Strike_G","Strike_G","Strike_G","Defend_G","Defend_G","Defend_G","Defend_G","Defend_G","Survivor","Neutralize","Die Die Die","Prepared+1","Acrobatics","Acrobatics","Corpse Explosion","Crippling Poison"],"relics":["Ring of the Snake","Tiny Chest"],"acts_visited":["Exordium"],"potions_floor_usage":[5,5,6,8],"damage_taken":[{"damage":0,"enemies":"Cultist","floor":1,"turns":4},{"damage":0,"enemies":"Small Slimes","floor":2,"turns":3},{"damage":0,"enemies":"2 Louse","floor":3,"turns":2},{"damage":13,"enemies":"Blue Slaver","floor":4,"turns":8},{"damage":0,"enemies":"2 Fungi Beasts","floor":5,"turns":2},{"damage":32,"enemies":"3 Sentries","floor":6,"turns":4},{"damage":29,"enemies":"Lagavulin","floor":8,"turns":7}],"seed_played":"7811195371595362612","potions_obtained":[{"floor":3,"key":"EntropicBrew"},{"floor":6,"key":"FearPotion"}],"is_trial":false,"path_per_floor":["M","M","M","M","M","E","R","E"],"character_chosen":"THE_SILENT","items_purchased":[],"campfire_rested":0,"item_purchase_floors":[],"current_hp_per_floor":[63,63,63,50,50,18,18,0,0],"gold":205,"neow_bonus":"ONE_RANDOM_RARE_CARD","is_daily":false,"chose_seed":false,"campfire_upgraded":1,"win_rate":0.0,"timestamp":1613796234,"path_taken":["M","M","M","M","M","E","R","E"],"items_purchased_type":[],"build_version":"2020-12-22","purchased_purges":0,"victory":false,"max_hp_per_floor":[70,70,70,70,70,70,70,70,70],"relic_stats":{"counters":[7,30],"Tiny Chest":0,"obtain_stats":[{"Tiny Chest":6,"Ring of the Snake":0},{"Tiny Chest":6,"Ring of the Snake":0},{"Tiny Chest":23,"Ring of the Snake":0}],"Ring of the Snake":[14]},"card_choices":[{"not_picked":["Cloak And Dagger","Flechettes"],"picked":"Prepared","floor":1},{"not_picked":["Prepared","Deflect"],"picked":"Acrobatics","floor":2},{"not_picked":["Catalyst","Sucker Punch"],"picked":"Acrobatics","floor":3},{"not_picked":["Calculated Gamble","Dodge and Roll","Bane"],"picked":"SKIP","floor":4},{"not_picked":["Dodge and Roll","Backstab"],"picked":"Corpse Explosion","floor":5},{"not_picked":["Escape Plan","Setup"],"picked":"Crippling Poison","floor":6}],"player_experience":290973,"relics_obtained":[{"floor":6,"key":"Tiny Chest"}],"event_choices":[],"is_beta":false,"boss_relics":[],"items_purged_floors":[],"is_endless":false,"potions_floor_spawned":[3,6],"killed_by":"Lagavulin","ascension_level":12}}