{"host":"dmtlrev5pkc1867p","time":1613829725,"event":{"mods":["AchievementEnabler","BaseMod","Colored Map","Colored Powertips","Downfall","Hermit","Highlight Path","Hubris","Infinite Spire","Marisa¡]Ãú«B¡@Å]²z¨F¡^","Minty Spire (QoL Compilation)","Permanent Neow","Quick Restart","Rare Cards Sparkle","Relic Sorter","Relic Stats","Replay The Spire","Shop Mod","StSLib","SuperFastMode","The Construct","The Cursed","The Mystic","The Necromancer","The Poker Player","The Runesmith","The Servant 0.9.4"],"gold_per_floor":[369,383,149,249,263,263,297,74,97,113,113,138,158,158,158,262,262,282,96,96,112,112,112,112],"floor_reached":23,"language":"ZHS","playtime":610,"items_purged":["TheCursedMod:Dregs"],"score":269,"play_id":"f6b375c0-2a24-42dc-839b-3d23729847b3","local_time":"20210220220205","is_ascension_mode":true,"campfire_choices":[{"floor":6.0,"key":"REST"},{"floor":11.0,"key":"RECALL"},{"floor":15.0,"key":"REST"}],"circlet_count":0,"master_deck":["Sadistic Nature","Strike_G","Strike_G","Strike_G","Strike_G","Strike_G","Defend_G","Defend_G","Defend_G","Defend_G","Defend_G","Survivor","Neutralize","sneckomod:Defend","sneckomod:Strike","Crippling Poison","Flying Knee","Noxious Fumes","Blade Dance","Noxious Fumes","Sadistic Nature","Noxious Fumes","Catalyst","Corpse Explosion","Terror","Atom Bomb","ReplayTheSpireMod:Splinters","ReplayTheSpireMod:Doomed","Acrobatics","Envenom","Bane"],"relics":["Ring of the Snake","Pen Nib","Quantum Egg","Smiling Mask","hubris:Towel","Replay:Ancient Bell","Blue Doll","Question Card","Durian","hubris:Macrotransations"],"acts_visited":["Exordium","TheCity"],"potions_floor_usage":[23,23],"damage_taken":[{"damage":7.0,"enemies":"Jaw Worm","floor":1.0,"turns":4.0},{"damage":6.0,"enemies":"Cultist","floor":2.0,"turns":4.0},{"damage":0.0,"enemies":"2 Louse","floor":5.0,"turns":3.0},{"damage":15.0,"enemies":"Gremlin Nob","floor":7.0,"turns":4.0},{"damage":0.0,"enemies":"Large Slime","floor":10.0,"turns":4.0},{"damage":20.0,"enemies":"3 Sentries","floor":12.0,"turns":4.0},{"damage":11.0,"enemies":"3 Louse","floor":13.0,"turns":2.0},{"damage":4.0,"enemies":"Slime Boss","floor":16.0,"turns":5.0},{"damage":0.0,"enemies":"3 Byrds","floor":18.0,"turns":3.0},{"damage":25.0,"enemies":"2 Thieves","floor":21.0,"turns":4.0},{"damage":27,"enemies":"Book of Stabbing","floor":23,"turns":4}],"seed_played":"4184265051648628712","potions_obtained":[{"floor":1.0,"key":"SpeedPotion"},{"floor":12.0,"key":"EssenceOfSteel"},{"floor":13.0,"key":"Dexterity Potion"},{"floor":16.0,"key":"Swift Potion"}],"is_trial":false,"path_per_floor":["M","M","$","?","M","R","E","$","T","M","R","E","M","?","R","B",null,"M","$","?","M","$","E"],"character_chosen":"THE_SILENT","items_purchased":["Noxious Fumes","Pen Nib","Sadistic Nature","Noxious Fumes","Envenom","hubris:Macrotransations"],"campfire_rested":2,"item_purchase_floors":[3,3,8,8,19,22],"current_hp_per_floor":[56,50,50,50,50,70,55,55,55,55,55,35,24,24,45,41,68,68,68,65,40,21,0,0],"gold":112,"neow_bonus":"TWO_FIFTY_GOLD","is_daily":false,"chose_seed":false,"campfire_upgraded":0,"win_rate":0.0,"timestamp":1613829725,"path_taken":["M","M","$","?","?","R","E","$","T","M","R","E","M","?","R","BOSS","BOSS","M","$","?","?","?","E"],"items_purchased_type":["Card","Relic","Card","Card","Card","Relic"],"build_version":"2020-12-22","purchased_purges":1,"victory":false,"max_hp_per_floor":[70,70,70,70,70,70,70,70,70,70,70,70,70,70,70,70,75,75,75,75,75,75,75,75],"relic_stats":{"counters":[11,41],"Pen Nib":[5],"Smiling Mask":25,"Question Card":8,"obtain_stats":[{"hubris:Macrotransations":22,"Quantum Egg":7,"Blue Doll":17,"Pen Nib":3,"Replay:Ancient Bell":17,"Durian":17,"hubris:Towel":14,"Smiling Mask":12,"Question Card":17,"Ring of the Snake":0},{"hubris:Macrotransations":10,"Quantum Egg":4,"Blue Doll":8,"Pen Nib":2,"Replay:Ancient Bell":8,"Durian":8,"hubris:Towel":7,"Smiling Mask":6,"Question Card":8,"Ring of the Snake":0},{"hubris:Macrotransations":37,"Quantum Egg":15,"Blue Doll":30,"Pen Nib":8,"Replay:Ancient Bell":30,"Durian":30,"hubris:Towel":25,"Smiling Mask":23,"Question Card":30,"Ring of the Snake":0}],"Ring of the Snake":[22]},"card_choices":[{"not_picked":["Blur","Slice"],"picked":"Crippling Poison","floor":1.0},{"not_picked":["Prepared","Expertise"],"picked":"Flying Knee","floor":2.0},{"not_picked":["Sucker Punch","hubris:SlightOfHand"],"picked":"Blade Dance","floor":5.0},{"not_picked":["Dodge and Roll","Blur"],"picked":"Noxious Fumes","floor":7.0},{"not_picked":["Underhanded Strike","Dagger Spray"],"picked":"Catalyst","floor":10.0},{"not_picked":["Masterful Stab","Toxin Wave"],"picked":"Corpse Explosion","floor":12.0},{"not_picked":["Well Laid Plans","Predator"],"picked":"Terror","floor":13.0},{"not_picked":["Doppelganger","Grand Finale"],"picked":"Atom Bomb","floor":16.0},{"not_picked":["Replay:Hysterical Blindness","Looming Evil","downfall:Bewildered"],"picked":"ReplayTheSpireMod:Splinters","floor":17.0},{"not_picked":["hubris:Sloth","TheCursedMod:Dregs","ReplayTheSpireMod:IOU"],"picked":"ReplayTheSpireMod:Doomed","floor":17.0},{"not_picked":["infinitespire:Pacifist","hubris:Envy","hubris:Disease"],"picked":"TheCursedMod:Dregs","floor":17.0},{"not_picked":["Expertise","Underhanded Strike+1","Sucker Punch"],"picked":"Acrobatics","floor":18.0},{"not_picked":["Draining Mist","Acrobatics","Outmaneuver"],"picked":"Bane","floor":21.0}],"player_experience":753353,"relics_obtained":[{"floor":7.0,"key":"Quantum Egg"},{"floor":12.0,"key":"Smiling Mask"}],"event_choices":[{"damage_healed":0.0,"max_hp_gain":0.0,"max_hp_loss":0.0,"gold_gain":100.0,"event_name":"Golden Shrine","player_choice":"Pray","floor":4.0,"gold_loss":0.0,"damage_taken":0.0},{"damage_healed":0.0,"max_hp_gain":0.0,"max_hp_loss":0.0,"gold_gain":0.0,"event_name":"Designer","player_choice":"Punched","floor":20.0,"gold_loss":0.0,"damage_taken":3.0}],"is_beta":false,"boss_relics":[{"not_picked":["hubris:Stopwatch","Ring of Chaos"],"picked":"Replay:Ancient Bell"},{"not_picked":["Oddly Smooth Stone","hubris:ToyBattleship"],"picked":"Blue Doll"},{"not_picked":["hubris:BottledRain","infinitespire:Broken Mirror"],"picked":"Question Card"},{"not_picked":["Byrd Skull","Pocketwatch"],"picked":"Durian"}],"items_purged_floors":[19],"is_endless":false,"potions_floor_spawned":[1,12,13,16],"killed_by":"Book of Stabbing","ascension_level":7}}