{"host":"ga4s3hj9m6nkn6gp","time":1613847208,"event":{"mods":["AchievementEnabler","BaseMod","Bestiary","Colored Powertips","Highlight Path","Minty Spire (QoL Compilation)","Relic Stats","everything is the same but u backflip on backflip"],"gold_per_floor":[115,129,142,67,67,67,80,100,125,160,160,174,174,174],"floor_reached":13,"language":"ENG","playtime":672,"items_purged":["Strike_G"],"score":174,"play_id":"4d0db014-224a-43b0-82e3-fb79ee2e0f7f","local_time":"20210220195328","is_ascension_mode":true,"campfire_choices":[{"data":"Bouncing Flask","floor":6,"key":"SMITH"},{"data":"Catalyst","floor":11,"key":"SMITH"}],"circlet_count":0,"master_deck":["AscendersBane","Strike_G","Strike_G","Strike_G","Strike_G","Defend_G","Defend_G","Defend_G","Defend_G","Defend_G","Survivor","Neutralize","Bouncing Flask+1","Well Laid Plans","Poisoned Stab","Malaise","Catalyst+1"],"relics":["Ring of the Snake","MealTicket","Vajra","Pen Nib","HornCleat"],"acts_visited":["Exordium"],"potions_floor_usage":[13,13],"damage_taken":[{"damage":6,"enemies":"Cultist","floor":1,"turns":5},{"damage":2,"enemies":"Jaw Worm","floor":2,"turns":5},{"damage":4,"enemies":"2 Louse","floor":3,"turns":3},{"damage":34,"enemies":"Large Slime","floor":7,"turns":7},{"damage":3,"enemies":"2 Fungi Beasts","floor":8,"turns":4},{"damage":17,"enemies":"Lagavulin","floor":10,"turns":5},{"damage":1,"enemies":"Red Slaver","floor":12,"turns":4},{"damage":15,"enemies":"3 Sentries","floor":13,"turns":7}],"seed_played":"2108209042189781383","potions_obtained":[{"floor":3,"key":"Dexterity Potion"},{"floor":7,"key":"Regen Potion"},{"floor":8,"key":"CunningPotion"},{"floor":12,"key":"AttackPotion"}],"is_trial":false,"path_per_floor":["M","M","M","$","T","R","M","M","T","E","R","M","E"],"character_chosen":"THE_SILENT","items_purchased":[],"campfire_rested":0,"item_purchase_floors":[],"current_hp_per_floor":[53,51,47,62,62,62,28,25,25,8,8,7,0,0],"gold":174,"neow_bonus":"RANDOM_COMMON_RELIC","is_daily":false,"chose_seed":false,"campfire_upgraded":2,"win_rate":0.0,"timestamp":1613847208,"path_taken":["M","M","M","?","?","R","M","M","T","E","R","M","E"],"items_purchased_type":[],"build_version":"2020-12-22","purchased_purges":1,"victory":false,"max_hp_per_floor":[66,66,66,66,66,66,66,66,66,66,66,66,66,66],"relic_stats":{"counters":[8,40],"MealTicket":15,"Pen Nib":[2],"obtain_stats":[{"HornCleat":10,"Vajra":5,"MealTicket":0,"Pen Nib":9,"Ring of the Snake":0},{"HornCleat":6,"Vajra":3,"MealTicket":0,"Pen Nib":5,"Ring of the Snake":0},{"HornCleat":29,"Vajra":13,"MealTicket":0,"Pen Nib":24,"Ring of the Snake":0}],"Ring of the Snake":[16]},"card_choices":[{"not_picked":["Outmaneuver","Dagger Spray"],"picked":"Bouncing Flask","floor":1},{"not_picked":["Dodge and Roll","Prepared"],"picked":"Well Laid Plans","floor":2},{"not_picked":["Sucker Punch","Dagger Throw"],"picked":"Poisoned Stab","floor":3},{"not_picked":["Envenom","Flying Knee","Sucker Punch"],"picked":"SKIP","floor":7},{"not_picked":["Backflip","Dagger Throw"],"picked":"Malaise","floor":8},{"not_picked":["Eviscerate","Blur"],"picked":"Catalyst","floor":10},{"not_picked":["Dagger Throw","Dodge and Roll","Backflip"],"picked":"SKIP","floor":12}],"player_experience":787246,"relics_obtained":[{"floor":5,"key":"Vajra"},{"floor":9,"key":"Pen Nib"},{"floor":10,"key":"HornCleat"}],"event_choices":[],"is_beta":false,"boss_relics":[],"items_purged_floors":[4],"is_endless":false,"potions_floor_spawned":[3,7,8,12],"killed_by":"3 Sentries","ascension_level":20}}