{"host":"qxeepl7ydvsgmfdb","time":1613836408,"event":{"mods":["AchievementEnabler","BaseMod","Colored Powertips","Minty Spire (QoL Compilation)","Quick Restart","slay the spire mod where everything is the same but ironclad has a cowboy hat"],"gold_per_floor":[118,118,118,137,137,163,163,197,197,213,213,44,44,62,62,136,136,153,163,163,69,119,119,150,150,150],"floor_reached":25,"language":"ENG","playtime":550,"items_purged":[],"score":512,"play_id":"94f93c4a-953a-42ed-90dd-537e7654ceae","local_time":"20210220105328","is_ascension_mode":true,"campfire_choices":[{"data":"Defend_G","floor":7.0,"key":"PURGE"},{"data":"Adrenaline","floor":11,"key":"SMITH"},{"data":"All Out Attack","floor":13,"key":"SMITH"},{"data":"Poisoned Stab","floor":15,"key":"SMITH"},{"floor":23,"key":"REST"}],"circlet_count":0,"master_deck":["AscendersBane","Strike_G","Strike_G","Strike_G","Strike_G","Defend_G","Defend_G","Defend_G","Defend_G","Survivor","Neutralize","Deadly Poison+1","Slice","All Out Attack+1","Adrenaline+1","Poisoned Stab+1","Backstab+1","Blind"],"relics":["Ring of the Snake","NeowsBlessing","Peace Pipe","Pantograph","Omamori","Busted Crown","Nloth\u0027s Gift","Bag of Marbles"],"acts_visited":["Exordium","TheCity"],"potions_floor_usage":[8,16,24,24,25],"damage_taken":[{"damage":0.0,"enemies":"2 Louse","floor":1.0,"turns":1.0},{"damage":0.0,"enemies":"Cultist","floor":4.0,"turns":1.0},{"damage":0.0,"enemies":"3 Sentries","floor":6.0,"turns":1.0},{"damage":0,"enemies":"Gremlin Nob","floor":8,"turns":3},{"damage":2,"enemies":"Small Slimes","floor":10,"turns":2},{"damage":5,"enemies":"Exordium Wildlife","floor":14,"turns":3},{"damage":46,"enemies":"The Guardian","floor":16,"turns":10},{"damage":8,"enemies":"Chosen","floor":18,"turns":4},{"damage":13,"enemies":"Shell Parasite","floor":19,"turns":5},{"damage":52,"enemies":"Slavers","floor":24,"turns":7},{"damage":23,"enemies":"Snecko","floor":25,"turns":4}],"seed_played":"7340577432843878600","potions_obtained":[{"floor":4.0,"key":"DistilledChaos"},{"floor":10,"key":"SkillPotion"},{"floor":14,"key":"CunningPotion"},{"floor":16,"key":"LiquidBronze"},{"floor":19,"key":"Regen Potion"},{"floor":24,"key":"Dexterity Potion"}],"is_trial":false,"path_per_floor":["M","?","$","M","?","E","R","E","T","M","R","$","R","M","R","B",null,"M","M","?","$","?","R","E","M"],"character_chosen":"THE_SILENT","items_purchased":["Omamori","Blind"],"campfire_rested":1,"item_purchase_floors":[12,21],"current_hp_per_floor":[59,59,59,59,59,59,59,59,59,57,57,57,57,52,52,20,55,47,34,34,34,34,53,16,0,0],"gold":150,"neow_bonus":"THREE_ENEMY_KILL","is_daily":false,"chose_seed":false,"campfire_upgraded":3,"win_rate":0.0,"timestamp":1613836408,"path_taken":["M","?","?","?","?","E","R","E","T","M","R","$","R","M","R","BOSS","M","M","?","?","?","R","E","?"],"items_purchased_type":["Relic","Card"],"build_version":"2020-12-22","purchased_purges":0,"victory":false,"max_hp_per_floor":[66,66,66,66,66,66,66,66,66,66,66,66,66,66,66,66,66,66,66,66,66,66,66,66,66,66],"card_choices":[{"not_picked":["Cloak And Dagger","Dagger Spray"],"picked":"Deadly Poison","floor":1.0},{"not_picked":["Bane","Tools of the Trade"],"picked":"Slice","floor":4.0},{"not_picked":["Deflect","Calculated Gamble"],"picked":"Adrenaline","floor":6.0},{"not_picked":["PiercingWail","Flying Knee"],"picked":"Poisoned Stab","floor":8},{"not_picked":["Prepared","Underhanded Strike","Quick Slash"],"picked":"SKIP","floor":10},{"not_picked":["Bane","Predator","Masterful Stab"],"picked":"SKIP","floor":14},{"not_picked":["Prepared"],"picked":"SKIP","floor":18},{"not_picked":[],"picked":"Backstab+1","floor":19},{"not_picked":["Calculated Gamble+1"],"picked":"SKIP","floor":24}],"player_experience":185562,"relics_obtained":[{"floor":6.0,"key":"Peace Pipe"},{"floor":8,"key":"Blue Candle"},{"floor":9,"key":"Pantograph"},{"floor":24,"key":"Bag of Marbles"}],"event_choices":[{"damage_healed":0.0,"max_hp_gain":0.0,"max_hp_loss":0.0,"gold_gain":0.0,"event_name":"Accursed Blacksmith","player_choice":"Forge","floor":2.0,"gold_loss":0.0,"damage_taken":0.0,"cards_upgraded":["Deadly Poison"]},{"damage_healed":0.0,"max_hp_gain":0.0,"max_hp_loss":0.0,"gold_gain":0.0,"cards_transformed":["Strike_G"],"event_name":"Transmorgrifier","player_choice":"Transformed","floor":5.0,"gold_loss":0.0,"damage_taken":0.0,"cards_obtained":["All Out Attack"]},{"damage_healed":0,"gold_gain":0,"player_choice":"Traded Relic","damage_taken":0,"relics_obtained":["Nloth\u0027s Gift"],"max_hp_gain":0,"max_hp_loss":0,"event_name":"N\u0027loth","floor":20,"relics_lost":["Blue Candle"],"gold_loss":0},{"damage_healed":0,"gold_gain":50,"player_choice":"Stole From Cult","damage_taken":0,"max_hp_gain":0,"max_hp_loss":0,"event_name":"Nest","floor":22,"gold_loss":0}],"is_beta":false,"boss_relics":[{"not_picked":["Snecko Eye","Pandora\u0027s Box"],"picked":"Busted Crown"}],"items_purged_floors":[],"is_endless":false,"potions_floor_spawned":[4,10,14,16,19,24],"killed_by":"Snecko","ascension_level":17}}