{"host":"d73an99q9oevilk5","time":1613789958,"event":{"mods":["2.2 Compatiblity","AchievementEnabler","Act Like it!","Aspiration","BaseMod","Beaked The Cultist","Better Third Choice","BetterRewards","Colored Map","Colored Powertips","Conspire","Downfall","GifTheSpireLib","Halation","Hubris","Infinite Spire","Marisa????????","Mimic Mod","Minty Spire (QoL Compilation)","MostiFishMod","Quick Restart","Relic Sorter","Reliquary","Replay The Spire","Shop Mod","Spikes Relics","StSLib","Stuff the Spire","The Cursed","The Jungle","The Necromancer","The Saiyan","Waifu the Spire","egg","slay the spire mod where everything is the same but ironclad has a cowboy hat"],"gold_per_floor":[112,112,64,82,82,107,121,151,151,56,94,94,122,140,140,244,244,257,257,272,272,292,322,322,338,338,355,355,355,40,55,110,208,208,223,234,244,244,244,270,270,270,306,306,326,371,383,118,118,118],"floor_reached":51,"language":"ENG","playtime":1774,"items_purged":["beaked:AwakenedForm","downfall:Bewildered","downfall:Malfunctioning","Replay:Hysterical Blindness"],"score":1115,"play_id":"abb99d4b-041a-4b8e-a61f-1ad6cab8b4f5","local_time":"20210219195918","is_ascension_mode":false,"campfire_choices":[{"data":"Whirlwind","floor":12,"key":"SMITH"},{"data":"Infernal Blade","floor":15,"key":"SMITH"},{"data":"Demon Form","floor":42,"key":"SMITH"},{"floor":44,"key":"REST"},{"data":"ReplayUltimateDefense","floor":49,"key":"SMITH"}],"circlet_count":0,"master_deck":["beaked:AwakenedForm","Strike_R","Strike_R","Strike_R","Strike_R","Strike_R","Defend_R","Defend_R","Defend_R","Defend_R","Bash","Armaments+1","Infernal Blade+1","Metallicize","Sword Boomerang","Cleave","Cleave","Whirlwind+1","Heavy Blade","Pummel","Demon Form+1","Sword Boomerang+1","BarbarianYell","infinitespire:NeuralNetwork","Feed","Armaments+1","Ghostly Armor+1","infinitespire:Starlight","MostiFishMod:#F4004+1","Feint","Madness","MostiFishMod:BrokenBlackCloak","conspire:ExplosiveBarrier+1","Pummel+1","Rage+1","ReplayUltimateDefense+1"],"relics":["Burning Blood","DaveBox","StuffTheSpire:Nightcore","BionicSphere","StuffTheSpire:GrapeVine","Orrery","Juzu Bracelet","SynthV:TestCard","StuffTheSpire:Mouthbags","StuffTheSpire:CocoNut","Replay:Ringing Soul","hubris:SphereOfDissonance","reliquary:Knoch","sneckomod:BabySnecko","Kunai","ChewingGum","reliquary:CitrusReamer","reliquary:IridiumChain","Ginger","reliquary:ThirdArm","halation:PapillonHeart","conspire:Dentures","ReplayTheSpireMod:ShopPack","reliquary:TatteredRug","infinitespire:Bottled Soul"],"acts_visited":["Exordium","TheCity","TheBeyond"],"potions_floor_usage":[6,6,6,10,13,16,23,36,40,50,50,50],"damage_taken":[{"damage":4,"enemies":"conspire:RoseBush","floor":1,"turns":3},{"damage":0,"enemies":"Jaw Worm","floor":4,"turns":2},{"damage":0,"enemies":"Lagavulin","floor":6,"turns":4},{"damage":1,"enemies":"Cultist","floor":7,"turns":4},{"damage":28,"enemies":"Gremlin Nob","floor":8,"turns":4},{"damage":17,"enemies":"Exordium Wildlife","floor":11,"turns":10},{"damage":0,"enemies":"3 Sentries","floor":13,"turns":2},{"damage":0,"enemies":"Exordium Wildlife","floor":14,"turns":3},{"damage":14,"enemies":"Fading Forest","floor":16,"turns":11},{"damage":0,"enemies":"Chosen","floor":18,"turns":3},{"damage":2,"enemies":"2 Thieves","floor":20,"turns":3},{"damage":12,"enemies":"Snecko","floor":22,"turns":4},{"damage":0,"enemies":"Gremlin Leader","floor":23,"turns":5},{"damage":0,"enemies":"Cultist and Chosen","floor":25,"turns":3},{"damage":0,"enemies":"3 Cultists","floor":27,"turns":3},{"damage":0,"enemies":"Chosen and Byrds","floor":31,"turns":4},{"damage":18,"enemies":"conspire:MysteriousRune","floor":33,"turns":5},{"damage":0,"enemies":"Orb Walker","floor":35,"turns":2},{"damage":32,"enemies":"3 Darklings","floor":36,"turns":4},{"damage":23,"enemies":"4 Shapes","floor":37,"turns":5},{"damage":53,"enemies":"Nemesis","floor":40,"turns":5},{"damage":6,"enemies":"Transient","floor":43,"turns":4},{"damage":2,"enemies":"Transient","floor":45,"turns":5},{"damage":3,"enemies":"Sphere and 2 Shapes","floor":47,"turns":2},{"damage":64,"enemies":"Awakened One","floor":50,"turns":9}],"seed_played":"6318086974825933694","potions_obtained":[{"floor":1,"key":"AttackPotion"},{"floor":8,"key":"Strength Potion"},{"floor":13,"key":"Dexterity Potion"},{"floor":20,"key":"LifebloodPotion"},{"floor":31,"key":"Languid Potion"},{"floor":33,"key":"champ:CounterPotion"},{"floor":37,"key":"Dexterity Potion"},{"floor":40,"key":"PowerPotion"},{"floor":45,"key":"PowerPotion"}],"is_trial":false,"path_per_floor":["M","?","$","M","$","E","M","E","T","$","MIM","R","E","M","R","B",null,"M","?","M","?","M","E","AVR","M","T","M","?","?","$","M","R_BF","B",null,"M","M","M","?","?","E","AVR","R","MIM","R","M","?","M","$","R","B",null],"character_chosen":"IRONCLAD","items_purchased":["StuffTheSpire:GrapeVine","Orrery","Strength Potion","PowerPotion","Fruit Juice","Ginger","ReplayUltimateDefense"],"campfire_rested":1,"item_purchase_floors":[0,0,0,3,10,30,48],"current_hp_per_floor":[80,80,80,80,80,80,80,65,65,70,59,59,68,74,74,69,98,98,98,101,104,98,107,110,110,110,110,110,87,87,93,93,84,118,121,99,85,91,94,65,68,68,68,107,129,135,139,142,142,94],"gold":118,"neow_bonus":"","is_daily":false,"chose_seed":false,"campfire_upgraded":4,"win_rate":0.0,"timestamp":1613789958,"path_taken":["M","?","$","M","?","E","M","E","T","?","?","R","E","M","R","BOSS","M","?","M","?","M","E","AVR","M","T","M","?","?","$","M","R_BF","BOSS","M","M","M","?","?","E","AVR","R","MIM","R","M","?","M","$","R","BOSS"],"items_purchased_type":["Relic","Relic","Potion","Potion","Potion","Relic","Card"],"build_version":"2020-12-22","purchased_purges":4,"victory":true,"max_hp_per_floor":[80,80,80,80,80,80,80,87,87,92,92,92,95,95,95,98,98,98,98,101,104,104,107,110,110,110,110,110,115,115,115,115,118,118,121,125,128,131,124,127,130,130,130,130,133,136,139,142,142,142],"card_choices":[{"not_picked":["ReplayTheSpireMod:Strike From Hell","Burning Pact"],"picked":"Armaments","floor":0},{"not_picked":["ReplayTheSpireMod:Strike From Hell","StuffTheSpire:Incineration"],"picked":"Infernal Blade","floor":0},{"not_picked":["Second Wind","Blood for Blood"],"picked":"Whirlwind","floor":0},{"not_picked":["Evolve","Carnage"],"picked":"Metallicize","floor":0},{"not_picked":["Eclipse","Havoc"],"picked":"Sword Boomerang","floor":0},{"not_picked":["Flex","ReplayTheSpireMod:Stacked"],"picked":"Cleave","floor":1},{"not_picked":["Thunderclap","True Grit","Intimidate","Warcry"],"picked":"Cleave","floor":4},{"not_picked":["Rupture","StuffTheSpire:Pyroclast","MostiFishMod:WingOfPhoenix","Flex"],"picked":"Heavy Blade","floor":6},{"not_picked":["hubris:CleavingFinish","Cleave","Warcry","Feel No Pain","Combust"],"picked":"SKIP","floor":7},{"not_picked":["Sever Soul","Sentinel","Run Through","Rage","True Grit"],"picked":"SKIP","floor":8},{"not_picked":["Cleave","MostiFishMod:ChineseTea","Twin Strike","Whirlwind"],"picked":"Pummel","floor":13},{"not_picked":["Headbutt","Havoc","Perfected Strike","Body Slam","Warcry"],"picked":"SKIP","floor":14},{"not_picked":["Replay:Many Hands","hubris:StunningStrike","Double Tap","Feed"],"picked":"Demon Form","floor":16},{"not_picked":["Anger","Iron Wave","True Grit+1","ReplayTheSpireMod:Limb From Limb","Blood for Blood+1"],"picked":"SKIP","floor":18},{"not_picked":["Body Slam+1","Armaments","Twin Strike","Reckless Charge+1"],"picked":"Sword Boomerang+1","floor":20},{"not_picked":["Shrug It Off+1","Fire Breathing","Rampage","Sword Boomerang","StuffTheSpire:RockThrow"],"picked":"SKIP","floor":22},{"not_picked":["Clash","ReplayTheSpireMod:Limb From Limb","Juggernaut","Armaments+1"],"picked":"BarbarianYell","floor":23},{"not_picked":["Invigoration","StuffTheSpire:Slingshot","Massacre+1","Thunderclap","Twin Strike"],"picked":"SKIP","floor":25},{"not_picked":["Rage","Clothesline","Cleave+1","Power Through+1","Dark Embrace"],"picked":"SKIP","floor":27},{"not_picked":["Cleave","Sword Boomerang","Warcry","Sever Soul","MostiFishMod:ChineseTea"],"picked":"SKIP","floor":31},{"not_picked":["MostiFishMod:DoubleSword","Replay:Many Hands","conspire:HitWhereItHurts","MostiFishMod:WingOfPhoenix"],"picked":"Feed","floor":33},{"not_picked":["Blood for Blood","Anger+1","Perfected Strike+1","Body Slam+1"],"picked":"Armaments+1","floor":35},{"not_picked":["Fire Breathing","Massacre+1","True Grit+1","StuffTheSpire:RockThrow","Infernal Blade+1"],"picked":"SKIP","floor":36},{"not_picked":["Run Through","Rampage","Reckless Charge","hubris:ReadiedAction"],"picked":"Ghostly Armor+1","floor":37},{"not_picked":["infinitespire:UltimateForm","infinitespire:SevenWalls"],"picked":"infinitespire:Starlight","floor":38},{"not_picked":["ReplayTheSpireMod:Stacked","Clothesline+1","Havoc","StuffTheSpire:Incineration+1"],"picked":"MostiFishMod:#F4004+1","floor":40},{"not_picked":["Chrysalis","Secret Technique","The Bomb","Master of Strategy"],"picked":"Feint","floor":41},{"not_picked":["Purity","StuffTheSpire:PlasmaPunch","Trip","HandOfGreed"],"picked":"Madness","floor":41},{"not_picked":["Swift Strike","hubris:Ssssneak","Madness","Survey Options"],"picked":"MostiFishMod:BrokenBlackCloak","floor":41},{"not_picked":["Dual Wield","Wild Strike","Feel No Pain","Armaments"],"picked":"conspire:ExplosiveBarrier+1","floor":45},{"not_picked":["Inflame+1","StuffTheSpire:RagingBull","Perfected Strike+1","Flex"],"picked":"Pummel+1","floor":46},{"not_picked":["Twin Strike+1","Heavy Blade","Armaments","Life Link"],"picked":"Rage+1","floor":47}],"player_experience":1945332,"relics_obtained":[{"floor":1,"key":"SynthV:TestCard"},{"floor":6,"key":"StuffTheSpire:Mouthbags"},{"floor":8,"key":"StuffTheSpire:CocoNut"},{"floor":9,"key":"Replay:Ringing Soul"},{"floor":11,"key":"hubris:SphereOfDissonance"},{"floor":13,"key":"reliquary:Knoch"},{"floor":23,"key":"Kunai"},{"floor":26,"key":"reliquary:IridiumChain"},{"floor":40,"key":"conspire:Dentures"},{"floor":43,"key":"reliquary:TatteredRug"},{"floor":46,"key":"infinitespire:Bottled Soul"}],"event_choices":[{"damage_healed":0,"gold_gain":0,"player_choice":"Upgraded","damage_taken":0,"max_hp_gain":0,"max_hp_loss":0,"event_name":"Upgrade Shrine","floor":2,"gold_loss":0,"cards_upgraded":["Armaments"]},{"damage_healed":0,"gold_gain":0,"player_choice":"Ignored","damage_taken":0,"max_hp_gain":0,"max_hp_loss":0,"event_name":"Vampires","floor":19,"gold_loss":0},{"damage_healed":0,"gold_gain":0,"player_choice":"Shed Blood","damage_taken":28,"max_hp_gain":5,"max_hp_loss":0,"event_name":"Forgotten Altar","floor":29,"gold_loss":0}],"is_beta":false,"boss_relics":[{"not_picked":["conspire:RoyalGoblet","StuffTheSpire:Kangaroo","hubris:CrackedHourglass"]},{"not_picked":["TimeKeys","hubris:RunicObelisk"],"picked":"reliquary:ThirdArm"}],"items_purged_floors":[0,24,41,48],"is_endless":false,"potions_floor_spawned":[1,8,13,20,31,33,37,40,45,47],"ascension_level":0}}