{"host":"Ringo","time":1613831462,"event":{"mods":["BaseMod","Colored Map","Conspire","Dota2Spire","Hubris","Minty Spire (QoL Compilation)","Replay The Spire","StSLib","The Construct","[IsaacMod]ÒÔÈö¼âËþ","¡¾ÒÅÎï¿¨ÅÆ¡¿REMEMod"],"gold_per_floor":[113,125,125,145,159,185,210,241,241,250,279,307,338,373,373,448,448,461,461,461,109,151,239,323,392,465,535,544,638,661,741,750,877,895,924,924,999,999,700,815,908,978,1005,1041,1122,484,484,71,71,181,241],"floor_reached":52,"language":"ZHS","playtime":1602,"items_purged":[],"score":3547,"play_id":"b1a62746-4ea1-4df3-b715-05bae2507901","local_time":"20210220223102","daily_mods":["SealedDeck","Vintage","Heirloom","Time Dilation","Flight","DeadlyEvents","Elite Swarm","Lethality","Binary"],"is_ascension_mode":true,"campfire_choices":[{"data":"ReplayTheSpireMod:Dual Polarity","floor":15,"key":"SMITH"},{"data":"Echo Form","floor":32,"key":"SMITH"},{"data":"Aggregate","floor":47,"key":"SMITH"},{"data":"Buffer","floor":49,"key":"SMITH"}],"circlet_count":0,"master_deck":["AscendersBane","Coolheaded","Rip and Tear+1","Barrage","Fusion+1","conspire:SharedLibrary","Beam Cell","Sweeping Beam","BootSequence+1","Melter","conspire:Rain","Echo Form+1","ReplayTheSpireMod:Dual Polarity+1","Conserve Battery","FTL","Leap","Compile Driver","Ball Lightning+1","Chill+1","Buffer+1","Scrape","Skim","FIFO Queue","Aggregate+1","Master of Strategy","Mirror Shield+1","Loop","Cold Snap"],"relics":["Cracked Core","Busted Crown","HushsDoor","REME_ComplimentaryCards","replay:Trail_Library","Replay:Towering Pillar of Hats","BookofShadows","Dota2Spire:OrchidMalevolence","HowToJump","Dota2Spire:DrumOfEndurance","ForgetMeNow","CeramicFish","Replay:Baseball","Dota2Spire:ArcaneBoots","Nunchaku","Dota2Spire:Mjollnir","Happy Flower","AnarchistCookbook","Pear","hubris:Stopwatch","GuppysPaw","Potion Belt","Replay:Bandana","hubris:BallOfYels","hubris:TenFootPole","Eternal Feather","BookOfRevelations","SharpPlug","Girya","Dota2Spire:MagicBottle","Whetstone","Dota2Spire:AghanimScepter","Nuclear Battery","BelialBook","NineLifeCat","Oddly Smooth Stone","Ring of Hypnosis","War Paint","Omamori","StrikeDummy","Dota2Spire:HeartOfTarrasque","Toy Ornithopter","Dota2Spire:LotusOrb","GuppysTail","hubris:Spice","Pet Ghost","hubris:ToyBattleship"],"acts_visited":["Exordium","TheCity","TheBeyond"],"potions_floor_usage":[8,22,22,22,29,33,33,33,40,51,51],"damage_taken":[{"damage":0.0,"enemies":"Small Slimes","floor":1.0,"turns":1.0},{"damage":0.0,"enemies":"Cultist","floor":2.0,"turns":2.0},{"damage":0.0,"enemies":"conspire:RoseBush","floor":4.0,"turns":1.0},{"damage":0.0,"enemies":"Lots of Slimes","floor":5.0,"turns":2.0},{"damage":0.0,"enemies":"3 Sentries","floor":6.0,"turns":2.0},{"damage":0.0,"enemies":"Replay:BlueRogue","floor":7.0,"turns":2.0},{"damage":0,"enemies":"3 Sentries","floor":8,"turns":3},{"damage":4,"enemies":"Replay:BlueRogue","floor":11,"turns":2},{"damage":0,"enemies":"Gremlin Nob","floor":12,"turns":2},{"damage":4,"enemies":"Replay:BlueRogue","floor":13,"turns":2},{"damage":0,"enemies":"Gremlin Nob","floor":14,"turns":1},{"damage":0,"enemies":"The Guardian","floor":16,"turns":2},{"damage":0,"enemies":"conspire:FuzzyDice","floor":18,"turns":1},{"damage":0,"enemies":"3 Byrds","floor":22,"turns":2},{"damage":0,"enemies":"REME_1_Revenger","floor":23,"turns":2},{"damage":0,"enemies":"Gremlin Leader","floor":24,"turns":2},{"damage":0,"enemies":"Replay:Snechameleon","floor":25,"turns":1},{"damage":0,"enemies":"Book of Stabbing","floor":27,"turns":2},{"damage":0,"enemies":"conspire:Head Lice","floor":29,"turns":2},{"damage":0,"enemies":"conspire:SneckoGhost","floor":31,"turns":2},{"damage":0,"enemies":"hubris:MusketHawk","floor":33,"turns":2},{"damage":0,"enemies":"Orb Walker","floor":35,"turns":1},{"damage":0,"enemies":"3 Darklings","floor":37,"turns":2},{"damage":0,"enemies":"Nemesis","floor":40,"turns":3},{"damage":0,"enemies":"R_Hoarder","floor":41,"turns":2},{"damage":0,"enemies":"Reptomancer","floor":42,"turns":1},{"damage":0,"enemies":"R_Hoarder","floor":45,"turns":2},{"damage":0,"enemies":"Donu and Deca","floor":50,"turns":2},{"damage":0,"enemies":"hubris:GrandSnecko","floor":51,"turns":2}],"seed_played":"-480528250642778639","potions_obtained":[{"floor":2.0,"key":"GamblersBrew"},{"floor":5.0,"key":"PotionOfCapacity"},{"floor":6.0,"key":"SkillPotion"},{"floor":8,"key":"SpeedPotion"},{"floor":13,"key":"conspire:TimeTravelPotion"},{"floor":16,"key":"AttackPotion"},{"floor":20,"key":"Adrenaline Potion"},{"floor":20,"key":"Explosive Potion"},{"floor":23,"key":"Explosive Potion"},{"floor":24,"key":"Dexterity Potion"},{"floor":27,"key":"PotionOfCapacity"},{"floor":31,"key":"SteroidPotion"},{"floor":35,"key":"Reflective Coating"},{"floor":37,"key":"Dexterity Potion"},{"floor":41,"key":"Reflective Coating"}],"is_trial":true,"path_per_floor":["M","M","?","M","M","E","E","E","T","?","E","E","E","E","R","B",null,"M","?","?","$","M","E","E","E","T","E","?","E","T","E","R","B",null,"M","?","M","?","$","E","E","E","T","T","E","$","R","$","R","B","B",null],"character_chosen":"DEFECT","items_purchased":["GuppysPaw","Replay:Bandana","Conserve Battery","FTL","Leap","Compile Driver","Buffer","Scrape","BelialBook","NineLifeCat","Omamori","Skim","FIFO Queue","hubris:Spice","Master of Strategy","Mirror Shield+1","Pet Ghost","hubris:ToyBattleship","Loop","Cold Snap"],"campfire_rested":0,"item_purchase_floors":[17,21,21,21,21,21,34,34,34,34,39,39,39,46,46,46,48,48,48,48],"current_hp_per_floor":[64,64,64,64,64,64,64,64,64,49,45,45,41,51,51,51,50,50,50,50,50,50,50,50,50,50,50,49,49,49,49,50,50,1,1,1,1,1,1,1,1,1,1,1,1,1,1,1,1,1,1],"gold":241,"neow_bonus":"","is_daily":false,"chose_seed":false,"campfire_upgraded":4,"win_rate":0.0,"timestamp":1613831462,"path_taken":["M","M","?","?","?","E","E","E","T","?","E","?","E","E","R","BOSS","M","?","?","$","M","E","E","E","T","E","?","E","?","E","R","BOSS","M","?","M","?","$","E","E","E","T","?","?","$","R","$","R","BOSS","BOSS"],"items_purchased_type":["Relic","Relic","Card","Card","Card","Card","Card","Card","Relic","Relic","Relic","Card","Card","Relic","Card","Card","Relic","Relic","Card","Card"],"build_version":"2020-12-18","purchased_purges":0,"victory":true,"max_hp_per_floor":[71,71,71,71,71,71,71,71,71,71,71,71,71,81,81,81,50,50,50,50,50,50,50,50,50,50,50,50,50,50,50,50,50,1,1,1,1,1,1,1,1,1,1,1,1,1,1,1,1,1,1],"card_choices":[],"player_experience":728035,"relics_obtained":[{"floor":1.0,"key":"Dota2Spire:OrchidMalevolence"},{"floor":2.0,"key":"HowToJump"},{"floor":4.0,"key":"Dota2Spire:DrumOfEndurance"},{"floor":6.0,"key":"ForgetMeNow"},{"floor":7.0,"key":"CeramicFish"},{"floor":8,"key":"Replay:Baseball"},{"floor":9,"key":"Dota2Spire:ArcaneBoots"},{"floor":11,"key":"Dota2Spire:Mjollnir"},{"floor":12,"key":"Happy Flower"},{"floor":13,"key":"AnarchistCookbook"},{"floor":14,"key":"Pear"},{"floor":18,"key":"Potion Belt"},{"floor":22,"key":"hubris:BallOfYels"},{"floor":23,"key":"hubris:TenFootPole"},{"floor":24,"key":"Eternal Feather"},{"floor":25,"key":"BookOfRevelations"},{"floor":26,"key":"SharpPlug"},{"floor":27,"key":"Girya"},{"floor":29,"key":"Dota2Spire:MagicBottle"},{"floor":30,"key":"Whetstone"},{"floor":31,"key":"Dota2Spire:AghanimScepter"},{"floor":35,"key":"Oddly Smooth Stone"},{"floor":36,"key":"Ring of Hypnosis"},{"floor":37,"key":"War Paint"},{"floor":40,"key":"StrikeDummy"},{"floor":41,"key":"Dota2Spire:HeartOfTarrasque"},{"floor":43,"key":"Toy Ornithopter"},{"floor":44,"key":"Dota2Spire:LotusOrb"},{"floor":45,"key":"GuppysTail"}],"event_choices":[{"damage_healed":0.0,"max_hp_gain":0.0,"max_hp_loss":0.0,"gold_gain":0.0,"event_name":"Upgrade Shrine","player_choice":"Upgraded","floor":3.0,"gold_loss":0.0,"damage_taken":0.0,"cards_upgraded":["Fusion"]},{"damage_healed":0,"gold_gain":0,"player_choice":"Ignored","damage_taken":0,"max_hp_gain":0,"max_hp_loss":0,"event_name":"Duplicator","floor":19,"gold_loss":0},{"damage_healed":0,"gold_gain":0,"player_choice":"Got Potions","damage_taken":0,"max_hp_gain":0,"max_hp_loss":0,"event_name":"Lab","floor":20,"gold_loss":0},{"damage_healed":0,"gold_gain":0,"player_choice":"Leave","damage_taken":0,"max_hp_gain":0,"max_hp_loss":0,"event_name":"conspire:Investor","floor":28,"gold_loss":0},{"damage_healed":0,"gold_gain":0,"player_choice":"Max HP","damage_taken":0,"max_hp_gain":0,"max_hp_loss":0,"event_name":"Winding Halls","floor":38,"gold_loss":0}],"is_beta":true,"boss_relics":[{"not_picked":["Runic Pyramid","Painkiller Herb"],"picked":"hubris:Stopwatch"},{"not_picked":[]},{"not_picked":["REME_ChargedStone","Inserter"],"picked":"Nuclear Battery"},{"not_picked":[]}],"items_purged_floors":[],"is_endless":false,"potions_floor_spawned":[2,5,6,7,8,13,16,23,24,27,31,35,37,41],"ascension_level":20}}