{"host":"dlyy4wv9zatha4f7","time":1613858734,"event":{"mods":["Act Like it!","BaseMod","Colored Map","GifTheSpireLib","Minty Spire (QoL Compilation)","Ruina","Spicy Shops","StSLib","SuperFastMode","Unceasing Turn Reminder"],"gold_per_floor":[111,71,83,95,45,45,72,72,72,72,72,106,120,10,10,113,113,125,25,40,40,60,70,70,95,95,191,191,17,17,45,45,140,140,157,157,175,475,493,518,518,549,549,566,582,164,180,5,5,5],"floor_reached":51,"language":"ENG","playtime":2302,"items_purged":["Pain","Strike_B","Strike_B","Regret","Strike_B"],"score":906,"play_id":"e0554c19-134d-4b72-9290-3234c6abf1f6","local_time":"20210221000534","is_ascension_mode":true,"campfire_choices":[{"data":"Dualcast","floor":6.0,"key":"SMITH"},{"data":"Doom and Gloom","floor":8.0,"key":"SMITH"},{"data":"Zap","floor":10.0,"key":"SMITH"},{"data":"Darkness","floor":15.0,"key":"SMITH"},{"floor":24.0,"key":"REST"},{"data":"Darkness","floor":30.0,"key":"SMITH"},{"data":"Seek","floor":32,"key":"SMITH"},{"floor":41,"key":"REST"},{"data":"ruina:FadedMemories","floor":49,"key":"SMITH"}],"circlet_count":0,"master_deck":["Defend_B","Defend_B","Defend_B","Defend_B","Zap+1","Dualcast+1","Ball Lightning+1","Doom and Gloom+1","Ball Lightning+1","Cold Snap","Darkness+1","Leap","Conserve Battery","Electrodynamics+1","Darkness+1","ruina:FadedMemories+1","Seek+1","Capacitor+1","Biased Cognition+1","Coolheaded+1","Fission+1","Compile Driver","Chaos+1","Leap+1","Loop+1","Echo Form+1","Coolheaded+1","Loop+1"],"relics":["Cracked Core","Boot","Frozen Egg 2","Pantograph","WarpedTongs","Symbiotic Virus","Philosopher\u0027s Stone","Gambling Chip","Whetstone","Toxic Egg 2","Cursed Key","Calipers","Mummified Hand","Turnip","Orrery"],"acts_visited":["Exordium","Exordium","TheBeyond"],"potions_floor_usage":[31,42,50,50,50,50,50,50],"damage_taken":[{"damage":10.0,"enemies":"Small Slimes","floor":1.0,"turns":3.0},{"damage":0.0,"enemies":"Cultist","floor":3.0,"turns":3.0},{"damage":3.0,"enemies":"2 Louse","floor":4.0,"turns":2.0},{"damage":10.0,"enemies":"3 Sentries","floor":7.0,"turns":5.0},{"damage":24.0,"enemies":"Lagavulin","floor":12.0,"turns":6.0},{"damage":0.0,"enemies":"Lots of Slimes","floor":13.0,"turns":1.0},{"damage":12.0,"enemies":"The Guardian","floor":16.0,"turns":6.0},{"damage":0.0,"enemies":"ruina:3_Bats","floor":18.0,"turns":1.0},{"damage":13.0,"enemies":"ruina:BadWolf","floor":20.0,"turns":4.0},{"damage":19.0,"enemies":"ruina:KnightOfDespair","floor":22.0,"turns":4.0},{"damage":9.0,"enemies":"ruina:3_Scarecrows","floor":23.0,"turns":4.0},{"damage":4.0,"enemies":"ruina:RoadHome","floor":25.0,"turns":2.0},{"damage":21,"enemies":"ruina:Mountain","floor":31,"turns":5},{"damage":14,"enemies":"ruina:Ozma","floor":33,"turns":7},{"damage":0,"enemies":"3 Shapes","floor":35,"turns":1},{"damage":0,"enemies":"3 Darklings","floor":37,"turns":1},{"damage":0,"enemies":"Sphere and 2 Shapes","floor":39,"turns":2},{"damage":26,"enemies":"Giant Head","floor":40,"turns":6},{"damage":0,"enemies":"Reptomancer","floor":42,"turns":3},{"damage":17,"enemies":"4 Shapes","floor":44,"turns":3},{"damage":2,"enemies":"Maw","floor":45,"turns":5},{"damage":0,"enemies":"Writhing Mass","floor":47,"turns":3},{"damage":20,"enemies":"Awakened One","floor":50,"turns":6}],"seed_played":"-2147701187629057218","potions_obtained":[{"floor":2.0,"key":"DuplicationPotion"},{"floor":2.0,"key":"EssenceOfDarkness"},{"floor":2.0,"key":"DuplicationPotion"},{"floor":4.0,"key":"ColorlessPotion"},{"floor":16.0,"key":"BlessingOfTheForge"},{"floor":23.0,"key":"Fruit Juice"},{"floor":33,"key":"EntropicBrew"},{"floor":35,"key":"Energy Potion"},{"floor":40,"key":"Fire Potion"},{"floor":44,"key":"FocusPotion"},{"floor":47,"key":"PowerPotion"}],"is_trial":false,"path_per_floor":["M","?","M","M","?","R","E","R","T","R","?","E","M","$","R","B",null,"M","$","M","?","M","M","R","E","T","?","?","$","R","E","R","B",null,"M","?","M","?","M","E","R","E","T","M","M","$","M","$","R","B",null],"character_chosen":"DEFECT","items_purchased":["Conserve Battery","FocusPotion","Loop+1","Orrery"],"campfire_rested":2,"item_purchase_floors":[14,29,46,46],"current_hp_per_floor":[58,58,58,55,55,55,45,45,45,45,45,21,21,21,21,34,65,65,65,52,52,33,29,51,47,47,47,47,47,47,26,26,37,65,65,65,65,65,65,39,60,60,60,43,41,41,41,41,41,46],"gold":5,"neow_bonus":"RANDOM_COMMON_RELIC","is_daily":false,"chose_seed":false,"campfire_upgraded":7,"win_rate":0.0,"timestamp":1613858734,"path_taken":["M","?","M","?","?","R","E","R","T","R","?","E","M","$","R","BOSS","M","?","M","?","M","?","R","E","T","?","?","$","R","E","R","BOSS","M","?","M","?","M","E","R","E","T","M","M","$","M","$","R","BOSS"],"items_purchased_type":["Card","Potion","Card","Relic"],"build_version":"2020-12-22","purchased_purges":5,"victory":true,"max_hp_per_floor":[75,75,75,75,75,75,75,75,75,75,75,75,75,75,75,75,75,75,75,75,69,69,74,74,74,74,74,74,74,74,74,74,74,74,74,70,70,70,70,70,70,70,70,70,70,70,70,70,70,70],"card_choices":[{"not_picked":["Cold Snap","Barrage"],"picked":"Ball Lightning","floor":1.0},{"not_picked":["Cold Snap","Beam Cell"],"picked":"Doom and Gloom","floor":3.0},{"not_picked":["Streamline","Cold Snap"],"picked":"Ball Lightning","floor":4.0},{"not_picked":["Beam Cell","Hologram"],"picked":"Cold Snap","floor":7.0},{"not_picked":["Hyperbeam","Go for the Eyes"],"picked":"Darkness","floor":12.0},{"not_picked":["Rebound","Redo"],"picked":"Leap","floor":13.0},{"not_picked":["Machine Learning+1","All For One"],"picked":"Electrodynamics+1","floor":16.0},{"not_picked":["Streamline","Force Field"],"picked":"Darkness","floor":18.0},{"not_picked":["Sunder","Force Field","Beam Cell"],"picked":"SKIP","floor":20.0},{"not_picked":["ruina:SwordSharpened","ruina:Smile"],"picked":"ruina:FadedMemories","floor":21.0},{"not_picked":["Hologram","Streamline","Hello World+1"],"picked":"SKIP","floor":22.0},{"not_picked":["Coolheaded","Fusion"],"picked":"Seek","floor":23.0},{"not_picked":["Cold Snap+1","Turbo"],"picked":"Capacitor+1","floor":25.0},{"not_picked":["Doom and Gloom+1","Storm+1","Consume+1"],"picked":"SKIP","floor":31},{"not_picked":["Reboot+1","Meteor Strike"],"picked":"Biased Cognition+1","floor":33},{"not_picked":["Hologram+1","Chaos+1"],"picked":"Coolheaded+1","floor":35},{"not_picked":["Beam Cell+1","Hello World+1","Genetic Algorithm+1"],"picked":"SKIP","floor":37},{"not_picked":["Gash+1","Streamline+1"],"picked":"Fission+1","floor":39},{"not_picked":["Conserve Battery+1","Beam Cell+1"],"picked":"Compile Driver","floor":40},{"not_picked":["Conserve Battery+1","Gash+1"],"picked":"Chaos+1","floor":42},{"not_picked":["Heatsinks+1","Redo+1"],"picked":"Leap+1","floor":44},{"not_picked":["Rebound","Auto Shields+1","Aggregate+1"],"picked":"SKIP","floor":45},{"not_picked":["Self Repair+1","Reinforced Body+1"],"picked":"Echo Form+1","floor":46},{"not_picked":["Cold Snap+1","Barrage+1"],"picked":"Coolheaded+1","floor":46},{"not_picked":["Doom and Gloom+1","Conserve Battery+1"],"picked":"Loop+1","floor":47}],"player_experience":2301773,"relics_obtained":[{"floor":7.0,"key":"Frozen Egg 2"},{"floor":9.0,"key":"Pantograph"},{"floor":12.0,"key":"Symbiotic Virus"},{"floor":25.0,"key":"Gambling Chip"},{"floor":26.0,"key":"Whetstone"},{"floor":31,"key":"Toxic Egg 2"},{"floor":40,"key":"Calipers"},{"floor":42,"key":"Mummified Hand"},{"floor":43,"key":"Turnip"}],"event_choices":[{"damage_healed":0.0,"max_hp_gain":0.0,"max_hp_loss":0.0,"gold_gain":0.0,"event_name":"The Woman in Blue","player_choice":"Bought 3 Potions","floor":2.0,"gold_loss":0.0,"damage_taken":0.0},{"cards_removed":["Strike_B"],"damage_healed":0.0,"max_hp_gain":0.0,"max_hp_loss":0.0,"gold_gain":0.0,"event_name":"The Cleric","player_choice":"Card Removal","floor":5.0,"gold_loss":50.0,"damage_taken":0.0},{"damage_healed":0.0,"max_hp_gain":0.0,"max_hp_loss":0.0,"gold_gain":0.0,"event_name":"Accursed Blacksmith","player_choice":"Rummage","floor":11.0,"gold_loss":0.0,"damage_taken":0.0,"relics_obtained":["WarpedTongs"],"cards_obtained":["Pain"]},{"damage_healed":0,"gold_gain":0,"player_choice":"Max HP","damage_taken":0,"max_hp_gain":0,"max_hp_loss":4,"event_name":"Winding Halls","floor":36,"gold_loss":0},{"damage_healed":0,"gold_gain":300,"player_choice":"Gold","damage_taken":0,"max_hp_gain":0,"max_hp_loss":0,"event_name":"Wheel of Change","floor":38,"gold_loss":0}],"is_beta":false,"boss_relics":[{"not_picked":["Calling Bell","Snecko Eye"],"picked":"Philosopher\u0027s Stone"},{"not_picked":["FrozenCore","Black Star"],"picked":"Cursed Key"}],"items_purged_floors":[14,19,29,46,48],"is_endless":false,"potions_floor_spawned":[4,16,23,33,35,40,44,47],"ascension_level":9}}