{"host":"qrbkigq52dd42dk0","time":1613864730,"event":{"mods":["AchievementEnabler","BaseMod","Colored Map","Colored Powertips","Minty Spire (QoL Compilation)","Morshu Shopkeeper - ENHANCED","Quick Restart","StSLib","SuperFastMode","The IronCluck","everything is the same but u backflip on backflip"],"gold_per_floor":[115,131,131,131,142,142,160,179,204,215,225,225,225,255,255,355,355,373,288,304,316,202,227,227,227,227,239,239,255,255,180,180,278,278,294,314,665,665,665,665,665,270,320,320,353,96,96,109,109,109,109],"floor_reached":50,"language":"ENG","playtime":1691,"items_purged":["Strike_G","Normality"],"score":643,"play_id":"f2d1ea4e-18e0-42e8-bbbf-53cb97aa694e","local_time":"20210221004530","is_ascension_mode":true,"campfire_choices":[{"data":"Crippling Poison","floor":6.0,"key":"SMITH"},{"data":"Calculated Gamble","floor":12.0,"key":"SMITH"},{"floor":15.0,"key":"REST"},{"data":"Night Terror","floor":25,"key":"SMITH"},{"data":"Catalyst","floor":28,"key":"SMITH"},{"data":"Prepared","floor":30,"key":"SMITH"},{"floor":32,"key":"REST"},{"data":"Deadly Poison","floor":40,"key":"SMITH"},{"data":"Deadly Poison","floor":44,"key":"SMITH"},{"floor":47,"key":"RECALL"},{"data":"Cloak And Dagger","floor":49,"key":"SMITH"}],"circlet_count":0,"master_deck":["Strike_G","Strike_G","Defend_G","Defend_G","Defend_G","Defend_G","Defend_G","Survivor+1","Neutralize","Corpse Explosion","Deadly Poison+1","Crippling Poison+1","Calculated Gamble+1","Acrobatics","Backflip+1","Blade Dance","Cloak And Dagger+1","Night Terror+1","Catalyst+1","Flechettes+1","Deadly Poison+1","Prepared+1","Well Laid Plans+1","Noxious Fumes+1","Deadly Poison+1","Doubt"],"relics":["Ring of the Snake","PreservedInsect","Potion Belt","SacredBark","Akabeko","Eternal Feather","Centennial Puzzle","Cursed Key","Old Coin","War Paint","Singing Bowl","ClockworkSouvenir","Letter Opener","TwistedFunnel"],"acts_visited":["Exordium","TheCity","TheBeyond"],"potions_floor_usage":[23,23,33,37,50,50],"damage_taken":[{"damage":14.0,"enemies":"Jaw Worm","floor":1.0,"turns":4.0},{"damage":0.0,"enemies":"Cultist","floor":2.0,"turns":3.0},{"damage":0.0,"enemies":"2 Louse","floor":5.0,"turns":1.0},{"damage":8.0,"enemies":"Large Slime","floor":7.0,"turns":7.0},{"damage":0.0,"enemies":"Looter","floor":8.0,"turns":3.0},{"damage":4.0,"enemies":"2 Fungi Beasts","floor":10.0,"turns":3.0},{"damage":15.0,"enemies":"3 Louse","floor":11.0,"turns":2.0},{"damage":16.0,"enemies":"3 Sentries","floor":14.0,"turns":4.0},{"damage":22.0,"enemies":"The Guardian","floor":16.0,"turns":9.0},{"damage":21.0,"enemies":"2 Thieves","floor":18.0,"turns":3.0},{"damage":23.0,"enemies":"Shell Parasite","floor":20.0,"turns":6.0},{"damage":19.0,"enemies":"Centurion and Healer","floor":21.0,"turns":4.0},{"damage":8,"enemies":"Book of Stabbing","floor":23,"turns":5},{"damage":2,"enemies":"Snecko","floor":27,"turns":3},{"damage":23,"enemies":"Snake Plant","floor":29,"turns":5},{"damage":29,"enemies":"Collector","floor":33,"turns":4},{"damage":0,"enemies":"Orb Walker","floor":35,"turns":1},{"damage":1,"enemies":"3 Darklings","floor":36,"turns":2},{"damage":23,"enemies":"2 Orb Walkers","floor":37,"turns":2},{"damage":15,"enemies":"Nemesis","floor":45,"turns":5},{"damage":0,"enemies":"Sphere and 2 Shapes","floor":48,"turns":3},{"damage":91,"enemies":"Awakened One","floor":50,"turns":8}],"seed_played":"-5556111799148704674","potions_obtained":[{"floor":5.0,"key":"Block Potion"},{"floor":11.0,"key":"Explosive Potion"},{"floor":16.0,"key":"SpeedPotion"},{"floor":20.0,"key":"Dexterity Potion"},{"floor":21.0,"key":"Dexterity Potion"},{"floor":29,"key":"AttackPotion"},{"floor":36,"key":"ColorlessPotion"},{"floor":45,"key":"DistilledChaos"},{"floor":48,"key":"GamblersBrew"}],"is_trial":false,"path_per_floor":["M","M","?","?","M","R","M","M","T","M","M","R","?","E","R","B",null,"M","?","M","M","$","E","?","R","T","M","R","M","R","?","R","B",null,"M","M","?","?","?","R","T","$","T","R","E","$","R","M","R","B"],"character_chosen":"THE_SILENT","items_purchased":["Accuracy","Singing Bowl","ClockworkSouvenir","TwistedFunnel"],"campfire_rested":2,"item_purchase_floors":[22,42,42,46],"current_hp_per_floor":[56,56,56,56,56,56,48,48,48,44,29,29,34,18,40,18,75,54,54,31,12,12,4,4,16,16,14,26,3,18,18,52,23,75,75,74,51,51,51,66,66,66,66,75,62,62,77,79,79,0,0],"gold":109,"neow_bonus":"ONE_RANDOM_RARE_CARD","is_daily":false,"chose_seed":false,"campfire_upgraded":8,"win_rate":0.0,"timestamp":1613864730,"path_taken":["M","M","?","?","?","R","M","M","T","M","M","R","?","E","R","BOSS","M","?","M","M","$","E","?","R","T","M","R","M","R","?","R","BOSS","M","M","?","?","?","R","?","$","T","R","E","$","R","M","R","BOSS"],"items_purchased_type":["Card","Relic","Relic","Relic"],"build_version":"2020-12-22","purchased_purges":2,"victory":false,"max_hp_per_floor":[70,70,70,70,70,70,70,70,70,70,70,70,75,75,75,75,75,75,75,75,75,75,75,75,75,75,75,75,75,75,75,75,75,75,75,75,75,75,75,75,75,75,75,75,77,77,77,79,79,79,79],"card_choices":[{"not_picked":["Infinite Blades","Dodge and Roll"],"picked":"Deadly Poison","floor":1.0},{"not_picked":["Deflect","Caltrops","Dagger Spray"],"picked":"SKIP","floor":2.0},{"not_picked":["PiercingWail","Dagger Throw"],"picked":"Crippling Poison","floor":5.0},{"not_picked":["Expertise","Bane"],"picked":"Calculated Gamble","floor":7.0},{"not_picked":["Underhanded Strike","Slice","Acrobatics"],"picked":"SKIP","floor":8.0},{"not_picked":["Underhanded Strike","Slice"],"picked":"Acrobatics","floor":8.0},{"not_picked":["Skewer","Tools of the Trade"],"picked":"Backflip","floor":10.0},{"not_picked":["Poisoned Stab","Dodge and Roll"],"picked":"Blade Dance","floor":11.0},{"not_picked":["Backstab","Crippling Poison"],"picked":"Cloak And Dagger","floor":14.0},{"not_picked":["Envenom","Glass Knife"],"picked":"Night Terror","floor":16.0},{"not_picked":["Prepared","Dagger Spray"],"picked":"Catalyst","floor":18.0},{"not_picked":["PiercingWail","Deflect"],"picked":"Flechettes+1","floor":20.0},{"not_picked":["Bouncing Flask","Sucker Punch"],"picked":"Deadly Poison","floor":21.0},{"not_picked":["Deflect","Underhanded Strike","Acrobatics"],"picked":"SKIP","floor":23},{"not_picked":["Tactician","Poisoned Stab"],"picked":"Prepared","floor":27},{"not_picked":["Poisoned Stab","Flying Knee"],"picked":"Well Laid Plans+1","floor":29},{"not_picked":["Dodge and Roll+1","Backflip+1"],"picked":"Noxious Fumes+1","floor":35},{"not_picked":["Underhanded Strike+1","Noxious Fumes"],"picked":"Deadly Poison","floor":36},{"not_picked":["Dagger Throw+1","Choke+1","Sucker Punch+1"],"picked":"Singing Bowl","floor":45},{"not_picked":["Dodge and Roll+1","Deadly Poison","Underhanded Strike+1"],"picked":"Singing Bowl","floor":48}],"player_experience":244664,"relics_obtained":[{"floor":9.0,"key":"PreservedInsect"},{"floor":14.0,"key":"Potion Belt"},{"floor":23,"key":"Eternal Feather"},{"floor":26,"key":"Centennial Puzzle"},{"floor":37,"key":"Old Coin"},{"floor":41,"key":"War Paint"},{"floor":45,"key":"Letter Opener"}],"event_choices":[{"damage_healed":0.0,"max_hp_gain":0.0,"max_hp_loss":0.0,"gold_gain":0.0,"event_name":"Living Wall","player_choice":"Grow","floor":3.0,"gold_loss":0.0,"damage_taken":0.0,"cards_upgraded":["Deadly Poison"]},{"cards_removed":["Strike_G"],"damage_healed":0.0,"max_hp_gain":0.0,"max_hp_loss":0.0,"gold_gain":0.0,"event_name":"Bonfire Elementals","player_choice":"Offered Basic","floor":4.0,"gold_loss":0.0,"damage_taken":0.0},{"damage_healed":0.0,"max_hp_gain":5.0,"max_hp_loss":0.0,"gold_gain":0.0,"event_name":"Big Fish","player_choice":"Donut","floor":13.0,"gold_loss":0.0,"damage_taken":0.0},{"damage_healed":0.0,"max_hp_gain":0.0,"max_hp_loss":0.0,"gold_gain":0.0,"event_name":"Addict","player_choice":"Obtained Relic","floor":19.0,"gold_loss":85.0,"damage_taken":0.0,"relics_obtained":["Akabeko"]},{"damage_healed":0,"gold_gain":0,"player_choice":"Ignored","damage_taken":0,"max_hp_gain":0,"max_hp_loss":0,"event_name":"Vampires","floor":24,"gold_loss":0},{"cards_removed":["Strike_G"],"damage_healed":0,"gold_gain":0,"player_choice":"Gave Gold","damage_taken":0,"max_hp_gain":0,"max_hp_loss":0,"event_name":"Beggar","floor":31,"gold_loss":75},{"damage_healed":0,"gold_gain":0,"player_choice":"Fight","damage_taken":0,"max_hp_gain":0,"max_hp_loss":0,"event_name":"Mysterious Sphere","floor":37,"gold_loss":0},{"damage_healed":0,"gold_gain":0,"player_choice":"Memory 1","damage_taken":0,"max_hp_gain":0,"max_hp_loss":0,"event_name":"SensoryStone","floor":38,"gold_loss":0},{"cards_removed":["Accuracy"],"damage_healed":0,"gold_gain":0,"player_choice":"Removed Power","damage_taken":0,"max_hp_gain":0,"max_hp_loss":0,"event_name":"Falling","floor":39,"gold_loss":0}],"is_beta":false,"boss_relics":[{"not_picked":["Snecko Eye","Ring of the Serpent"],"picked":"SacredBark"},{"not_picked":["Sozu","Astrolabe"],"picked":"Cursed Key"}],"items_purged_floors":[22,46],"is_endless":false,"potions_floor_spawned":[5,11,16,20,21,29,36,45,48],"killed_by":"Awakened One","ascension_level":4}}