{"host":"mxof066zm0g0sz2q","time":1613793005,"event":{"mods":["AchievementEnabler","BaseMod","Colored Map","Minty Spire (QoL Compilation)","Rare Cards Sparkle","Relic Stats"],"gold_per_floor":[117,117,117,131,13,39,54,69,69,69,98,115,132,132,132,228,228,238,238,255,205,222,257,257,274,274,373,94,94,114,114,114],"floor_reached":31,"language":"ENG","playtime":1786,"items_purged":["Bash+1"],"score":338,"play_id":"2eb1b278-916d-4d12-9629-cd75075988d8","local_time":"20210219205005","is_ascension_mode":true,"campfire_choices":[{"floor":10,"key":"REST"},{"floor":15,"key":"REST"},{"floor":24,"key":"REST"},{"floor":29,"key":"REST"}],"circlet_count":0,"master_deck":["Strike_R","Strike_R","Strike_R+1","Strike_R","Strike_R","Defend_R","Defend_R","Defend_R","Defend_R","Second Wind","Infernal Blade","Metallicize","Shrug It Off","Carnage","Warcry","Armaments","Anger","Cleave","Rage","Body Slam","Juggernaut","Entrench","Juggernaut","Impervious","Flex","Writhe","True Grit","Iron Wave+1","Cleave","Ghostly Armor","Second Wind","Armaments","Shrug It Off"],"relics":["Black Blood","NeowsBlessing","Dead Branch","Calipers","Prayer Wheel","Kunai","PreservedInsect","Singing Bowl","Strawberry","Bronze Scales"],"acts_visited":["Exordium","TheCity"],"potions_floor_usage":[16,16,25,25],"damage_taken":[{"damage":0,"enemies":"2 Louse","floor":1,"turns":1},{"damage":0,"enemies":"Small Slimes","floor":4,"turns":1},{"damage":0,"enemies":"Lagavulin","floor":6,"turns":1},{"damage":12,"enemies":"Jaw Worm","floor":7,"turns":3},{"damage":23,"enemies":"Red Slaver","floor":8,"turns":4},{"damage":22,"enemies":"Gremlin Nob","floor":11,"turns":5},{"damage":26,"enemies":"Exordium Thugs","floor":12,"turns":5},{"damage":8,"enemies":"Looter","floor":13,"turns":3},{"damage":7,"enemies":"Exordium Wildlife","floor":14,"turns":3},{"damage":35,"enemies":"Slime Boss","floor":16,"turns":8},{"damage":13,"enemies":"Spheric Guardian","floor":18,"turns":5},{"damage":19,"enemies":"3 Byrds","floor":20,"turns":7},{"damage":37,"enemies":"Snecko","floor":22,"turns":6},{"damage":39,"enemies":"Gremlin Leader","floor":23,"turns":7},{"damage":39,"enemies":"3 Cultists","floor":25,"turns":6},{"damage":19,"enemies":"Shelled Parasite and Fungi","floor":30,"turns":6},{"damage":50,"enemies":"Book of Stabbing","floor":31,"turns":4}],"seed_played":"5641118700025256926","potions_obtained":[{"floor":1,"key":"SteroidPotion"},{"floor":8,"key":"ColorlessPotion"},{"floor":11,"key":"Dexterity Potion"},{"floor":20,"key":"Dexterity Potion"},{"floor":23,"key":"SpeedPotion"},{"floor":25,"key":"ElixirPotion"}],"is_trial":false,"path_per_floor":["M","?","?","M","$","E","M","M","T","R","E","M","M","M","R","B",null,"M","?","M","?","M","E","R","M","T","?","$","R","M","E"],"character_chosen":"IRONCLAD","items_purchased":["Metallicize","Shrug It Off","Armaments","Bronze Scales"],"campfire_rested":4,"item_purchase_floors":[5,5,28,28],"current_hp_per_floor":[80,73,57,63,63,69,63,46,46,70,54,34,32,31,55,26,80,79,79,72,72,47,20,44,21,28,28,28,55,50,0,0],"gold":114,"neow_bonus":"THREE_ENEMY_KILL","is_daily":false,"chose_seed":false,"campfire_upgraded":0,"win_rate":0.0,"timestamp":1613793005,"path_taken":["M","?","?","M","?","E","M","M","T","R","E","?","M","M","R","BOSS","M","?","M","?","M","E","R","?","T","?","$","R","M","E"],"items_purchased_type":["Card","Card","Card","Relic"],"build_version":"2020-12-22","purchased_purges":1,"victory":false,"max_hp_per_floor":[80,80,80,80,80,80,80,80,80,80,80,80,80,80,80,80,80,80,80,80,80,80,80,80,84,91,91,91,91,93,93,93],"relic_stats":{"Singing Bowl":6,"counters":[17,75],"Dead Branch":[56],"Bronze Scales":[51],"Black Blood":126,"Prayer Wheel":8,"PreservedInsect":85,"Kunai":[2],"obtain_stats":[{"Calipers":6,"NeowsBlessing":0,"Singing Bowl":23,"Dead Branch":2,"Strawberry":26,"Bronze Scales":28,"Black Blood":17,"Prayer Wheel":9,"PreservedInsect":19,"Kunai":11,"Burning Blood":0},{"Calipers":3,"NeowsBlessing":0,"Singing Bowl":14,"Dead Branch":1,"Strawberry":15,"Bronze Scales":15,"Black Blood":10,"Prayer Wheel":5,"PreservedInsect":11,"Kunai":6,"Burning Blood":0},{"Calipers":3,"NeowsBlessing":0,"Singing Bowl":59,"Dead Branch":1,"Strawberry":65,"Bronze Scales":65,"Black Blood":34,"Prayer Wheel":10,"PreservedInsect":39,"Kunai":15,"Burning Blood":0}]},"card_choices":[{"not_picked":["Dropkick","Wild Strike"],"picked":"Second Wind","floor":1},{"not_picked":["Havoc","Clash"],"picked":"Infernal Blade","floor":4},{"not_picked":["Shockwave","Clash"],"picked":"Carnage","floor":6},{"not_picked":["Uppercut","Reckless Charge"],"picked":"Warcry","floor":7},{"not_picked":["Intimidate","Rampage"],"picked":"Armaments","floor":8},{"not_picked":["Feel No Pain","Berserk"],"picked":"Anger","floor":11},{"not_picked":["Havoc","Shockwave"],"picked":"Cleave","floor":12},{"not_picked":["Twin Strike","Pommel Strike"],"picked":"Rage","floor":12},{"not_picked":["Reckless Charge","Havoc"],"picked":"Body Slam","floor":13},{"not_picked":["Ghostly Armor","Reckless Charge"],"picked":"Juggernaut","floor":13},{"not_picked":["Twin Strike","Heavy Blade"],"picked":"Entrench","floor":14},{"not_picked":["Clothesline","Twin Strike"],"picked":"Juggernaut","floor":14},{"not_picked":["Demon Form","Feed"],"picked":"Impervious","floor":16},{"not_picked":["Warcry+1","Uppercut+1"],"picked":"Flex","floor":18},{"not_picked":["Dropkick","Whirlwind+1","Seeing Red"],"picked":"SKIP","floor":18},{"not_picked":["Pommel Strike","Havoc"],"picked":"True Grit","floor":20},{"not_picked":["Heavy Blade","Uppercut"],"picked":"Iron Wave+1","floor":20},{"not_picked":["Flex","Thunderclap"],"picked":"Cleave","floor":22},{"not_picked":["Uppercut","Warcry"],"picked":"Ghostly Armor","floor":22},{"not_picked":["Reckless Charge","Seeing Red"],"picked":"Second Wind","floor":23},{"not_picked":["Reckless Charge","Pommel Strike","Clothesline"],"picked":"Singing Bowl","floor":25},{"not_picked":["Dropkick+1","Sentinel+1","Anger"],"picked":"Singing Bowl","floor":25},{"not_picked":["Anger","Second Wind"],"picked":"Shrug It Off","floor":30},{"not_picked":["Immolate","Carnage","Havoc"],"picked":"Singing Bowl","floor":30}],"player_experience":215105,"relics_obtained":[{"floor":6,"key":"Calipers"},{"floor":9,"key":"Prayer Wheel"},{"floor":11,"key":"Kunai"},{"floor":23,"key":"Singing Bowl"},{"floor":26,"key":"Strawberry"}],"event_choices":[{"damage_healed":0,"gold_gain":0,"player_choice":"Success","damage_taken":7,"relics_obtained":["Dead Branch"],"max_hp_gain":0,"max_hp_loss":0,"event_name":"Scrap Ooze","floor":2,"gold_loss":0},{"damage_healed":0,"gold_gain":0,"player_choice":"Entered Light","damage_taken":16,"max_hp_gain":0,"max_hp_loss":0,"event_name":"Shining Light","floor":3,"gold_loss":0,"cards_upgraded":["Strike_R","Bash"]},{"damage_healed":0,"gold_gain":0,"player_choice":"Opened","damage_taken":0,"relics_obtained":["PreservedInsect"],"max_hp_gain":0,"max_hp_loss":0,"event_name":"The Mausoleum","floor":19,"gold_loss":0,"cards_obtained":["Writhe"]},{"damage_healed":0,"gold_gain":0,"player_choice":"Bet on Owner","damage_taken":0,"max_hp_gain":0,"max_hp_loss":0,"event_name":"The Joust","floor":21,"gold_loss":50},{"damage_healed":0,"gold_gain":99,"player_choice":"Stole From Cult","damage_taken":0,"max_hp_gain":0,"max_hp_loss":0,"event_name":"Nest","floor":27,"gold_loss":0}],"is_beta":false,"boss_relics":[{"not_picked":["Astrolabe","Sozu"],"picked":"Black Blood"}],"items_purged_floors":[28],"is_endless":false,"potions_floor_spawned":[1,8,11,12,13,20,23,25],"killed_by":"Book of Stabbing","ascension_level":3}}