{"host":"eaiphzh066bwqdh7","time":1613782447,"event":{"mods":["AchievementEnabler","Aspiration","BaseMod","Better Note","Colored Powertips","Halation","Highlight Path","Hubris","Infinite Spire","Minty Spire (QoL Compilation)","Quick Restart","Reliquary","Replay The Spire","StSLib"],"gold_per_floor":[115,115,135,145,159,189,189,224,303,303,303,314,347,347,347,448,448,461,472,483,503,523,523,523,523],"floor_reached":24,"language":"ENG","playtime":850,"items_purged":[],"score":264,"play_id":"7765ea4e-834b-4b7a-85b7-470d2bfabeea","local_time":"20210219195407","is_ascension_mode":true,"campfire_choices":[{"floor":7,"key":"REST"},{"floor":11,"key":"REST"},{"floor":15,"key":"REST"},{"floor":23,"key":"REST"}],"circlet_count":0,"master_deck":["Strike_P+1","Strike_P","Strike_P","Strike_P","Defend_P+1","Defend_P","Defend_P+1","Defend_P","Vigilance+1","PathToVictory+1","Brilliance","Nirvana","LessonLearned","Protect","DevaForm+1","Prostrate","Wallop","ThirdEye+1"],"relics":["PureWater","NeowsBlessing","War Paint","hubris:CrystalStatue","Shuriken","Potion Belt","reliquary:SilkGlove","hubris:Stopwatch"],"acts_visited":["Exordium","TheCity"],"potions_floor_usage":[5,5,8,13,18,20],"damage_taken":[{"damage":0,"enemies":"Jaw Worm","floor":1,"turns":1},{"damage":0,"enemies":"Cultist","floor":3,"turns":1},{"damage":0,"enemies":"infinitespire:Voidling","floor":4,"turns":1},{"damage":0,"enemies":"Lots of Slimes","floor":5,"turns":3},{"damage":52,"enemies":"Lagavulin","floor":6,"turns":7},{"damage":30,"enemies":"Gremlin Nob","floor":8,"turns":4},{"damage":6,"enemies":"3 Louse","floor":12,"turns":3},{"damage":9,"enemies":"Lagavulin","floor":13,"turns":6},{"damage":23,"enemies":"The Guardian","floor":16,"turns":11},{"damage":3,"enemies":"Shell Parasite","floor":18,"turns":8},{"damage":17,"enemies":"Chosen","floor":19,"turns":7},{"damage":37,"enemies":"Sentry and Sphere","floor":20,"turns":10},{"damage":13,"enemies":"Snake Plant","floor":21,"turns":5},{"damage":11,"enemies":"Snecko","floor":22,"turns":6},{"damage":28,"enemies":"Book of Stabbing","floor":24,"turns":7}],"seed_played":"-2378270742938778154","potions_obtained":[{"floor":3,"key":"BlessingOfTheForge"},{"floor":4,"key":"ColorlessPotion"},{"floor":6,"key":"FearPotion"},{"floor":12,"key":"BottledMiracle"},{"floor":16,"key":"Energy Potion"},{"floor":19,"key":"Regen Potion"}],"is_trial":false,"path_per_floor":["M","?","M","M","M","E","R","E","T","?","R","M","E","T","R","B",null,"M","M","M","M","M","R","E"],"character_chosen":"WATCHER","items_purchased":[],"campfire_rested":4,"item_purchase_floors":[],"current_hp_per_floor":[72,72,72,72,72,20,41,11,11,11,32,26,17,17,38,15,72,69,52,30,17,6,27,0,0],"gold":523,"neow_bonus":"THREE_ENEMY_KILL","is_daily":false,"chose_seed":false,"campfire_upgraded":0,"win_rate":0.0,"timestamp":1613782447,"path_taken":["M","?","M","?","M","E","R","E","T","?","R","?","E","?","R","BOSS","M","?","?","M","M","R","E"],"items_purchased_type":[],"build_version":"2020-12-22","purchased_purges":0,"victory":false,"max_hp_per_floor":[72,72,72,72,72,72,72,72,72,72,72,72,72,72,72,72,72,72,72,72,72,72,72,72,72],"card_choices":[{"not_picked":["ReachHeaven","ClearTheMind"],"picked":"PathToVictory","floor":1},{"not_picked":["ClearTheMind","CrushJoints","Replay:Anticipation"],"picked":"SKIP","floor":3},{"not_picked":["EmptyBody","Replay:AtTheReady","Collect"],"picked":"SKIP","floor":4},{"not_picked":["Perseverance","Protect"],"picked":"Brilliance","floor":5},{"not_picked":["Meditate","Replay:AtTheReady","Halt"],"picked":"SKIP","floor":6},{"not_picked":["EmptyBody","Crescendo","Fasting2"],"picked":"SKIP","floor":8},{"not_picked":["Consecrate","ClearTheMind"],"picked":"Protect","floor":12},{"not_picked":["Evaluate","Crescendo","Omniscience"],"picked":"SKIP","floor":13},{"not_picked":["LessonLearned","Blasphemy"],"picked":"DevaForm","floor":16},{"not_picked":["Crescendo+1","Halt"],"picked":"Prostrate","floor":18},{"not_picked":["EmptyBody+1","Replay:AtTheReady"],"picked":"Wallop","floor":19},{"not_picked":["Weave","WreathOfFlame+1","Crescendo+1"],"picked":"SKIP","floor":20},{"not_picked":["BattleHymn","Crescendo","EmptyFist"],"picked":"SKIP","floor":21},{"not_picked":["Replay:Anticipation","Scrawl"],"picked":"ThirdEye+1","floor":22}],"player_experience":327921,"relics_obtained":[{"floor":6,"key":"War Paint"},{"floor":8,"key":"hubris:CrystalStatue"},{"floor":9,"key":"Shuriken"},{"floor":13,"key":"Potion Belt"},{"floor":14,"key":"reliquary:SilkGlove"}],"event_choices":[{"cards_removed":["Eruption"],"damage_healed":0,"gold_gain":0,"player_choice":"Offered Basic","damage_taken":0,"max_hp_gain":0,"max_hp_loss":0,"event_name":"Bonfire Elementals","floor":2,"gold_loss":0},{"damage_healed":0,"gold_gain":0,"player_choice":"2 cards matched","damage_taken":0,"max_hp_gain":0,"max_hp_loss":0,"event_name":"Match and Keep!","floor":10,"gold_loss":0,"cards_obtained":["Nirvana","LessonLearned"]}],"is_beta":false,"boss_relics":[{"not_picked":["Honey Jar","hubris:GrandSneckoEye"],"picked":"hubris:Stopwatch"}],"items_purged_floors":[],"is_endless":false,"potions_floor_spawned":[3,4,6,12,16,19],"killed_by":"Book of Stabbing","ascension_level":4}}