{"host":"og6lam4kt3nibbw0","time":1613842095,"event":{"mods":["AchievementEnabler","BaseMod","Colored Map","DeckTracker","Highlight Path","Keyboard Shortcuts","Minty Spire (QoL Compilation)","Permanent Neow","Quick Restart","StSLib","SuperFastMode"],"gold_per_floor":[113,131,142,160,160,160,178,211,211,231,306,306,306,306],"floor_reached":13,"language":"KOR","playtime":330,"items_purged":[],"score":174,"play_id":"8ec3e0c8-e03a-41ac-84a3-1fa132a30dc2","local_time":"20210221022815","is_ascension_mode":true,"campfire_choices":[{"data":"Flex","floor":6.0,"key":"SMITH"}],"circlet_count":0,"master_deck":["AscendersBane","Strike_R","Strike_R+1","Strike_R","Strike_R","Defend_R","Defend_R","Defend_R","Defend_R","Bash+1","Battle Trance","Flex+1","Cleave","Shrug It Off","Shockwave","Limit Break"],"relics":["Burning Blood","Whetstone","Regal Pillow","Ornamental Fan","Frozen Egg 2"],"acts_visited":["Exordium"],"potions_floor_usage":[13],"damage_taken":[{"damage":0.0,"enemies":"Cultist","floor":1.0,"turns":3.0},{"damage":10.0,"enemies":"2 Louse","floor":2.0,"turns":3.0},{"damage":0.0,"enemies":"Small Slimes","floor":3.0,"turns":2.0},{"damage":8.0,"enemies":"Exordium Wildlife","floor":4.0,"turns":4.0},{"damage":11.0,"enemies":"Looter","floor":7.0,"turns":2.0},{"damage":22.0,"enemies":"3 Sentries","floor":8.0,"turns":8.0},{"damage":1.0,"enemies":"3 Louse","floor":10.0,"turns":2.0},{"damage":50,"enemies":"Gremlin Nob","floor":13,"turns":4}],"seed_played":"-8443691405810697116","potions_obtained":[{"floor":1.0,"key":"Strength Potion"},{"floor":2.0,"key":"SpeedPotion"}],"is_trial":false,"path_per_floor":["M","M","M","M","?","R","M","E","T","M","?","?","E"],"character_chosen":"IRONCLAD","items_purchased":[],"campfire_rested":0,"item_purchase_floors":[],"current_hp_per_floor":[74,70,75,73,73,73,68,52,52,57,46,41,0,0],"gold":306,"neow_bonus":"RANDOM_COMMON_RELIC","is_daily":false,"chose_seed":false,"campfire_upgraded":1,"win_rate":0.0,"timestamp":1613842095,"path_taken":["M","M","M","?","?","R","M","E","T","M","?","?","E"],"items_purchased_type":[],"build_version":"2020-12-22","purchased_purges":0,"victory":false,"max_hp_per_floor":[75,75,75,75,75,75,75,75,75,75,75,75,75,75],"card_choices":[{"not_picked":["Whirlwind","Iron Wave"],"picked":"Battle Trance","floor":1.0},{"not_picked":["Feel No Pain","Body Slam"],"picked":"Flex","floor":2.0},{"not_picked":["Clothesline","Havoc","Carnage"],"picked":"SKIP","floor":3.0},{"not_picked":["Perfected Strike","Shrug It Off"],"picked":"Cleave","floor":4.0},{"not_picked":["Body Slam","Feel No Pain"],"picked":"Shrug It Off","floor":7.0},{"not_picked":["Iron Wave","Perfected Strike"],"picked":"Shockwave","floor":8.0},{"not_picked":["Flex","Havoc"],"picked":"Limit Break","floor":10.0}],"player_experience":983205,"relics_obtained":[{"floor":8.0,"key":"Regal Pillow"},{"floor":9.0,"key":"Ornamental Fan"}],"event_choices":[{"cards_removed":["Strike_R"],"damage_healed":0.0,"max_hp_gain":0.0,"max_hp_loss":0.0,"gold_gain":0.0,"event_name":"Living Wall","player_choice":"Forget","floor":5.0,"gold_loss":0.0,"damage_taken":0.0},{"damage_healed":0.0,"max_hp_gain":0.0,"max_hp_loss":0.0,"gold_gain":75.0,"event_name":"World of Goop","player_choice":"Gather Gold","floor":11.0,"gold_loss":0.0,"damage_taken":11.0},{"damage_healed":0.0,"max_hp_gain":0.0,"max_hp_loss":0.0,"gold_gain":0.0,"event_name":"Scrap Ooze","player_choice":"Success","floor":12.0,"gold_loss":0.0,"damage_taken":5.0,"relics_obtained":["Frozen Egg 2"]}],"is_beta":false,"boss_relics":[],"items_purged_floors":[],"is_endless":false,"potions_floor_spawned":[1,2,4],"killed_by":"Gremlin Nob","ascension_level":20}}