{"host":"p4yrwepmrl4g8pul","time":1613809109,"event":{"mods":["Act Like it!","BaseMod","BetterRewards","Colored Map","Custom Start","Gensokyo","Marisa£®ÏF”Í°°ƒß¿Ì…≥£©","Minty Spire (QoL Compilation)","Quick Restart","Rare Cards Sparkle","Reimu£®≤©¿ˆ¡È√Œ£©","Remilia£®¿Ÿ√◊¿Ú—«£©","Remove Card Discount Mod","Shop Mod","StSLib","The Jungle","Thieving Mod"],"gold_per_floor":[116,116,129,129,149,181,181,196,196,196,196,215,215,30,30,109,159,171,171,171,32,52,86,96,128,151,164,164,195,75,109,109,186,186,196,196,215,220,130,159,159,189,189,223,223,257,267,302,302,302,302,302,302,66,98,98],"floor_reached":57,"language":"ZHS","playtime":3367,"items_purged":["Strike_B","Defend_B","Strike_B","Strike_B","Strike_B","Defend_B","Go for the Eyes","Genetic Algorithm","Pain","Glacier+1","Loop","Dualcast","Sunder+1","Defend_B","Defend_B"],"score":3958,"play_id":"014396eb-a409-4733-bab9-ca08e40c1b7f","local_time":"20210220161829","is_ascension_mode":true,"campfire_choices":[{"floor":10.0,"key":"REST"},{"data":"Defragment","floor":11.0,"key":"SMITH"},{"data":"Coolheaded","floor":15.0,"key":"SMITH"},{"data":"Coolheaded","floor":28.0,"key":"SMITH"},{"data":"Redo","floor":32.0,"key":"SMITH"},{"data":"Zap","floor":41.0,"key":"SMITH"},{"floor":45.0,"key":"RECALL"},{"data":"Electrodynamics","floor":49.0,"key":"SMITH"},{"data":"Capacitor","floor":53.0,"key":"SMITH"}],"circlet_count":0,"master_deck":["AscendersBane","Zap+1","Coolheaded+1","Redo+1","Capacitor+1","Coolheaded+1","Electrodynamics+1","Amplify+1","Conserve Battery+1","Conserve Battery+1","Blind+1","Genetic Algorithm+1","Defragment+1","Lockon+1","Multi-Cast+1","Capacitor+1","Double Energy+1","Seek+1","Loop+1","Gensokyo:CustomPotion","Skim+1","Heatsinks"],"relics":["Cracked Core","Chemical X","Emotion Chip","Membership Card","Gremlin Horn","Anchor","Toxic Egg 2","ClockworkSouvenir","Letter Opener","Incense Burner","Gensokyo:Mercy","Gensokyo:LunaticRedEyes","Gensokyo:OccultBall","Cables","Gensokyo:SongOfSouls","Medical Kit","Bronze Scales","Vajra","Centennial Puzzle","Gensokyo:SpiderMask","Unceasing Top","SlaversCollar","Gensokyo:DualWield","MerchantsRug","Blood Vial","Symbiotic Virus","Potion Belt","War Paint","Bag of Preparation","Ginger","Molten Egg 2","Oddly Smooth Stone","PrismaticShard","Sundial"],"acts_visited":["Gensokyo:Gensokyo","Gensokyo:Gensokyoer","Gensokyo:Gensokyoest","TheEnding"],"potions_floor_usage":[56,56,56,56],"damage_taken":[{"damage":4.0,"enemies":"Gensokyo:2_Kodama","floor":1.0,"turns":3.0},{"damage":2.0,"enemies":"Gensokyo:Python","floor":3.0,"turns":3.0},{"damage":0.0,"enemies":"Gensokyo:3_Fairies","floor":5.0,"turns":4.0},{"damage":11.0,"enemies":"Gensokyo:Mamizou","floor":6.0,"turns":8.0},{"damage":6.0,"enemies":"Gensokyo:2_Rabbits","floor":8.0,"turns":3.0},{"damage":1.0,"enemies":"Gensokyo:3_Kodama","floor":12.0,"turns":3.0},{"damage":8.0,"enemies":"Gensokyo:Kokoro","floor":16.0,"turns":8.0},{"damage":0.0,"enemies":"Gensokyo:3_Dogs","floor":18.0,"turns":4.0},{"damage":0.0,"enemies":"Gensokyo:Chomper","floor":22.0,"turns":2.0},{"damage":1.0,"enemies":"Gensokyo:Koishi","floor":23.0,"turns":5.0},{"damage":11.0,"enemies":"Gensokyo:3_Gloops","floor":24.0,"turns":4.0},{"damage":0.0,"enemies":"Gensokyo:Reisen","floor":25.0,"turns":7.0},{"damage":0.0,"enemies":"Gensokyo:Wraith","floor":27.0,"turns":4.0},{"damage":1.0,"enemies":"Gensokyo:Tenshi","floor":29.0,"turns":4.0},{"damage":7.0,"enemies":"Gensokyo:Koishi","floor":31.0,"turns":5.0},{"damage":19.0,"enemies":"Gensokyo:Eiki","floor":33.0,"turns":8.0},{"damage":0.0,"enemies":"Gensokyo:3_Boulders","floor":35.0,"turns":3.0},{"damage":0.0,"enemies":"Gensokyo:3_Bats","floor":37.0,"turns":4.0},{"damage":0.0,"enemies":"Gensokyo:Doremy","floor":40.0,"turns":4.0},{"damage":0.0,"enemies":"Gensokyo:Kasen","floor":42.0,"turns":5.0},{"damage":0.0,"enemies":"Gensokyo:Marisa","floor":44.0,"turns":4.0},{"damage":0.0,"enemies":"Gensokyo:Doremy","floor":46.0,"turns":4.0},{"damage":0.0,"enemies":"Gensokyo:SeedOfUnknown","floor":47.0,"turns":4.0},{"damage":0.0,"enemies":"Gensokyo:Kasen","floor":48.0,"turns":3.0},{"damage":0.0,"enemies":"Gensokyo:Shinki","floor":50.0,"turns":7.0},{"damage":0.0,"enemies":"Gensokyo:Yuyuko","floor":51.0,"turns":2.0},{"damage":0.0,"enemies":"Shield and Spear","floor":55.0,"turns":2.0},{"damage":10,"enemies":"The Heart","floor":56,"turns":6}],"seed_played":"-4808518972945045668","potions_obtained":[{"floor":8.0,"key":"LiquidBronze"},{"floor":12.0,"key":"SpeedPotion"},{"floor":17.0,"key":"PotionOfCapacity"},{"floor":18.0,"key":"DuplicationPotion"},{"floor":33.0,"key":"Energy Potion"},{"floor":40.0,"key":"PowerPotion"},{"floor":44.0,"key":"DistilledChaos"},{"floor":46.0,"key":"MagicPotion:ReiMu"}],"is_trial":false,"path_per_floor":["M","?","M","?","M","E","?","M","T","R","R","M","?","$","R","B",null,"M","?","?","COS","M","E","M","E","T","M","R","E","?","E","R","B",null,"M","?","M","$","?","E","R","E","T","E","R","E","M","E","R","B","B",null,"R","$","E","B",null],"character_chosen":"DEFECT","items_purchased":["Loop","Chemical X","Strawberry","Ball Lightning","Emotion Chip","Coolheaded","Sunder","Redo","WingedGreaves","Capacitor","Genetic Algorithm","Go for the Eyes","Apotheosis","Coolheaded","Membership Card","Gremlin Horn","Anchor","Electrodynamics","Toxic Egg 2","Amplify+1","Conserve Battery+1","ClockworkSouvenir","Conserve Battery+1","Blind+1","Genetic Algorithm+1","Defragment","Cables","Lockon","MerchantsRug","Blood Vial","Oddly Smooth Stone","Swift Potion","Heatsinks","PrismaticShard"],"campfire_rested":1,"item_purchase_floors":[0,0,0,0,0,0,0,0,0,0,0,0,0,0,0,0,0,0,0,0,0,0,0,0,0,0,14,14,38,38,54,54,54,54],"current_hp_per_floor":[25,25,23,23,23,12,12,6,6,29,29,28,28,28,28,20,69,69,69,69,69,69,68,57,57,57,57,57,70,70,63,63,44,84,84,84,84,84,84,86,86,88,88,90,90,92,94,96,96,97,97,97,97,97,97,87],"gold":98,"neow_bonus":"","is_daily":false,"chose_seed":false,"campfire_upgraded":7,"win_rate":0.0,"timestamp":1613809109,"path_taken":["M","?","M","?","M","E","?","?","T","R","R","M","?","$","R","BOSS","M","?","?","COS","M","E","M","E","T","M","R","E","?","E","R","BOSS","M","?","M","$","?","E","R","E","T","E","R","E","M","E","R","BOSS","BOSS","R","$","E","BOSS"],"items_purchased_type":["Card","Relic","Relic","Card","Relic","Card","Card","Card","Relic","Card","Card","Card","Card","Card","Relic","Relic","Relic","Card","Relic","Card","Card","Relic","Card","Card","Card","Card","Relic","Card","Relic","Relic","Relic","Potion","Card","Relic"],"build_version":"2020-12-22","purchased_purges":15,"victory":true,"max_hp_per_floor":[78,78,78,78,78,78,78,78,78,78,78,78,78,78,78,78,83,83,83,83,83,83,83,83,83,83,83,83,97,97,97,97,97,97,97,97,97,97,97,97,97,97,97,97,97,97,97,97,97,97,97,97,97,97,97,97],"card_choices":[{"not_picked":["Genetic Algorithm+1","Beam Cell","Turbo+1"],"picked":"SKIP","floor":1.0},{"not_picked":["Hologram+1","Hello World"],"picked":"Glacier+1","floor":3.0},{"not_picked":["Undo+1","Barrage","Fusion+1"],"picked":"SKIP","floor":5.0},{"not_picked":["Scrape","Capacitor","Hologram+1"],"picked":"SKIP","floor":6.0},{"not_picked":["Stack+1","Cold Snap","Sweeping Beam"],"picked":"SKIP","floor":8.0},{"not_picked":["Hello World","Rainbow+1","Beam Cell"],"picked":"SKIP","floor":12.0},{"not_picked":["Rainbow+1","Reboot+1"],"picked":"Multi-Cast+1","floor":16.0},{"not_picked":["Streamline","Compile Driver"],"picked":"Capacitor+1","floor":18.0},{"not_picked":["Turbo+1","Conserve Battery+1","Rip and Tear"],"picked":"SKIP","floor":22.0},{"not_picked":["Fusion+1","Defragment","Hyperbeam"],"picked":"SKIP","floor":23.0},{"not_picked":["Cold Snap","Stack+1","Conserve Battery+1"],"picked":"SKIP","floor":24.0},{"not_picked":["Chaos+1","Turbo+1","Doom and Gloom"],"picked":"SKIP","floor":25.0},{"not_picked":["Doom and Gloom","Rip and Tear","Auto Shields+1"],"picked":"SKIP","floor":27.0},{"not_picked":["Ball Lightning","Lockon","Rebound"],"picked":"SKIP","floor":29.0},{"not_picked":["Streamline","Undo+1","Multi-Cast+1"],"picked":"SKIP","floor":31.0},{"not_picked":["Reboot+1","Multi-Cast+1"],"picked":"Seek+1","floor":33.0},{"not_picked":["Steam+1","Fusion+1"],"picked":"Loop+1","floor":35.0},{"not_picked":["Loop","Conserve Battery+1","Redo+1"],"picked":"SKIP","floor":37.0},{"not_picked":["Static Discharge","Streamline+1","Turbo+1"],"picked":"SKIP","floor":40.0},{"not_picked":["Compile Driver","Stack+1","Gash"],"picked":"SKIP","floor":42.0},{"not_picked":["Aggregate+1","Barrage","Steam+1"],"picked":"SKIP","floor":44.0},{"not_picked":["Steam+1","Go for the Eyes","Sunder"],"picked":"SKIP","floor":46.0},{"not_picked":["Force Field+1","Hologram+1"],"picked":"Skim+1","floor":47.0},{"not_picked":["Genetic Algorithm+1","Darkness+1","Beam Cell+1"],"picked":"SKIP","floor":48.0},{"not_picked":["Chill+1","Headbutt+1","Blade Dance+1"],"picked":"SKIP","floor":55.0}],"player_experience":809896,"relics_obtained":[{"floor":6.0,"key":"Whetstone"},{"floor":16.0,"key":"Gensokyo:OccultBall"},{"floor":22.0,"key":"Gensokyo:OccultBall"},{"floor":23.0,"key":"Bronze Scales"},{"floor":25.0,"key":"Vajra"},{"floor":26.0,"key":"Centennial Puzzle"},{"floor":29.0,"key":"Mango"},{"floor":31.0,"key":"Unceasing Top"},{"floor":33.0,"key":"Gensokyo:OccultBall"},{"floor":40.0,"key":"Symbiotic Virus"},{"floor":42.0,"key":"Gensokyo:OccultBall"},{"floor":42.0,"key":"Potion Belt"},{"floor":43.0,"key":"War Paint"},{"floor":44.0,"key":"Bag of Preparation"},{"floor":46.0,"key":"Ginger"},{"floor":48.0,"key":"Gensokyo:OccultBall"},{"floor":48.0,"key":"Molten Egg 2"},{"floor":55.0,"key":"Gensokyo:OccultBall"},{"floor":55.0,"key":"Sundial"}],"event_choices":[],"is_beta":false,"boss_relics":[{"not_picked":["Runic Dome","Velvet Choker"],"picked":"Tiny House"},{"not_picked":["Astrolabe","Cursed Key"],"picked":"SlaversCollar"}],"items_purged_floors":[0,0,0,0,0,0,0,0,14,14,14,14,14,38,38],"is_endless":false,"potions_floor_spawned":[8,12,18,22,25,27,33,40,44,46],"ascension_level":20}}