{"host":"prxrhpgaxnj4om9r","time":1613790844,"event":{"mods":["AchievementEnabler","BaseMod","Colored Map","DeckTracker","Minty Spire (QoL Compilation)"],"gold_per_floor":[117,117,128,139,139,168,168,13,38,38,53,53,68,68,68,68,68],"floor_reached":16,"language":"KOR","playtime":451,"items_purged":[],"score":100,"play_id":"5655599c-19ff-4025-a4cb-7fcd4f566412","local_time":"20210220121404","is_ascension_mode":false,"campfire_choices":[{"data":"Zap","floor":7,"key":"SMITH"},{"data":"Ball Lightning","floor":10,"key":"SMITH"},{"floor":12,"key":"REST"},{"data":"Streamline","floor":15,"key":"SMITH"}],"circlet_count":0,"master_deck":["Strike_B","Strike_B","Strike_B","Strike_B","Defend_B","Defend_B","Defend_B","Zap+1","Dualcast","Machine Learning","Stack","Compile Driver","Gash","Recycle","Ball Lightning+1","Capacitor","Streamline+1","Regret"],"relics":["Cracked Core","Letter Opener","Pen Nib","Toy Ornithopter","Vajra","Anchor"],"acts_visited":["Exordium"],"potions_floor_usage":[6,16],"damage_taken":[{"damage":8,"enemies":"Jaw Worm","floor":1,"turns":4},{"damage":0,"enemies":"Small Slimes","floor":3,"turns":2},{"damage":0,"enemies":"2 Louse","floor":4,"turns":2},{"damage":18,"enemies":"Gremlin Nob","floor":6,"turns":4},{"damage":10,"enemies":"Large Slime","floor":11,"turns":5},{"damage":8,"enemies":"Blue Slaver","floor":13,"turns":2},{"damage":59,"enemies":"Hexaghost","floor":16,"turns":7}],"seed_played":"5131989381797152981","potions_obtained":[{"floor":3,"key":"ColorlessPotion"},{"floor":6,"key":"SteroidPotion"}],"is_trial":false,"path_per_floor":["M","?","M","M","T","E","R","$","T","R","M","R","M","?","R","B"],"character_chosen":"DEFECT","items_purchased":["Toy Ornithopter"],"campfire_rested":1,"item_purchase_floors":[8],"current_hp_per_floor":[67,67,67,67,67,49,49,49,49,49,39,61,53,53,53,0,0],"gold":68,"neow_bonus":"ONE_RANDOM_RARE_CARD","is_daily":false,"chose_seed":false,"campfire_upgraded":3,"win_rate":0.0,"timestamp":1613790844,"path_taken":["M","?","M","M","?","E","R","$","T","R","M","R","M","?","R","BOSS"],"items_purchased_type":["Relic"],"build_version":"2020-12-22","purchased_purges":0,"victory":false,"max_hp_per_floor":[75,75,75,75,75,75,75,75,75,75,75,75,75,75,75,75,75],"card_choices":[{"not_picked":["Rebound","Go for the Eyes"],"picked":"Stack","floor":1},{"not_picked":["Heatsinks","Barrage"],"picked":"Gash","floor":3},{"not_picked":["Ball Lightning","Barrage"],"picked":"Recycle","floor":4},{"not_picked":["Rebound","Meteor Strike"],"picked":"Ball Lightning","floor":6},{"not_picked":["Heatsinks","Sweeping Beam"],"picked":"Capacitor","floor":11},{"not_picked":["Stack","Glacier"],"picked":"Streamline","floor":13}],"player_experience":545676,"relics_obtained":[{"floor":5,"key":"Letter Opener"},{"floor":6,"key":"Pen Nib"},{"floor":9,"key":"Vajra"}],"event_choices":[{"damage_healed":0,"gold_gain":0,"cards_transformed":["Defend_B"],"player_choice":"Change","damage_taken":0,"max_hp_gain":0,"max_hp_loss":0,"event_name":"Living Wall","floor":2,"gold_loss":0,"cards_obtained":["Compile Driver"]},{"damage_healed":0,"gold_gain":0,"player_choice":"Box","damage_taken":0,"relics_obtained":["Anchor"],"max_hp_gain":0,"max_hp_loss":0,"event_name":"Big Fish","floor":14,"gold_loss":0,"cards_obtained":["Regret"]}],"is_beta":false,"boss_relics":[],"items_purged_floors":[],"is_endless":false,"potions_floor_spawned":[3,6],"killed_by":"Hexaghost","ascension_level":0}}