{"host":"or8fr2mp0k3eluj8","time":1613837524,"event":{"mods":["AchievementEnabler","BaseMod","Colored Map","DeckTracker","Keyboard Shortcuts","Minty Spire (QoL Compilation)","StSLib","SuperFastMode","everything is the same but u backflip on backflip"],"gold_per_floor":[14,14,30,30,30,30,69,69,69,103,103,119,155,170,170,295,295,316,391,405,49,49,83,182,202,271,271,271,271],"floor_reached":28,"language":"KOR","playtime":853,"items_purged":["Strike_R"],"score":318,"play_id":"226e60d1-e23f-47ac-9c74-9c306840d1ef","local_time":"20210221011204","is_ascension_mode":true,"campfire_choices":[{"data":"Bash","floor":6,"key":"SMITH"},{"data":"Bloodletting","floor":8,"key":"SMITH"},{"data":"Battle Trance","floor":11,"key":"SMITH"},{"data":"Fire Breathing","floor":15,"key":"SMITH"}],"circlet_count":0,"master_deck":["Strike_R","Defend_R","Defend_R","Defend_R","Defend_R","Bash+1","Second Wind","Carnage+1","Battle Trance+1","Pommel Strike","Bloodletting+1","Ghostly Armor","Evolve","Fire Breathing+1","Reckless Charge","Impervious","Pummel","Wild Strike+1"],"relics":["Burning Blood","Golden Idol","Ancient Tea Set","Gremlin Horn","Torii","Red Skull","Black Star","Molten Egg 2","Juzu Bracelet","Mercury Hourglass","Blue Candle"],"acts_visited":["Exordium","TheCity"],"potions_floor_usage":[],"damage_taken":[{"damage":3,"enemies":"2 Louse","floor":1,"turns":3},{"damage":0,"enemies":"Jaw Worm","floor":3,"turns":3},{"damage":20,"enemies":"Lagavulin","floor":7,"turns":3},{"damage":11,"enemies":"Gremlin Nob","floor":10,"turns":3},{"damage":0,"enemies":"Cultist","floor":12,"turns":2},{"damage":21,"enemies":"Lagavulin","floor":13,"turns":4},{"damage":4,"enemies":"2 Fungi Beasts","floor":14,"turns":3},{"damage":22,"enemies":"The Guardian","floor":16,"turns":12},{"damage":7,"enemies":"Chosen","floor":18,"turns":4},{"damage":17,"enemies":"Shell Parasite","floor":20,"turns":4},{"damage":25,"enemies":"Slavers","floor":23,"turns":4},{"damage":34,"enemies":"Centurion and Healer","floor":25,"turns":4},{"damage":35,"enemies":"Book of Stabbing","floor":28,"turns":3}],"seed_played":"-703767073531778216","potions_obtained":[{"floor":1,"key":"Explosive Potion"},{"floor":3,"key":"HeartOfIron"},{"floor":13,"key":"FairyPotion"},{"floor":25,"key":"Dexterity Potion"}],"is_trial":false,"path_per_floor":["M","?","M","?","$","R","E","R","T","E","R","M","E","M","R","B",null,"M","?","M","$","$","E","?","M","T","?","E"],"character_chosen":"IRONCLAD","items_purchased":["Pummel","Molten Egg 2"],"campfire_rested":0,"item_purchase_floors":[21,21],"current_hp_per_floor":[80,60,66,66,66,66,52,52,52,47,47,53,38,40,40,24,66,65,57,46,46,46,27,27,30,30,30,0,0],"gold":271,"neow_bonus":"TRANSFORM_TWO_CARDS","is_daily":false,"chose_seed":false,"campfire_upgraded":4,"win_rate":0.0,"timestamp":1613837524,"path_taken":["M","?","M","?","?","R","E","R","T","E","R","M","E","M","R","BOSS","M","?","M","?","$","E","?","M","T","?","E"],"items_purchased_type":["Card","Relic"],"build_version":"2020-12-22","purchased_purges":1,"victory":false,"max_hp_per_floor":[80,80,80,80,80,80,80,80,80,80,80,80,80,80,80,80,80,80,80,80,80,80,80,80,80,80,80,80,80],"card_choices":[{"not_picked":["Infernal Blade","Iron Wave"],"picked":"Battle Trance","floor":1},{"not_picked":["Iron Wave","Wild Strike"],"picked":"Pommel Strike","floor":3},{"not_picked":["Armaments","Flex"],"picked":"Bloodletting","floor":7},{"not_picked":["Dual Wield","Clash"],"picked":"Ghostly Armor","floor":10},{"not_picked":["Intimidate","Twin Strike"],"picked":"Evolve","floor":12},{"not_picked":["Flame Barrier","Exhume"],"picked":"Fire Breathing","floor":13},{"not_picked":["Sword Boomerang","Thunderclap"],"picked":"Reckless Charge","floor":14},{"not_picked":["Berserk","Barricade"],"picked":"Impervious","floor":16},{"not_picked":["Spot Weakness","Thunderclap","Searing Blow"],"picked":"SKIP","floor":18},{"not_picked":["Sword Boomerang","Iron Wave","Armaments"],"picked":"SKIP","floor":20},{"not_picked":["Flame Barrier","Thunderclap+1","Burning Pact"],"picked":"SKIP","floor":23},{"not_picked":["Thunderclap+1","Warcry"],"picked":"Wild Strike+1","floor":25}],"player_experience":410551,"relics_obtained":[{"floor":7,"key":"Ancient Tea Set"},{"floor":9,"key":"Gremlin Horn"},{"floor":10,"key":"Torii"},{"floor":13,"key":"Red Skull"},{"floor":23,"key":"Juzu Bracelet"},{"floor":23,"key":"Mercury Hourglass"},{"floor":26,"key":"Blue Candle"}],"event_choices":[{"damage_healed":0,"gold_gain":0,"player_choice":"Take Damage","damage_taken":20,"relics_obtained":["Golden Idol"],"max_hp_gain":0,"max_hp_loss":0,"event_name":"Golden Idol","floor":2,"gold_loss":0},{"damage_healed":0,"gold_gain":0,"player_choice":"Grow","damage_taken":0,"max_hp_gain":0,"max_hp_loss":0,"event_name":"Living Wall","floor":4,"gold_loss":0,"cards_upgraded":["Carnage"]},{"damage_healed":0,"gold_gain":75,"player_choice":"Touch","damage_taken":8,"max_hp_gain":0,"max_hp_loss":0,"event_name":"FaceTrader","floor":19,"gold_loss":0},{"damage_healed":0,"gold_gain":99,"player_choice":"Stole From Cult","damage_taken":0,"max_hp_gain":0,"max_hp_loss":0,"event_name":"Nest","floor":24,"gold_loss":0},{"cards_removed":["Strike_R"],"damage_healed":0,"gold_gain":0,"player_choice":"Elegance","damage_taken":0,"max_hp_gain":0,"max_hp_loss":0,"event_name":"Back to Basics","floor":27,"gold_loss":0}],"is_beta":false,"boss_relics":[{"not_picked":["Fusion Hammer","Sozu"],"picked":"Black Star"}],"items_purged_floors":[21],"is_endless":false,"potions_floor_spawned":[1,3,13,23,25],"killed_by":"Book of Stabbing","ascension_level":5}}