{"host":"2l5k2wp87eek7qja","time":1613831538,"event":{"mods":["BaseMod","Colored Map","Minty Spire (QoL Compilation)","Relic Stats"],"gold_per_floor":[115,135,135,150,150,150,106,124,149,176,176,207,36,36,36],"floor_reached":14,"language":"ENG","playtime":338,"items_purged":[],"score":196,"play_id":"22fb9aa7-d2ef-48dc-9d59-8755efd576c5","local_time":"20210220163218","is_ascension_mode":true,"campfire_choices":[{"data":"Flying Knee","floor":6,"key":"SMITH"},{"data":"Skewer","floor":11,"key":"SMITH"}],"circlet_count":0,"master_deck":["AscendersBane","Strike_G","Strike_G","Strike_G","Strike_G","Strike_G","Defend_G","Defend_G","Defend_G","Defend_G","Defend_G","Survivor","Neutralize","Riddle With Holes+1","Flying Knee+1","Infinite Blades","All Out Attack","Skewer+1"],"relics":["Ring of the Snake","NeowsBlessing","Vajra","Smiling Mask","Sundial","OrangePellets"],"acts_visited":["Exordium"],"potions_floor_usage":[10,10],"damage_taken":[{"damage":0,"enemies":"Cultist","floor":1,"turns":1},{"damage":0,"enemies":"Small Slimes","floor":2,"turns":1},{"damage":0,"enemies":"Jaw Worm","floor":4,"turns":1},{"damage":27,"enemies":"Exordium Wildlife","floor":8,"turns":5},{"damage":7,"enemies":"3 Sentries","floor":10,"turns":4},{"damage":20,"enemies":"Lagavulin","floor":12,"turns":6},{"damage":17,"enemies":"3 Sentries","floor":14,"turns":3}],"seed_played":"-9163631661478615610","potions_obtained":[{"floor":1,"key":"Regen Potion"},{"floor":8,"key":"AttackPotion"}],"is_trial":false,"path_per_floor":["M","M","$","M","?","R","$","M","T","E","R","E","$","E"],"character_chosen":"THE_SILENT","items_purchased":["Infinite Blades","OrangePellets"],"campfire_rested":0,"item_purchase_floors":[7,13],"current_hp_per_floor":[59,59,59,59,59,59,59,32,32,37,37,17,17,0,0],"gold":36,"neow_bonus":"THREE_ENEMY_KILL","is_daily":false,"chose_seed":false,"campfire_upgraded":2,"win_rate":0.0,"timestamp":1613831538,"path_taken":["M","M","?","?","?","R","?","M","T","E","R","E","?","E"],"items_purchased_type":["Card","Relic"],"build_version":"2020-12-22","purchased_purges":0,"victory":false,"max_hp_per_floor":[66,66,66,66,66,66,66,66,66,66,66,66,66,66,66],"relic_stats":{"OrangePellets":[0],"counters":[7,21],"Sundial":[0],"Smiling Mask":0,"obtain_stats":[{"OrangePellets":13,"NeowsBlessing":0,"Sundial":12,"Vajra":9,"Smiling Mask":10,"Ring of the Snake":0},{"OrangePellets":6,"NeowsBlessing":0,"Sundial":6,"Vajra":4,"Smiling Mask":5,"Ring of the Snake":0},{"OrangePellets":18,"NeowsBlessing":0,"Sundial":18,"Vajra":8,"Smiling Mask":12,"Ring of the Snake":0}],"Ring of the Snake":[14]},"card_choices":[{"not_picked":["Distraction","Infinite Blades"],"picked":"Riddle With Holes","floor":1},{"not_picked":["Concentrate","Prepared"],"picked":"Flying Knee","floor":2},{"not_picked":["Deflect","Sucker Punch","Distraction"],"picked":"SKIP","floor":4},{"not_picked":["Caltrops","Quick Slash"],"picked":"All Out Attack","floor":8},{"not_picked":["Prepared","After Image"],"picked":"Skewer","floor":10},{"not_picked":["Deflect","Poisoned Stab","Dodge and Roll"],"picked":"SKIP","floor":12}],"player_experience":835339,"relics_obtained":[{"floor":9,"key":"Vajra"},{"floor":10,"key":"Smiling Mask"},{"floor":12,"key":"Sundial"}],"event_choices":[{"damage_healed":0,"gold_gain":0,"player_choice":"Grow","damage_taken":0,"max_hp_gain":0,"max_hp_loss":0,"event_name":"Living Wall","floor":5,"gold_loss":0,"cards_upgraded":["Riddle With Holes"]}],"is_beta":false,"boss_relics":[],"items_purged_floors":[],"is_endless":false,"potions_floor_spawned":[1,8],"killed_by":"3 Sentries","ascension_level":20}}