{"host":"ypphcgdomtfqpc2w","time":1613831849,"event":{"mods":["BaseMod","DeckTracker","MarisaÅiñ∂âJÅ@ñÇóùçπÅj","Minty Spire (QoL Compilation)","Relic Stats","StSLib"],"gold_per_floor":[114,114,133,144,9,51,51,137,208,208,235,281,281,296,296,385,385,412,412,302,20,54,54,86,129,197,197,232,258,258,286,286,377,377,406,440,501,61,0,40,40,66,147,147,176,216,216,216,216,216,216,216,216,55,104,104],"floor_reached":57,"language":"ENG","playtime":5060,"items_purged":["TreasureHunter"],"score":2696,"play_id":"16956b6e-d2a3-411e-8ad0-0b022c785c5e","local_time":"20210220233729","is_ascension_mode":true,"campfire_choices":[{"data":"UpSweep","floor":7.0,"key":"SMITH"},{"data":"MilkyWay","floor":15.0,"key":"SMITH"},{"floor":23.0,"key":"REST"},{"floor":27,"key":"REST"},{"data":"MillisecondPulsars","floor":30,"key":"SMITH"},{"data":"Acceleration","floor":32,"key":"SMITH"},{"data":"ManaConvection","floor":41,"key":"SMITH"},{"floor":47,"key":"RECALL"},{"data":"Orbital","floor":49,"key":"SMITH"},{"data":"SuperNova","floor":53,"key":"SMITH"}],"circlet_count":0,"master_deck":["AscendersBane","MasterSpark","UpSweep+1","FairyDestructionRay","ShootingEcho","EarthLightRay","GravityBeat+1","WitchOfGreed","GalacticHalo","ShootingEcho","Singularity","OneTimeOff","MilkyWay+1","SuperNova+1","Acceleration+1","MillisecondPulsars+1","MagicAbsorber","DarkMatter","MachineGunSpark","MagicAbsorber","Parasite","Parasite","DoubleSpark","EarthLightRay","AsteroidBelt","Acceleration","NonDirectionalLaser","Occultation","StarlightTyphoon","SuperNova","ChargingUp","TreasureHunter","ChargeUpSpray","Orbital+1","ManaConvection+1","6A","Secret Technique","SprinkleStarSeal","AsteroidBelt+1","Violence","GravityBeat","6A"],"relics":["MiniHakkero","NeowsBlessing","StoneCalendar","Akabeko","Pantograph","Bag of Preparation","Philosopher\u0027s Stone","PreservedInsect","ShroomBag","White Beast Statue","Pandora\u0027s Box","CatCart","Medical Kit","Red Mask","Nunchaku","HandmadeGrimoire","Ginger","Torii","Ice Cream","Blue Candle","AmplifyWand"],"acts_visited":["Exordium","TheCity","TheBeyond","TheEnding"],"potions_floor_usage":[25,29,31,33,37,37,42,51,55,56,56],"damage_taken":[{"damage":0.0,"enemies":"Cultist","floor":1.0,"turns":1.0},{"damage":0.0,"enemies":"Small Slimes","floor":3.0,"turns":2.0},{"damage":0.0,"enemies":"2 Louse","floor":4.0,"turns":2.0},{"damage":22.0,"enemies":"Lagavulin","floor":6.0,"turns":7.0},{"damage":10.0,"enemies":"3 Sentries","floor":8.0,"turns":4.0},{"damage":34.0,"enemies":"Exordium Thugs","floor":11.0,"turns":5.0},{"damage":13.0,"enemies":"Lagavulin","floor":12.0,"turns":7.0},{"damage":0.0,"enemies":"2 Fungi Beasts","floor":14.0,"turns":2.0},{"damage":28.0,"enemies":"The Guardian","floor":16.0,"turns":11.0},{"damage":44.0,"enemies":"3 Byrds","floor":18.0,"turns":6.0},{"damage":12.0,"enemies":"2 Thieves","floor":22.0,"turns":3.0},{"damage":1.0,"enemies":"Cultist and Chosen","floor":24.0,"turns":3.0},{"damage":26,"enemies":"Gremlin Leader","floor":25,"turns":6},{"damage":0,"enemies":"Centurion and Healer","floor":28,"turns":6},{"damage":0,"enemies":"Snecko","floor":29,"turns":4},{"damage":0,"enemies":"Cultist and Chosen","floor":31,"turns":6},{"damage":51,"enemies":"Collector","floor":33,"turns":9},{"damage":1,"enemies":"3 Shapes","floor":35,"turns":5},{"damage":0,"enemies":"Orb Walker","floor":36,"turns":2},{"damage":33,"enemies":"Orin","floor":37,"turns":8},{"damage":0,"enemies":"Giant Head","floor":40,"turns":4},{"damage":29,"enemies":"Nemesis","floor":42,"turns":3},{"damage":10,"enemies":"Maw","floor":45,"turns":5},{"damage":8,"enemies":"Mind Bloom Boss Battle","floor":46,"turns":7},{"damage":23,"enemies":"Awakened One","floor":50,"turns":14},{"damage":48,"enemies":"Time Eater","floor":51,"turns":7},{"damage":9,"enemies":"Shield and Spear","floor":55,"turns":6},{"damage":50,"enemies":"The Heart","floor":56,"turns":8}],"seed_played":"7323057862369713718","potions_obtained":[{"floor":4.0,"key":"Fire Potion"},{"floor":6.0,"key":"ColorlessPotion"},{"floor":8.0,"key":"Block Potion"},{"floor":11.0,"key":"LiquidMemories"},{"floor":12.0,"key":"ColorlessPotion"},{"floor":14.0,"key":"SkillPotion"},{"floor":16.0,"key":"SkillPotion"},{"floor":18.0,"key":"Dexterity Potion"},{"floor":22.0,"key":"Fire Potion"},{"floor":24.0,"key":"Block Potion"},{"floor":25,"key":"BottledSpark"},{"floor":25,"key":"GamblersBrew"},{"floor":29,"key":"DistilledChaos"},{"floor":29,"key":"Ancient Potion"},{"floor":31,"key":"LiquidMemories"},{"floor":33,"key":"GamblersBrew"},{"floor":37,"key":"BottledSpark"},{"floor":37,"key":"CultistPotion"},{"floor":42,"key":"BottledSpark"},{"floor":45,"key":"DistilledChaos"},{"floor":55,"key":"Strength Potion"}],"is_trial":false,"path_per_floor":["M","?","M","M","$","E","R","E","T","?","M","E","?","M","R","B",null,"M","?","?","$","M","R","M","E","T","R","M","M","R","M","R","B",null,"M","M","?","$","?","E","R","E","T","?","M","?","R","?","R","B","B",null,"R","$","E","B",null],"character_chosen":"MARISA","items_purchased":["WitchOfGreed","AttackPotion","GalacticHalo","MillisecondPulsars","MagicAbsorber","DarkMatter","Medical Kit","Secret Technique","GravityBeat","6A","LiquidMemories"],"campfire_rested":2,"item_purchase_floors":[5,5,5,21,21,21,38,38,54,54,54],"current_hp_per_floor":[63,63,63,67,67,48,48,42,42,42,12,3,3,3,3,4,54,14,14,14,14,6,27,30,8,8,29,37,49,49,61,61,27,59,70,70,39,39,39,51,51,34,34,34,40,62,62,52,52,52,26,59,59,59,65,27],"gold":104,"neow_bonus":"THREE_ENEMY_KILL","is_daily":false,"chose_seed":false,"campfire_upgraded":7,"win_rate":0.0,"timestamp":1613831849,"path_taken":["M","?","?","M","$","E","R","E","T","?","M","E","?","M","R","BOSS","M","?","?","$","M","R","M","E","T","R","M","M","R","?","R","BOSS","M","M","?","$","?","E","R","E","T","?","?","?","R","?","R","BOSS","BOSS","R","$","E","BOSS"],"items_purchased_type":["Card","Potion","Card","Card","Card","Card","Relic","Card","Card","Card","Potion"],"build_version":"2020-12-22","purchased_purges":1,"victory":true,"max_hp_per_floor":[70,70,70,70,70,70,70,70,70,70,70,70,70,70,70,70,70,70,70,70,70,70,70,70,70,70,70,70,70,70,70,70,70,70,70,70,70,70,70,70,70,70,70,70,70,70,70,70,70,70,70,70,70,70,70,70],"relic_stats":{"Nunchaku":[15],"Torii":39,"counters":[28,153],"Pantograph":100,"Blue Candle":[2],"StoneCalendar":[208],"Pandora\u0027s Box":["NonDirectionalLaser","Occultation","StarlightTyphoon","SuperNova","TreasureHunter","ChargingUp","TreasureHunter","ChargeUpSpray"],"PreservedInsect":324,"Bag of Preparation":[42],"Ginger":[2],"Medical Kit":[5],"obtain_stats":[{"Ice Cream":46,"AmplifyWand":55,"NeowsBlessing":0,"Torii":46,"Blue Candle":55,"StoneCalendar":6,"PreservedInsect":19,"Bag of Preparation":12,"Ginger":46,"Medical Kit":38,"Akabeko":8,"White Beast Statue":26,"ShroomBag":25,"Nunchaku":40,"Pantograph":9,"Philosopher\u0027s Stone":17,"Pandora\u0027s Box":34,"Red Mask":39,"HandmadeGrimoire":42,"MiniHakkero":0,"CatCart":37},{"Ice Cream":24,"AmplifyWand":27,"NeowsBlessing":0,"Torii":24,"Blue Candle":27,"StoneCalendar":4,"PreservedInsect":10,"Bag of Preparation":7,"Ginger":24,"Medical Kit":20,"Akabeko":5,"White Beast Statue":13,"ShroomBag":13,"Nunchaku":21,"Pantograph":5,"Philosopher\u0027s Stone":9,"Pandora\u0027s Box":17,"Red Mask":20,"HandmadeGrimoire":22,"MiniHakkero":0,"CatCart":20},{"Ice Cream":118,"AmplifyWand":145,"NeowsBlessing":0,"Torii":118,"Blue Candle":145,"StoneCalendar":12,"PreservedInsect":47,"Bag of Preparation":28,"Ginger":118,"Medical Kit":99,"Akabeko":16,"White Beast Statue":59,"ShroomBag":59,"Nunchaku":103,"Pantograph":16,"Philosopher\u0027s Stone":41,"Pandora\u0027s Box":84,"Red Mask":99,"HandmadeGrimoire":106,"MiniHakkero":0,"CatCart":99}]},"card_choices":[{"not_picked":["PowerUp","StarBarrage"],"picked":"FairyDestructionRay","floor":1.0},{"not_picked":["IllusionStar","StarlightTyphoon"],"picked":"EarthLightRay","floor":3.0},{"not_picked":["DoubleSpark","UnstableBomb"],"picked":"GravityBeat","floor":4.0},{"not_picked":["CollectingQuirk","LuminesStrike"],"picked":"ShootingEcho","floor":6.0},{"not_picked":["Acceleration","StarlightTyphoon"],"picked":"Singularity","floor":8.0},{"not_picked":["IllusionStar","MysteriousBeam","DC"],"picked":"SKIP","floor":11.0},{"not_picked":["MachineGunSpark","IllusionStar"],"picked":"OneTimeOff","floor":12.0},{"not_picked":["SporeBomb","DoubleSpark"],"picked":"MilkyWay","floor":14.0},{"not_picked":["JA","BinaryStars"],"picked":"SuperNova","floor":16.0},{"not_picked":["GravityBeat","GrandCross+1"],"picked":"Acceleration","floor":18.0},{"not_picked":["DarkMatter","PulseMagic"],"picked":"MachineGunSpark","floor":22.0},{"not_picked":["OpenUniverse","Occultation"],"picked":"MagicAbsorber","floor":24.0},{"not_picked":["EnergyRecoil","DC"],"picked":"DoubleSpark","floor":25},{"not_picked":["DarkSpark","OpenUniverse"],"picked":"EarthLightRay","floor":28},{"not_picked":["PowerUp","MysteriousBeam"],"picked":"AsteroidBelt","floor":29},{"not_picked":["OrrerysSun","6A"],"picked":"Acceleration","floor":31},{"not_picked":["ShootingEcho+1","ShootTheMoon"],"picked":"Orbital","floor":35},{"not_picked":["BlazeAway+1","MilkyWay"],"picked":"ManaConvection","floor":36},{"not_picked":["DarkMatter","AsteroidBelt"],"picked":"6A","floor":37},{"not_picked":["WitchLeyline","MagicAbsorber+1","MilkyWay"],"picked":"SKIP","floor":40},{"not_picked":["WitchLeyline","MagicAbsorber+1","MilkyWay"],"picked":"SKIP","floor":40},{"not_picked":["ManaRampage","ChargeUpSpray+1"],"picked":"SprinkleStarSeal","floor":42},{"not_picked":["OpenUniverse","6A"],"picked":"AsteroidBelt+1","floor":45},{"not_picked":["Trip","Madness"],"picked":"Violence","floor":48},{"not_picked":["PropBag","UnstableBomb","DoubleSpark"],"picked":"SKIP","floor":55}],"player_experience":3357219,"relics_obtained":[{"floor":6.0,"key":"StoneCalendar"},{"floor":8.0,"key":"Akabeko"},{"floor":9.0,"key":"Pantograph"},{"floor":12.0,"key":"Bag of Preparation"},{"floor":25,"key":"ShroomBag"},{"floor":26,"key":"White Beast Statue"},{"floor":37,"key":"CatCart"},{"floor":40,"key":"Nunchaku"},{"floor":42,"key":"HandmadeGrimoire"},{"floor":46,"key":"Ginger"},{"floor":46,"key":"Torii"},{"floor":46,"key":"Ice Cream"},{"floor":55,"key":"Blue Candle"},{"floor":55,"key":"AmplifyWand"}],"event_choices":[{"damage_healed":0.0,"max_hp_gain":0.0,"max_hp_loss":0.0,"gold_gain":0.0,"event_name":"Match and Keep!","player_choice":"1 cards matched","floor":2.0,"gold_loss":0.0,"damage_taken":0.0,"cards_obtained":["ShootingEcho"]},{"damage_healed":0.0,"max_hp_gain":0.0,"max_hp_loss":0.0,"gold_gain":0.0,"event_name":"Liars Game","player_choice":"Ignored","floor":10.0,"gold_loss":0.0,"damage_taken":0.0},{"damage_healed":0.0,"max_hp_gain":0.0,"max_hp_loss":0.0,"gold_gain":0.0,"event_name":"Scrap Ooze","player_choice":"Fled","floor":13.0,"gold_loss":0.0,"damage_taken":0.0},{"damage_healed":0.0,"max_hp_gain":0.0,"max_hp_loss":0.0,"gold_gain":0.0,"event_name":"The Mausoleum","player_choice":"Opened","floor":19.0,"gold_loss":0.0,"damage_taken":0.0,"relics_obtained":["PreservedInsect"],"cards_obtained":["Writhe"]},{"cards_removed":["Writhe"],"damage_healed":0.0,"max_hp_gain":0.0,"max_hp_loss":0.0,"gold_gain":0.0,"event_name":"Designer","player_choice":"Upgrade and Remove","floor":20.0,"gold_loss":110.0,"damage_taken":0.0,"cards_upgraded":["GravityBeat"]},{"damage_healed":0,"gold_gain":0,"player_choice":"Fight","damage_taken":0,"max_hp_gain":0,"max_hp_loss":0,"event_name":"OrinTheCat","floor":37,"gold_loss":0},{"damage_healed":0,"gold_gain":0,"player_choice":"Paid","damage_taken":0,"relics_obtained":["Red Mask"],"max_hp_gain":0,"max_hp_loss":0,"event_name":"Tomb of Lord Red Mask","floor":39,"gold_loss":61},{"damage_healed":0,"gold_gain":0,"player_choice":"0 cards matched","damage_taken":0,"max_hp_gain":0,"max_hp_loss":0,"event_name":"Match and Keep!","floor":44,"gold_loss":0,"cards_obtained":[]},{"damage_healed":0,"gold_gain":0,"player_choice":"Fight","damage_taken":0,"max_hp_gain":0,"max_hp_loss":0,"event_name":"MindBloom","floor":46,"gold_loss":0},{"damage_healed":0,"gold_gain":0,"player_choice":"Memory 3","damage_taken":10,"max_hp_gain":0,"max_hp_loss":0,"event_name":"SensoryStone","floor":48,"gold_loss":0}],"is_beta":false,"boss_relics":[{"not_picked":["BewitchedHakkero","SacredBark"],"picked":"Philosopher\u0027s Stone"},{"not_picked":["Cursed Key","Snecko Eye"],"picked":"Pandora\u0027s Box"}],"items_purged_floors":[38],"is_endless":false,"potions_floor_spawned":[4,11,14,25,28,29,31,33,35,36,37,40,42,45,46,55],"ascension_level":20}}