{"host":"g","time":1613860407,"event":{"mods":["BaseMod","Bestiary","Block Reminder","Colored Powertips","Curses Come First","Highlight Path","Minty Spire (QoL Compilation)","Quick Restart","Relic Filter Mod","Relic Stats","StSLib","The Dragon Tamer","The Marked","everything is the same but u backflip on backflip"],"gold_per_floor":[116,66,66,66,66,109,109,134,181,181,195,195,195,234,234,358,358,373,386,386,386,406,406,441,441,441,474,242,242,265,265,265,384,384,402,50,70,70,90,124,124,158,234,234,255,273,48,61,61,61,61,61,9,47,47],"floor_reached":56,"language":"ENG","playtime":4601,"items_purged":["DTMod:TargetDefense","Regret"],"score":1301,"play_id":"8721bfa5-8db3-4256-babb-ccca9641654c","local_time":"20210220153327","is_ascension_mode":false,"metric_token":915,"campfire_choices":[{"data":"DTMod:SwitchingTactic","floor":7.0,"key":"SMITH"},{"data":"DTMod:MaximumCharge","floor":10.0,"key":"SMITH"},{"data":"DTMod:StarRain","floor":15.0,"key":"SMITH"},{"data":"DTMod:HeadStart","floor":23.0,"key":"SMITH"},{"data":"DTMod:DoubleHit","floor":25.0,"key":"SMITH"},{"data":"DTMod:GearUp","floor":32.0,"key":"SMITH"},{"data":"Apotheosis","floor":41.0,"key":"SMITH"},{"floor":49.0,"key":"RECALL"},{"data":"DTMod:Coolant","floor":52.0,"key":"SMITH"}],"dtmod_dragon_data":[1,58,1,0,8,0],"circlet_count":0,"master_deck":["DTMod:Strike","DTMod:Strike","DTMod:Strike","DTMod:DoubleHit+1","DTMod:SwitchingTactic+1","DTMod:SneakAttack","DTMod:Prediction","DTMod:GhostSkin","DTMod:MaximumCharge+1","DTMod:StarRain+1","DTMod:HeadStart+1","DTMod:TagTeam","DTMod:CrossStep","DTMod:DarkBreath+1","DTMod:BalancedStrike","DTMod:Coolant+1","DTMod:GearUp+1","DTMod:BreakAttack","DTMod:Outburst","DTMod:CleansingStrike+1","DTMod:PurifyingFlame","DTMod:Shift","DTMod:RunningTactic","DTMod:CrossStep","Apotheosis+1","DTMod:ShieldDrain+1","DTMod:DragonDance+1","Writhe","DTMod:WarmUp","DTMod:CrossStep+1","DTMod:BuildUp+1"],"relics":["DTMod:MagicStone","NeowsBlessing","Golden Idol","Pear","Juzu Bracelet","Darkstone Periapt","Happy Flower","Gambling Chip","Regal Pillow","HornCleat","Akabeko","Velvet Choker","Bronze Scales","Gremlin Horn","Bag of Preparation","DTMod:TacticalNote"],"acts_visited":["TheCity","TheBeyond","TheEnding"],"potions_floor_usage":[55,55],"damage_taken":[{"damage":0.0,"enemies":"2 Louse","floor":1.0,"turns":1.0},{"damage":0.0,"enemies":"Gremlin Nob","floor":6.0,"turns":1.0},{"damage":0.0,"enemies":"Small Slimes","floor":8.0,"turns":1.0},{"damage":0.0,"enemies":"Cultist","floor":11.0,"turns":2.0},{"damage":0.0,"enemies":"Lagavulin","floor":14.0,"turns":3.0},{"damage":8.0,"enemies":"Hexaghost","floor":16.0,"turns":8.0},{"damage":0.0,"enemies":"Spheric Guardian","floor":18.0,"turns":2.0},{"damage":10.0,"enemies":"3 Byrds","floor":19.0,"turns":5.0},{"damage":1.0,"enemies":"3 Cultists","floor":22.0,"turns":4.0},{"damage":12.0,"enemies":"Book of Stabbing","floor":24.0,"turns":4.0},{"damage":11.0,"enemies":"Slavers","floor":27.0,"turns":5.0},{"damage":0.0,"enemies":"Centurion and Healer","floor":30.0,"turns":2.0},{"damage":26.0,"enemies":"Champ","floor":33.0,"turns":8.0},{"damage":0.0,"enemies":"3 Darklings","floor":35.0,"turns":5.0},{"damage":0.0,"enemies":"Orb Walker","floor":37.0,"turns":2.0},{"damage":0.0,"enemies":"Transient","floor":39.0,"turns":5.0},{"damage":2.0,"enemies":"Nemesis","floor":40.0,"turns":5.0},{"damage":36.0,"enemies":"Reptomancer","floor":42.0,"turns":5.0},{"damage":0.0,"enemies":"Jaw Worm Horde","floor":45.0,"turns":3.0},{"damage":0.0,"enemies":"Maw","floor":46.0,"turns":5.0},{"damage":7.0,"enemies":"Sphere and 2 Shapes","floor":48.0,"turns":5.0},{"damage":52.0,"enemies":"Awakened One","floor":50.0,"turns":9.0},{"damage":0.0,"enemies":"Shield and Spear","floor":54.0,"turns":5.0},{"damage":34,"enemies":"The Heart","floor":55,"turns":9}],"seed_played":"-6646253138009417776","potions_obtained":[{"floor":6.0,"key":"DuplicationPotion"},{"floor":8.0,"key":"SpeedPotion"},{"floor":16.0,"key":"Weak Potion"},{"floor":22.0,"key":"GamblersBrew"},{"floor":24.0,"key":"SteroidPotion"},{"floor":30.0,"key":"Block Potion"},{"floor":37.0,"key":"Energy Potion"},{"floor":42.0,"key":"Ancient Potion"}],"is_trial":false,"path_per_floor":["M","?","?","?","?","E","R","M","T","R","M","?","?","E","R","B",null,"M","M","?","?","M","R","E","R","T","E","$","?","M","?","R","B",null,"M","$","M","?","M","E","R","E","T","?","M","M","$","M","R","B",null,"R","$","E","B",null],"character_chosen":"THE_DT","items_purchased":["DTMod:GearUp","DTMod:PurifyingFlame","DTMod:Shift","DTMod:RunningTactic","DTMod:CrossStep","Bag of Preparation","DTMod:WarmUp","SkillPotion"],"campfire_rested":0,"item_purchase_floors":[28,36,36,36,36,47,47,53],"current_hp_per_floor":[45,45,45,38,27,37,37,37,37,37,37,37,43,43,43,35,61,61,51,51,51,57,57,49,49,49,45,45,45,52,52,52,33,61,61,61,61,51,58,59,59,25,25,46,53,60,60,60,60,15,67,67,67,67,33],"gold":47,"neow_bonus":"THREE_ENEMY_KILL","is_daily":false,"chose_seed":false,"campfire_upgraded":8,"win_rate":0.0,"timestamp":1613860407,"path_taken":["M","?","?","?","?","E","R","M","T","R","M","?","?","E","R","BOSS","M","M","?","?","M","R","E","R","T","E","$","?","M","?","R","BOSS","M","$","M","?","M","E","R","E","T","?","M","M","?","M","R","BOSS","R","$","E","BOSS"],"items_purchased_type":["Card","Card","Card","Card","Card","Relic","Card","Potion"],"build_version":"2020-12-18","purchased_purges":2,"victory":true,"max_hp_per_floor":[45,45,45,45,45,55,55,55,55,55,55,55,61,61,61,61,61,61,61,61,61,61,61,61,61,61,61,61,61,61,61,61,61,61,61,61,61,61,61,61,61,61,61,67,67,67,67,67,67,67,67,67,67,67,67],"relic_stats":{"Darkstone Periapt":12,"Regal Pillow":0,"Happy Flower":[33],"Gremlin Horn":[8,8],"counters":[24,104],"Golden Idol":199,"Gambling Chip":[54],"Bronze Scales":[116],"Juzu Bracelet":3,"Bag of Preparation":[8],"obtain_stats":[{"Darkstone Periapt":12,"Regal Pillow":24,"Pear":6,"NeowsBlessing":0,"Happy Flower":13,"Gremlin Horn":42,"Golden Idol":5,"Velvet Choker":34,"Juzu Bracelet":9,"Bag of Preparation":47,"Akabeko":27,"HornCleat":26,"DTMod:TacticalNote":54,"DTMod:PactStone":0,"Gambling Chip":14,"Bronze Scales":40,"DTMod:MagicStone":17},{"Darkstone Periapt":4,"Regal Pillow":10,"Pear":2,"NeowsBlessing":0,"Happy Flower":4,"Gremlin Horn":18,"Golden Idol":1,"Velvet Choker":13,"Juzu Bracelet":3,"Bag of Preparation":20,"Akabeko":11,"HornCleat":10,"DTMod:TacticalNote":23,"DTMod:PactStone":0,"Gambling Chip":5,"Bronze Scales":17,"DTMod:MagicStone":6},{"Darkstone Periapt":5,"Regal Pillow":31,"Pear":2,"NeowsBlessing":0,"Happy Flower":5,"Gremlin Horn":68,"Golden Idol":1,"Velvet Choker":46,"Juzu Bracelet":3,"Bag of Preparation":76,"Akabeko":36,"HornCleat":31,"DTMod:TacticalNote":95,"DTMod:PactStone":0,"Gambling Chip":8,"Bronze Scales":63,"DTMod:MagicStone":16}]},"card_choices":[{"not_picked":["DTMod:Cover","DTMod:Punisher"],"picked":"DTMod:SneakAttack","floor":1.0},{"not_picked":["DTMod:Feint","DTMod:BizarreTactic"],"picked":"DTMod:GhostSkin","floor":6.0},{"not_picked":["DTMod:FlameSlash","DTMod:Training"],"picked":"DTMod:MaximumCharge","floor":8.0},{"not_picked":["DTMod:BlazingStrike","DTMod:FlameSlash"],"picked":"DTMod:StarRain","floor":11.0},{"not_picked":["DTMod:Threaten","DTMod:ComboAttack","DTMod:Dissolve"],"picked":"SKIP","floor":14.0},{"not_picked":["DTMod:OpeningTactic","DTMod:Prediction"],"picked":"DTMod:HeadStart","floor":16.0},{"not_picked":["DTMod:QuickFly","DTMod:RunningTactic"],"picked":"DTMod:TagTeam","floor":18.0},{"not_picked":["DTMod:Weaken","DTMod:Haste"],"picked":"DTMod:CrossStep","floor":19.0},{"not_picked":["DTMod:BuildUp","DTMod:Punisher+1"],"picked":"DTMod:BalancedStrike","floor":22.0},{"not_picked":["DTMod:CrossStep","DTMod:MasterPlan","DTMod:BizarreTactic"],"picked":"SKIP","floor":24.0},{"not_picked":["DTMod:Conduct","DTMod:CalculatedDefense"],"picked":"DTMod:Coolant","floor":27.0},{"not_picked":["DTMod:Haste","DTMod:Threaten+1"],"picked":"DTMod:BreakAttack","floor":30.0},{"not_picked":["DTMod:OpeningTactic","DTMod:TriAttack"],"picked":"DTMod:Outburst","floor":33.0},{"not_picked":["DTMod:Threaten+1","DTMod:Punisher+1"],"picked":"DTMod:CleansingStrike+1","floor":35.0},{"not_picked":["DTMod:Training+1","DTMod:BuildUp","DTMod:MasterPlan"],"picked":"SKIP","floor":37.0},{"not_picked":["Enlightenment","Flash of Steel"],"picked":"Apotheosis","floor":38.0},{"not_picked":["DTMod:BalancedStrike+1","DTMod:BuildUp","DTMod:BizarreTactic"],"picked":"SKIP","floor":39.0},{"not_picked":["DTMod:ExcessFootwork","DTMod:QuickFly+1"],"picked":"DTMod:ShieldDrain+1","floor":40.0},{"not_picked":["DTMod:MagicField+1","DTMod:Training"],"picked":"DTMod:DragonDance+1","floor":42.0},{"not_picked":["DTMod:FlameSlash","DTMod:LowKick+1","DTMod:Training"],"picked":"SKIP","floor":45.0},{"not_picked":["DTMod:Cover+1","DTMod:BizarreTactic+1","DTMod:MagicField"],"picked":"SKIP","floor":46.0},{"not_picked":["DTMod:MagicField","DTMod:Feint"],"picked":"DTMod:CrossStep+1","floor":48.0},{"not_picked":["DTMod:Coolant","DTMod:BalancedStrike+1"],"picked":"DTMod:BuildUp+1","floor":54.0}],"player_experience":4162557,"relics_obtained":[{"floor":6.0,"key":"Pear"},{"floor":9.0,"key":"Juzu Bracelet"},{"floor":14.0,"key":"Gambling Chip"},{"floor":24.0,"key":"Regal Pillow"},{"floor":26.0,"key":"HornCleat"},{"floor":27.0,"key":"Akabeko"},{"floor":40.0,"key":"Bronze Scales"},{"floor":42.0,"key":"Gremlin Horn"},{"floor":54.0,"key":"DTMod:TacticalNote"}],"event_choices":[{"cards_removed":["DTMod:TargetDefense"],"damage_healed":0.0,"max_hp_gain":0.0,"max_hp_loss":0.0,"gold_gain":0.0,"event_name":"The Cleric","player_choice":"Card Removal","floor":2.0,"gold_loss":50.0,"damage_taken":0.0},{"damage_healed":0.0,"max_hp_gain":0.0,"max_hp_loss":0.0,"gold_gain":0.0,"cards_transformed":["DTMod:TargetDefense"],"event_name":"Living Wall","player_choice":"Change","floor":3.0,"gold_loss":0.0,"damage_taken":0.0,"cards_obtained":["DTMod:Prediction"]},{"cards_removed":["DTMod:TargetDefense"],"damage_healed":0.0,"max_hp_gain":0.0,"max_hp_loss":0.0,"gold_gain":0.0,"event_name":"Golden Wing","player_choice":"Card Removal","floor":4.0,"gold_loss":0.0,"damage_taken":7.0},{"damage_healed":0.0,"max_hp_gain":0.0,"max_hp_loss":0.0,"gold_gain":0.0,"event_name":"Golden Idol","player_choice":"Take Damage","floor":5.0,"gold_loss":0.0,"damage_taken":11.0,"relics_obtained":["Golden Idol"]},{"damage_healed":0.0,"max_hp_gain":0.0,"max_hp_loss":0.0,"gold_gain":0.0,"event_name":"WeMeetAgain","player_choice":"Gave Potion","floor":12.0,"gold_loss":0.0,"damage_taken":0.0,"relics_obtained":["Darkstone Periapt"]},{"damage_healed":0.0,"max_hp_gain":0.0,"max_hp_loss":0.0,"gold_gain":0.0,"event_name":"Big Fish","player_choice":"Box","floor":13.0,"gold_loss":0.0,"damage_taken":0.0,"relics_obtained":["Happy Flower"],"cards_obtained":["Regret"]},{"damage_healed":0.0,"max_hp_gain":0.0,"max_hp_loss":0.0,"gold_gain":0.0,"event_name":"The Library","player_choice":"Read","floor":20.0,"gold_loss":0.0,"damage_taken":0.0,"cards_obtained":["DTMod:DarkBreath"]},{"damage_healed":0.0,"max_hp_gain":0.0,"max_hp_loss":0.0,"gold_gain":0.0,"event_name":"Upgrade Shrine","player_choice":"Upgraded","floor":21.0,"gold_loss":0.0,"damage_taken":0.0,"cards_upgraded":["DTMod:DarkBreath"]},{"cards_removed":["DTMod:Strike"],"damage_healed":0.0,"max_hp_gain":0.0,"max_hp_loss":0.0,"gold_gain":0.0,"event_name":"Purifier","player_choice":"Purged","floor":29.0,"gold_loss":0.0,"damage_taken":0.0},{"damage_healed":0.0,"max_hp_gain":0.0,"max_hp_loss":0.0,"gold_gain":0.0,"event_name":"Ghosts","player_choice":"Ignored","floor":31.0,"gold_loss":0.0,"damage_taken":0.0},{"damage_healed":0.0,"max_hp_gain":0.0,"max_hp_loss":0.0,"gold_gain":0.0,"event_name":"SensoryStone","player_choice":"Memory 3","floor":38.0,"gold_loss":0.0,"damage_taken":10.0},{"damage_healed":15.0,"max_hp_gain":0.0,"max_hp_loss":0.0,"gold_gain":0.0,"event_name":"Winding Halls","player_choice":"Writhe","floor":44.0,"gold_loss":0.0,"damage_taken":0.0,"cards_obtained":["Writhe"]}],"is_beta":true,"boss_relics":[{"not_picked":["Fusion Hammer","SlaversCollar"],"picked":"DTMod:MagicStone"},{"not_picked":["Sozu","Runic Pyramid"],"picked":"Velvet Choker"}],"items_purged_floors":[28,36],"is_endless":false,"potions_floor_spawned":[6,8,16,22,24,30,37,42,48,54],"ascension_level":0}}