{"host":"lgow17wc5wawziz1","time":1613835859,"event":{"mods":["AchievementEnabler","Act Like it!","Aspiration","BaseMod","Better Third Choice","Colored Map","Friendly Minions","Gensokyo","Hubris","Kiyohime£¨?ýï£©","Minty Spire (QoL Compilation)","MostiFishMod","Permanent Neow","Quick Restart","Replay The Spire","StSLib","SuperFastMode","¡¼?Úª?ø«¡½REMEMod"],"gold_per_floor":[109,119,130,130,130,164,164,197,197,197,214,214,246,1,1,31,31],"floor_reached":16,"language":"KOR","playtime":787,"items_purged":[],"score":236,"play_id":"8f491ee9-d349-41ab-b53d-8f4dc24dfea3","local_time":"20210221004419","is_ascension_mode":true,"campfire_choices":[{"data":"Defragment","floor":7,"key":"SMITH"},{"data":"MostiFishMod:StarOceanB","floor":15,"key":"SMITH"}],"circlet_count":0,"master_deck":["AscendersBane","Strike_B","Strike_B","Strike_B","Defend_B","Defend_B","Defend_B","Defend_B","Zap+1","Dualcast","Self Repair","Conserve Battery","Beam Cell","Cold Snap","Ball Lightning","Defragment+1","Loop","Chill","MostiFishMod:StarOceanB+1","White Noise","Gensokyo:Shovel","Gensokyo:DepletedGenerator"],"relics":["Cracked Core","REME_ComplimentaryCards","DaveBox","Prayer Wheel","SynthV:TestCard","Gensokyo:OccultBall","Orichalcum","Pet Ghost","aspiration:FetidBarrel","Strawberry","hubris:Spice","aspiration:Nostalgia","PureWater"],"acts_visited":["Gensokyo:Gensokyo"],"potions_floor_usage":[8,16],"damage_taken":[{"damage":18,"enemies":"Gensokyo:Gryphon","floor":1,"turns":5},{"damage":2,"enemies":"Gensokyo:3_Fairies","floor":2,"turns":4},{"damage":0,"enemies":"Gensokyo:Python","floor":3,"turns":4},{"damage":18,"enemies":"Gensokyo:Aya","floor":6,"turns":5},{"damage":10,"enemies":"Gensokyo:Cirno","floor":8,"turns":5},{"damage":2,"enemies":"Gensokyo:Kitsune","floor":11,"turns":2},{"damage":0,"enemies":"Gensokyo:Mamizou","floor":13,"turns":4},{"damage":60,"enemies":"Gensokyo:Yukari","floor":16,"turns":6}],"seed_played":"-1696719831101045270","potions_obtained":[{"floor":1,"key":"FocusPotion"},{"floor":2,"key":"DuplicationPotion"},{"floor":8,"key":"Adrenaline Potion"},{"floor":13,"key":"REME_GoldPotion"}],"is_trial":false,"path_per_floor":["M","M","M","?","?","E","R","E","T","?","M","$","E","COS","R","B"],"character_chosen":"DEFECT","items_purchased":[],"campfire_rested":0,"item_purchase_floors":[],"current_hp_per_floor":[50,55,62,62,62,51,51,48,48,45,43,43,58,58,58,0,0],"gold":31,"neow_bonus":"REMOVE_CARD","is_daily":false,"chose_seed":false,"campfire_upgraded":2,"win_rate":0.0,"timestamp":1613835859,"path_taken":["M","M","M","?","?","E","R","E","T","?","M","$","E","COS","R","BOSS"],"items_purchased_type":[],"build_version":"2020-12-22","purchased_purges":0,"victory":false,"max_hp_per_floor":[75,75,75,75,75,75,75,75,75,82,82,82,90,90,90,90,90],"card_choices":[{"not_picked":["Steam","Stack"],"picked":"Melter","floor":1},{"not_picked":["Barrage","Recycle"],"picked":"Self Repair","floor":1},{"not_picked":["Compile Driver","Steam","REME_SelfUpgrade","Reprogram"],"picked":"Conserve Battery","floor":2},{"not_picked":["Self Repair","Redo","Undo","Coolheaded"],"picked":"Beam Cell","floor":2},{"not_picked":["Rebound","ReplayGash","Double Energy","Static Discharge"],"picked":"Cold Snap","floor":3},{"not_picked":["White Noise","REME_Whirling","Compile Driver","hubris:Ukulele"],"picked":"Ball Lightning","floor":3},{"not_picked":["Chaos","ReplayTheSpireMod:GoodbyeWorld","Crystallizer","REME_Whirling"],"picked":"Defragment","floor":6},{"not_picked":["Leap","Static Discharge","ReplayTheSpireMod:Repulse","Barrage"],"picked":"Loop","floor":8},{"not_picked":["ReplayTheSpireMod:Repulse","Steam","Go for the Eyes","Loop"],"picked":"Chill","floor":11},{"not_picked":["ReplaySort","Blizzard","Go for the Eyes","Coolheaded"],"picked":"MostiFishMod:StarOceanB","floor":11},{"not_picked":["MostiFishMod:Hijack","Panic Button","Redo","Conserve Battery"],"picked":"White Noise","floor":13}],"player_experience":353837,"relics_obtained":[{"floor":1,"key":"SynthV:TestCard"},{"floor":6,"key":"Orichalcum"},{"floor":8,"key":"Pet Ghost"},{"floor":9,"key":"aspiration:FetidBarrel"},{"floor":13,"key":"hubris:Spice"}],"event_choices":[],"is_beta":false,"boss_relics":[],"items_purged_floors":[],"is_endless":false,"potions_floor_spawned":[1,2,8,13],"killed_by":"Gensokyo:Yukari","ascension_level":12}}