{"host":"nwjx7hbomubpmo86","time":1613851112,"event":{"mods":["AchievementEnabler","BaseMod","Better Note","Better Third Choice","Downfall","Hubris","Minty Spire (QoL Compilation)","Replay The Spire","StSLib","The Death Knight","slay the spire mod where everything is the same but ironclad has a cowboy hat"],"gold_per_floor":[112,112,112,112,112,146,162,162,242,242,34,34,34,57,57,176,176,200,200,200,0,20,20,54,72,97,172,172,206,229,242,242,365,365,383,15,34,34,47,47,5,5,5,28,28,51,51,71,71,71],"floor_reached":51,"language":"ENG","playtime":2250,"items_purged":["Strike_G"],"score":783,"play_id":"889e3bf9-37e0-4769-b3f1-1cb2021c1150","local_time":"20210220205832","is_ascension_mode":false,"campfire_choices":[{"floor":8,"key":"REST"},{"data":"MasterReality","floor":10,"key":"SMITH"},{"data":"Footwork","floor":13,"key":"SMITH"},{"data":"Well Laid Plans","floor":23,"key":"SMITH"},{"data":"Infinite Blades","floor":32,"key":"SMITH"},{"data":"After Image","floor":40,"key":"SMITH"},{"data":"Infinite Blades","floor":42,"key":"SMITH"},{"data":"Noxious Fumes","floor":47,"key":"SMITH"}],"circlet_count":0,"master_deck":["Defend_G+1","Defend_G+1","Defend_G+1","Defend_G+1","Defend_G+1","Survivor+1","Neutralize+1","Bouncing Flask+1","Replay:Poison Smokescreen+1","Crippling Poison+1","Venomology+1","Storm of Steel+1","Footwork+1","Specialist+1","Escape Plan+1","ReplayTheSpireMod:Necrosis+1","ReplayTheSpireMod:Shiv Toss+1","Escape Plan+1","Well Laid Plans+1","Acrobatics+1","ReplayTheSpireMod:Exploit Weakness+1","Dagger Throw+1","Backstab+1","Deadly Poison+1","Neutralize+1","Infinite Blades+1","Hidden Blade+1","Adrenaline+1","Caltrops+1","Bullet Time+1","Footwork+1","Draining Mist+1","Fluid Movement+1","Infinite Blades+1","After Image+1","Hidden Blade+1","Noxious Fumes+1","Caltrops+1","Well Laid Plans+1","Infinite Blades+1","Deadly Poison+1","Bane+1","Storm of Steel+1","Blur+1","Blade Dance+1","ReplayTheSpireMod:Tripwire+1","Cloak And Dagger+1","Adrenaline+1","Wraith Form v2+1","Terror+1","Sneak Up+1"],"relics":["Omamori","Toxic Egg 2","Darkstone Periapt","War Paint","Replay:PocketPolymizer","Quantum Egg","hubris:MysteriousPyramids","Golden Idol","Sizzling Blood","bronze:MakeshiftBattery","PreservedInsect","Membership Card","FossilizedHelix","hubris:AncientText","The Courier","Honey Jar","StrikeDummy","Ring of Misfortune","Ring of Fangs","Mark of the Bloom"],"acts_visited":["Exordium","TheCity","TheBeyond"],"potions_floor_usage":[16,16,18,24,25,29,30,30,30,33,33,37,44,44,44,48,50,50,50],"damage_taken":[{"damage":0,"enemies":"Small Slimes","floor":1,"turns":4},{"damage":1,"enemies":"Replay:BlueRogue","floor":6,"turns":6},{"damage":1,"enemies":"Jaw Worm","floor":7,"turns":4},{"damage":0,"enemies":"2 Louse","floor":14,"turns":2},{"damage":18,"enemies":"Hexaghost","floor":16,"turns":7},{"damage":7,"enemies":"Spheric Guardian","floor":18,"turns":5},{"damage":0,"enemies":"Chosen","floor":22,"turns":4},{"damage":12,"enemies":"Slavers","floor":24,"turns":3},{"damage":0,"enemies":"Snake Plant","floor":25,"turns":3},{"damage":0,"enemies":"Book of Stabbing","floor":29,"turns":4},{"damage":0,"enemies":"Shelled Parasite and Fungi","floor":30,"turns":3},{"damage":7,"enemies":"Chosen and Byrds","floor":31,"turns":4},{"damage":18,"enemies":"Pondfish","floor":33,"turns":7},{"damage":7,"enemies":"3 Shapes","floor":35,"turns":4},{"damage":18,"enemies":"3 Darklings","floor":37,"turns":4},{"damage":0,"enemies":"Maw","floor":39,"turns":6},{"damage":0,"enemies":"Writhing Mass","floor":44,"turns":4},{"damage":0,"enemies":"Spire Growth","floor":46,"turns":4},{"damage":0,"enemies":"Sphere and 2 Shapes","floor":48,"turns":7},{"damage":37,"enemies":"hubris:GrandSnecko","floor":50,"turns":11}],"seed_played":"924793565124574128","potions_obtained":[{"floor":1,"key":"Ancient Potion"},{"floor":14,"key":"hexamod:SoulburnPotion"},{"floor":16,"key":"Guardian:BlockOnCardUsePotion"},{"floor":22,"key":"DeathKnight:RimePotion"},{"floor":24,"key":"Flashbang"},{"floor":25,"key":"SkillPotion"},{"floor":29,"key":"Dexterity Potion"},{"floor":33,"key":"Strength Potion"},{"floor":35,"key":"hexamod:SoulburnPotion"},{"floor":46,"key":"Block Potion"}],"is_trial":false,"path_per_floor":["M","?","T","T","T","E","M","R","T","R","$","?","R","M","R","B",null,"M","?","?","$","M","R","E","M","T","?","?","E","M","M","R","B",null,"M","$","M","?","M","R","$","R","T","M","?","M","R","M","R","B",null],"character_chosen":"THE_SILENT","items_purchased":["Footwork","Specialist","Membership Card","Well Laid Plans","Acrobatics+1","Infinite Blades","Draining Mist+1","Fluid Movement","Infinite Blades","After Image","Hidden Blade+1","Well Laid Plans","Noxious Fumes","Caltrops","Well Laid Plans","Infinite Blades","Caltrops","Blur+1","Blade Dance+1"],"campfire_rested":1,"item_purchase_floors":[11,11,21,21,21,36,36,36,36,36,36,36,36,36,36,36,36,41,41],"current_hp_per_floor":[70,25,25,25,25,24,23,44,44,44,44,44,44,44,48,34,69,66,66,66,66,69,69,61,65,65,59,59,63,67,64,64,50,69,66,66,52,52,56,56,56,56,56,60,60,64,64,68,68,31],"gold":71,"neow_bonus":"RANDOM_COMMON_RELIC","is_daily":false,"chose_seed":false,"campfire_upgraded":7,"win_rate":0.0,"timestamp":1613851112,"path_taken":["M","?","?","?","?","E","?","R","T","R","$","?","R","M","R","BOSS","M","?","?","$","M","R","E","M","T","?","?","E","?","M","R","BOSS","M","$","M","?","M","R","$","R","T","M","?","M","R","M","R","BOSS"],"items_purchased_type":["Card","Card","Relic","Card","Card","Card","Card","Card","Card","Card","Card","Card","Card","Card","Card","Card","Card","Card","Card"],"build_version":"2020-12-22","purchased_purges":1,"victory":true,"max_hp_per_floor":[70,70,70,70,70,70,70,70,70,70,70,65,65,65,69,69,69,69,69,69,69,69,69,69,69,69,69,69,69,69,69,69,69,69,69,69,69,69,69,69,69,69,69,69,69,69,69,69,69,69],"card_choices":[{"not_picked":["Backflip","Slice"],"picked":"Bouncing Flask","floor":1},{"not_picked":["Dagger Throw","Bane"],"picked":"Replay:Poison Smokescreen+1","floor":6},{"not_picked":["Fluid Movement","Replay:Poison Smokescreen+1"],"picked":"Crippling Poison+1","floor":7},{"not_picked":["Choke","Sucker Punch"],"picked":"Escape Plan+1","floor":14},{"not_picked":["Grand Finale","Malaise+1"],"picked":"ReplayTheSpireMod:Necrosis+1","floor":16},{"not_picked":["Quick Slash","Deflect+1"],"picked":"ReplayTheSpireMod:Shiv Toss+1","floor":18},{"not_picked":["Prepared+1","Concentrate+1"],"picked":"ReplayTheSpireMod:Exploit Weakness+1","floor":22},{"not_picked":["Quick Slash","Underhanded Strike"],"picked":"Backstab","floor":24},{"not_picked":["Blade Dance+1","Deflect+1"],"picked":"Deadly Poison+1","floor":25},{"not_picked":["Concentrate+1","Quick Slash+1"],"picked":"Poisoned Stab","floor":29},{"not_picked":["Acrobatics+1","hubris:TrickCloak+1"],"picked":"Hidden Blade+1","floor":30},{"not_picked":["Dash+1","Quick Slash"],"picked":"Adrenaline+1","floor":31},{"not_picked":["Phantasmal Killer+1","Malaise+1"],"picked":"Bullet Time+1","floor":33},{"not_picked":["Endless Agony","Dash+1","Deadly Poison+1"],"picked":"Footwork+1","floor":35},{"not_picked":["Masterful Stab+1","Backflip+1","hubris:SlightOfHand+1"],"picked":"Deadly Poison+1","floor":37},{"not_picked":["Deflect+1","Acrobatics+1","Eviscerate+1"],"picked":"Bane+1","floor":39},{"not_picked":["ReplayTheSpireMod:The Works+1","Dodge and Roll+1","Calculated Gamble+1"],"picked":"Cloak And Dagger+1","floor":44},{"not_picked":["ReplayTheSpireMod:Exploit Weakness+1","Outmaneuver+1","Deadly Poison+1"],"picked":"Adrenaline+1","floor":46},{"not_picked":["Poisoned Stab+1","Flying Knee+1","Blade Dance+1"],"picked":"Terror+1","floor":48}],"player_experience":565440,"relics_obtained":[{"floor":3,"key":"Darkstone Periapt"},{"floor":4,"key":"War Paint"},{"floor":5,"key":"Replay:PocketPolymizer"},{"floor":6,"key":"Quantum Egg"},{"floor":9,"key":"hubris:MysteriousPyramids"},{"floor":19,"key":"PreservedInsect"},{"floor":24,"key":"FossilizedHelix"},{"floor":26,"key":"hubris:AncientText"},{"floor":29,"key":"The Courier"},{"floor":43,"key":"StrikeDummy"},{"floor":45,"key":"Ring of Misfortune"},{"floor":45,"key":"Ring of Fangs"}],"event_choices":[{"damage_healed":0,"gold_gain":0,"player_choice":"Lose Max HP","damage_taken":0,"relics_obtained":["Golden Idol"],"max_hp_gain":0,"max_hp_loss":5,"event_name":"Golden Idol","floor":12,"gold_loss":0},{"damage_healed":0,"gold_gain":0,"player_choice":"Relic","damage_taken":0,"max_hp_gain":0,"max_hp_loss":0,"event_name":"Wheel of Change","floor":19,"gold_loss":0},{"damage_healed":0,"gold_gain":0,"cards_transformed":["Skewer"],"player_choice":"Transformed","damage_taken":0,"max_hp_gain":0,"max_hp_loss":0,"event_name":"Transmorgrifier","floor":20,"gold_loss":0,"cards_obtained":["Escape Plan"]},{"damage_healed":0,"gold_gain":75,"player_choice":"Touch","damage_taken":6,"max_hp_gain":0,"max_hp_loss":0,"event_name":"FaceTrader","floor":27,"gold_loss":0},{"damage_healed":0,"gold_gain":0,"player_choice":"2 cards matched","damage_taken":0,"max_hp_gain":0,"max_hp_loss":0,"event_name":"Match and Keep!","floor":28,"gold_loss":0,"cards_obtained":["Neutralize","Infinite Blades"]},{"cards_removed":["Poisoned Stab"],"damage_healed":0,"gold_gain":0,"player_choice":"Removed Attack","damage_taken":0,"max_hp_gain":0,"max_hp_loss":0,"event_name":"Falling","floor":38,"gold_loss":0},{"damage_healed":0,"gold_gain":0,"player_choice":"Upgrade","damage_taken":0,"relics_obtained":["Mark of the Bloom"],"max_hp_gain":0,"max_hp_loss":0,"event_name":"MindBloom","floor":49,"gold_loss":0,"cards_upgraded":["Defend_G","Defend_G","Defend_G","Defend_G","Survivor","Neutralize","Specialist","Dagger Throw","Backstab","Neutralize","Caltrops","Fluid Movement","Caltrops","Well Laid Plans","Infinite Blades","Wraith Form v2"]}],"is_beta":false,"boss_relics":[{"not_picked":["Coffee Dripper","Replay:Bronze Core"],"picked":"bronze:MakeshiftBattery"},{"not_picked":["Kintsugi","Empty Cage"],"picked":"Honey Jar"}],"items_purged_floors":[11],"is_endless":false,"potions_floor_spawned":[1,14,16,22,24,25,29,33,35,46],"ascension_level":0}}