{"host":"0ueeacaatm8t6jyh","time":1613806930,"event":{"mods":["AchievementEnabler","BaseMod","Colored Powertips","Minty Spire (QoL Compilation)","Quick Restart","Rare Cards Sparkle","Shop Mod","StSLib"],"gold_per_floor":[117,117,117,42,42,42,56,56,56,56,13,72,84,104,104,104,178,178,192,218,218,230,245,274,274,274,274,274,289,137,62,62,62,138,138,150,150,170,45,55,55,55,74,121,121,146,146,163,178,178,178],"floor_reached":52,"language":"ZHS","playtime":1571,"items_purged":["Strike_G","Strike_G","Crippling Poison"],"score":1339,"play_id":"a94978ea-3dd6-42f6-98a2-bc33e8de752b","local_time":"20210220154210","is_ascension_mode":true,"campfire_choices":[{"data":"Neutralize","floor":6.0,"key":"SMITH"},{"data":"PiercingWail","floor":8.0,"key":"SMITH"},{"data":"1","floor":10.0,"key":"LIFT"},{"data":"2","floor":15.0,"key":"LIFT"},{"data":"Calculated Gamble","floor":16.0,"key":"SMITH"},{"data":"Adrenaline","floor":26.0,"key":"SMITH"},{"data":"Prepared","floor":28.0,"key":"SMITH"},{"data":"Acrobatics","floor":33.0,"key":"SMITH"},{"data":"Adrenaline","floor":41.0,"key":"SMITH"},{"data":"3","floor":45,"key":"LIFT"},{"data":"Doppelganger","floor":50,"key":"SMITH"}],"circlet_count":0,"master_deck":["AscendersBane","Defend_G","Defend_G","Survivor","Neutralize+1","PiercingWail+1","Eviscerate+1","Calculated Gamble+1","Prepared","Grand Finale+1","Backflip","Adrenaline+1","Prepared+1","Prepared+1","Adrenaline+1","Acrobatics+1","Doppelganger+1","Acrobatics","Grand Finale+1","Adrenaline+1"],"relics":["Ring of the Snake","NeowsBlessing","Molten Egg 2","Girya","Turnip","Runic Pyramid","Red Mask","Akabeko","Boot","HoveringKite","Lizard Tail"],"acts_visited":["Exordium","TheCity","TheBeyond"],"potions_floor_usage":[51,51,51,51],"damage_taken":[{"damage":0.0,"enemies":"2 Louse","floor":1.0,"turns":1.0},{"damage":0.0,"enemies":"Jaw Worm","floor":7.0,"turns":1.0},{"damage":0.0,"enemies":"Gremlin Nob","floor":12.0,"turns":1.0},{"damage":0.0,"enemies":"Cultist","floor":13.0,"turns":2.0},{"damage":0.0,"enemies":"3 Louse","floor":14.0,"turns":6.0},{"damage":1.0,"enemies":"Slime Boss","floor":17.0,"turns":8.0},{"damage":0.0,"enemies":"Shell Parasite","floor":19.0,"turns":5.0},{"damage":22.0,"enemies":"Masked Bandits","floor":20.0,"turns":6.0},{"damage":0.0,"enemies":"Chosen","floor":22.0,"turns":1.0},{"damage":0.0,"enemies":"Centurion and Healer","floor":23.0,"turns":3.0},{"damage":0.0,"enemies":"Slavers","floor":24.0,"turns":5.0},{"damage":0.0,"enemies":"3 Cultists","floor":29.0,"turns":2.0},{"damage":4.0,"enemies":"Collector","floor":34.0,"turns":3.0},{"damage":1.0,"enemies":"3 Darklings","floor":36.0,"turns":2.0},{"damage":2.0,"enemies":"3 Shapes","floor":38.0,"turns":1.0},{"damage":2.0,"enemies":"Sphere and 2 Shapes","floor":40.0,"turns":2.0},{"damage":0.0,"enemies":"3 Darklings","floor":43.0,"turns":1.0},{"damage":0,"enemies":"Mind Bloom Boss Battle","floor":46,"turns":2},{"damage":0,"enemies":"Spire Growth","floor":48,"turns":2},{"damage":0,"enemies":"Maw","floor":49,"turns":4},{"damage":0,"enemies":"Donu and Deca","floor":51,"turns":1}],"seed_played":"8106645941858953784","potions_obtained":[{"floor":12.0,"key":"SteroidPotion"},{"floor":13.0,"key":"EntropicBrew"},{"floor":20.0,"key":"Weak Potion"},{"floor":24.0,"key":"Strength Potion"}],"is_trial":false,"path_per_floor":["M","?","?","$","T","R","M","R","T","R","$","?","M","M","R","R","B",null,"M","?","?","M","M","E","?","R","T","R","M","$","?","$","R","B",null,"M","?","M","$","M","R","$","M","T","R","?","?","M","M","R","B",null],"character_chosen":"THE_SILENT","items_purchased":["Calculated Gamble","Acrobatics"],"campfire_rested":0,"item_purchase_floors":[11,30],"current_hp_per_floor":[59,64,64,64,64,64,64,64,64,64,64,64,64,64,64,64,63,69,69,47,47,47,47,47,47,47,47,47,47,47,47,47,47,43,64,63,63,61,61,59,59,59,59,59,59,59,59,59,59,59,59],"gold":178,"neow_bonus":"THREE_ENEMY_KILL","is_daily":false,"chose_seed":false,"campfire_upgraded":8,"win_rate":0.0,"timestamp":1613806930,"path_taken":["M","?","?","?","?","R","?","R","T","R","$","?","M","M","R","R","BOSS","M","?","?","?","M","E","?","R","T","R","M","$","?","$","R","BOSS","M","?","M","$","M","R","$","?","T","R","?","?","M","M","R","BOSS"],"items_purchased_type":["Card","Card"],"build_version":"2020-12-22","purchased_purges":3,"victory":true,"max_hp_per_floor":[66,71,71,71,71,71,71,71,71,71,71,71,71,71,71,71,71,71,71,71,71,71,71,71,71,71,71,71,71,71,71,71,71,71,71,71,71,71,71,71,71,71,71,71,71,71,71,71,71,71,71],"card_choices":[{"not_picked":["Quick Slash","Slice","Poisoned Stab"],"picked":"SKIP","floor":1.0},{"not_picked":["Blade Dance","Dodge and Roll"],"picked":"Eviscerate+1","floor":7.0},{"not_picked":["Underhanded Strike+1","Dash+1"],"picked":"Prepared","floor":12.0},{"not_picked":["Dagger Throw+1","Underhanded Strike+1"],"picked":"Grand Finale+1","floor":13.0},{"not_picked":["PiercingWail","Deadly Poison"],"picked":"Backflip","floor":14.0},{"not_picked":["Tools of the Trade","Corpse Explosion"],"picked":"Adrenaline","floor":17.0},{"not_picked":["Outmaneuver","Underhanded Strike+1","Well Laid Plans"],"picked":"SKIP","floor":19.0},{"not_picked":["Caltrops","Heel Hook+1"],"picked":"Prepared+1","floor":22.0},{"not_picked":["All Out Attack+1","Dagger Spray+1","Deflect"],"picked":"SKIP","floor":23.0},{"not_picked":["Quick Slash+1","Backflip","Bane+1"],"picked":"SKIP","floor":24.0},{"not_picked":["Finisher+1","Cloak And Dagger","Quick Slash+1"],"picked":"SKIP","floor":29.0},{"not_picked":["A Thousand Cuts","After Image"],"picked":"Doppelganger","floor":34.0},{"not_picked":["Deadly Poison","Flying Knee+1"],"picked":"Acrobatics","floor":36.0},{"not_picked":["Calculated Gamble","Acrobatics","Bane+1"],"picked":"SKIP","floor":38.0},{"not_picked":["Skewer+1","Cloak And Dagger+1","Prepared"],"picked":"SKIP","floor":40.0},{"not_picked":["Blade Dance+1","Flechettes+1","Slice+1"],"picked":"SKIP","floor":43.0},{"not_picked":["PiercingWail","Acrobatics+1","Bouncing Flask"],"picked":"SKIP","floor":48},{"not_picked":["Underhanded Strike+1","Concentrate","Unload+1"],"picked":"SKIP","floor":49}],"player_experience":562597,"relics_obtained":[{"floor":5.0,"key":"Molten Egg 2"},{"floor":9.0,"key":"Girya"},{"floor":12.0,"key":"Turnip"},{"floor":20.0,"key":"Red Mask"},{"floor":24.0,"key":"Akabeko"},{"floor":27.0,"key":"Boot"},{"floor":46,"key":"Lizard Tail"}],"event_choices":[{"damage_healed":0.0,"max_hp_gain":5.0,"max_hp_loss":0.0,"gold_gain":0.0,"event_name":"Big Fish","player_choice":"Donut","floor":2.0,"gold_loss":0.0,"damage_taken":0.0},{"damage_healed":0.0,"max_hp_gain":0.0,"max_hp_loss":0.0,"gold_gain":0.0,"cards_transformed":["Strike_G"],"event_name":"Living Wall","player_choice":"Change","floor":3.0,"gold_loss":0.0,"damage_taken":0.0,"cards_obtained":["PiercingWail"]},{"damage_healed":0.0,"max_hp_gain":0.0,"max_hp_loss":0.0,"gold_gain":0.0,"event_name":"Dead Adventurer","player_choice":"Searched \u00271\u0027 times","floor":12.0,"gold_loss":0.0,"damage_taken":0.0},{"damage_healed":0.0,"max_hp_gain":0.0,"max_hp_loss":0.0,"gold_gain":0.0,"event_name":"Masked Bandits","player_choice":"Fought Bandits","floor":20.0,"gold_loss":0.0,"damage_taken":0.0},{"damage_healed":0.0,"max_hp_gain":0.0,"max_hp_loss":0.0,"gold_gain":0.0,"cards_transformed":["Strike_G"],"event_name":"Transmorgrifier","player_choice":"Transformed","floor":21.0,"gold_loss":0.0,"damage_taken":0.0,"cards_obtained":["Prepared"]},{"damage_healed":0.0,"max_hp_gain":0.0,"max_hp_loss":0.0,"gold_gain":0.0,"cards_transformed":["Strike_G","Defend_G"],"event_name":"Drug Dealer","player_choice":"Became Test Subject","floor":25.0,"gold_loss":0.0,"damage_taken":0.0,"cards_obtained":["Adrenaline","Crippling Poison"]},{"cards_removed":["Defend_G"],"damage_healed":0.0,"max_hp_gain":0.0,"max_hp_loss":0.0,"gold_gain":0.0,"event_name":"Beggar","player_choice":"Gave Gold","floor":31.0,"gold_loss":75.0,"damage_taken":0.0},{"damage_healed":0.0,"max_hp_gain":0.0,"max_hp_loss":0.0,"gold_gain":0.0,"cards_transformed":["Defend_G"],"event_name":"Transmorgrifier","player_choice":"Transformed","floor":37.0,"gold_loss":0.0,"damage_taken":0.0,"cards_obtained":["Grand Finale"]},{"damage_healed":0,"gold_gain":0,"player_choice":"Fight","damage_taken":0,"max_hp_gain":0,"max_hp_loss":0,"event_name":"MindBloom","floor":46,"gold_loss":0},{"damage_healed":0,"gold_gain":0,"player_choice":"Copied","damage_taken":0,"max_hp_gain":0,"max_hp_loss":0,"event_name":"Duplicator","floor":47,"gold_loss":0,"cards_obtained":["Adrenaline"]}],"is_beta":false,"boss_relics":[{"not_picked":["SlaversCollar","Black Star"],"picked":"Runic Pyramid"},{"not_picked":["Cursed Key","SacredBark"],"picked":"HoveringKite"}],"items_purged_floors":[4,30,39],"is_endless":false,"potions_floor_spawned":[12,13,20,24,34,38,46,48,49],"ascension_level":17}}