{"host":"n2sr453jcjz6vvl4","time":1613785753,"event":{"mods":["BaseMod","Colored Map","Minty Spire (QoL Compilation)","Permanent Neow","Relic Stats","StSLib"],"gold_per_floor":[114,124,27,27,42,42,74,93,146,146,146,158,158,183,183,283,283,300,334,259,259,29,29,29],"floor_reached":23,"language":"ENG","playtime":1125,"items_purged":["Defend_B"],"score":217,"play_id":"206da21d-9f75-44b6-971d-91909960d8d4","local_time":"20210219214913","is_ascension_mode":true,"campfire_choices":[{"data":"Defragment","floor":6,"key":"SMITH"},{"data":"Zap","floor":11,"key":"SMITH"},{"data":"Leap","floor":15,"key":"SMITH"}],"circlet_count":0,"master_deck":["Strike_B+1","Strike_B","Strike_B","Defend_B","Defend_B","Defend_B","Zap+1","Dualcast","Rebound+1","Doom and Gloom","Defragment+1","Coolheaded","Ball Lightning","Cold Snap","Conserve Battery","Tempest","Leap+1","Rainbow","Compile Driver","Self Repair+1"],"relics":["Cracked Core","StoneCalendar","Meat on the Bone","Omamori","Potion Belt","White Beast Statue","Black Star","Red Mask","Whetstone"],"acts_visited":["Exordium","TheCity"],"potions_floor_usage":[23,23],"damage_taken":[{"damage":7,"enemies":"2 Louse","floor":1,"turns":2},{"damage":1,"enemies":"Cultist","floor":2,"turns":4},{"damage":2,"enemies":"Jaw Worm","floor":5,"turns":3},{"damage":18,"enemies":"Lagavulin","floor":7,"turns":6},{"damage":9,"enemies":"Red Slaver","floor":8,"turns":2},{"damage":9,"enemies":"Blue Slaver","floor":12,"turns":3},{"damage":1,"enemies":"Gremlin Nob","floor":14,"turns":3},{"damage":28,"enemies":"Hexaghost","floor":16,"turns":8},{"damage":10,"enemies":"Spheric Guardian","floor":18,"turns":4},{"damage":51,"enemies":"Masked Bandits","floor":19,"turns":4},{"damage":24,"enemies":"Slavers","floor":23,"turns":3}],"seed_played":"7203052959470387948","potions_obtained":[{"floor":2,"key":"Explosive Potion"},{"floor":12,"key":"Energy Potion"},{"floor":14,"key":"Strength Potion"},{"floor":16,"key":"GamblersBrew"},{"floor":18,"key":"BlessingOfTheForge"},{"floor":19,"key":"EssenceOfSteel"}],"is_trial":false,"path_per_floor":["M","M","$","?","M","R","E","M","T","?","R","M","?","E","R","B",null,"M","?","?","?","$","E"],"character_chosen":"DEFECT","items_purchased":["Defragment","Coolheaded","Whetstone"],"campfire_rested":0,"item_purchase_floors":[3,3,22],"current_hp_per_floor":[61,60,60,68,66,66,48,39,39,39,39,42,64,63,63,35,68,58,19,19,19,19,0,0],"gold":29,"neow_bonus":"ONE_RARE_RELIC","is_daily":false,"chose_seed":false,"campfire_upgraded":3,"win_rate":0.0,"timestamp":1613785753,"path_taken":["M","M","$","?","?","R","E","M","T","?","R","?","?","E","R","BOSS","M","?","?","?","$","E"],"items_purchased_type":["Card","Card","Relic"],"build_version":"2020-12-22","purchased_purges":1,"victory":false,"max_hp_per_floor":[68,68,68,68,68,68,68,68,68,68,68,68,68,68,68,68,68,68,68,68,68,68,68,68],"relic_stats":{"counters":[11,42],"StoneCalendar":[52],"Black Star":0,"Whetstone":["Strike_B","Rebound"],"obtain_stats":[{"Potion Belt":10,"StoneCalendar":0,"Omamori":9,"Black Star":17,"Red Mask":19,"Whetstone":22,"Cracked Core":0,"White Beast Statue":14,"Meat on the Bone":7},{"Potion Belt":5,"StoneCalendar":0,"Omamori":5,"Black Star":8,"Red Mask":10,"Whetstone":10,"Cracked Core":0,"White Beast Statue":7,"Meat on the Bone":4},{"Potion Belt":17,"StoneCalendar":0,"Omamori":17,"Black Star":31,"Red Mask":39,"Whetstone":39,"Cracked Core":0,"White Beast Statue":23,"Meat on the Bone":15}],"Meat on the Bone":24},"card_choices":[{"not_picked":["Steam Power","Reprogram"],"picked":"Rebound","floor":1},{"not_picked":["Turbo","Beam Cell"],"picked":"Doom and Gloom","floor":2},{"not_picked":["Lockon","Streamline"],"picked":"Ball Lightning","floor":5},{"not_picked":["Conserve Battery","Go for the Eyes"],"picked":"Cold Snap","floor":7},{"not_picked":["Recycle","Leap"],"picked":"Conserve Battery","floor":8},{"not_picked":["Steam","Capacitor"],"picked":"Tempest","floor":12},{"not_picked":["Double Energy","Sweeping Beam"],"picked":"Leap","floor":14},{"not_picked":["All For One","Fission"],"picked":"Rainbow","floor":16},{"not_picked":["Beam Cell","Barrage"],"picked":"Compile Driver","floor":18},{"not_picked":["Recycle","Hello World+1"],"picked":"Self Repair+1","floor":19}],"player_experience":199625,"relics_obtained":[{"floor":7,"key":"Meat on the Bone"},{"floor":9,"key":"Omamori"},{"floor":14,"key":"White Beast Statue"},{"floor":19,"key":"Red Mask"}],"event_choices":[{"damage_healed":8,"gold_gain":0,"player_choice":"Full Heal","damage_taken":0,"max_hp_gain":0,"max_hp_loss":0,"event_name":"Wheel of Change","floor":4,"gold_loss":0},{"damage_healed":0,"gold_gain":0,"player_choice":"Gave Potion","damage_taken":0,"relics_obtained":["Potion Belt"],"max_hp_gain":0,"max_hp_loss":0,"event_name":"WeMeetAgain","floor":10,"gold_loss":0},{"damage_healed":22,"gold_gain":0,"player_choice":"Banana","damage_taken":0,"max_hp_gain":0,"max_hp_loss":0,"event_name":"Big Fish","floor":13,"gold_loss":0},{"damage_healed":0,"gold_gain":0,"player_choice":"Fought Bandits","damage_taken":0,"max_hp_gain":0,"max_hp_loss":0,"event_name":"Masked Bandits","floor":19,"gold_loss":0},{"cards_removed":["Strike_B"],"damage_healed":0,"gold_gain":0,"player_choice":"Gave Gold","damage_taken":0,"max_hp_gain":0,"max_hp_loss":0,"event_name":"Beggar","floor":20,"gold_loss":75},{"damage_healed":0,"gold_gain":0,"player_choice":"Ignored","damage_taken":0,"max_hp_gain":0,"max_hp_loss":0,"event_name":"Vampires","floor":21,"gold_loss":0}],"is_beta":false,"boss_relics":[{"not_picked":["Calling Bell","FrozenCore"],"picked":"Black Star"}],"items_purged_floors":[22],"is_endless":false,"potions_floor_spawned":[2,12,14,16,18,19],"killed_by":"Slavers","ascension_level":2}}