{"host":"2dp3t1i5s6bd92af","time":1613817626,"event":{"mods":["ATMod(ªü½@Mod)","BaseMod","Minty Spire (QoL Compilation)","StSLib","The Marked"],"gold_per_floor":[111,111,111,111,186,214,214,214,214,226,74,105,119,133,133,133,133],"floor_reached":16,"language":"ZHS","playtime":555,"items_purged":["theMarked:Strike"],"score":108,"play_id":"15ced0eb-c960-49b4-863f-dbe855d3badb","local_time":"20210220184026","is_ascension_mode":false,"campfire_choices":[{"data":"theMarked:SoldierOfQuellstein","floor":8.0,"key":"SMITH"},{"floor":15,"key":"REST"}],"circlet_count":0,"master_deck":["theMarked:Strike","theMarked:Strike+1","theMarked:Strike","theMarked:Defend+1","theMarked:Defend","theMarked:Defend","theMarked:SoldierOfQuellstein+1","AT_FamilyPortrait","theMarked:StartUp","theMarked:PowerFlow","theMarked:ResourceFulStrike+1","theMarked:SelfDefenseTraining+1","theMarked:PowerFlow","theMarked:SwordAndMagic+1","theMarked:UnarmedFury+1"],"relics":["theMarked:ArtifactOfAir","AT_ATBox","Incense Burner","AT_ArchangelStaff","Molten Egg 2","Torii"],"acts_visited":["Exordium"],"potions_floor_usage":[],"damage_taken":[{"damage":0.0,"enemies":"2 Louse","floor":1.0,"turns":3.0},{"damage":12.0,"enemies":"3 Sentries","floor":6.0,"turns":4.0},{"damage":10.0,"enemies":"Small Slimes","floor":10.0,"turns":3.0},{"damage":2.0,"enemies":"Lagavulin","floor":12.0,"turns":6.0},{"damage":0.0,"enemies":"Jaw Worm","floor":13.0,"turns":2.0},{"damage":7,"enemies":"Red Slaver","floor":14,"turns":2},{"damage":0,"enemies":"Hexaghost","floor":16,"turns":2}],"seed_played":"-460407312300743312","potions_obtained":[{"floor":1.0,"key":"Strength Potion"}],"is_trial":false,"path_per_floor":["M","?","?","?","?","E","?","R","T","M","$","E","M","M","R","B"],"character_chosen":"THE_DEFAULT","items_purchased":["theMarked:SelfDefenseTraining+1"],"campfire_rested":1,"item_purchase_floors":[11],"current_hp_per_floor":[72,58,51,51,40,28,28,28,28,18,18,16,16,9,30,30,30],"gold":133,"neow_bonus":"REMOVE_CARD","is_daily":false,"chose_seed":false,"campfire_upgraded":1,"win_rate":0.0,"timestamp":1613817626,"path_taken":["M","?","?","?","?","E","?","R","T","?","$","E","M","M","R","BOSS"],"items_purchased_type":["Card"],"build_version":"2020-12-22","purchased_purges":1,"victory":false,"max_hp_per_floor":[72,72,72,72,72,72,72,72,72,72,72,72,72,72,72,72,72],"card_choices":[{"not_picked":["theMarked:Improvise","theMarked:TwofoldDefense"],"picked":"theMarked:StartUp","floor":1.0},{"not_picked":["theMarked:TwofoldDefense","theMarked:ResourceFulStrike"],"picked":"theMarked:PowerFlow","floor":6.0},{"not_picked":["theMarked:RepellingDischarge","theMarked:HeightenedSenses"],"picked":"theMarked:ResourceFulStrike+1","floor":10.0},{"not_picked":["theMarked:ChainLightning+1","theMarked:Improvise"],"picked":"theMarked:PowerFlow","floor":12.0},{"not_picked":["theMarked:ChainLightning+1","theMarked:Parkour+1"],"picked":"theMarked:SwordAndMagic+1","floor":13.0},{"not_picked":["theMarked:StartUp+1","theMarked:TunnelVision+1"],"picked":"theMarked:UnarmedFury+1","floor":14}],"player_experience":445293,"relics_obtained":[{"floor":6.0,"key":"AT_ArchangelStaff"},{"floor":9.0,"key":"Molten Egg 2"},{"floor":12.0,"key":"Torii"}],"event_choices":[{"damage_healed":0.0,"max_hp_gain":0.0,"max_hp_loss":0.0,"gold_gain":0.0,"event_name":"Shining Light","player_choice":"Entered Light","floor":2.0,"gold_loss":0.0,"damage_taken":14.0,"cards_upgraded":["theMarked:Strike","theMarked:Defend"]},{"cards_removed":["theMarked:Strike"],"damage_healed":0.0,"max_hp_gain":0.0,"max_hp_loss":0.0,"gold_gain":0.0,"event_name":"Golden Wing","player_choice":"Card Removal","floor":3.0,"gold_loss":0.0,"damage_taken":7.0},{"damage_healed":0.0,"max_hp_gain":0.0,"max_hp_loss":0.0,"gold_gain":0.0,"event_name":"Big Fish","player_choice":"Box","floor":4.0,"gold_loss":0.0,"damage_taken":0.0,"relics_obtained":["Incense Burner"],"cards_obtained":["Regret"]},{"damage_healed":0.0,"max_hp_gain":0.0,"max_hp_loss":0.0,"gold_gain":75.0,"event_name":"World of Goop","player_choice":"Gather Gold","floor":5.0,"gold_loss":0.0,"damage_taken":11.0},{"cards_removed":["Regret"],"damage_healed":0.0,"max_hp_gain":0.0,"max_hp_loss":0.0,"gold_gain":0.0,"event_name":"Living Wall","player_choice":"Forget","floor":7.0,"gold_loss":0.0,"damage_taken":0.0}],"is_beta":false,"boss_relics":[],"items_purged_floors":[11],"is_endless":false,"potions_floor_spawned":[1,12],"killed_by":"Hexaghost","ascension_level":0}}