{"host":"ywif2ugnepgiw45s","time":1613833914,"event":{"mods":["Act Like it!","BaseMod","Better Skull","Bossed Relics","Downfall","GifTheSpireLib","Gremlin Mod","Hermit","Lobotomy","Mimic Mod","Minty Spire (QoL Compilation)","Quick Restart","READ ME - Guardian Mod","Replay The Spire","Shade Mod","Shapeshifter Mod","Shop Mod","StSLib","The Cursed","The Exalted","The Hierophant","The Jungle","The Necromancer","The Servant 0.9.4"],"gold_per_floor":[110,35,35,35,35,35,52,52,79,79,112,112,125,125,151,164,164,266,266,284,25,36,52,65,65,99,99,99,24,24,24,24,43,43,146,146,157,157,234,109,129,157,157,157,182,182,196,207,207,218,218,238,238,238,51,85,85],"floor_reached":58,"language":"ENG","playtime":3900,"items_purged":["Regret","Gremlin:Strike","Gremlin:Enthusiasm"],"score":1213,"play_id":"de0986a7-28aa-4747-8fd7-724dfa01050e","local_time":"20210220101154","is_ascension_mode":false,"campfire_choices":[{"data":"Gremlin:Wizardry","floor":8,"key":"SMITH"},{"data":"Gremlin:ShadowShiv","floor":10,"key":"SMITH"},{"data":"Gremlin:TagTeam","floor":17,"key":"SMITH"},{"data":"Gremlin:ArmsTheft","floor":25,"key":"SMITH"},{"floor":32,"key":"REST"},{"floor":43,"key":"REST"},{"floor":46,"key":"RECALL"},{"data":"Gremlin:Unforgiving","floor":51,"key":"SMITH"},{"data":"Gremlin:Changeo","floor":54,"key":"SMITH"}],"circlet_count":0,"master_deck":["Gremlin:Strike","Gremlin:Strike","Gremlin:Defend","Gremlin:Defend","Gremlin:Defend","Gremlin:Defend","Gremlin:TagTeam+1","Gremlin:GremlinDance","Gremlin:Stupend+1","Gremlin:Wizardry+1","Gremlin:ShadowShiv+1","Gremlin:Changeo+1","Gremlin:Kablamo","Gremlin:Necromancy+1","Gremlin:Encore","Gremlin:ArmsTheft+1","Gremlin:FairyDust","Gremlin:Exacerbate","Gremlin:BulkUp","Gremlin:InfiniteBlocks","Gremlin:Unforgiving+1","Gremlin:BubbleBarrier+1","Gremlin:Patsy+1","Gremlin:Heckle+1","Gremlin:Polish","Finesse","Gremlin:Changeo","Gremlin:Pickpocket"],"relics":["Gremlin:GremlinKnob","Replay:Bottled Steam","Pear","Tiny Chest","Peace Pipe","Replay:Bronze Core","Anchor","Ornamental Fan","Bag of Preparation","Runic Pyramid","Gremlin:StolenMerchandise","Replay:Accelerometer","Mirror","Bromod:ArcaneMomentum","Kunai","Letter Opener"],"acts_visited":["Exordium","Exordium","TheBeyond","TheEnding"],"potions_floor_usage":[18,26,35,42,57,57,57],"damage_taken":[{"damage":2,"enemies":"2 Louse","floor":1,"turns":3},{"damage":0,"enemies":"Cultist","floor":7,"turns":3},{"damage":29,"enemies":"Lagavulin","floor":9,"turns":8},{"damage":7,"enemies":"Jaw Worm","floor":11,"turns":6},{"damage":0,"enemies":"Jaw Worm","floor":13,"turns":4},{"damage":15,"enemies":"3 Sentries","floor":15,"turns":7},{"damage":0,"enemies":"Blue Slaver","floor":16,"turns":4},{"damage":27,"enemies":"Slime Boss","floor":18,"turns":10},{"damage":11,"enemies":"theJungle:Flameango_and_Byrd","floor":20,"turns":7},{"damage":9,"enemies":"theJungle:GiantWrat","floor":22,"turns":4},{"damage":15,"enemies":"theJungle:SlimyTreeVines","floor":23,"turns":6},{"damage":17,"enemies":"theJungle:JungleHuntersEncounter","floor":24,"turns":6},{"damage":15,"enemies":"theJungle:Cassacara","floor":26,"turns":6},{"damage":7,"enemies":"theJungle:2_Snecko_Cultists","floor":33,"turns":4},{"damage":0,"enemies":"theJungle:FunGuy","floor":35,"turns":18},{"damage":0,"enemies":"Orb Walker","floor":37,"turns":6},{"damage":27,"enemies":"3 Darklings","floor":41,"turns":6},{"damage":35,"enemies":"Reptomancer","floor":42,"turns":9},{"damage":21,"enemies":"Transient","floor":47,"turns":5},{"damage":0,"enemies":"Writhing Mass","floor":48,"turns":7},{"damage":0,"enemies":"Jaw Worm Horde","floor":50,"turns":6},{"damage":32,"enemies":"Awakened One","floor":52,"turns":19},{"damage":101,"enemies":"Shield and Spear","floor":56,"turns":12},{"damage":6,"enemies":"The Heart","floor":57,"turns":10}],"seed_played":"7625786921460974764","potions_obtained":[{"floor":7,"key":"Adrenaline Potion"},{"floor":9,"key":"bronze:BurnAndBuffPotion"},{"floor":14,"key":"CultistPotion"},{"floor":14,"key":"Toxic Potion"},{"floor":16,"key":"CultistPotion"},{"floor":20,"key":"hexamod:SoulburnPotion"},{"floor":22,"key":"PowerPotion"},{"floor":26,"key":"SpeedPotion"},{"floor":37,"key":"ColorlessPotion"},{"floor":48,"key":"Strength Potion"},{"floor":50,"key":"Elixir"}],"is_trial":false,"path_per_floor":["M","$","?","$","PTL","PTL","M","R","E","R","MIM","R","M","?","E","M","R","B",null,"M","$","M","M","M","R","E","?","T","$","T","$","R","M","R","B",null,"M","?","T","$","M","E","R","T","T","R","M","M","T","M","R","B",null,"R","$","E","B",null],"character_chosen":"GREMLIN","items_purchased":["Gremlin:FairyDust","Gremlin:InfiniteBlocks","Gremlin:StolenMerchandise","Gremlin:Polish","Finesse","Gremlin:Changeo"],"campfire_rested":2,"item_purchase_floors":[21,29,40,55,55,55],"current_hp_per_floor":[20,20,20,20,20,20,20,20,20,20,13,13,21,21,21,13,13,21,21,21,21,5,8,6,6,11,11,11,11,11,11,17,11,17,16,21,21,21,21,21,15,8,14,14,14,14,21,21,21,21,21,7,21,21,21,21,8],"gold":85,"neow_bonus":"RANDOM_EVENT","is_daily":false,"chose_seed":false,"campfire_upgraded":6,"win_rate":0.0,"timestamp":1613833914,"path_taken":["M","$","?","?","PTL","PTL","?","R","E","R","MIM","R","M","?","E","M","R","BOSS","M","?","M","M","M","R","E","?","T","$","?","$","R","M","R","BOSS","M","?","?","$","M","E","R","?","T","R","M","M","?","M","R","BOSS","R","$","E","BOSS"],"items_purchased_type":["Card","Card","Relic","Card","Card","Card"],"build_version":"2020-12-22","purchased_purges":3,"victory":true,"max_hp_per_floor":[20,20,20,20,20,20,20,20,22,22,22,21,21,21,21,21,21,21,21,21,21,21,21,21,21,21,21,21,21,21,21,21,21,21,21,21,21,21,21,21,21,21,21,21,21,21,21,21,21,21,21,21,21,21,21,21,21],"card_choices":[{"not_picked":["Gremlin:BubbleBarrier","Gremlin:PartyStick"],"picked":"Gremlin:Stupend","floor":1},{"not_picked":["Gremlin:Raid","Gremlin:AggressiveDefense"],"picked":"Gremlin:Wizardry","floor":7},{"not_picked":["Gremlin:Glimmer","Gremlin:GremlinToss"],"picked":"Gremlin:ShadowShiv","floor":9},{"not_picked":["Gremlin:Astound","Gremlin:ToeStub"],"picked":"Gremlin:Changeo","floor":11},{"not_picked":["Gremlin:GlitterGuard","Gremlin:FollowThrough"],"picked":"Gremlin:Kablamo","floor":13},{"not_picked":["Gremlin:Rhythm","Gremlin:TwistTheKnife"],"picked":"Gremlin:Necromancy","floor":15},{"not_picked":["Gremlin:Changeo","Gremlin:PinNeedle"],"picked":"Gremlin:Enthusiasm","floor":16},{"not_picked":["Gremlin:Nob","Gremlin:Fury"],"picked":"Gremlin:Encore","floor":18},{"not_picked":["Gremlin:Pretaliation","Gremlin:GremlinMeal"],"picked":"Gremlin:ArmsTheft","floor":20},{"not_picked":["Gremlin:ArmsTheft","Gremlin:Irritability","Gremlin:Glimmer"],"picked":"SKIP","floor":22},{"not_picked":["Gremlin:Pretaliation","Gremlin:GremlinMeal","Gremlin:Tricksy"],"picked":"SKIP","floor":23},{"not_picked":["Gremlin:Tadah","Gremlin:Irritability","Gremlin:CatScratch"],"picked":"SKIP","floor":24},{"not_picked":["Gremlin:Revel","Gremlin:Pretaliation+1"],"picked":"Gremlin:Exacerbate","floor":26},{"not_picked":["Gremlin:BulkUp","Gremlin:TwistTheKnife","Gremlin:GremlinMeal"],"picked":"SKIP","floor":33},{"not_picked":["Gremlin:Exacerbate","Gremlin:BrokenShin"],"picked":"Gremlin:Unforgiving","floor":35},{"not_picked":["Gremlin:ToeStub","Gremlin:Pretaliation","Gremlin:Glimmer+1"],"picked":"SKIP","floor":37},{"not_picked":["Gremlin:Jeer","Gremlin:BulkUp+1","Gremlin:Dazzle"],"picked":"SKIP","floor":41},{"not_picked":["Gremlin:ArmsTheft","Gremlin:ShowStopper"],"picked":"Gremlin:BubbleBarrier+1","floor":42},{"not_picked":["Gremlin:Tricksy+1","Gremlin:Tadah"],"picked":"Gremlin:Patsy+1","floor":47},{"not_picked":["Gremlin:ShankStone","Gremlin:GremlinOffensive+1"],"picked":"Gremlin:Heckle+1","floor":48},{"not_picked":["Gremlin:Kablamo+1","Gremlin:Enthusiasm","Gremlin:PinNeedle"],"picked":"SKIP","floor":50},{"not_picked":["Gremlin:CatScratch+1","Gremlin:MakeshiftArmor+1"],"picked":"Gremlin:Pickpocket","floor":56}],"player_experience":1818799,"relics_obtained":[{"floor":9,"key":"Pear"},{"floor":11,"key":"Tiny Chest"},{"floor":15,"key":"Peace Pipe"},{"floor":26,"key":"Anchor"},{"floor":28,"key":"Ornamental Fan"},{"floor":30,"key":"Bag of Preparation"},{"floor":42,"key":"Replay:Accelerometer"},{"floor":44,"key":"Mirror"},{"floor":45,"key":"Bromod:ArcaneMomentum"},{"floor":49,"key":"Kunai"},{"floor":56,"key":"Letter Opener"}],"event_choices":[{"damage_healed":0,"gold_gain":0,"player_choice":"Box","damage_taken":0,"relics_obtained":["Replay:Bottled Steam"],"max_hp_gain":0,"max_hp_loss":0,"event_name":"Big Fish","floor":0,"gold_loss":0,"cards_obtained":["Regret"]},{"damage_healed":0,"gold_gain":0,"player_choice":"Upgraded","damage_taken":0,"max_hp_gain":0,"max_hp_loss":0,"event_name":"Upgrade Shrine","floor":3,"gold_loss":0,"cards_upgraded":["Gremlin:Stupend"]},{"damage_healed":0,"gold_gain":0,"player_choice":"Got Potions","damage_taken":0,"max_hp_gain":0,"max_hp_loss":0,"event_name":"Lab","floor":14,"gold_loss":0},{"damage_healed":0,"gold_gain":0,"cards_transformed":["Gremlin:Strike"],"player_choice":"Transformed","damage_taken":0,"max_hp_gain":0,"max_hp_loss":0,"event_name":"Transmorgrifier","floor":27,"gold_loss":0,"cards_obtained":["Gremlin:BulkUp"]},{"damage_healed":0,"gold_gain":0,"player_choice":"Memory 1","damage_taken":0,"max_hp_gain":0,"max_hp_loss":0,"event_name":"SensoryStone","floor":38,"gold_loss":0}],"is_beta":false,"boss_relics":[{"not_picked":["ReplayTheSpireMod:DimensionalGlitch","Replay:Wanted Poster"],"picked":"Replay:Bronze Core"},{"not_picked":["Black Star","Sozu"],"picked":"Runic Pyramid"}],"items_purged_floors":[2,21,40],"is_endless":false,"potions_floor_spawned":[7,9,15,16,20,22,26,37,48,50,56],"ascension_level":0}}