{"host":"y080dcqw8fj32q7d","time":1613839075,"event":{"mods":["AchievementEnabler","BaseMod","Colored Map","Colored Powertips","DeckTracker","Minty Spire (QoL Compilation)","Relic Sorter"],"gold_per_floor":[118,193,211,65,65,65,91,45,45,75,87,98,129,188,188,286,286,298,298,108,60,75,103,103,115,161,235,86,86,100,117,117,212,212,232,232,14,24,41,41,68,68,137,137,137],"floor_reached":44,"language":"ENG","playtime":2627,"items_purged":["Strike_R","Strike_R","Defend_R","Strike_R"],"score":498,"play_id":"2781fe8d-ed38-4f14-ada4-8dac4a6532e2","local_time":"20210220193755","is_ascension_mode":true,"campfire_choices":[{"data":"Armaments","floor":6.0,"key":"SMITH"},{"floor":15.0,"key":"REST"},{"floor":24.0,"key":"RECALL"},{"data":"Double Tap","floor":32.0,"key":"SMITH"},{"floor":40,"key":"REST"},{"data":"1","floor":42,"key":"LIFT"}],"circlet_count":0,"master_deck":["Strike_R","Strike_R","Defend_R","Defend_R","Bash","Armaments+1","Rage","Immolate","Wild Strike","Iron Wave","Bludgeon","Anger","Double Tap+1","Shrug It Off","Dramatic Entrance","Armaments","Shrug It Off","Anger","Rage","Immolate","CurseOfTheBell","Combust"],"relics":["Burning Blood","Boot","Akabeko","Ancient Tea Set","Tiny Chest","Runic Cube","TungstenRod","Dream Catcher","Bottled Lightning","MutagenicStrength","Calling Bell","CeramicFish","HornCleat","CaptainsWheel","Girya","Eternal Feather"],"acts_visited":["Exordium","TheCity","TheBeyond"],"potions_floor_usage":[33,44,44,44,44],"damage_taken":[{"damage":10.0,"enemies":"Jaw Worm","floor":1.0,"turns":4.0},{"damage":5.0,"enemies":"Cultist","floor":3.0,"turns":4.0},{"damage":11.0,"enemies":"Gremlin Nob","floor":7.0,"turns":3.0},{"damage":16.0,"enemies":"Lagavulin","floor":10.0,"turns":6.0},{"damage":0.0,"enemies":"2 Louse","floor":11.0,"turns":2.0},{"damage":8.0,"enemies":"2 Fungi Beasts","floor":12.0,"turns":3.0},{"damage":2.0,"enemies":"Gremlin Nob","floor":13.0,"turns":3.0},{"damage":17.0,"enemies":"Lagavulin Event","floor":14.0,"turns":4.0},{"damage":43.0,"enemies":"Slime Boss","floor":16.0,"turns":8.0},{"damage":5.0,"enemies":"3 Byrds","floor":18.0,"turns":4.0},{"damage":6.0,"enemies":"Shell Parasite","floor":22.0,"turns":4.0},{"damage":8.0,"enemies":"Slavers","floor":23.0,"turns":5.0},{"damage":13.0,"enemies":"Centurion and Healer","floor":25.0,"turns":4.0},{"damage":0.0,"enemies":"3 Cultists","floor":30.0,"turns":1.0},{"damage":8.0,"enemies":"Chosen and Byrds","floor":31.0,"turns":5.0},{"damage":56,"enemies":"Collector","floor":33,"turns":6},{"damage":3,"enemies":"3 Shapes","floor":35,"turns":3},{"damage":9,"enemies":"Orb Walker","floor":38,"turns":4},{"damage":58,"enemies":"Transient","floor":39,"turns":5},{"damage":33,"enemies":"Reptomancer","floor":41,"turns":7},{"damage":40,"enemies":"Giant Head","floor":44,"turns":7}],"seed_played":"-5015876485651581608","potions_obtained":[{"floor":1.0,"key":"ElixirPotion"},{"floor":3.0,"key":"Energy Potion"},{"floor":7.0,"key":"FearPotion"},{"floor":10.0,"key":"SpeedPotion"},{"floor":13.0,"key":"ElixirPotion"},{"floor":19.0,"key":"Fire Potion"},{"floor":19.0,"key":"SteroidPotion"},{"floor":19.0,"key":"Regen Potion"},{"floor":23.0,"key":"Ancient Potion"},{"floor":30.0,"key":"Strength Potion"},{"floor":31.0,"key":"SneckoOil"},{"floor":33,"key":"ElixirPotion"},{"floor":41,"key":"EntropicBrew"}],"is_trial":false,"path_per_floor":["M","?","M","$","?","R","E","$","T","E","M","M","E","?","R","B",null,"M","?","$","$","M","E","R","M","T","T","$","?","M","M","R","B",null,"M","?","$","M","M","R","E","R","T","E"],"character_chosen":"IRONCLAD","items_purchased":["Immolate","Iron Wave","Dramatic Entrance","Armaments","Shrug It Off","Combust"],"campfire_rested":2,"item_purchase_floors":[4,8,20,21,28,37],"current_hp_per_floor":[84,73,74,74,74,74,69,69,69,59,65,63,67,56,82,45,88,88,88,88,88,88,86,86,88,88,88,88,88,88,86,86,36,88,88,88,88,85,33,59,32,32,32,0,0],"gold":137,"neow_bonus":"TEN_PERCENT_HP_BONUS","is_daily":false,"chose_seed":false,"campfire_upgraded":2,"win_rate":0.0,"timestamp":1613839075,"path_taken":["M","?","M","$","?","R","E","?","T","E","?","M","E","?","R","BOSS","M","?","?","$","M","E","R","?","T","?","$","?","M","M","R","BOSS","M","?","$","M","M","R","E","R","T","E"],"items_purchased_type":["Card","Card","Card","Card","Card","Card"],"build_version":"2020-12-22","purchased_purges":4,"victory":false,"max_hp_per_floor":[88,88,88,88,88,88,88,88,88,88,88,88,88,88,88,88,88,88,88,88,88,88,88,88,88,88,88,88,88,88,88,88,88,88,88,88,88,88,88,88,88,88,88,88,88],"card_choices":[{"not_picked":["Shrug It Off","Heavy Blade"],"picked":"Armaments","floor":1.0},{"not_picked":["Clash","Heavy Blade"],"picked":"Rage","floor":3.0},{"not_picked":["Clash","Dark Embrace"],"picked":"Wild Strike","floor":7.0},{"not_picked":["Iron Wave","Anger"],"picked":"Bludgeon","floor":10.0},{"not_picked":["Evolve","Armaments"],"picked":"Anger","floor":11.0},{"not_picked":["Seeing Red","Entrench","Iron Wave"],"picked":"SKIP","floor":12.0},{"not_picked":["Hemokinesis","True Grit","Whirlwind"],"picked":"SKIP","floor":13.0},{"not_picked":["Juggernaut","Berserk"],"picked":"Double Tap","floor":16.0},{"not_picked":["Havoc+1","Uppercut+1"],"picked":"Shrug It Off","floor":18.0},{"not_picked":["Warcry+1","Sword Boomerang","Havoc+1"],"picked":"SKIP","floor":22.0},{"not_picked":["Sword Boomerang","Sever Soul","Feel No Pain+1"],"picked":"SKIP","floor":23.0},{"not_picked":["Sword Boomerang","Reckless Charge+1","Rage"],"picked":"SKIP","floor":25.0},{"not_picked":["Thunderclap+1","Clash+1"],"picked":"Anger","floor":30.0},{"not_picked":["Entrench","Cleave+1"],"picked":"Rage","floor":31.0},{"not_picked":["Feed","Corruption"],"picked":"Immolate","floor":33},{"not_picked":["Metallicize","Entrench","Reckless Charge"],"picked":"SKIP","floor":35},{"not_picked":["Inflame+1","Carnage+1","Whirlwind+1"],"picked":"SKIP","floor":38},{"not_picked":["Thunderclap","Anger","Armaments"],"picked":"SKIP","floor":39},{"not_picked":["Warcry","Blood for Blood","Havoc+1"],"picked":"SKIP","floor":41}],"player_experience":354177,"relics_obtained":[{"floor":7.0,"key":"Boot"},{"floor":10.0,"key":"Akabeko"},{"floor":13.0,"key":"Ancient Tea Set"},{"floor":14.0,"key":"Tiny Chest"},{"floor":23.0,"key":"TungstenRod"},{"floor":26.0,"key":"Dream Catcher"},{"floor":27.0,"key":"Bottled Lightning"},{"floor":34,"key":"CeramicFish"},{"floor":34,"key":"HornCleat"},{"floor":34,"key":"CaptainsWheel"},{"floor":41,"key":"Girya"},{"floor":43,"key":"Eternal Feather"}],"event_choices":[{"damage_healed":0.0,"max_hp_gain":0.0,"max_hp_loss":0.0,"gold_gain":75.0,"event_name":"World of Goop","player_choice":"Gather Gold","floor":2.0,"gold_loss":0.0,"damage_taken":11.0},{"cards_removed":["Defend_R"],"damage_healed":0.0,"max_hp_gain":0.0,"max_hp_loss":0.0,"gold_gain":0.0,"event_name":"Living Wall","player_choice":"Forget","floor":5.0,"gold_loss":0.0,"damage_taken":0.0},{"damage_healed":0.0,"max_hp_gain":0.0,"max_hp_loss":0.0,"gold_gain":0.0,"event_name":"Dead Adventurer","player_choice":"Searched \u00271\u0027 times","floor":14.0,"gold_loss":0.0,"damage_taken":0.0},{"damage_healed":0.0,"max_hp_gain":0.0,"max_hp_loss":0.0,"gold_gain":0.0,"event_name":"Lab","player_choice":"Got Potions","floor":19.0,"gold_loss":0.0,"damage_taken":0.0},{"damage_healed":0.0,"max_hp_gain":0.0,"max_hp_loss":0.0,"gold_gain":0.0,"event_name":"Drug Dealer","player_choice":"Inject Mutagens","floor":29.0,"gold_loss":0.0,"damage_taken":0.0,"relics_obtained":["MutagenicStrength"]},{"damage_healed":0,"gold_gain":0,"player_choice":"Ignored","damage_taken":0,"max_hp_gain":0,"max_hp_loss":0,"event_name":"Tomb of Lord Red Mask","floor":36,"gold_loss":0}],"is_beta":false,"boss_relics":[{"not_picked":["Pandora\u0027s Box","Snecko Eye"],"picked":"Runic Cube"},{"not_picked":["Tiny House","Runic Dome"],"picked":"Calling Bell"}],"items_purged_floors":[4,20,28,37],"is_endless":false,"potions_floor_spawned":[1,3,7,10,13,23,30,31,33,41],"killed_by":"Giant Head","ascension_level":1}}