{"host":"121m0oxswv9tg9hk","time":1613829057,"event":{"mods":["BaseMod","Better Altar","Better Third Choice","Hermit","Hubris","Ironclad Rager","MarisaÅiñ∂âJÅ@ñÇóùçπÅj","Minty Spire (QoL Compilation)","Replay The Spire","StSLib","The Construct","The Mystic"],"gold_per_floor":[209,29,39,39,54,64,94,94,175,175,188,188,217,231,231,309,309,323,295,314,128,148,148,148,148],"floor_reached":24,"language":"ENG","playtime":1786,"items_purged":["Strike_R","Pain"],"score":420,"play_id":"d03139ef-0b24-44fc-8255-e81036c66bfe","local_time":"20210220145057","is_ascension_mode":true,"campfire_choices":[{"floor":10,"key":"REST"},{"data":"True Grit","floor":12,"key":"SMITH"},{"floor":23,"key":"REST"}],"circlet_count":0,"master_deck":["AscendersBane","Strike_R","Strike_R","Strike_R","Defend_R","Defend_R","Defend_R","Defend_R","Bash","Cleave","ReplayTheSpireMod:Strike From Hell","True Grit+1","Clothesline","True Grit+1","ReplayTheSpireMod:Strike From Hell","Evolve","Burning Pact","Impervious","Uppercut+1","Offering","Feel No Pain","Reckless Charge","Entrench","Sentinel","Metallicize","Dual Wield"],"relics":["Burning Blood","Ring of Hypnosis","Ring of Peace","Strawberry","Mirror","Calipers","Empty Cage","ReplayTheSpireMod:CursedCoin"],"acts_visited":["Exordium","TheCity"],"potions_floor_usage":[7,13,16,18,22,24],"damage_taken":[{"damage":4,"enemies":"2 Louse","floor":1,"turns":3},{"damage":2,"enemies":"Jaw Worm","floor":3,"turns":4},{"damage":9,"enemies":"Cultist","floor":5,"turns":4},{"damage":48,"enemies":"Exordium Thugs","floor":6,"turns":11},{"damage":18,"enemies":"Lagavulin","floor":7,"turns":8},{"damage":0,"enemies":"Looter","floor":11,"turns":4},{"damage":19,"enemies":"Gremlin Nob","floor":13,"turns":4},{"damage":4,"enemies":"Blue Slaver","floor":14,"turns":7},{"damage":11,"enemies":"Slime Boss","floor":16,"turns":11},{"damage":30,"enemies":"Spheric Guardian","floor":18,"turns":7},{"damage":14,"enemies":"2 Thieves","floor":19,"turns":4},{"damage":15,"enemies":"Snake Plant","floor":20,"turns":8},{"damage":16,"enemies":"Sentry and Sphere","floor":22,"turns":11},{"damage":50,"enemies":"Book of Stabbing","floor":24,"turns":7}],"seed_played":"4454074337188230526","potions_obtained":[{"floor":5,"key":"Cursed Concoction"},{"floor":7,"key":"SneckoOil"},{"floor":13,"key":"Cursed Concoction"},{"floor":16,"key":"Adrenaline Potion"},{"floor":22,"key":"SkillPotion"}],"is_trial":false,"path_per_floor":["M","$","M","?","M","M","E","?","T","R","M","R","E","M","R","B",null,"M","M","M","$","M","R","E"],"character_chosen":"IRONCLAD","items_purchased":["ReplayTheSpireMod:Strike From Hell","True Grit","Sentinel","ReplayTheSpireMod:CursedCoin","Metallicize","LiquidMemories"],"campfire_rested":2,"item_purchase_floors":[2,2,21,21,21,21],"current_hp_per_floor":[70,70,74,74,71,29,24,24,24,48,54,54,41,43,67,62,77,53,45,36,36,26,50,0,0],"gold":148,"neow_bonus":"HUNDRED_GOLD","is_daily":false,"chose_seed":false,"campfire_upgraded":1,"win_rate":0.0,"timestamp":1613829057,"path_taken":["M","$","M","?","M","M","E","?","T","R","M","R","E","?","R","BOSS","M","M","M","$","M","R","E"],"items_purchased_type":["Card","Card","Card","Relic","Card","Potion"],"build_version":"2020-12-22","purchased_purges":2,"victory":false,"max_hp_per_floor":[75,75,75,75,75,75,82,82,82,82,82,82,82,82,82,82,82,82,82,82,82,82,82,82,82],"card_choices":[{"not_picked":["Pommel Strike","ReplayTheSpireMod:Strike From Hell"],"picked":"Cleave","floor":1},{"not_picked":["Heavy Blade","Replay:Undeath\u0027s Touch"],"picked":"Clothesline","floor":3},{"not_picked":["ReplayReversal","Carnage"],"picked":"True Grit","floor":5},{"not_picked":["Rampage","True Grit"],"picked":"ReplayTheSpireMod:Strike From Hell","floor":6},{"not_picked":["Thunderclap","True Grit"],"picked":"Evolve","floor":7},{"not_picked":["Shrug It Off","True Grit"],"picked":"Burning Pact","floor":11},{"not_picked":["Rage","Wild Strike"],"picked":"Impervious","floor":13},{"not_picked":["Perfected Strike","Sever Soul"],"picked":"Uppercut","floor":14},{"not_picked":["Impervious","Limit Break"],"picked":"Offering","floor":16},{"not_picked":["Pommel Strike","Flex"],"picked":"Feel No Pain","floor":18},{"not_picked":["Shrug It Off","hubris:ReadiedAction"],"picked":"Reckless Charge","floor":19},{"not_picked":["Cleave","Armaments"],"picked":"Entrench","floor":20},{"not_picked":["Seeing Red","Sword Boomerang"],"picked":"Dual Wield","floor":22}],"player_experience":2576884,"relics_obtained":[{"floor":4,"key":"Ring of Hypnosis"},{"floor":4,"key":"Ring of Peace"},{"floor":7,"key":"Strawberry"},{"floor":9,"key":"Mirror"},{"floor":13,"key":"Calipers"}],"event_choices":[{"damage_healed":0,"gold_gain":0,"player_choice":"Upgraded","damage_taken":0,"max_hp_gain":0,"max_hp_loss":0,"event_name":"Upgrade Shrine","floor":8,"gold_loss":0,"cards_upgraded":["True Grit"]}],"is_beta":false,"boss_relics":[{"not_picked":["Runic Cube","Coffee Dripper"],"picked":"Empty Cage"}],"items_purged_floors":[2,21],"is_endless":false,"potions_floor_spawned":[5,7,13,16,22],"killed_by":"Book of Stabbing","ascension_level":20}}