{"host":"szp1d6dso4pv7ddl","time":1613785942,"event":{"mods":["AchievementEnabler","Alarm Clock","BaseMod","Bestiary","Block Reminder","Colored Map","Colored Powertips","Curses Come First","Dark Map","Displayed Cursed Tome","Highlight Path","Minty Spire (QoL Compilation)","Permanent Neow","Quick Restart","Relic Sorter","Relic Stats","StSLib","Synergy Search"],"gold_per_floor":[109,184,48,67,81,81,81,106,187,187,212,212,244,260,260,260,260],"floor_reached":16,"language":"ENG","playtime":985,"items_purged":[],"score":236,"play_id":"2ff8d605-b1b6-4247-bca7-3701af1f2fef","local_time":"20210219175222","is_ascension_mode":true,"campfire_choices":[{"data":"Cloak And Dagger","floor":6,"key":"SMITH"},{"floor":12,"key":"REST"},{"floor":15,"key":"REST"}],"circlet_count":0,"master_deck":["AscendersBane","Strike_G","Strike_G","Strike_G","Strike_G","Strike_G","Defend_G","Defend_G","Defend_G","Defend_G","Defend_G","Survivor","Neutralize","Cloak And Dagger+1","Blade Dance","Flash of Steel","Dagger Throw","Cloak And Dagger","Footwork","Underhanded Strike","Dash","Wraith Form v2","Masterful Stab","Choke"],"relics":["Ring of the Snake","Lizard Tail","Dream Catcher","Question Card","Singing Bowl","Pear"],"acts_visited":["Exordium"],"potions_floor_usage":[13,13],"damage_taken":[{"damage":6,"enemies":"Jaw Worm","floor":1,"turns":6},{"damage":0,"enemies":"Small Slimes","floor":4,"turns":3},{"damage":0,"enemies":"2 Louse","floor":5,"turns":2},{"damage":27,"enemies":"Gremlin Nob","floor":8,"turns":4},{"damage":22,"enemies":"3 Sentries","floor":11,"turns":13},{"damage":25,"enemies":"Gremlin Nob","floor":13,"turns":6},{"damage":3,"enemies":"Blue Slaver","floor":14,"turns":5},{"damage":81,"enemies":"The Guardian","floor":16,"turns":8}],"seed_played":"-7889956593598964691","potions_obtained":[{"floor":1,"key":"LiquidMemories"},{"floor":11,"key":"Ancient Potion"}],"is_trial":false,"path_per_floor":["M","?","$","M","M","R","?","E","T","?","E","R","E","M","R","B"],"character_chosen":"THE_SILENT","items_purchased":["Blade Dance","Flash of Steel"],"campfire_rested":2,"item_purchase_floors":[3,3],"current_hp_per_floor":[53,42,42,42,42,42,60,33,33,33,11,29,14,11,32,0,0],"gold":260,"neow_bonus":"ONE_RARE_RELIC","is_daily":false,"chose_seed":false,"campfire_upgraded":1,"win_rate":0.0,"timestamp":1613785942,"path_taken":["M","?","$","M","M","R","?","E","T","?","E","R","E","M","R","BOSS"],"items_purchased_type":["Card","Card"],"build_version":"2020-12-22","purchased_purges":0,"victory":false,"max_hp_per_floor":[60,60,60,60,60,60,60,60,60,60,60,60,70,70,70,70,70],"relic_stats":{"Lizard Tail":35,"Dream Catcher":2,"Singing Bowl":0,"counters":[8,47],"Question Card":5,"obtain_stats":[{"Lizard Tail":0,"Dream Catcher":8,"Pear":13,"Singing Bowl":11,"Question Card":9,"Ring of the Snake":0},{"Lizard Tail":0,"Dream Catcher":4,"Pear":6,"Singing Bowl":5,"Question Card":4,"Ring of the Snake":0},{"Lizard Tail":0,"Dream Catcher":15,"Pear":34,"Singing Bowl":28,"Question Card":15,"Ring of the Snake":0}],"Ring of the Snake":[16]},"card_choices":[{"not_picked":["All Out Attack","Bane"],"picked":"Cloak And Dagger","floor":1},{"not_picked":["Reflex","Quick Slash"],"picked":"Dagger Throw","floor":4},{"not_picked":["Calculated Gamble","PiercingWail"],"picked":"Cloak And Dagger","floor":5},{"not_picked":["Slice","Terror"],"picked":"Footwork","floor":8},{"not_picked":["Dagger Spray","Dodge and Roll","Quick Slash"],"picked":"Underhanded Strike","floor":11},{"not_picked":["Poisoned Stab","Dagger Spray","Sucker Punch"],"picked":"Dash","floor":12},{"not_picked":["Underhanded Strike","Venomology","Noxious Fumes"],"picked":"Wraith Form v2","floor":13},{"not_picked":["Deflect","Blade Dance","Backflip"],"picked":"Masterful Stab","floor":14},{"not_picked":["Dagger Throw","Deflect","PiercingWail"],"picked":"Choke","floor":15}],"player_experience":1597866,"relics_obtained":[{"floor":8,"key":"Dream Catcher"},{"floor":9,"key":"Question Card"},{"floor":11,"key":"Singing Bowl"},{"floor":13,"key":"Pear"}],"event_choices":[{"damage_healed":0,"gold_gain":75,"player_choice":"Gather Gold","damage_taken":11,"max_hp_gain":0,"max_hp_loss":0,"event_name":"World of Goop","floor":2,"gold_loss":0},{"damage_healed":20,"gold_gain":0,"player_choice":"Banana","damage_taken":0,"max_hp_gain":0,"max_hp_loss":0,"event_name":"Big Fish","floor":7,"gold_loss":0},{"damage_healed":0,"gold_gain":0,"player_choice":"Ignored","damage_taken":0,"max_hp_gain":0,"max_hp_loss":0,"event_name":"Golden Idol","floor":10,"gold_loss":0}],"is_beta":false,"boss_relics":[],"items_purged_floors":[],"is_endless":false,"potions_floor_spawned":[1,11],"killed_by":"The Guardian","ascension_level":20}}