{"host":"d6oxvn0vsgxeumax","time":1613842264,"event":{"mods":["BaseMod","Better Altar","Better Match","Better Note","Better Sensory Stone","Better Skull","Better Third Choice","BetterRewards","Bossed Relics","Colored Map","Colored Powertips","Defuse TimeMaze Blight","Downfall","Hubris","Infinite Spire","Minty Spire (QoL Compilation)","Relic Sorter","Replay The Spire","Shop Mod","Spicy Shops","Spire Arcade","StSLib","The Bug Knight","Uncapped"],"gold_per_floor":[99,112,112,287,287,306,306,379,279,279,297,297,297,3,38,50,67,172,172,172,192,192,192,207,227,227,227,66,66,98,110,139,131,159,271,271,271,294,40,40,40,40,64,91,91,39,79,79,107,7,7,7,7],"floor_reached":51,"language":"ENG","playtime":2583,"items_purged":["Normality","Regret"],"score":796,"play_id":"5e309a49-91c2-4498-be22-2a1ee23567fc","local_time":"20210220113104","is_ascension_mode":true,"campfire_choices":[{"data":"hexamod:Float","floor":9.0,"key":"SMITH"},{"data":"hexamod:GiftsFromTheDead","floor":20.0,"key":"SMITH"},{"data":"hexamod:GiftsFromTheDead","floor":37,"key":"SMITH"},{"data":"infinitespire:Collect","floor":45,"key":"SMITH"},{"data":"hexamod:Incineration","floor":50,"key":"SMITH"}],"circlet_count":0,"master_deck":["hexamod:Strike","hexamod:Strike","hexamod:Strike+1","hexamod:Defend","hexamod:Defend","hexamod:Defend+1","hexamod:Defend","hexamod:Sear+1","hexamod:Float+1","hexamod:WildfireWeapon+1","hexamod:BurningTouch","hubris:TrickCloak+1","hexamod:PowerFromBeyond+1","hexamod:PowerFromBeyond","hexamod:HeatCrush+1","hexamod:EtherealExpedition+1","hexamod:Hexaguard","hexamod:GiftsFromTheDead+1","hexamod:FlamesFromBeyond","ReplayTheSpireMod:Book of Names+1","hexamod:BurningTouch+1","hexamod:HeatCrush+1","hexamod:GiftsFromTheDead+1","hexamod:ThirdSeal","hexamod:FirstSeal","hexamod:SecondSeal","hexamod:FourthSeal","hexamod:ParanormalForm","hexamod:UnleashSpirits","ReplayTheSpireMod:Faulty Equipment","hexamod:ThirdSeal","hexamod:UnlimitedPower","hexamod:Incineration+1","infinitespire:Collect+1","hexamod:RainOfEmbers+1"],"relics":["hexamod:SpiritBrand","hubris:Icosahedron","Happy Flower","Shuriken","downfall:HeartBlessingBlue","hexamod:RecyclingMachine","hexamod:SoulOfChaos","hubris:ToyBattleship","Astrolabe","Bottled Lightning","Durian","Matryoshka","sneckomod:BlankCard","Darkstone Periapt","Counterbalance","MerchantsRug","Bag of Marbles","Lantern","Anchor","Akabeko","expansioncontent:StudyCardRelic","Bag of Preparation","Replay:Rubber Ducky","infinitespire:Golems Mask","Blue Doll","War Paint","downfall:HeartBlessingGreen"],"acts_visited":["Exordium","TheCity","TheBeyond"],"potions_floor_usage":[35,49],"damage_taken":[{"damage":1.0,"enemies":"Jaw Worm","floor":2.0,"turns":4.0},{"damage":0.0,"enemies":"2 Louse","floor":6.0,"turns":4.0},{"damage":1.0,"enemies":"Cultist","floor":11.0,"turns":3.0},{"damage":0.0,"enemies":"downfall:FleeingMerchant","floor":14.0,"turns":4.0},{"damage":4.0,"enemies":"3 Sentries","floor":15.0,"turns":8.0},{"damage":6.0,"enemies":"Exordium Wildlife","floor":16.0,"turns":6.0},{"damage":0.0,"enemies":"Large Slime","floor":17.0,"turns":5.0},{"damage":8.0,"enemies":"IC_STATUS_ARCHETYPE","floor":18.0,"turns":3.0},{"damage":0.0,"enemies":"Shell Parasite","floor":21.0,"turns":4.0},{"damage":0.0,"enemies":"Chosen","floor":24.0,"turns":3.0},{"damage":6.0,"enemies":"Snake Plant","floor":25.0,"turns":3.0},{"damage":10.0,"enemies":"downfall:FleeingMerchant","floor":28.0,"turns":4.0},{"damage":0.0,"enemies":"Shelled Parasite and Fungi","floor":29.0,"turns":1.0},{"damage":27.0,"enemies":"Gremlin Leader","floor":30.0,"turns":4.0},{"damage":0.0,"enemies":"Centurion and Healer","floor":31.0,"turns":3.0},{"damage":14.0,"enemies":"Replay:Snechameleon","floor":32.0,"turns":4.0},{"damage":12.0,"enemies":"Snecko","floor":34.0,"turns":4.0},{"damage":27,"enemies":"WA_ARCHETYPE_CALM","floor":35,"turns":9},{"damage":22,"enemies":"Orb Walker","floor":38,"turns":3},{"damage":3,"enemies":"downfall:FleeingMerchant","floor":39,"turns":3},{"damage":0,"enemies":"3 Darklings","floor":44,"turns":5},{"damage":26,"enemies":"Reptomancer","floor":47,"turns":3},{"damage":0,"enemies":"R_Hoarder","floor":49,"turns":3},{"damage":0,"enemies":"Jaw Worm Horde","floor":51,"turns":1}],"seed_played":"2957861115092466836","potions_obtained":[{"floor":5.0,"key":"downfall:CursedFountainPotion"},{"floor":11.0,"key":"LiquidBronze"},{"floor":17.0,"key":"Regen Potion"},{"floor":24.0,"key":"Block Potion"},{"floor":25.0,"key":"SmokeBomb"},{"floor":30.0,"key":"Fire Potion"},{"floor":32.0,"key":"Strength Potion"},{"floor":34.0,"key":"Regen Potion"},{"floor":35,"key":"GamblersBrew"},{"floor":35,"key":"hexamod:EctoCoolerPotion"},{"floor":38,"key":"SpeedPotion"},{"floor":39,"key":"Death Potion"},{"floor":44,"key":"Swift Potion"},{"floor":49,"key":"EntropicBrew"}],"is_trial":false,"path_per_floor":["R_BF","M","?","?","?","M","T","T","R","?","M","PTL","PTL","$","E","M","M","B",null,"R","M","?","?","M","M","T","?","$","M","E","M","E","?","M","B",null,"R","M","?","AVR","?","?","T","M","R","$","E","?","E","R","M"],"character_chosen":"THE_SPIRIT","items_purchased":["hexamod:RecyclingMachine","hexamod:SoulOfChaos","hexamod:EtherealExpedition+1","Guide Book","MerchantsRug","Bag of Marbles","Lantern","hexamod:Incineration","Anchor","infinitespire:Golems Mask"],"campfire_rested":0,"item_purchase_floors":[14,14,14,28,39,39,39,39,39,46],"current_hp_per_floor":[70,69,42,42,42,42,42,42,52,52,51,51,51,51,47,41,41,33,80,80,80,80,80,80,74,74,74,64,64,42,42,28,21,25,20,103,103,88,100,100,100,92,92,99,99,99,80,80,80,80,80,80,80],"gold":7,"neow_bonus":"THREE_RARE_CARDS","is_daily":false,"chose_seed":false,"campfire_upgraded":5,"win_rate":0.0,"timestamp":1613842264,"path_taken":["R_BF","M","?","?","?","?","T","?","R","?","M","PTL","PTL","$","E","M","M","BOSS","R","M","?","?","M","M","T","?","$","M","E","M","E","?","M","BOSS","R","M","?","AVR","?","?","T","?","R","$","E","?","E","R","M"],"items_purchased_type":["Relic","Relic","Card","Relic","Relic","Relic","Relic","Card","Relic","Relic"],"build_version":"2020-12-22","purchased_purges":2,"victory":false,"max_hp_per_floor":[70,70,70,70,70,70,70,70,80,80,80,80,80,80,80,80,80,80,80,80,80,80,80,80,80,80,80,80,80,85,85,85,85,85,85,103,103,103,103,103,103,103,103,103,103,103,103,103,103,103,103,103,103],"card_choices":[{"not_picked":["hexamod:VolcanoVisage","hexamod:TimeOfNeed"],"picked":"hexamod:WildfireWeapon","floor":0.0},{"not_picked":["hexamod:InspiringFlames","hexamod:NightmareStrike"],"picked":"hexamod:BurningTouch","floor":2.0},{"not_picked":["hexamod:SwordOfDarkness","hexamod:Hexaguard"],"picked":"hexamod:PowerFromBeyond","floor":6.0},{"not_picked":["hexamod:NightmareStrike","hexamod:InspiringFlames"],"picked":"hexamod:PowerFromBeyond","floor":11.0},{"not_picked":["hexamod:SpectralAdrenaline","hexamod:AdvancingGuard"],"picked":"hexamod:HeatCrush","floor":14.0},{"not_picked":["hexamod:InspiringFlames","hexamod:RetreatToShadows","hexamod:Firestarter"],"picked":"SKIP","floor":15.0},{"not_picked":["hexamod:SuperheatedStrike","hexamod:RetreatToShadows","hexamod:NightmareGuise"],"picked":"SKIP","floor":16.0},{"not_picked":["hexamod:FourthSeal","hexamod:GhostShield"],"picked":"hexamod:Hexaguard","floor":17.0},{"not_picked":["hexamod:TimeOfNeed","hexamod:SearingWound"],"picked":"hexamod:GiftsFromTheDead","floor":18.0},{"not_picked":["hexamod:GhostLash","hexamod:RadiantFlame+1"],"picked":"hexamod:FlamesFromBeyond","floor":21.0},{"not_picked":["hexamod:HeatMetal","hexamod:SuperheatedStrike+1","hexamod:GhostShield+1"],"picked":"SKIP","floor":24.0},{"not_picked":["hexamod:ThermalTransfer","hexamod:PowerFromBeyond"],"picked":"hexamod:BurningTouch+1","floor":25.0},{"not_picked":["hexamod:ChargedBarrage","hexamod:AdvancingGuard"],"picked":"hexamod:HeatCrush+1","floor":28.0},{"not_picked":["hexamod:Hexaguard","hexamod:NightmareStrike+1","hexamod:Firestarter"],"picked":"SKIP","floor":30.0},{"not_picked":["hexamod:HauntingEcho+1","hexamod:ThermalTransfer+1"],"picked":"hexamod:GiftsFromTheDead","floor":31.0},{"not_picked":["hexamod:BacktrackSmack+1","hexamod:ShieldOfDarkness"],"picked":"hexamod:ThirdSeal","floor":32.0},{"not_picked":["hexamod:InspiringFlames","hexamod:NightmareStrike","hexamod:Firestarter"],"picked":"SKIP","floor":34.0},{"not_picked":["hexamod:GhostShield+1","hexamod:SwordOfDarkness","hexamod:SpectralAdrenaline+1"],"picked":"SKIP","floor":34.0},{"not_picked":["hexamod:GhostOfSpirePresent","hexamod:WildfireWeapon"],"picked":"hexamod:ParanormalForm","floor":35},{"not_picked":["hexamod:TimeOfNeed","hexamod:ParanormalForm"],"picked":"hexamod:UnleashSpirits","floor":35},{"not_picked":["Injury","Languid"],"picked":"ReplayTheSpireMod:Faulty Equipment","floor":36},{"not_picked":["hubris:Wrath","hubris:Despair"],"picked":"ReplayTheSpireMod:Faulty Equipment","floor":36},{"not_picked":["ReplayTheSpireMod:Splinters","Parasite"],"picked":"Regret","floor":36},{"not_picked":["hexamod:DynamicBlow+1","hexamod:Hexaguard"],"picked":"hexamod:ThirdSeal","floor":38},{"not_picked":["hexamod:AdvancingGuard","hexamod:ThermalTransfer"],"picked":"hexamod:UnlimitedPower","floor":39},{"not_picked":["hexamod:NightmareGuise+1","hexamod:FastForward","hexamod:Firestarter"],"picked":"SKIP","floor":39},{"not_picked":["hexamod:ThermalTransfer","hexamod:HeatCrush+1","hexamod:GhostOfSpirePast+1"],"picked":"SKIP","floor":44},{"not_picked":["hexamod:RetreatToShadows+1","hexamod:GhostOfSpirePast","hexamod:Hexaguard+1"],"picked":"SKIP","floor":44},{"not_picked":["hexamod:SwordOfDarkness","hexamod:BurningTouch+1","hexamod:FlamesFromBeyond+1"],"picked":"SKIP","floor":44},{"not_picked":["hexamod:RecurringNightmare","hexamod:SoulSteal+1"],"picked":"hexamod:RainOfEmbers+1","floor":47},{"not_picked":["hexamod:HeatCrush+1","hexamod:GhostOfSpirePresent","hexamod:SkipABeat+1"],"picked":"SKIP","floor":47},{"not_picked":["hexamod:AdvancingGuard","hexamod:Firestarter","hexamod:HauntingEcho+1"],"picked":"SKIP","floor":47},{"not_picked":["hexamod:Firestarter","hexamod:NightmareGuise+1","hexamod:ThermalTransfer"],"picked":"SKIP","floor":49},{"not_picked":["hexamod:HeatShield","hexamod:SoulSteal","hexamod:RecurringNightmare+1"],"picked":"SKIP","floor":49},{"not_picked":["hexamod:AdvancingGuard+1","hexamod:HauntingEcho+1","hexamod:PowerFromBeyond"],"picked":"SKIP","floor":49}],"player_experience":1132113,"relics_obtained":[{"floor":8.0,"key":"Shuriken"},{"floor":15.0,"key":"hubris:ToyBattleship"},{"floor":26.0,"key":"Bottled Lightning"},{"floor":30.0,"key":"Durian"},{"floor":32.0,"key":"Matryoshka"},{"floor":43,"key":"Bag of Preparation"},{"floor":43,"key":"Replay:Rubber Ducky"},{"floor":47,"key":"Blue Doll"},{"floor":49,"key":"War Paint"}],"event_choices":[{"cards_removed":["ReplayTheSpireMod:Book of Names"],"damage_healed":0.0,"max_hp_gain":0.0,"max_hp_loss":0.0,"gold_gain":0.0,"event_name":"betterNote:BetterNote","player_choice":"Take \u0026 Give","floor":22.0,"gold_loss":0.0,"damage_taken":0.0,"cards_obtained":["ReplayTheSpireMod:Book of Names"]}],"is_beta":false,"boss_relics":[{"not_picked":["hubris:Stopwatch","ChewingGum"],"picked":"Astrolabe"},{"not_picked":["Tiny House","sneckomod:SneckoTalon"],"picked":"Replay:Ancient Bell"},{"not_picked":["infinitespire:Lucky Rock","CeramicFish"],"picked":"sneckomod:BlankCard"},{"not_picked":["Gremlin Horn","infinitespire:CheckeredPen"],"picked":"Darkstone Periapt"},{"not_picked":["hubris:Potato","StoneCalendar"],"picked":"Counterbalance"}],"items_purged_floors":[14,39],"is_endless":false,"potions_floor_spawned":[11,17,24,25,30,32,35,47,49],"killed_by":"Jaw Worm Horde","ascension_level":1}}