{"host":"spd19cimorv47raq","time":1613794054,"event":{"mods":["AchievementEnabler","BaseMod","Colored Map","DeckTracker","Keyboard Shortcuts","Minty Spire (QoL Compilation)","Quick Restart","StSLib","SuperFastMode"],"gold_per_floor":[110,110,15,76,1,31,31,60,60,70,87,122,122,138,138,210,210,229,47,47,66,81,81,6,6,6],"floor_reached":25,"language":"KOR","playtime":778,"items_purged":["Strike_R","Strike_R"],"score":538,"play_id":"f7940249-606d-4888-ae27-6c3d12ca1971","local_time":"20210220130734","is_ascension_mode":true,"campfire_choices":[{"data":"Fire Breathing","floor":7.0,"key":"SMITH"},{"data":"Entrench","floor":15.0,"key":"SMITH"},{"data":"Entrench","floor":23,"key":"SMITH"}],"circlet_count":0,"master_deck":["AscendersBane","Strike_R","Defend_R","Defend_R","Defend_R","Defend_R","Bash","Hemokinesis","Fire Breathing+1","Shrug It Off","Uppercut+1","True Grit","Whirlwind","Metallicize+1","Entrench+1","Barricade+1","Shrug It Off","Entrench+1"],"relics":["Burning Blood","NeowsBlessing","Mercury Hourglass","Magic Flower","Frozen Egg 2","Charon\u0027s Ashes","Runic Dome"],"acts_visited":["Exordium","TheCity"],"potions_floor_usage":[25],"damage_taken":[{"damage":0.0,"enemies":"Small Slimes","floor":1.0,"turns":2.0},{"damage":0.0,"enemies":"Gremlin Nob","floor":6.0,"turns":1.0},{"damage":0.0,"enemies":"3 Sentries","floor":8.0,"turns":1.0},{"damage":4.0,"enemies":"Jaw Worm","floor":10.0,"turns":4.0},{"damage":6.0,"enemies":"2 Louse","floor":11.0,"turns":3.0},{"damage":22.0,"enemies":"Gremlin Nob","floor":12.0,"turns":4.0},{"damage":0.0,"enemies":"Lots of Slimes","floor":14.0,"turns":1.0},{"damage":56.0,"enemies":"Hexaghost","floor":16.0,"turns":10.0},{"damage":4.0,"enemies":"3 Byrds","floor":18.0,"turns":4.0},{"damage":24.0,"enemies":"2 Thieves","floor":21.0,"turns":3.0},{"damage":11,"enemies":"Centurion and Healer","floor":22,"turns":17},{"damage":53,"enemies":"Book of Stabbing","floor":25,"turns":6}],"seed_played":"-2577070920706198328","potions_obtained":[{"floor":1.0,"key":"Block Potion"},{"floor":8.0,"key":"GamblersBrew"},{"floor":14.0,"key":"Explosive Potion"},{"floor":22,"key":"PowerPotion"}],"is_trial":false,"path_per_floor":["M","?","$","?","$","E","R","E","T","M","M","E","?","M","R","B",null,"M","$","?","M","M","R","?","E"],"character_chosen":"IRONCLAD","items_purchased":["Fire Breathing","Shrug It Off","Energy Potion","Shrug It Off"],"campfire_rested":0,"item_purchase_floors":[3,3,19,19],"current_hp_per_floor":[74,74,74,74,74,75,75,75,75,75,75,62,62,71,71,24,62,67,67,67,52,50,50,50,0,0],"gold":6,"neow_bonus":"THREE_ENEMY_KILL","is_daily":false,"chose_seed":false,"campfire_upgraded":3,"win_rate":0.0,"timestamp":1613794054,"path_taken":["M","?","$","?","$","E","R","E","T","M","M","E","?","M","R","BOSS","M","?","?","?","M","R","?","E"],"items_purchased_type":["Card","Card","Potion","Card"],"build_version":"2020-12-22","purchased_purges":2,"victory":false,"max_hp_per_floor":[75,75,75,75,75,75,75,75,75,75,75,75,75,75,75,75,75,75,75,75,75,75,75,75,75,75],"card_choices":[{"not_picked":["Entrench","Anger"],"picked":"Hemokinesis","floor":1.0},{"not_picked":["Pommel Strike","Iron Wave"],"picked":"Uppercut","floor":6.0},{"not_picked":["Cleave","Spot Weakness"],"picked":"True Grit","floor":8.0},{"not_picked":["Clash","Headbutt","Sword Boomerang"],"picked":"SKIP","floor":10.0},{"not_picked":["Clash","Headbutt","Sword Boomerang"],"picked":"SKIP","floor":10.0},{"not_picked":["Seeing Red","Clash"],"picked":"Whirlwind","floor":11.0},{"not_picked":["Flame Barrier","Havoc"],"picked":"Metallicize+1","floor":12.0},{"not_picked":["Ghostly Armor","Armaments"],"picked":"Entrench","floor":14.0},{"not_picked":["Juggernaut+1","Impervious"],"picked":"Barricade+1","floor":16.0},{"not_picked":["True Grit","Ghostly Armor","Iron Wave+1"],"picked":"SKIP","floor":18.0},{"not_picked":["Havoc","Clash"],"picked":"Entrench","floor":21.0},{"not_picked":["Cleave","Clash","Pummel"],"picked":"SKIP","floor":22},{"not_picked":["Cleave","Clash","Pummel"],"picked":"SKIP","floor":22}],"player_experience":877993,"relics_obtained":[{"floor":6.0,"key":"Mercury Hourglass"},{"floor":8.0,"key":"Magic Flower"},{"floor":9.0,"key":"Frozen Egg 2"},{"floor":12.0,"key":"Charon\u0027s Ashes"}],"event_choices":[{"damage_healed":0.0,"max_hp_gain":0.0,"max_hp_loss":0.0,"gold_gain":0.0,"event_name":"Shining Light","player_choice":"Ignored","floor":2.0,"gold_loss":0.0,"damage_taken":0.0},{"damage_healed":0.0,"max_hp_gain":0.0,"max_hp_loss":0.0,"gold_gain":61.0,"event_name":"Golden Wing","player_choice":"Gained Gold","floor":4.0,"gold_loss":0.0,"damage_taken":0.0},{"damage_healed":0.0,"max_hp_gain":0.0,"max_hp_loss":0.0,"gold_gain":0.0,"event_name":"Upgrade Shrine","player_choice":"Upgraded","floor":13.0,"gold_loss":0.0,"damage_taken":0.0,"cards_upgraded":["Uppercut"]},{"cards_removed":["Strike_R"],"damage_healed":0.0,"max_hp_gain":0.0,"max_hp_loss":0.0,"gold_gain":0.0,"event_name":"Bonfire Elementals","player_choice":"Offered Basic","floor":20.0,"gold_loss":0.0,"damage_taken":0.0},{"cards_removed":["Strike_R"],"damage_healed":0,"gold_gain":0,"player_choice":"Gave Gold","damage_taken":0,"max_hp_gain":0,"max_hp_loss":0,"event_name":"Beggar","floor":24,"gold_loss":75}],"is_beta":false,"boss_relics":[{"not_picked":["SacredBark","Coffee Dripper"],"picked":"Runic Dome"}],"items_purged_floors":[5,19],"is_endless":false,"potions_floor_spawned":[1,8,14,22],"killed_by":"Book of Stabbing","ascension_level":20}}