{"host":"8inpc3yxphy2r27y","time":1613791278,"event":{"mods":["ATMod(阿瑾Mod)","Act Like it!","Alarm Clock","BaseMod","Better Synergies","Better Vampires","Challenge The Spire","Conspire","Decade(王小明)","Defuse TimeMaze Blight","Downfall","Energized Spire","FanaticalFans","FoggyMod","Gensokyo","Highlight Path","Jedi Mod","LagranYue(拉格朗・月)","Lobotomy","LobotomyExtend","Minty Spire (QoL Compilation)","MostiFishMod","Pale of the Ancients","Potion Indicator Mod","Quarter Circle Forward PUNCH!","Quick Restart","Relic Filter Mod","Relic Stats","Replay The Spire","RumiaBox-露米娅的神秘盒子","Ryuuou龙王","SIMod","Shop Mod","Spicy Shops","StSLib","TestMod","The Animator","UnlockEverythingMod","[GremlinLeader]The Maniac","[IsaacMod]以撒尖塔","noobMod","【遗物卡牌】REMEMod","篝火指南"],"gold_per_floor":[116,116,138,220,244,288,57,57,247,247,247],"floor_reached":10,"language":"ZHS","playtime":392,"items_purged":["animator:Strike"],"score":70,"play_id":"c2e94ed8-08af-45d5-acfc-8a39d1510748","local_time":"20210220112118","is_ascension_mode":true,"campfire_choices":[],"circlet_count":0,"master_deck":["animator:Strike_OnePunchMan","animator:Defend_OnePunchMan","animator:Strike","animator:Strike","animator:Defend","animator:Defend","animator:Defend","animator:Genos","animator:MumenRider","AT_FamilyPortrait+1","REME_WheelOfFate+1","Eruption+1","Freischutz","animator:ZankiKiguchi","Wellcheers","animator:GuildGirl","animator:Aqua","ShyLook","animator:MamiTomoe"],"relics":["animator:LivingPicture","animator:TheMissingPiece","REME_ComplimentaryCards","ice","Fans:FanaticalFans","DaveBox","HushsDoor","AT_ATBox","testmod-TestBox","LagranYue:RandomDrawCardRelic","testmod-BloodSacrificeSpiritualization","Jackal-EndForJourney","CogitoBucket","Baka","LetterFromLob","SynthV:TestCard","Lantern","AT_SunfireAegis","conspire:InfiniteJournal","SteamSale","Replay:Wax Seal","MerchantsRug","BloodDonationBag"],"acts_visited":["Exordium"],"potions_floor_usage":[7],"damage_taken":[{"damage":6.0,"enemies":"2 Louse","floor":1.0,"turns":1.0},{"damage":6.0,"enemies":"Cultist","floor":3.0,"turns":1.0},{"damage":44,"enemies":"3 Sentries","floor":6,"turns":7},{"damage":1360159,"enemies":"Gremlin Nob","floor":10,"turns":1}],"seed_played":"-8269548310096167088","potions_obtained":[{"floor":3.0,"key":"PowerPotion"},{"floor":4.0,"key":"REME_GoldPotion"},{"floor":4.0,"key":"Flashbang"}],"is_trial":false,"path_per_floor":["M","?","M","?","T","E","$","?","T","E"],"character_chosen":"THE_ANIMATOR","items_purchased":["SteamSale","Replay:Wax Seal","MerchantsRug"],"campfire_rested":0,"item_purchase_floors":[7,7,7],"current_hp_per_floor":[60,45,39,13,13,28,28,28,5,0,0],"gold":247,"neow_bonus":"","is_daily":false,"chose_seed":false,"campfire_upgraded":0,"win_rate":0.0,"timestamp":1613791278,"path_taken":["M","?","?","?","?","E","$","?","T","E"],"items_purchased_type":["Relic","Relic","Relic"],"build_version":"2020-12-22","purchased_purges":1,"victory":false,"max_hp_per_floor":[66,66,66,66,66,68,68,68,68,68,68],"relic_stats":{"counters":[4,10],"obtain_stats":[{"Lantern":2,"AT_ATBox":0,"DaveBox":0,"LagranYue:RandomDrawCardRelic":0,"animator:TheMissingPiece":0,"ice":0,"Fans:FanaticalFans":0,"testmod-BloodSacrificeSpiritualization":0,"conspire:InfiniteJournal":6,"CogitoBucket":0,"Jackal-EndForJourney":0,"Replay:Wax Seal":7,"KeepersGift":0,"MerchantsRug":7,"BookofShadows":0,"testmod-TestBox":0,"Baka":1,"SteamSale":7,"SynthV:TestCard":1,"BloodDonationBag":9,"animator:LivingPicture":0,"LetterFromLob":1,"AT_SunfireAegis":4,"HushsDoor":0,"REME_ComplimentaryCards":0,"BloodDonationMachine":9},{"Lantern":1,"AT_ATBox":0,"DaveBox":0,"LagranYue:RandomDrawCardRelic":0,"animator:TheMissingPiece":0,"ice":0,"Fans:FanaticalFans":0,"testmod-BloodSacrificeSpiritualization":0,"conspire:InfiniteJournal":3,"CogitoBucket":0,"Jackal-EndForJourney":0,"Replay:Wax Seal":3,"KeepersGift":0,"MerchantsRug":3,"BookofShadows":0,"testmod-TestBox":0,"Baka":1,"SteamSale":3,"SynthV:TestCard":1,"BloodDonationBag":3,"animator:LivingPicture":0,"LetterFromLob":1,"AT_SunfireAegis":2,"HushsDoor":0,"REME_ComplimentaryCards":0,"BloodDonationMachine":3},{"Lantern":1,"AT_ATBox":0,"DaveBox":0,"LagranYue:RandomDrawCardRelic":0,"animator:TheMissingPiece":0,"ice":0,"Fans:FanaticalFans":0,"testmod-BloodSacrificeSpiritualization":0,"conspire:InfiniteJournal":9,"CogitoBucket":0,"Jackal-EndForJourney":0,"Replay:Wax Seal":9,"KeepersGift":0,"MerchantsRug":9,"BookofShadows":0,"testmod-TestBox":0,"Baka":1,"SteamSale":9,"SynthV:TestCard":1,"BloodDonationBag":9,"animator:LivingPicture":0,"LetterFromLob":1,"AT_SunfireAegis":2,"HushsDoor":0,"REME_ComplimentaryCards":0,"BloodDonationMachine":9}]},"card_choices":[{"not_picked":[],"picked":"SuicideKing","floor":0.0},{"not_picked":["OldLady","Wellcheers"],"picked":"Freischutz","floor":1.0},{"not_picked":["animator:Konayuki","animator:Chung"],"picked":"animator:ZankiKiguchi","floor":1.0},{"not_picked":["CherryBlossoms","UniverseFragment","FairyFestival"],"picked":"Singing Bowl","floor":3.0},{"not_picked":["Murderer","QueenBee"],"picked":"Wellcheers","floor":3.0},{"not_picked":["animator:Illya","animator:Hitei","animator:Alexander","animator:Add"],"picked":"animator:GuildGirl","floor":3.0},{"not_picked":["animator:UneriGinkaku","animator:Chung","animator:HighElfArcher","animator:Berserker"],"picked":"animator:Aqua","floor":4.0},{"not_picked":["FairyFestival","UniverseFragment","WallGazer"],"picked":"Singing Bowl","floor":6},{"not_picked":["MHz","BeautyBeast"],"picked":"ShyLook","floor":6},{"not_picked":["animator:Caster","animator:Rider","animator:SakuraMatou","animator:Emonzaemon"],"picked":"animator:MamiTomoe","floor":6}],"player_experience":118622,"relics_obtained":[{"floor":1.0,"key":"Baka"},{"floor":1.0,"key":"LetterFromLob"},{"floor":1.0,"key":"SynthV:TestCard"},{"floor":4.0,"key":"AT_SunfireAegis"},{"floor":6,"key":"conspire:InfiniteJournal"},{"floor":9,"key":"BloodDonationMachine"}],"event_choices":[{"damage_healed":0,"gold_gain":0,"player_choice":"Leave","damage_taken":0,"max_hp_gain":0,"max_hp_loss":0,"event_name":"conspire:Investor","floor":8,"gold_loss":0}],"is_beta":false,"boss_relics":[],"items_purged_floors":[7],"is_endless":false,"potions_floor_spawned":[3],"killed_by":"Gremlin Nob","ascension_level":2}}