{"host":"0kk91h4bq4kgfj0u","time":1613792698,"event":{"mods":["BaseMod","Bestiary","Block Reminder","Colored Map","Colored Powertips","Curses Come First","Highlight Path","Minty Spire (QoL Compilation)","Relic Stats","StSLib"],"gold_per_floor":[115,115,127,127,145,179,179,213,213,213,213,91,132,15,15,135,135,159,159,159,177,177,177,211,211,211,227,252,293,323,63,63,63,63],"floor_reached":33,"language":"ENG","playtime":1055,"items_purged":[],"score":486,"play_id":"883c14ea-aace-434b-96a8-478245c82233","local_time":"20210219224458","is_ascension_mode":true,"campfire_choices":[{"floor":7.0,"key":"REST"},{"floor":11.0,"key":"REST"},{"floor":15.0,"key":"RECALL"},{"data":"Armaments","floor":23.0,"key":"SMITH"},{"floor":25.0,"key":"REST"},{"floor":32.0,"key":"REST"}],"circlet_count":0,"master_deck":["Strike_R","Strike_R","Strike_R+1","Strike_R","Strike_R","Defend_R","Defend_R","Defend_R+1","Defend_R","Bash","Anger","Shrug It Off","Injury","Cleave","Blood for Blood","Armaments+1","Inflame","Feed","Impervious","Heavy Blade+1","RitualDagger","Infernal Blade","Offering","Flex","Writhe","Pommel Strike+1","Rupture","Wild Strike+1","Metallicize","Flex"],"relics":["Burning Blood","Golden Idol","Bag of Preparation","The Courier","MealTicket","Strawberry","Pen Nib","Cursed Key","Toy Ornithopter","MawBank","Mango"],"acts_visited":["Exordium","TheCity"],"potions_floor_usage":[33],"damage_taken":[{"damage":8.0,"enemies":"2 Louse","floor":1.0,"turns":4.0},{"damage":0.0,"enemies":"Small Slimes","floor":3.0,"turns":4.0},{"damage":7.0,"enemies":"Jaw Worm","floor":5.0,"turns":3.0},{"damage":38.0,"enemies":"Lagavulin","floor":6.0,"turns":6.0},{"damage":32.0,"enemies":"Gremlin Nob","floor":8.0,"turns":4.0},{"damage":22.0,"enemies":"3 Sentries","floor":13.0,"turns":6.0},{"damage":50.0,"enemies":"Hexaghost","floor":16.0,"turns":12.0},{"damage":20.0,"enemies":"Chosen","floor":18.0,"turns":5.0},{"damage":13.0,"enemies":"3 Byrds","floor":21.0,"turns":6.0},{"damage":18.0,"enemies":"Slavers","floor":24.0,"turns":5.0},{"damage":21.0,"enemies":"Snecko","floor":27.0,"turns":5.0},{"damage":6.0,"enemies":"Centurion and Healer","floor":28.0,"turns":5.0},{"damage":45.0,"enemies":"Gremlin Leader","floor":29.0,"turns":5.0},{"damage":26.0,"enemies":"Shelled Parasite and Fungi","floor":30.0,"turns":3.0},{"damage":81,"enemies":"Automaton","floor":33,"turns":7}],"seed_played":"5064762359273248300","potions_obtained":[{"floor":1.0,"key":"ColorlessPotion"},{"floor":5.0,"key":"SkillPotion"},{"floor":13.0,"key":"DistilledChaos"},{"floor":21.0,"key":"BlessingOfTheForge"},{"floor":28.0,"key":"LiquidBronze"},{"floor":30.0,"key":"Strength Potion"}],"is_trial":false,"path_per_floor":["M","?","M","?","M","E","R","E","T","?","R","$","E","$","R","B",null,"M","?","?","M","?","R","E","R","T","M","M","E","M","$","R","B"],"character_chosen":"IRONCLAD","items_purchased":["Strawberry","Feed","Mango","Flex"],"campfire_rested":4,"item_purchase_floors":[12,14,31,31],"current_hp_per_floor":[78,60,66,66,65,33,59,33,33,33,59,81,65,80,80,40,84,70,70,64,60,60,60,51,82,82,67,70,31,11,40,76,0,0],"gold":63,"neow_bonus":"TEN_PERCENT_HP_BONUS","is_daily":false,"chose_seed":false,"campfire_upgraded":1,"win_rate":0.0,"timestamp":1613792698,"path_taken":["M","?","M","?","M","E","R","E","T","?","R","$","E","?","R","BOSS","M","?","?","M","?","R","E","R","T","M","?","E","M","$","R","BOSS"],"items_purchased_type":["Relic","Card","Relic","Card"],"build_version":"2020-12-22","purchased_purges":0,"victory":false,"max_hp_per_floor":[88,88,88,88,88,88,88,88,88,88,88,95,95,95,95,99,99,99,99,99,102,102,102,105,105,105,105,108,108,108,122,122,122,122],"relic_stats":{"counters":[15,80],"Golden Idol":86,"MealTicket":45,"Pen Nib":[10],"Bag of Preparation":[22],"Cursed Key":1,"MawBank":24,"obtain_stats":[{"Golden Idol":4,"Strawberry":12,"MealTicket":9,"Mango":31,"The Courier":8,"Pen Nib":13,"Bag of Preparation":6,"Cursed Key":17,"MawBank":29,"Burning Blood":0,"Toy Ornithopter":24},{"Golden Idol":2,"Strawberry":5,"MealTicket":5,"Mango":14,"The Courier":5,"Pen Nib":6,"Bag of Preparation":4,"Cursed Key":7,"MawBank":13,"Burning Blood":0,"Toy Ornithopter":10},{"Golden Idol":8,"Strawberry":21,"MealTicket":21,"Mango":73,"The Courier":21,"Pen Nib":27,"Bag of Preparation":17,"Cursed Key":39,"MawBank":70,"Burning Blood":0,"Toy Ornithopter":55}],"Burning Blood":84,"Toy Ornithopter":5},"card_choices":[{"not_picked":["Second Wind","Pommel Strike"],"picked":"Anger","floor":1.0},{"not_picked":["Second Wind","Twin Strike"],"picked":"Shrug It Off","floor":3.0},{"not_picked":["Clothesline","Rage"],"picked":"Cleave","floor":5.0},{"not_picked":["Rupture","True Grit"],"picked":"Blood for Blood","floor":6.0},{"not_picked":["Clash","Feel No Pain"],"picked":"Armaments","floor":8.0},{"not_picked":["Evolve","Sever Soul"],"picked":"Inflame","floor":13.0},{"not_picked":["Feed","Juggernaut"],"picked":"Impervious","floor":16.0},{"not_picked":["Inflame","Thunderclap"],"picked":"Heavy Blade+1","floor":18.0},{"not_picked":["Anger","Perfected Strike"],"picked":"Infernal Blade","floor":21.0},{"not_picked":["Warcry+1","Thunderclap"],"picked":"Flex","floor":24.0},{"not_picked":["Power Through","Clothesline"],"picked":"Pommel Strike+1","floor":27.0},{"not_picked":["Cleave","Anger"],"picked":"Rupture","floor":28.0},{"not_picked":["Havoc","Metallicize"],"picked":"Wild Strike+1","floor":29.0},{"not_picked":["Fiend Fire","Shrug It Off"],"picked":"Metallicize","floor":30.0}],"player_experience":886355,"relics_obtained":[{"floor":6.0,"key":"Bag of Preparation"},{"floor":8.0,"key":"The Courier"},{"floor":9.0,"key":"MealTicket"},{"floor":13.0,"key":"Pen Nib"},{"floor":24.0,"key":"Toy Ornithopter"},{"floor":29.0,"key":"MawBank"}],"event_choices":[{"damage_healed":0.0,"max_hp_gain":0.0,"max_hp_loss":0.0,"gold_gain":0.0,"event_name":"Shining Light","player_choice":"Entered Light","floor":2.0,"gold_loss":0.0,"damage_taken":18.0,"cards_upgraded":["Strike_R","Defend_R"]},{"damage_healed":0.0,"max_hp_gain":0.0,"max_hp_loss":0.0,"gold_gain":0.0,"event_name":"Golden Idol","player_choice":"Take Wound","floor":4.0,"gold_loss":0.0,"damage_taken":0.0,"relics_obtained":["Golden Idol"],"cards_obtained":["Injury"]},{"damage_healed":0.0,"max_hp_gain":0.0,"max_hp_loss":0.0,"gold_gain":0.0,"event_name":"Liars Game","player_choice":"Ignored","floor":10.0,"gold_loss":0.0,"damage_taken":0.0},{"damage_healed":0.0,"max_hp_gain":0.0,"max_hp_loss":0.0,"gold_gain":0.0,"event_name":"Vampires","player_choice":"Ignored","floor":19.0,"gold_loss":0.0,"damage_taken":0.0},{"damage_healed":0.0,"max_hp_gain":0.0,"max_hp_loss":0.0,"gold_gain":0.0,"event_name":"Nest","player_choice":"Joined the Cult","floor":20.0,"gold_loss":0.0,"damage_taken":6.0,"cards_obtained":["RitualDagger"]},{"damage_healed":0.0,"max_hp_gain":0.0,"max_hp_loss":0.0,"gold_gain":0.0,"event_name":"Match and Keep!","player_choice":"1 cards matched","floor":22.0,"gold_loss":0.0,"damage_taken":0.0,"cards_obtained":["Offering"]}],"is_beta":false,"boss_relics":[{"not_picked":["Astrolabe","SlaversCollar"],"picked":"Cursed Key"}],"items_purged_floors":[],"is_endless":false,"potions_floor_spawned":[1,5,13,21,28,30],"killed_by":"Automaton","ascension_level":9}}