{"host":"4qkvkh7pd9qr2mca","time":1613858695,"event":{"mods":["AchievementEnabler","Act Like it!","BaseMod","Colored Map","Colored Powertips","Highlight Path","Minty Spire (QoL Compilation)","Pale of the Ancients","Permanent Neow","Quick Restart","Relic Stats","StSLib","SuperFastMode"],"gold_per_floor":[111,122,132,22,22,51,51,51,51,51,51,51,78,92,92,169,169,182,196,4,20,35,35,47,81,105,145,65,65,97,120,120,202,202,221,13,36,50,50,91,91,135,135,167,192,219,219,244,244,244,244,244],"floor_reached":51,"language":"ENG","playtime":2584,"items_purged":["Strike_G"],"score":1666,"play_id":"03c7e267-7050-4f5d-b9fa-f7e5a5af4538","local_time":"20210220230455","is_ascension_mode":true,"campfire_choices":[{"floor":7.0,"key":"REST"},{"floor":10.0,"key":"REST"},{"floor":12.0,"key":"REST"},{"floor":15.0,"key":"REST"},{"data":"After Image","floor":23.0,"key":"SMITH"},{"floor":29.0,"key":"REST"},{"floor":32.0,"key":"REST"},{"floor":41.0,"key":"REST"},{"floor":47.0,"key":"REST"},{"floor":49.0,"key":"REST"}],"circlet_count":0,"master_deck":["AscendersBane","Strike_G","Strike_G","Strike_G+1","Strike_G","Defend_G","Defend_G","Defend_G","Defend_G","Defend_G","Survivor","Neutralize+1","Apotheosis+1","Deadly Poison","Noxious Fumes","Backflip","Blade Dance","Leg Sweep","Venomology","Blade Dance","Noxious Fumes","After Image+1","PiercingWail","Blade Dance","Calculated Gamble","Blade Dance","Cloak And Dagger","Deflect","Finisher","Footwork","Expertise","Phantasmal Killer","Backflip","Escape Plan","Finisher+1","PiercingWail+1","Terror","Discovery","Apotheosis","Panacea"],"relics":["Ring of the Snake","Letter Opener","Whetstone","White Beast Statue","Turnip","WristBlade","CaptainsWheel","CeramicFish","Thread and Needle","Lantern","Philosopher\u0027s Stone","Bag of Preparation","Oddly Smooth Stone","Ancient Tea Set","Ninja Scroll","Art of War","Smiling Mask"],"acts_visited":["Exordium","TheCity","TheBeyond"],"potions_floor_usage":[50,50,50,51],"damage_taken":[{"damage":0.0,"enemies":"Cultist","floor":1.0,"turns":5.0},{"damage":12.0,"enemies":"Small Slimes","floor":2.0,"turns":4.0},{"damage":9.0,"enemies":"Jaw Worm","floor":3.0,"turns":4.0},{"damage":21.0,"enemies":"3 Sentries","floor":6.0,"turns":8.0},{"damage":48.0,"enemies":"Gremlin Nob","floor":13.0,"turns":4.0},{"damage":0.0,"enemies":"3 Louse","floor":14.0,"turns":3.0},{"damage":14.0,"enemies":"The Guardian","floor":16.0,"turns":10.0},{"damage":0.0,"enemies":"Spheric Guardian","floor":18.0,"turns":1.0},{"damage":0.0,"enemies":"2 Thieves","floor":19.0,"turns":1.0},{"damage":5.0,"enemies":"Snecko","floor":21.0,"turns":5.0},{"damage":4.0,"enemies":"Centurion and Healer","floor":22.0,"turns":4.0},{"damage":7.0,"enemies":"Snake Plant","floor":24.0,"turns":5.0},{"damage":7.0,"enemies":"Gremlin Leader","floor":25.0,"turns":5.0},{"damage":6.0,"enemies":"Book of Stabbing","floor":27.0,"turns":4.0},{"damage":1.0,"enemies":"Gremlin Leader","floor":30.0,"turns":5.0},{"damage":0.0,"enemies":"3 Cultists","floor":31.0,"turns":4.0},{"damage":54.0,"enemies":"Champ","floor":33.0,"turns":11.0},{"damage":0.0,"enemies":"3 Shapes","floor":35.0,"turns":5.0},{"damage":0.0,"enemies":"Orb Walker","floor":37.0,"turns":1.0},{"damage":0.0,"enemies":"Sphere and 2 Shapes","floor":38.0,"turns":4.0},{"damage":7.0,"enemies":"Giant Head","floor":40.0,"turns":6.0},{"damage":16.0,"enemies":"Nemesis","floor":42.0,"turns":7.0},{"damage":0.0,"enemies":"Reptomancer","floor":44.0,"turns":3.0},{"damage":0.0,"enemies":"Writhing Mass","floor":45.0,"turns":7.0},{"damage":13.0,"enemies":"Giant Head","floor":48.0,"turns":7.0},{"damage":25,"enemies":"Awakened One","floor":50,"turns":16},{"damage":29,"enemies":"Time Eater","floor":51,"turns":5}],"seed_played":"-8909910704827454273","potions_obtained":[{"floor":3.0,"key":"SkillPotion"},{"floor":6.0,"key":"BlessingOfTheForge"},{"floor":13.0,"key":"BlessingOfTheForge"},{"floor":14.0,"key":"DuplicationPotion"},{"floor":16.0,"key":"PowerPotion"},{"floor":18.0,"key":"LiquidMemories"},{"floor":19.0,"key":"Strength Potion"},{"floor":21.0,"key":"CunningPotion"},{"floor":22.0,"key":"GamblersBrew"},{"floor":24.0,"key":"AttackPotion"},{"floor":25.0,"key":"Explosive Potion"},{"floor":30.0,"key":"SkillPotion"},{"floor":31.0,"key":"Fire Potion"},{"floor":33.0,"key":"GhostInAJar"},{"floor":40.0,"key":"DuplicationPotion"},{"floor":42.0,"key":"PowerPotion"},{"floor":44.0,"key":"BlessingOfTheForge"},{"floor":45.0,"key":"Weak Potion"},{"floor":48.0,"key":"Swift Potion"}],"is_trial":false,"path_per_floor":["M","M","M","$","?","E","R","?","T","R","?","R","E","M","R","B",null,"M","M","$","M","M","R","M","E","T","E","$","R","E","M","R","B",null,"M","$","M","M","$","E","R","E","T","E","M","?","R","E","R","B","B"],"character_chosen":"THE_SILENT","items_purchased":["Blade Dance","Leg Sweep","Calculated Gamble","Blade Dance","Footwork","Bag of Preparation","Backflip"],"campfire_rested":9,"item_purchase_floors":[4,4,20,20,28,36,36],"current_hp_per_floor":[59,47,38,38,27,6,24,24,24,42,42,60,12,12,30,16,49,49,49,49,44,40,40,33,26,26,20,20,38,37,37,55,1,45,45,45,45,45,45,38,56,40,40,40,40,30,48,35,53,28,0,0],"gold":244,"neow_bonus":"RANDOM_COLORLESS_2","is_daily":false,"chose_seed":false,"campfire_upgraded":1,"win_rate":0.0,"timestamp":1613858695,"path_taken":["M","M","?","$","?","E","R","?","T","R","?","R","E","M","R","BOSS","M","?","$","M","M","R","M","E","T","E","$","R","E","M","R","BOSS","M","$","M","M","$","E","R","E","T","E","M","?","R","E","R","BOSS","BOSS"],"items_purchased_type":["Card","Card","Card","Card","Card","Relic","Card"],"build_version":"2020-12-22","purchased_purges":1,"victory":false,"max_hp_per_floor":[60,60,60,60,60,60,60,60,60,60,60,60,60,60,60,60,60,60,60,60,60,60,60,60,60,60,60,60,60,60,60,60,60,60,60,60,60,60,60,60,60,60,60,60,60,60,60,60,60,60,60,60],"relic_stats":{"counters":[27,144],"CeramicFish":108,"Turnip":[7],"Bag of Preparation":[8],"Art of War":[7],"Letter Opener":[375],"Whetstone":["Strike_G","Neutralize"],"Smiling Mask":0,"obtain_stats":[{"Lantern":30,"CeramicFish":26,"Oddly Smooth Stone":40,"Thread and Needle":27,"Bag of Preparation":36,"Letter Opener":5,"Whetstone":6,"Ancient Tea Set":42,"Smiling Mask":48,"White Beast Statue":9,"CaptainsWheel":25,"WristBlade":17,"Ninja Scroll":43,"Philosopher\u0027s Stone":34,"Turnip":13,"Art of War":44,"Ring of the Snake":0},{"Lantern":15,"CeramicFish":13,"Oddly Smooth Stone":21,"Thread and Needle":14,"Bag of Preparation":18,"Letter Opener":3,"Whetstone":4,"Ancient Tea Set":22,"Smiling Mask":25,"White Beast Statue":4,"CaptainsWheel":13,"WristBlade":7,"Ninja Scroll":22,"Philosopher\u0027s Stone":17,"Turnip":5,"Art of War":23,"Ring of the Snake":0},{"Lantern":68,"CeramicFish":59,"Oddly Smooth Stone":99,"Thread and Needle":63,"Bag of Preparation":88,"Letter Opener":13,"Whetstone":21,"Ancient Tea Set":106,"Smiling Mask":123,"White Beast Statue":21,"CaptainsWheel":59,"WristBlade":38,"Ninja Scroll":106,"Philosopher\u0027s Stone":83,"Turnip":25,"Art of War":109,"Ring of the Snake":0}],"Ring of the Snake":[54]},"card_choices":[{"not_picked":["Secret Weapon","Mayhem"],"picked":"Apotheosis","floor":0.0},{"not_picked":["Well Laid Plans","Acrobatics"],"picked":"Deadly Poison","floor":1.0},{"not_picked":["Calculated Gamble","Distraction"],"picked":"Noxious Fumes","floor":2.0},{"not_picked":["Dagger Spray","Prepared"],"picked":"Backflip","floor":3.0},{"not_picked":["Unload","Backflip"],"picked":"Venomology","floor":6.0},{"not_picked":["Acrobatics","Prepared"],"picked":"Blade Dance","floor":13.0},{"not_picked":["Backstab","Deflect"],"picked":"Noxious Fumes","floor":14.0},{"not_picked":["Burst","Venomology"],"picked":"After Image","floor":16.0},{"not_picked":["Concentrate","Poisoned Stab+1"],"picked":"PiercingWail","floor":18.0},{"not_picked":["Slice","Bane+1"],"picked":"Blade Dance","floor":19.0},{"not_picked":["Flechettes","Escape Plan"],"picked":"Cloak And Dagger","floor":21.0},{"not_picked":["Underhanded Strike","Crippling Poison","Storm of Steel"],"picked":"SKIP","floor":22.0},{"not_picked":["Poisoned Stab","Bouncing Flask"],"picked":"Deflect","floor":24.0},{"not_picked":["Glass Knife","Slice","Deadly Poison"],"picked":"SKIP","floor":25.0},{"not_picked":["Bane","Dagger Throw"],"picked":"Finisher","floor":27.0},{"not_picked":["Eviscerate","Slice","Dagger Spray"],"picked":"SKIP","floor":30.0},{"not_picked":["Deadly Poison","Concentrate+1"],"picked":"Expertise","floor":31.0},{"not_picked":["Corpse Explosion","Die Die Die"],"picked":"Phantasmal Killer","floor":33.0},{"not_picked":["Finisher","PiercingWail","Blade Dance"],"picked":"SKIP","floor":35.0},{"not_picked":["Heel Hook+1","Dodge and Roll"],"picked":"Escape Plan","floor":37.0},{"not_picked":["Dagger Spray+1","Dash","Poisoned Stab"],"picked":"SKIP","floor":38.0},{"not_picked":["Noxious Fumes+1","Tactician+1"],"picked":"Finisher+1","floor":40.0},{"not_picked":["Masterful Stab","Skewer"],"picked":"PiercingWail+1","floor":42.0},{"not_picked":["Masterful Stab","Deflect","Distraction"],"picked":"SKIP","floor":44.0},{"not_picked":["Masterful Stab","Dodge and Roll+1"],"picked":"Terror","floor":45.0},{"not_picked":["PanicButton","Panacea"],"picked":"Discovery","floor":46.0},{"not_picked":["Sadistic Nature","Secret Weapon"],"picked":"Apotheosis","floor":46.0},{"not_picked":["Enlightenment","Blind"],"picked":"Panacea","floor":46.0},{"not_picked":["Catalyst","Outmaneuver","Slice"],"picked":"SKIP","floor":48.0}],"player_experience":654882,"relics_obtained":[{"floor":6.0,"key":"Whetstone"},{"floor":9.0,"key":"White Beast Statue"},{"floor":13.0,"key":"Turnip"},{"floor":25.0,"key":"CaptainsWheel"},{"floor":26.0,"key":"CeramicFish"},{"floor":27.0,"key":"Thread and Needle"},{"floor":30.0,"key":"Lantern"},{"floor":40.0,"key":"Oddly Smooth Stone"},{"floor":42.0,"key":"Ancient Tea Set"},{"floor":43.0,"key":"Ninja Scroll"},{"floor":44.0,"key":"Art of War"},{"floor":48.0,"key":"Smiling Mask"}],"event_choices":[{"damage_healed":0.0,"max_hp_gain":0.0,"max_hp_loss":0.0,"gold_gain":0.0,"event_name":"Scrap Ooze","player_choice":"Success","floor":5.0,"gold_loss":0.0,"damage_taken":11.0,"relics_obtained":["Letter Opener"]},{"damage_healed":0.0,"max_hp_gain":0.0,"max_hp_loss":0.0,"gold_gain":0.0,"event_name":"Liars Game","player_choice":"Ignored","floor":8.0,"gold_loss":0.0,"damage_taken":0.0},{"damage_healed":0.0,"max_hp_gain":0.0,"max_hp_loss":0.0,"gold_gain":0.0,"event_name":"Upgrade Shrine","player_choice":"Upgraded","floor":11.0,"gold_loss":0.0,"damage_taken":0.0,"cards_upgraded":["Apotheosis"]},{"damage_healed":0.0,"max_hp_gain":0.0,"max_hp_loss":0.0,"gold_gain":0.0,"event_name":"SensoryStone","player_choice":"Memory 3","floor":46.0,"gold_loss":0.0,"damage_taken":10.0}],"is_beta":false,"boss_relics":[{"not_picked":["Ectoplasm","Coffee Dripper"],"picked":"WristBlade"},{"not_picked":["Velvet Choker","Runic Dome"],"picked":"Philosopher\u0027s Stone"}],"items_purged_floors":[20],"is_endless":false,"potions_floor_spawned":[3,6,13,14,16,18,19,21,22,24,25,27,30,31,33,35,37,38,40,42,44,45,48],"killed_by":"Time Eater","ascension_level":20}}