{"host":"wha9hktbkslqvblg","time":1613817335,"event":{"mods":["BaseMod","Colored Map","Minty Spire (QoL Compilation)","Relic Stats","SuperFastMode","everything is the same but u backflip on backflip"],"gold_per_floor":[116,116,391,406,291,321,335,410,410,410,445,445,70,89,89,172,172,193,207,234,252,272,272,311,311,311,311,361,391,391,403,403,481,481,492,492,508,533,578,282,282,282,305,305,155,176,189,209,209,209,209,209,209,34,65,65],"floor_reached":57,"language":"KOR","playtime":1800,"items_purged":["Regret","Strike_R","Strike_R","Strike_R","Bash"],"score":3171,"play_id":"2e44d24c-5583-43f7-9ccf-2164126b0cdc","local_time":"20210220193535","is_ascension_mode":true,"campfire_choices":[{"data":"Body Slam","floor":12.0,"key":"SMITH"},{"data":"True Grit","floor":15.0,"key":"SMITH"},{"floor":23.0,"key":"REST"},{"data":"Evolve","floor":25.0,"key":"SMITH"},{"data":"Feel No Pain","floor":27.0,"key":"SMITH"},{"data":"Juggernaut","floor":32.0,"key":"SMITH"},{"data":"Battle Trance","floor":41,"key":"SMITH"},{"data":"Second Wind","floor":42,"key":"SMITH"},{"data":"Burning Pact","floor":44,"key":"SMITH"},{"floor":49,"key":"RECALL"},{"data":"Barricade","floor":53,"key":"SMITH"}],"circlet_count":0,"master_deck":["AscendersBane","Defend_R+1","Defend_R+1","Defend_R","Defend_R","Body Slam+1","Battle Trance+1","Shrug It Off","True Grit+1","Juggernaut+1","Power Through","Second Wind+1","Burning Pact+1","Feel No Pain+1","Evolve+1","Barricade+1"],"relics":["Burning Blood","NeowsBlessing","Matryoshka","InkBottle","CeramicFish","Mango","Art of War","Potion Belt","SacredBark","Centennial Puzzle","Lantern","Gambling Chip","Coffee Dripper","WingedGreaves","CaptainsWheel","Anchor","Omamori","Unceasing Top"],"acts_visited":["Exordium","TheCity","TheBeyond","TheEnding"],"potions_floor_usage":[56],"damage_taken":[{"damage":0.0,"enemies":"Jaw Worm","floor":1.0,"turns":1.0},{"damage":0.0,"enemies":"Small Slimes","floor":4.0,"turns":1.0},{"damage":0.0,"enemies":"3 Sentries","floor":6.0,"turns":2.0},{"damage":9.0,"enemies":"Cultist","floor":7.0,"turns":4.0},{"damage":57.0,"enemies":"Lagavulin","floor":11.0,"turns":8.0},{"damage":3.0,"enemies":"Exordium Wildlife","floor":14.0,"turns":6.0},{"damage":25.0,"enemies":"The Guardian","floor":16.0,"turns":13.0},{"damage":13.0,"enemies":"Chosen","floor":18.0,"turns":6.0},{"damage":12.0,"enemies":"Shell Parasite","floor":19.0,"turns":7.0},{"damage":19.0,"enemies":"Snake Plant","floor":20.0,"turns":4.0},{"damage":13.0,"enemies":"Centurion and Healer","floor":22.0,"turns":8.0},{"damage":15.0,"enemies":"Book of Stabbing","floor":24.0,"turns":3.0},{"damage":1.0,"enemies":"Slavers","floor":29.0,"turns":4.0},{"damage":21.0,"enemies":"Sentry and Sphere","floor":31.0,"turns":4.0},{"damage":0.0,"enemies":"Champ","floor":33.0,"turns":9.0},{"damage":6.0,"enemies":"3 Darklings","floor":35.0,"turns":4.0},{"damage":0.0,"enemies":"3 Shapes","floor":37.0,"turns":3.0},{"damage":0.0,"enemies":"Mind Bloom Boss Battle","floor":38.0,"turns":5.0},{"damage":26.0,"enemies":"2 Orb Walkers","floor":39.0,"turns":3.0},{"damage":0,"enemies":"3 Darklings","floor":46,"turns":3},{"damage":0,"enemies":"Spire Growth","floor":47,"turns":3},{"damage":17,"enemies":"Transient","floor":48,"turns":5},{"damage":0,"enemies":"Awakened One","floor":50,"turns":6},{"damage":0,"enemies":"Time Eater","floor":51,"turns":5},{"damage":23,"enemies":"Shield and Spear","floor":55,"turns":4},{"damage":0,"enemies":"The Heart","floor":56,"turns":6}],"seed_played":"-3586258748692857338","potions_obtained":[{"floor":1.0,"key":"LiquidBronze"},{"floor":16.0,"key":"Swift Potion"},{"floor":18.0,"key":"DuplicationPotion"},{"floor":22.0,"key":"CultistPotion"},{"floor":33.0,"key":"BloodPotion"},{"floor":37.0,"key":"LiquidBronze"},{"floor":47,"key":"DuplicationPotion"}],"is_trial":false,"path_per_floor":["M","?","?","M","$","E","M","?","T","?","E","R","$","M","R","B",null,"M","M","M","?","M","R","E","R","T","R","?","E","?","M","R","B",null,"M","?","M","?","?","$","R","R","T","R","$","M","M","M","R","B","B",null,"R","$","E","B",null],"character_chosen":"IRONCLAD","items_purchased":["Battle Trance","Potion Belt","EntropicBrew","Anchor"],"campfire_rested":1,"item_purchase_floors":[5,13,13,40],"current_hp_per_floor":[74,51,51,57,57,63,60,49,49,58,7,7,7,10,10,23,73,66,60,47,47,40,66,57,57,57,57,57,62,62,47,47,53,80,80,67,73,79,59,59,59,59,59,59,59,65,71,60,60,66,72,85,85,85,68,74],"gold":65,"neow_bonus":"THREE_ENEMY_KILL","is_daily":false,"chose_seed":false,"campfire_upgraded":9,"win_rate":0.0,"timestamp":1613817335,"path_taken":["M","?","?","?","$","E","M","?","T","?","E","R","$","M","R","BOSS","M","M","M","?","M","R","E","R","T","R","?","E","?","M","R","BOSS","M","?","?","?","?","$","R","R","T","R","$","M","M","M","R","BOSS","BOSS","R","$","E","BOSS"],"items_purchased_type":["Card","Relic","Potion","Relic"],"build_version":"2020-12-22","purchased_purges":5,"victory":true,"max_hp_per_floor":[75,75,75,75,75,75,75,75,75,89,89,89,89,89,89,89,89,89,89,89,89,89,89,89,89,89,89,89,89,89,89,89,89,89,89,89,89,89,89,89,89,89,89,89,89,89,89,89,89,89,89,89,89,89,89,89],"relic_stats":{"Centennial Puzzle":[18],"counters":[26,127],"CeramicFish":81,"Gambling Chip":[11],"Art of War":[26],"obtain_stats":[{"Potion Belt":13,"Lantern":26,"NeowsBlessing":0,"CeramicFish":9,"SacredBark":17,"Mango":10,"Omamori":43,"Burning Blood":0,"Centennial Puzzle":24,"CaptainsWheel":39,"Anchor":40,"Matryoshka":6,"Gambling Chip":29,"WingedGreaves":38,"Art of War":11,"Coffee Dripper":34,"InkBottle":9,"Unceasing Top":55},{"Potion Belt":5,"Lantern":12,"NeowsBlessing":0,"CeramicFish":4,"SacredBark":7,"Mango":4,"Omamori":19,"Burning Blood":0,"Centennial Puzzle":12,"CaptainsWheel":19,"Anchor":19,"Matryoshka":3,"Gambling Chip":13,"WingedGreaves":18,"Art of War":5,"Coffee Dripper":15,"InkBottle":4,"Unceasing Top":25},{"Potion Belt":16,"Lantern":63,"NeowsBlessing":0,"CeramicFish":8,"SacredBark":35,"Mango":8,"Omamori":95,"Burning Blood":0,"Centennial Puzzle":63,"CaptainsWheel":95,"Anchor":95,"Matryoshka":4,"Gambling Chip":67,"WingedGreaves":92,"Art of War":16,"Coffee Dripper":80,"InkBottle":8,"Unceasing Top":121}],"Burning Blood":156,"InkBottle":[27],"Unceasing Top":[0]},"card_choices":[{"not_picked":["Evolve","Reckless Charge"],"picked":"Body Slam","floor":1.0},{"not_picked":["Sword Boomerang","Twin Strike","Heavy Blade"],"picked":"SKIP","floor":4.0},{"not_picked":["Spot Weakness","Sever Soul","Headbutt"],"picked":"SKIP","floor":6.0},{"not_picked":["Fire Breathing","Headbutt","Cleave"],"picked":"SKIP","floor":7.0},{"not_picked":["Pommel Strike","Disarm"],"picked":"Shrug It Off","floor":11.0},{"not_picked":["Spot Weakness","Shrug It Off"],"picked":"True Grit","floor":14.0},{"not_picked":["Berserk","Reaper"],"picked":"Juggernaut","floor":16.0},{"not_picked":["Perfected Strike","Iron Wave"],"picked":"Power Through","floor":18.0},{"not_picked":["Sever Soul","Dropkick","Cleave+1"],"picked":"SKIP","floor":19.0},{"not_picked":["Anger+1","Clash"],"picked":"Second Wind","floor":20.0},{"not_picked":["Thunderclap","Havoc","Sentinel"],"picked":"SKIP","floor":22.0},{"not_picked":["Cleave","Iron Wave"],"picked":"Evolve","floor":24.0},{"not_picked":["Immolate","Bloodletting","Metallicize+1"],"picked":"SKIP","floor":29.0},{"not_picked":["Rupture+1","Twin Strike","Flex"],"picked":"SKIP","floor":31.0},{"not_picked":["Warcry","Anger","Sword Boomerang+1"],"picked":"SKIP","floor":35.0},{"not_picked":["Disarm","Evolve","Armaments"],"picked":"SKIP","floor":37.0},{"not_picked":["Metallicize","Shrug It Off"],"picked":"Barricade","floor":46},{"not_picked":["Power Through","True Grit","Headbutt+1"],"picked":"SKIP","floor":47},{"not_picked":["Sword Boomerang","Pommel Strike","Wild Strike"],"picked":"SKIP","floor":48},{"not_picked":["Sever Soul","Sword Boomerang+1","Intimidate"],"picked":"SKIP","floor":55}],"player_experience":1001127,"relics_obtained":[{"floor":6.0,"key":"Matryoshka"},{"floor":9.0,"key":"InkBottle"},{"floor":9.0,"key":"CeramicFish"},{"floor":11.0,"key":"Art of War"},{"floor":24.0,"key":"Centennial Puzzle"},{"floor":26.0,"key":"Lantern"},{"floor":29.0,"key":"Gambling Chip"},{"floor":38.0,"key":"WingedGreaves"},{"floor":39.0,"key":"CaptainsWheel"},{"floor":43,"key":"Omamori"},{"floor":55,"key":"Unceasing Top"}],"event_choices":[{"damage_healed":0.0,"max_hp_gain":0.0,"max_hp_loss":0.0,"gold_gain":0.0,"event_name":"Shining Light","player_choice":"Entered Light","floor":2.0,"gold_loss":0.0,"damage_taken":23.0,"cards_upgraded":["Defend_R","Defend_R"]},{"damage_healed":0.0,"max_hp_gain":0.0,"max_hp_loss":0.0,"gold_gain":275.0,"event_name":"Golden Shrine","player_choice":"Desecrate","floor":3.0,"gold_loss":0.0,"damage_taken":0.0,"cards_obtained":["Regret"]},{"damage_healed":0.0,"max_hp_gain":0.0,"max_hp_loss":0.0,"gold_gain":75.0,"event_name":"World of Goop","player_choice":"Gather Gold","floor":8.0,"gold_loss":0.0,"damage_taken":11.0},{"damage_healed":0.0,"max_hp_gain":0.0,"max_hp_loss":0.0,"gold_gain":0.0,"event_name":"Scrap Ooze","player_choice":"Success","floor":10.0,"gold_loss":0.0,"damage_taken":5.0,"relics_obtained":["Mango"]},{"damage_healed":0.0,"max_hp_gain":0.0,"max_hp_loss":0.0,"gold_gain":0.0,"cards_transformed":["Strike_R","Strike_R"],"event_name":"Drug Dealer","player_choice":"Became Test Subject","floor":21.0,"gold_loss":0.0,"damage_taken":0.0,"cards_obtained":["Burning Pact","Feel No Pain"]},{"damage_healed":0.0,"max_hp_gain":0.0,"max_hp_loss":0.0,"gold_gain":50.0,"event_name":"Nest","player_choice":"Stole From Cult","floor":28.0,"gold_loss":0.0,"damage_taken":0.0},{"damage_healed":0.0,"max_hp_gain":0.0,"max_hp_loss":0.0,"gold_gain":0.0,"event_name":"Cursed Tome","player_choice":"Ignored","floor":30.0,"gold_loss":0.0,"damage_taken":0.0},{"damage_healed":0.0,"max_hp_gain":0.0,"max_hp_loss":0.0,"gold_gain":0.0,"event_name":"Wheel of Change","player_choice":"Damaged","floor":36.0,"gold_loss":0.0,"damage_taken":13.0},{"damage_healed":0.0,"max_hp_gain":0.0,"max_hp_loss":0.0,"gold_gain":0.0,"event_name":"MindBloom","player_choice":"Fight","floor":38.0,"gold_loss":0.0,"damage_taken":0.0},{"damage_healed":0.0,"max_hp_gain":0.0,"max_hp_loss":0.0,"gold_gain":0.0,"event_name":"Mysterious Sphere","player_choice":"Fight","floor":39.0,"gold_loss":0.0,"damage_taken":0.0}],"is_beta":false,"boss_relics":[{"not_picked":["Black Star","Runic Cube"],"picked":"SacredBark"},{"not_picked":["Calling Bell","Fusion Hammer"],"picked":"Coffee Dripper"}],"items_purged_floors":[5,13,40,45,54],"is_endless":false,"potions_floor_spawned":[1,16,18,22,33,37,47],"ascension_level":20}}