{"host":"am9dcwhv7hq2nlsk","time":1613823158,"event":{"mods":["ATMod(°¢èªMod)","AchievementEnabler","Act Like it!","Aspiration","BaseMod","BetterRewards","Conspire","Custom Start","Dota2Spire","Marisa£¨ìFÓê¡¡Ä§ÀíÉ³£©","Minty Spire (QoL Compilation)","Reimu£¨²©ÀöÁéÃÎ£©","Remilia£¨ÀÙÃ×ÀòÑÇ£©","Replay The Spire","RumiaBox-Â¶Ã×æ«µÄÉñÃØºÐ×Ó","Shop Mod","Spicy Shops","StSLib","TestMod","The Cursed","The Hierophant","UnlockEverythingMod","[IsaacMod]ÒÔÈö¼âËþ","noobMod","¡¾ÒÅÎï¿¨ÅÆ¡¿REMEMod","óô»ðÖ¸ÄÏ"],"gold_per_floor":[119,40,74,74,95,95,123,139,163,183,190,190],"floor_reached":11,"language":"ZHS","playtime":606,"items_purged":["Strike_G","Defend_G"],"score":184,"play_id":"c3d403bc-04ab-4470-aa9d-710a397469e2","local_time":"20210220201238","is_ascension_mode":true,"campfire_choices":[{"data":"Catalyst","floor":6.0,"key":"SMITH"}],"circlet_count":0,"master_deck":["AscendersBane","Strike_G","Strike_G","Strike_G","Strike_G","Defend_G","Defend_G","Defend_G","Defend_G","Survivor","Neutralize","Catalyst+1","Offering","Adrenaline","Bomb","Deadly Poison"],"relics":["Ring of the Snake","testmod-TestBox","HushsDoor","REME_ComplimentaryCards","AT_ATBox","ice","testmod-CasingShield","GuppysHead","Dota2Spire:ArcaneBoots","Ice Cream","REME_OnlineShoppingPlatform","Replay:Towering Pillar of Hats","Dota2Spire:UrnOfShadows","AT_SilvercatRing","SalivaCoin","Oddly Smooth Stone","Damocles","AT_SpeedBoots","Orrery","SecretRecord","Golden Idol","testmod-OneHitWonder","Mastiff:ReiMu","testmod-Antiphasic","testmod-TurbochargingSystem","Dota2Spire:HandOfMidas"],"acts_visited":["Exordium"],"potions_floor_usage":[],"damage_taken":[{"damage":0.0,"enemies":"Cultist","floor":1.0,"turns":4.0},{"damage":3.0,"enemies":"conspire:RoseBush","floor":3.0,"turns":3.0},{"damage":0.0,"enemies":"Jaw Worm","floor":5.0,"turns":3.0},{"damage":3.0,"enemies":"2 Fungi Beasts","floor":7.0,"turns":3.0},{"damage":0.0,"enemies":"Blue Slaver","floor":8.0,"turns":4.0},{"damage":3,"enemies":"Large Slime","floor":10,"turns":3},{"damage":6,"enemies":"Lagavulin","floor":11,"turns":3}],"seed_played":"-6266802386454355312","potions_obtained":[],"is_trial":false,"path_per_floor":["M","$","M","?","M","R","M","M","T","M","E"],"character_chosen":"THE_SILENT","items_purchased":["Dota2Spire:ArcaneBoots","Catalyst","REME_OnlineShoppingPlatform","Dota2Spire:UrnOfShadows","AT_SilvercatRing","SalivaCoin","Oddly Smooth Stone","Orrery"],"campfire_rested":0,"item_purchase_floors":[0,0,0,0,0,0,0,2],"current_hp_per_floor":[38,38,35,35,41,41,38,38,38,35,0,0],"gold":190,"neow_bonus":"","is_daily":false,"chose_seed":false,"campfire_upgraded":1,"win_rate":0.0,"timestamp":1613823158,"path_taken":["M","?","M","?","M","R","M","M","T","M","E"],"items_purchased_type":["Relic","Card","Relic","Relic","Relic","Relic","Relic","Relic"],"build_version":"2020-12-22","purchased_purges":2,"victory":false,"max_hp_per_floor":[66,66,66,60,60,60,60,60,60,60,60,60],"card_choices":[{"not_picked":["Deflect","Reflex"],"picked":"Adrenaline","floor":1.0},{"not_picked":["AT_MyraUnstableElement","Acrobatics"],"picked":"Bomb","floor":2.0},{"not_picked":["Dodge and Roll","Bane","Prepared"],"picked":"SKIP","floor":3.0},{"not_picked":["Prepared","AT_Desolate"],"picked":"Deadly Poison","floor":5.0},{"not_picked":["Hidden Blade","Deflect","Crippling Poison"],"picked":"SKIP","floor":7.0},{"not_picked":["Flying Knee","Expertise","AT_Desolate"],"picked":"SKIP","floor":8.0},{"not_picked":["REME_ShadowStrike","Dagger Spray","Atom Bomb"],"picked":"SKIP","floor":10}],"player_experience":546261,"relics_obtained":[{"floor":1.0,"key":"AT_SpeedBoots"},{"floor":3.0,"key":"SecretRecord"},{"floor":5.0,"key":"testmod-OneHitWonder"},{"floor":7.0,"key":"Mastiff:ReiMu"},{"floor":8.0,"key":"testmod-Antiphasic"},{"floor":9.0,"key":"testmod-TurbochargingSystem"},{"floor":10,"key":"Dota2Spire:HandOfMidas"}],"event_choices":[{"damage_healed":0.0,"max_hp_gain":0.0,"max_hp_loss":6.0,"gold_gain":0.0,"event_name":"Golden Idol","player_choice":"Lose Max HP","floor":4.0,"gold_loss":0.0,"damage_taken":0.0,"relics_obtained":["Golden Idol"]}],"is_beta":false,"boss_relics":[],"items_purged_floors":[0,0],"is_endless":false,"potions_floor_spawned":[1,5],"killed_by":"Lagavulin","ascension_level":20}}