{"host":"l2lylj0omvglf5x0","time":1613840899,"event":{"mods":["2.2 Compatiblity","BaseMod","Bestiary","Block Reminder","Colored Map","Colored Powertips","Curses Come First","Highlight Path","Keyboard Shortcuts","Minty Spire (QoL Compilation)","Relic Sorter","Relic Stats","Slay the Relics Exporter","StSLib","SuperFastMode"],"gold_per_floor":[111,111,121,121,134,134,177,193,193,228,251,251,176,194,194,322,322,340,309,65,81,6,6,6],"floor_reached":23,"language":"ENG","playtime":813,"items_purged":["Strike_R"],"score":325,"play_id":"4b96dc61-20dc-46a1-a7df-b78960a1b084","local_time":"20210220180819","is_ascension_mode":true,"campfire_choices":[{"data":"Bash","floor":6,"key":"SMITH"},{"data":"Pommel Strike","floor":12,"key":"SMITH"},{"data":"Armaments","floor":15,"key":"SMITH"}],"circlet_count":0,"master_deck":["AscendersBane","Strike_R","Strike_R","Strike_R","Defend_R","Defend_R","Defend_R","Defend_R","Bash+1","Pommel Strike+1","Pommel Strike","Iron Wave","Shrug It Off","Pommel Strike","Brutality","Bloodletting","Armaments+1","Demon Form","Shrug It Off"],"relics":["SlaversCollar","Golden Idol","Eternal Feather","Ginger","Bird Faced Urn","Sozu","Bottled Tornado"],"acts_visited":["Exordium","TheCity"],"potions_floor_usage":[5,7,7,7,10,14,18],"damage_taken":[{"damage":9,"enemies":"2 Louse","floor":1,"turns":3},{"damage":1,"enemies":"Cultist","floor":3,"turns":4},{"damage":7,"enemies":"Jaw Worm","floor":5,"turns":3},{"damage":30,"enemies":"Lagavulin","floor":7,"turns":4},{"damage":20,"enemies":"Exordium Wildlife","floor":8,"turns":5},{"damage":10,"enemies":"Gremlin Nob","floor":10,"turns":3},{"damage":7,"enemies":"Looter","floor":11,"turns":3},{"damage":3,"enemies":"3 Louse","floor":14,"turns":3},{"damage":19,"enemies":"The Guardian","floor":16,"turns":13},{"damage":26,"enemies":"3 Byrds","floor":18,"turns":6},{"damage":18,"enemies":"2 Thieves","floor":19,"turns":5},{"damage":6,"enemies":"Centurion and Healer","floor":21,"turns":5},{"damage":22,"enemies":"Book of Stabbing","floor":23,"turns":4}],"seed_played":"-9159657593620677012","potions_obtained":[{"floor":2,"key":"BloodPotion"},{"floor":2,"key":"FearPotion"},{"floor":5,"key":"EntropicBrew"},{"floor":10,"key":"Fruit Juice"},{"floor":11,"key":"ColorlessPotion"},{"floor":16,"key":"Block Potion"}],"is_trial":false,"path_per_floor":["M","?","M","?","M","R","E","M","T","E","M","R","$","M","R","B",null,"M","M","$","M","?","E"],"character_chosen":"IRONCLAD","items_purchased":["Bottled Tornado"],"campfire_rested":0,"item_purchase_floors":[20],"current_hp_per_floor":[63,63,62,62,69,69,39,19,19,14,7,16,16,13,22,3,60,36,18,18,14,14,0,0],"gold":6,"neow_bonus":"BOSS_RELIC","is_daily":false,"chose_seed":false,"campfire_upgraded":3,"win_rate":0.0,"timestamp":1613840899,"path_taken":["M","?","?","?","M","R","E","M","T","E","M","R","?","M","R","BOSS","M","M","$","M","?","E"],"items_purchased_type":["Relic"],"build_version":"2020-12-22","purchased_purges":1,"victory":false,"max_hp_per_floor":[80,80,80,74,74,74,74,74,74,79,79,79,79,79,79,79,79,79,79,79,79,79,79,79],"relic_stats":{"Sozu":1,"counters":[13,61],"Golden Idol":67,"Bird Faced Urn":[6],"Eternal Feather":18,"Ginger":[0],"obtain_stats":[{"Sozu":17,"SlaversCollar":0,"Golden Idol":4,"Bird Faced Urn":10,"Eternal Feather":7,"Ginger":9,"Bottled Tornado":20,"Burning Blood":0},{"Sozu":9,"SlaversCollar":0,"Golden Idol":2,"Bird Faced Urn":6,"Eternal Feather":4,"Ginger":5,"Bottled Tornado":11,"Burning Blood":0},{"Sozu":41,"SlaversCollar":0,"Golden Idol":7,"Bird Faced Urn":22,"Eternal Feather":14,"Ginger":19,"Bottled Tornado":52,"Burning Blood":0}]},"card_choices":[{"not_picked":["Armaments","Perfected Strike"],"picked":"Pommel Strike","floor":1},{"not_picked":["Thunderclap","True Grit"],"picked":"Pommel Strike","floor":3},{"not_picked":["Clothesline","Thunderclap"],"picked":"Iron Wave","floor":5},{"not_picked":["Burning Pact","Clash"],"picked":"Shrug It Off","floor":7},{"not_picked":["Flex","Thunderclap"],"picked":"Pommel Strike","floor":8},{"not_picked":["Havoc","Pummel"],"picked":"Brutality","floor":10},{"not_picked":["Dropkick","Perfected Strike"],"picked":"Bloodletting","floor":11},{"not_picked":["Clash","Wild Strike"],"picked":"Armaments","floor":14},{"not_picked":["Double Tap","Brutality"],"picked":"Demon Form","floor":16},{"not_picked":["Body Slam+1","Warcry","Rage"],"picked":"SKIP","floor":18},{"not_picked":["Perfected Strike","Heavy Blade"],"picked":"Shrug It Off","floor":19},{"not_picked":["Shrug It Off","Flex","Havoc"],"picked":"SKIP","floor":21}],"player_experience":1013494,"relics_obtained":[{"floor":7,"key":"Eternal Feather"},{"floor":9,"key":"Ginger"},{"floor":10,"key":"Bird Faced Urn"}],"event_choices":[{"damage_healed":0,"gold_gain":0,"player_choice":"Got Potions","damage_taken":0,"max_hp_gain":0,"max_hp_loss":0,"event_name":"Lab","floor":2,"gold_loss":0},{"damage_healed":0,"gold_gain":0,"player_choice":"Lose Max HP","damage_taken":0,"relics_obtained":["Golden Idol"],"max_hp_gain":0,"max_hp_loss":6,"event_name":"Golden Idol","floor":4,"gold_loss":0},{"cards_removed":["Strike_R"],"damage_healed":0,"gold_gain":0,"player_choice":"Gave Gold","damage_taken":0,"max_hp_gain":0,"max_hp_loss":0,"event_name":"Beggar","floor":22,"gold_loss":75}],"is_beta":false,"boss_relics":[{"not_picked":["Astrolabe","Runic Pyramid"],"picked":"Sozu"}],"items_purged_floors":[13],"is_endless":false,"potions_floor_spawned":[5,10,11,16,19],"killed_by":"Book of Stabbing","ascension_level":12}}