{"host":"f5gffvlv6a66yqkd","time":1613822350,"event":{"mods":["2.2 Compatiblity","BaseMod","Colored Map","Custom Start","DeckTracker","Keyboard Shortcuts","Minty Spire (QoL Compilation)","Permanent Neow","Quick Restart","Relic Stats","StSLib","SuperFastMode"],"gold_per_floor":[214,53,64,82,96,96,130,142,142,168,184,184,204,214,214,292,292,305,305,305,305,34,34,53,81,104,116,116,33,58,58,58,58,58],"floor_reached":33,"language":"KOR","playtime":901,"items_purged":["Writhe"],"score":599,"play_id":"6f213665-423f-4709-905a-b99bce80a49d","local_time":"20210220205910","is_ascension_mode":true,"campfire_choices":[{"data":"Dualcast","floor":6.0,"key":"SMITH"},{"floor":12.0,"key":"REST"},{"floor":15.0,"key":"REST"},{"data":"Fission","floor":23.0,"key":"SMITH"},{"data":"Reinforced Body","floor":28.0,"key":"SMITH"},{"floor":32,"key":"REST"}],"circlet_count":0,"master_deck":["AscendersBane","Strike_B","Strike_B","Strike_B","Strike_B","Defend_B","Defend_B","Zap","Dualcast+1","Ball Lightning","Ball Lightning","Reinforced Body+1","Coolheaded","Genetic Algorithm","Hello World+1","Skim","Defragment+1","Conserve Battery","Stack","Fission+1","CurseOfTheBell","Lockon","BootSequence","Defragment+1","Cold Snap","Stack","Undo","Decay"],"relics":["Cracked Core","OrangePellets","Frozen Egg 2","Mummified Hand","Odd Mushroom","Calling Bell","Vajra","StrikeDummy","Turnip","Enchiridion","Pear","Akabeko","Potion Belt","The Courier"],"acts_visited":["Exordium","TheCity"],"potions_floor_usage":[30,33,33],"damage_taken":[{"damage":3.0,"enemies":"2 Louse","floor":1.0,"turns":3.0},{"damage":7.0,"enemies":"Small Slimes","floor":3.0,"turns":3.0},{"damage":0.0,"enemies":"Cultist","floor":4.0,"turns":2.0},{"damage":0.0,"enemies":"Blue Slaver","floor":5.0,"turns":4.0},{"damage":32.0,"enemies":"Gremlin Nob","floor":7.0,"turns":4.0},{"damage":5.0,"enemies":"3 Louse","floor":8.0,"turns":5.0},{"damage":15.0,"enemies":"The Mushroom Lair","floor":10.0,"turns":5.0},{"damage":0.0,"enemies":"2 Fungi Beasts","floor":11.0,"turns":2.0},{"damage":0.0,"enemies":"Looter","floor":13.0,"turns":4.0},{"damage":9.0,"enemies":"Exordium Thugs","floor":14.0,"turns":4.0},{"damage":19.0,"enemies":"Slime Boss","floor":16.0,"turns":7.0},{"damage":11.0,"enemies":"3 Byrds","floor":18.0,"turns":6.0},{"damage":2.0,"enemies":"Spheric Guardian","floor":24.0,"turns":4.0},{"damage":8.0,"enemies":"Gremlin Leader","floor":25.0,"turns":6.0},{"damage":2.0,"enemies":"3 Cultists","floor":27.0,"turns":6.0},{"damage":15,"enemies":"Book of Stabbing","floor":30,"turns":5},{"damage":50,"enemies":"Automaton","floor":33,"turns":6}],"seed_played":"-837827201822204303","potions_obtained":[{"floor":1.0,"key":"ColorlessPotion"},{"floor":3.0,"key":"Dexterity Potion"},{"floor":10.0,"key":"Fruit Juice"},{"floor":11.0,"key":"PowerPotion"},{"floor":13.0,"key":"SteroidPotion"},{"floor":27.0,"key":"Fruit Juice"}],"is_trial":false,"path_per_floor":["M","$","M","M","M","R","E","M","T","?","M","R","M","M","R","B",null,"M","?","?","?","$","R","M","E","T","M","R","$","E","?","R","B"],"character_chosen":"DEFECT","items_purchased":["OrangePellets","Defragment+1","ColorlessPotion","SpeedPotion","Undo"],"campfire_rested":3,"item_purchase_floors":[2,22,22,22,29],"current_hp_per_floor":[61,61,54,54,54,54,22,17,17,2,7,29,29,20,42,23,63,52,31,41,41,41,41,39,31,31,29,29,29,19,19,46,0,0],"gold":58,"neow_bonus":"HUNDRED_GOLD","is_daily":false,"chose_seed":false,"campfire_upgraded":3,"win_rate":0.0,"timestamp":1613822350,"path_taken":["M","$","M","M","M","R","E","M","T","?","M","R","M","M","R","BOSS","M","?","?","?","?","R","M","E","T","M","R","$","E","?","R","BOSS"],"items_purchased_type":["Relic","Card","Potion","Potion","Card"],"build_version":"2020-12-22","purchased_purges":1,"victory":false,"max_hp_per_floor":[71,71,71,71,71,71,71,71,71,71,76,76,76,76,76,76,76,76,76,86,86,86,86,86,86,86,86,86,86,91,91,91,91,91],"relic_stats":{"OrangePellets":[2],"counters":[17,76],"Mummified Hand":[35],"Turnip":[5],"obtain_stats":[{"Potion Belt":26,"Pear":20,"Vajra":17,"Enchiridion":19,"The Courier":30,"Frozen Egg 2":7,"Odd Mushroom":10,"Akabeko":25,"Calling Bell":17,"OrangePellets":2,"Mummified Hand":9,"Turnip":17,"Cracked Core":0,"StrikeDummy":17},{"Potion Belt":14,"Pear":12,"Vajra":11,"Enchiridion":12,"The Courier":16,"Frozen Egg 2":5,"Odd Mushroom":7,"Akabeko":14,"Calling Bell":11,"OrangePellets":1,"Mummified Hand":6,"Turnip":11,"Cracked Core":0,"StrikeDummy":11},{"Potion Belt":59,"Pear":49,"Vajra":43,"Enchiridion":49,"The Courier":70,"Frozen Egg 2":16,"Odd Mushroom":26,"Akabeko":59,"Calling Bell":43,"OrangePellets":3,"Mummified Hand":21,"Turnip":43,"Cracked Core":0,"StrikeDummy":43}]},"card_choices":[{"not_picked":["Lockon","Redo"],"picked":"Ball Lightning","floor":1.0},{"not_picked":["Beam Cell","Hologram"],"picked":"Ball Lightning","floor":3.0},{"not_picked":["Multi-Cast","Ball Lightning"],"picked":"Reinforced Body","floor":4.0},{"not_picked":["Go for the Eyes","Steam Power"],"picked":"Coolheaded","floor":5.0},{"not_picked":["Lockon","Machine Learning+1"],"picked":"Genetic Algorithm","floor":7.0},{"not_picked":["Ball Lightning","Cold Snap"],"picked":"Hello World+1","floor":8.0},{"not_picked":["Reprogram","Rebound"],"picked":"Skim","floor":10.0},{"not_picked":["Double Energy","Hologram"],"picked":"Defragment+1","floor":11.0},{"not_picked":["Stack","Genetic Algorithm"],"picked":"Conserve Battery","floor":13.0},{"not_picked":["Force Field","Coolheaded"],"picked":"Stack","floor":14.0},{"not_picked":["Reboot","Rainbow"],"picked":"Fission","floor":16.0},{"not_picked":["Genetic Algorithm","Blizzard","Steam"],"picked":"SKIP","floor":18.0},{"not_picked":["Sunder","Go for the Eyes"],"picked":"Cold Snap","floor":24.0},{"not_picked":["Reprogram","Force Field","Chaos"],"picked":"SKIP","floor":25.0},{"not_picked":["Go for the Eyes","Streamline"],"picked":"Stack","floor":27.0},{"not_picked":["Redo","Conserve Battery","Go for the Eyes"],"picked":"SKIP","floor":30}],"player_experience":1532947,"relics_obtained":[{"floor":7.0,"key":"Frozen Egg 2"},{"floor":9.0,"key":"Mummified Hand"},{"floor":10.0,"key":"Odd Mushroom"},{"floor":17.0,"key":"Vajra"},{"floor":17.0,"key":"StrikeDummy"},{"floor":17.0,"key":"Turnip"},{"floor":19.0,"key":"Enchiridion"},{"floor":25.0,"key":"Akabeko"},{"floor":26.0,"key":"Potion Belt"},{"floor":30,"key":"The Courier"}],"event_choices":[{"damage_healed":0.0,"max_hp_gain":0.0,"max_hp_loss":0.0,"gold_gain":0.0,"event_name":"Mushrooms","player_choice":"Fought Mushrooms","floor":10.0,"gold_loss":0.0,"damage_taken":0.0},{"damage_healed":0.0,"max_hp_gain":0.0,"max_hp_loss":0.0,"gold_gain":0.0,"event_name":"Cursed Tome","player_choice":"Obtained Book","floor":19.0,"gold_loss":0.0,"damage_taken":21.0},{"damage_healed":0.0,"max_hp_gain":0.0,"max_hp_loss":0.0,"gold_gain":0.0,"event_name":"The Mausoleum","player_choice":"Opened","floor":20.0,"gold_loss":0.0,"damage_taken":0.0,"relics_obtained":["Pear"],"cards_obtained":["Writhe"]},{"damage_healed":0.0,"max_hp_gain":0.0,"max_hp_loss":0.0,"gold_gain":0.0,"cards_transformed":["Defend_B","Defend_B"],"event_name":"Drug Dealer","player_choice":"Became Test Subject","floor":21.0,"gold_loss":0.0,"damage_taken":0.0,"cards_obtained":["Lockon","BootSequence"]},{"damage_healed":0,"gold_gain":0,"player_choice":"Smashed Altar","damage_taken":0,"max_hp_gain":0,"max_hp_loss":0,"event_name":"Forgotten Altar","floor":31,"gold_loss":0,"cards_obtained":["Decay"]}],"is_beta":false,"boss_relics":[{"not_picked":["Runic Pyramid","Black Star"],"picked":"Calling Bell"}],"items_purged_floors":[22],"is_endless":false,"potions_floor_spawned":[1,3,10,11,13,24,27],"killed_by":"Automaton","ascension_level":20}}