{"host":"a4s27ghlnr83kbqz","time":1613787284,"event":{"mods":["AchievementEnabler","BaseMod","Colored Map","Minty Spire (QoL Compilation)","Permanent Neow","SuperFastMode"],"gold_per_floor":[118,136,61,136,5,5,5,29,29,46,46,46,46,57,57,156,156,166,16,16,35,49,49,79,79,79,98,98,13,112,112,112],"floor_reached":31,"language":"KOR","playtime":687,"items_purged":["Shame","Strike_G"],"score":386,"play_id":"8e197ca9-1552-415c-b166-e48ca66d2388","local_time":"20210220111444","is_ascension_mode":true,"campfire_choices":[{"data":"Dagger Spray","floor":6,"key":"SMITH"},{"floor":11,"key":"REST"},{"data":"Accuracy","floor":13,"key":"SMITH"},{"data":"Blade Dance","floor":15,"key":"SMITH"},{"floor":23,"key":"REST"},{"floor":25,"key":"REST"}],"circlet_count":0,"master_deck":["AscendersBane","Defend_G","Defend_G","Defend_G","Defend_G","Defend_G","Survivor","Neutralize","Bullet Time","Dagger Spray+1","Accuracy+1","Crippling Poison","Blade Dance+1","Escape Plan","Choke","Phantasmal Killer","Cloak And Dagger","Backflip","Terror","Cloak And Dagger","Decay"],"relics":["Ring of the Snake","Odd Mushroom","Toy Ornithopter","Shovel","Empty Cage","Kunai","White Beast Statue","Incense Burner"],"acts_visited":["Exordium","TheCity"],"potions_floor_usage":[16,18,24,31,31],"damage_taken":[{"damage":11,"enemies":"Jaw Worm","floor":1,"turns":7},{"damage":13,"enemies":"Small Slimes","floor":2,"turns":5},{"damage":17,"enemies":"The Mushroom Lair","floor":8,"turns":4},{"damage":0,"enemies":"2 Louse","floor":10,"turns":3},{"damage":5,"enemies":"Red Slaver","floor":14,"turns":5},{"damage":12,"enemies":"Hexaghost","floor":16,"turns":8},{"damage":27,"enemies":"Chosen","floor":18,"turns":7},{"damage":12,"enemies":"3 Byrds","floor":21,"turns":6},{"damage":6,"enemies":"Centurion and Healer","floor":22,"turns":6},{"damage":26,"enemies":"Book of Stabbing","floor":24,"turns":5},{"damage":25,"enemies":"Snecko","floor":27,"turns":4},{"damage":29,"enemies":"Cultist and Chosen","floor":31,"turns":4}],"seed_played":"5515935348408569779","potions_obtained":[{"floor":2,"key":"Fire Potion"},{"floor":21,"key":"Ancient Potion"},{"floor":22,"key":"SkillPotion"},{"floor":27,"key":"Poison Potion"}],"is_trial":false,"path_per_floor":["M","M","$","?","$","R","?","?","T","M","R","T","R","M","R","B",null,"M","$","?","M","M","R","E","R","T","M","?","?","?","M"],"character_chosen":"THE_SILENT","items_purchased":["Crippling Poison","PowerPotion","Cloak And Dagger"],"campfire_rested":3,"item_purchase_floors":[5,5,19],"current_hp_per_floor":[52,39,39,28,28,28,28,11,11,11,32,32,32,27,27,20,58,36,36,36,24,18,39,18,39,39,14,14,14,14,0,0],"gold":112,"neow_bonus":"TRANSFORM_TWO_CARDS","is_daily":false,"chose_seed":false,"campfire_upgraded":3,"win_rate":0.0,"timestamp":1613787284,"path_taken":["M","M","$","?","$","R","?","?","T","M","R","?","R","M","R","BOSS","M","$","?","M","M","R","E","R","T","M","?","?","?","?"],"items_purchased_type":["Card","Potion","Card"],"build_version":"2020-12-22","purchased_purges":2,"victory":false,"max_hp_per_floor":[70,70,70,70,70,70,70,70,70,70,70,70,70,70,70,70,70,70,70,70,70,70,70,70,70,70,70,70,70,70,70,70],"card_choices":[{"not_picked":["Flying Knee","Dodge and Roll"],"picked":"Accuracy","floor":1},{"not_picked":["Choke","Finisher","Concentrate"],"picked":"SKIP","floor":2},{"not_picked":["Bane","Quick Slash"],"picked":"Blade Dance","floor":8},{"not_picked":["Reflex","Catalyst"],"picked":"Escape Plan","floor":10},{"not_picked":["Deadly Poison","Backflip"],"picked":"Choke","floor":14},{"not_picked":["Burst","Storm of Steel"],"picked":"Phantasmal Killer","floor":16},{"not_picked":["Caltrops","Quick Slash","Prepared"],"picked":"SKIP","floor":18},{"not_picked":["Heel Hook","All Out Attack"],"picked":"Backflip","floor":21},{"not_picked":["Finisher","Choke"],"picked":"Terror","floor":22},{"not_picked":["Outmaneuver","Envenom"],"picked":"Cloak And Dagger","floor":24},{"not_picked":["Flechettes+1","Acrobatics","Quick Slash"],"picked":"SKIP","floor":27},{"not_picked":["Flechettes+1","Acrobatics","Quick Slash"],"picked":"SKIP","floor":27}],"player_experience":1130633,"relics_obtained":[{"floor":8,"key":"Odd Mushroom"},{"floor":9,"key":"Toy Ornithopter"},{"floor":12,"key":"Shovel"},{"floor":24,"key":"Kunai"},{"floor":26,"key":"White Beast Statue"}],"event_choices":[{"damage_healed":0,"gold_gain":75,"player_choice":"Gather Gold","damage_taken":11,"max_hp_gain":0,"max_hp_loss":0,"event_name":"World of Goop","floor":4,"gold_loss":0},{"damage_healed":0,"gold_gain":0,"player_choice":"Ignored","damage_taken":0,"max_hp_gain":0,"max_hp_loss":0,"event_name":"Liars Game","floor":7,"gold_loss":0},{"damage_healed":0,"gold_gain":0,"player_choice":"Fought Mushrooms","damage_taken":0,"max_hp_gain":0,"max_hp_loss":0,"event_name":"Mushrooms","floor":8,"gold_loss":0},{"damage_healed":0,"gold_gain":0,"player_choice":"Ignored","damage_taken":0,"max_hp_gain":0,"max_hp_loss":0,"event_name":"The Mausoleum","floor":20,"gold_loss":0},{"damage_healed":0,"gold_gain":0,"player_choice":"Smashed Altar","damage_taken":0,"max_hp_gain":0,"max_hp_loss":0,"event_name":"Forgotten Altar","floor":28,"gold_loss":0,"cards_obtained":["Decay"]},{"damage_healed":0,"gold_gain":0,"player_choice":"Obtained Relic","damage_taken":0,"relics_obtained":["Incense Burner"],"max_hp_gain":0,"max_hp_loss":0,"event_name":"Addict","floor":29,"gold_loss":85},{"damage_healed":0,"gold_gain":99,"player_choice":"Stole From Cult","damage_taken":0,"max_hp_gain":0,"max_hp_loss":0,"event_name":"Nest","floor":30,"gold_loss":0}],"is_beta":false,"boss_relics":[{"not_picked":["Tiny House","Snecko Eye"],"picked":"Empty Cage"}],"items_purged_floors":[3,19],"is_endless":false,"potions_floor_spawned":[2,8,10,21,22,27],"killed_by":"Cultist and Chosen","ascension_level":12}}