{"host":"f7915vm1ahl7kex1","time":1613794943,"event":{"mods":["BaseMod","Colored Map","Downfall","Minty Spire (QoL Compilation)","Quick Restart","StSLib"],"gold_per_floor":[349,367,379,393,71,71,71,85,85,112,12,67,167,180,198,298,298,298,309,329,340,225,225,305,305,332,332,332,332,332],"floor_reached":28,"language":"ENG","playtime":1100,"items_purged":["Regret","champ:Strike"],"score":276,"play_id":"d95075db-716e-4a3b-983e-fd2771e0109b","local_time":"20210219222223","is_ascension_mode":true,"campfire_choices":[{"floor":1,"key":"RECALL"},{"data":"champ:StanceDance","floor":9,"key":"SMITH"},{"data":"champ:FaceSlap","floor":11,"key":"SMITH"},{"data":"champ:BerserkerStyle","floor":18,"key":"SMITH"},{"data":"champ:MurderStrike","floor":23,"key":"SMITH"},{"data":"champ:AdrenalArmor","floor":25,"key":"SMITH"}],"circlet_count":0,"master_deck":["champ:Defend","champ:Defend","champ:Defend","champ:Defend","champ:Execute","champ:Taunt","champ:FaceSlap+1","champ:StanceDance+1","champ:AdrenalArmor+1","champ:RecklessLeap","champ:BerserkerStyle+1","champ:MurderStrike+1","champ:BerserkersShout","downfall:Aged"],"relics":["champ:ChampionCrown","Medical Kit","champ:LiftRelic","Pear","Art of War","downfall:HeartBlessingRed","Mummified Hand","Potion Belt","SlaversCollar","Kunai","Anchor"],"acts_visited":["Exordium","TheCity"],"potions_floor_usage":[10,14,16,19,26],"damage_taken":[{"damage":14,"enemies":"Jaw Worm","floor":2,"turns":5},{"damage":2,"enemies":"2 Louse","floor":3,"turns":2},{"damage":4,"enemies":"Small Slimes","floor":4,"turns":3},{"damage":27,"enemies":"downfall:FleeingMerchant","floor":5,"turns":4},{"damage":3,"enemies":"Red Slaver","floor":8,"turns":3},{"damage":15,"enemies":"Gremlin Nob","floor":10,"turns":2},{"damage":48,"enemies":"3 Sentries","floor":12,"turns":5},{"damage":114,"enemies":"downfall:LadyInBlue","floor":13,"turns":7},{"damage":15,"enemies":"Gremlin Gang","floor":14,"turns":4},{"damage":41,"enemies":"Exordium Wildlife","floor":15,"turns":5},{"damage":67,"enemies":"IC_STATUS_ARCHETYPE","floor":16,"turns":5},{"damage":31,"enemies":"Shell Parasite","floor":19,"turns":4},{"damage":56,"enemies":"3 Byrds","floor":20,"turns":7},{"damage":48,"enemies":"Sentry and Sphere","floor":21,"turns":4},{"damage":53,"enemies":"downfall:FleeingMerchant","floor":22,"turns":4},{"damage":47,"enemies":"Book of Stabbing","floor":26,"turns":5},{"damage":71,"enemies":"Gremlin Leader","floor":28,"turns":3}],"seed_played":"4165421716199924245","potions_obtained":[{"floor":2,"key":"FairyPotion"},{"floor":12,"key":"Ancient Potion"},{"floor":13,"key":"Fire Potion"},{"floor":13,"key":"champ:UltimateStancePotion"},{"floor":13,"key":"Dexterity Potion"},{"floor":13,"key":"bronze:BurnAndBuffPotion"},{"floor":16,"key":"Weak Potion"},{"floor":21,"key":"DistilledChaos"},{"floor":26,"key":"SteroidPotion"}],"is_trial":false,"path_per_floor":["R","M","M","M","$","?","T","M","R","E","R","?","?","M","M","B",null,"R","M","M","M","$","R","T","R","E","?","E"],"character_chosen":"THE_CHAMP","items_purchased":["Medical Kit","DistilledChaos"],"campfire_rested":0,"item_purchase_floors":[5,5],"current_hp_per_floor":[90,81,79,75,73,73,83,80,80,80,80,62,42,42,31,45,100,100,98,80,71,71,71,71,71,41,41,0,0,0],"gold":332,"neow_bonus":"TWO_FIFTY_GOLD","is_daily":false,"chose_seed":false,"campfire_upgraded":5,"win_rate":0.0,"timestamp":1613794943,"path_taken":["R","M","M","M","$","?","T","M","R","E","R","?","?","?","M","BOSS","R","M","M","?","$","R","T","R","E","?","E"],"items_purchased_type":["Relic","Potion"],"build_version":"2020-12-22","purchased_purges":2,"victory":false,"max_hp_per_floor":[90,90,90,90,90,90,100,100,100,100,100,100,100,100,100,100,100,100,100,100,100,100,100,100,100,100,100,100,100,100],"card_choices":[{"not_picked":["champ:PreciseThrust","champ:DefensiveStyle"],"picked":"champ:FaceSlap","floor":2},{"not_picked":["champ:Haymaker","champ:DefensiveShout"],"picked":"champ:StanceDance","floor":3},{"not_picked":["champ:Circumvent","champ:Haymaker"],"picked":"champ:AdrenalArmor","floor":4},{"not_picked":["champ:Haymaker","champ:PreciseThrust","champ:LastStand"],"picked":"SKIP","floor":5},{"not_picked":["champ:AdrenalArmor","champ:ShieldWall"],"picked":"champ:RecklessLeap","floor":8},{"not_picked":["champ:Parry","champ:TornadoPunch","champ:Devastate"],"picked":"SKIP","floor":10},{"not_picked":["champ:PreemptiveStrike","champ:FanOfKnives"],"picked":"champ:BerserkerStyle","floor":12},{"not_picked":["champ:Shatter","champ:FancyFootwork","champ:Circumvent"],"picked":"SKIP","floor":14},{"not_picked":["champ:CalledShot","champ:EnGarde","champ:RapidStrikes"],"picked":"SKIP","floor":15},{"not_picked":["champ:SetATrap","champ:Haymaker","champ:GladiatorStyle"],"picked":"SKIP","floor":19},{"not_picked":["champ:Circumvent","champ:StanceDance","champ:FlashCut+1"],"picked":"SKIP","floor":20},{"not_picked":["champ:RecklessLeap","champ:Backstep","champ:CheapShot"],"picked":"SKIP","floor":21},{"not_picked":["champ:Endure+1","champ:FanOfKnives"],"picked":"champ:MurderStrike","floor":22},{"not_picked":["champ:FancyFootwork+1","champ:TornadoPunch"],"picked":"champ:BerserkersShout","floor":26}],"player_experience":1208875,"relics_obtained":[{"floor":7,"key":"Pear"},{"floor":10,"key":"Art of War"},{"floor":12,"key":"Mummified Hand"},{"floor":13,"key":"Potion Belt"},{"floor":24,"key":"Kunai"},{"floor":26,"key":"Anchor"}],"event_choices":[],"is_beta":false,"boss_relics":[{"not_picked":["Busted Crown","Tiny House"],"picked":"SlaversCollar"}],"items_purged_floors":[5,22],"is_endless":false,"potions_floor_spawned":[2,12,13,16,21,26],"killed_by":"Gremlin Leader","ascension_level":1}}