{"host":"wri98rxht4656ll8","time":1613841584,"event":{"mods":["AchievementEnabler","BaseMod","Colored Map","Colored Powertips","Minty Spire (QoL Compilation)","Permanent Neow","StSLib"],"gold_per_floor":[113,123,9,9,24,24,35,35,35,53,69,81,101,112,112,212,212,224,224,224,252,175,175,187,187,260,330,380,380,394,444,444,541,541,561,611,387,399,449,449,518,518,518,529,529,529,529],"floor_reached":46,"language":"ENG","playtime":2581,"items_purged":["Doubt"],"score":414,"play_id":"a80f784d-a8e3-4553-a479-fe24da920418","local_time":"20210220181944","is_ascension_mode":false,"campfire_choices":[{"data":"Zap","floor":6.0,"key":"SMITH"},{"data":"Consume","floor":8.0,"key":"SMITH"},{"floor":15.0,"key":"REST"},{"data":"Turbo","floor":23.0,"key":"SMITH"},{"data":"Amplify","floor":29.0,"key":"SMITH"},{"floor":32.0,"key":"REST"},{"data":"Capacitor","floor":40.0,"key":"SMITH"},{"data":"Defragment","floor":42.0,"key":"SMITH"},{"floor":45,"key":"REST"}],"circlet_count":0,"master_deck":["Strike_B+1","Strike_B+1","Strike_B+1","Defend_B+1","Defend_B+1","Defend_B+1","Defend_B+1","Zap+1","Dualcast","Leap","Cold Snap","Defragment+1","Consume+1","Undo","Hologram","Meteor Strike","Turbo+1","Loop","Capacitor+1","Amplify+1","Cold Snap+1","Defragment+1","Fusion+1","Hologram+1","Auto Shields","Lockon+1"],"relics":["Cracked Core","FossilizedHelix","Anchor","Sozu","MutagenicStrength","Red Mask","SsserpentHead","Gremlin Horn","Bag of Marbles","SlaversCollar","Orrery","Centennial Puzzle"],"acts_visited":["Exordium","TheCity","TheBeyond"],"potions_floor_usage":[],"damage_taken":[{"damage":0.0,"enemies":"Cultist","floor":1.0,"turns":3.0},{"damage":0.0,"enemies":"Small Slimes","floor":2.0,"turns":4.0},{"damage":5.0,"enemies":"2 Louse","floor":5.0,"turns":2.0},{"damage":0.0,"enemies":"Large Slime","floor":7.0,"turns":6.0},{"damage":0.0,"enemies":"Blue Slaver","floor":10.0,"turns":3.0},{"damage":0.0,"enemies":"Red Slaver","floor":11.0,"turns":4.0},{"damage":10.0,"enemies":"Exordium Wildlife","floor":12.0,"turns":4.0},{"damage":0.0,"enemies":"Looter","floor":13.0,"turns":3.0},{"damage":21.0,"enemies":"Large Slime","floor":14.0,"turns":25.0},{"damage":1.0,"enemies":"Slime Boss","floor":16.0,"turns":10.0},{"damage":0.0,"enemies":"Spheric Guardian","floor":18.0,"turns":6.0},{"damage":25.0,"enemies":"Masked Bandits","floor":21.0,"turns":5.0},{"damage":0.0,"enemies":"Shell Parasite","floor":24.0,"turns":6.0},{"damage":0.0,"enemies":"Shelled Parasite and Fungi","floor":27.0,"turns":7.0},{"damage":10.0,"enemies":"3 Cultists","floor":30.0,"turns":5.0},{"damage":26.0,"enemies":"Automaton","floor":33.0,"turns":16.0},{"damage":0.0,"enemies":"Orb Walker","floor":35.0,"turns":4.0},{"damage":0.0,"enemies":"3 Shapes","floor":38.0,"turns":6.0},{"damage":0.0,"enemies":"Sphere and 2 Shapes","floor":41.0,"turns":5.0},{"damage":32,"enemies":"Transient","floor":44,"turns":5},{"damage":74,"enemies":"Giant Head","floor":46,"turns":10}],"seed_played":"-2171980659456710186","potions_obtained":[{"floor":1.0,"key":"PotionOfCapacity"},{"floor":10.0,"key":"LiquidBronze"},{"floor":11.0,"key":"LiquidBronze"}],"is_trial":false,"path_per_floor":["M","M","$","?","M","R","M","R","T","M","M","M","M","M","R","B",null,"M","?","?","?","$","R","M","?","T","M","T","R","M","?","R","B",null,"M","?","$","M","?","R","M","R","T","M","R","E"],"character_chosen":"DEFECT","items_purchased":["Defragment","Loop","Defragment","Orrery"],"campfire_rested":3,"item_purchase_floors":[3,22,37,37],"current_hp_per_floor":[75,75,75,75,70,70,70,70,70,70,70,60,60,39,61,60,75,75,75,75,50,50,50,50,50,50,50,50,50,40,40,62,36,75,75,75,75,75,75,75,75,75,75,43,65,0,0],"gold":529,"neow_bonus":"ONE_RARE_RELIC","is_daily":false,"chose_seed":false,"campfire_upgraded":6,"win_rate":0.0,"timestamp":1613841584,"path_taken":["M","?","$","?","M","R","M","R","T","M","M","M","M","M","R","BOSS","M","?","?","?","?","R","M","?","T","?","?","R","M","?","R","BOSS","M","?","$","M","?","R","?","R","T","M","R","E"],"items_purchased_type":["Card","Card","Card","Relic"],"build_version":"2020-12-22","purchased_purges":1,"victory":false,"max_hp_per_floor":[75,75,75,75,75,75,75,75,75,75,75,75,75,75,75,75,75,75,75,75,75,75,75,75,75,75,75,75,75,75,75,75,75,75,75,75,75,75,75,75,75,75,75,75,75,75,75],"card_choices":[{"not_picked":["Turbo","Cold Snap"],"picked":"Leap","floor":1.0},{"not_picked":["Coolheaded","Go for the Eyes"],"picked":"Cold Snap","floor":2.0},{"not_picked":["Streamline","Rip and Tear","Steam Power"],"picked":"SKIP","floor":5.0},{"not_picked":["Auto Shields","Rebound"],"picked":"Consume","floor":7.0},{"not_picked":["Redo","Skim"],"picked":"Undo","floor":10.0},{"not_picked":["Barrage","Coolheaded","Beam Cell"],"picked":"SKIP","floor":11.0},{"not_picked":["Chaos","Storm"],"picked":"Hologram","floor":12.0},{"not_picked":["Stack","Sweeping Beam","FTL"],"picked":"SKIP","floor":13.0},{"not_picked":["Chaos","Heatsinks","Rebound"],"picked":"SKIP","floor":14.0},{"not_picked":["Thunder Strike","Machine Learning"],"picked":"Meteor Strike","floor":16.0},{"not_picked":["Sweeping Beam","Gash+1","Streamline"],"picked":"SKIP","floor":18.0},{"not_picked":["Stack","Genetic Algorithm"],"picked":"Turbo","floor":21.0},{"not_picked":["Force Field","Ball Lightning+1"],"picked":"Capacitor","floor":24.0},{"not_picked":["FTL+1","Chaos"],"picked":"Amplify","floor":27.0},{"not_picked":["Melter+1","Sweeping Beam+1"],"picked":"Cold Snap+1","floor":30.0},{"not_picked":["Heatsinks+1","Coolheaded+1","Melter+1"],"picked":"SKIP","floor":35.0},{"not_picked":["Steam Power","Reprogram"],"picked":"Fusion+1","floor":37.0},{"not_picked":["Chaos","Lockon+1"],"picked":"Hologram+1","floor":38.0},{"not_picked":["Beam Cell","Reprogram"],"picked":"Auto Shields","floor":41.0},{"not_picked":["Stack+1","Rebound+1"],"picked":"Lockon+1","floor":44}],"player_experience":236223,"relics_obtained":[{"floor":9.0,"key":"Anchor"},{"floor":21.0,"key":"Red Mask"},{"floor":26.0,"key":"Gremlin Horn"},{"floor":28.0,"key":"Bag of Marbles"},{"floor":43.0,"key":"Centennial Puzzle"}],"event_choices":[{"damage_healed":0.0,"max_hp_gain":0.0,"max_hp_loss":0.0,"gold_gain":0.0,"event_name":"Living Wall","player_choice":"Grow","floor":4.0,"gold_loss":0.0,"damage_taken":0.0,"cards_upgraded":["Defragment"]},{"damage_healed":0.0,"max_hp_gain":0.0,"max_hp_loss":0.0,"gold_gain":0.0,"event_name":"Drug Dealer","player_choice":"Inject Mutagens","floor":19.0,"gold_loss":0.0,"damage_taken":0.0,"relics_obtained":["MutagenicStrength"]},{"damage_healed":0.0,"max_hp_gain":0.0,"max_hp_loss":0.0,"gold_gain":0.0,"event_name":"Back to Basics","player_choice":"Simplicity","floor":20.0,"gold_loss":0.0,"damage_taken":0.0,"cards_upgraded":["Strike_B","Strike_B","Strike_B","Strike_B","Defend_B","Defend_B","Defend_B","Defend_B"]},{"damage_healed":0.0,"max_hp_gain":0.0,"max_hp_loss":0.0,"gold_gain":0.0,"event_name":"Masked Bandits","player_choice":"Fought Bandits","floor":21.0,"gold_loss":0.0,"damage_taken":0.0},{"damage_healed":0.0,"max_hp_gain":0.0,"max_hp_loss":0.0,"gold_gain":0.0,"event_name":"FaceTrader","player_choice":"Trade","floor":25.0,"gold_loss":0.0,"damage_taken":0.0,"relics_obtained":["SsserpentHead"]},{"damage_healed":0.0,"max_hp_gain":0.0,"max_hp_loss":0.0,"gold_gain":0.0,"event_name":"Ghosts","player_choice":"Ignored","floor":31.0,"gold_loss":0.0,"damage_taken":0.0},{"damage_healed":0.0,"max_hp_gain":0.0,"max_hp_loss":0.0,"gold_gain":0.0,"event_name":"SensoryStone","player_choice":"Memory 1","floor":36.0,"gold_loss":0.0,"damage_taken":0.0},{"cards_removed":["Strike_B"],"damage_healed":0.0,"max_hp_gain":0.0,"max_hp_loss":0.0,"gold_gain":0.0,"event_name":"Falling","player_choice":"Removed Attack","floor":39.0,"gold_loss":0.0,"damage_taken":0.0}],"is_beta":false,"boss_relics":[{"not_picked":["Calling Bell","Astrolabe"],"picked":"Sozu"},{"not_picked":["Tiny House","Runic Dome"],"picked":"SlaversCollar"}],"items_purged_floors":[3],"is_endless":false,"potions_floor_spawned":[1,10,11,14,18,24,27,38,41],"killed_by":"Giant Head","ascension_level":0}}