{"host":"l3lzhw5qete3bz2v","time":1613792305,"event":{"mods":["BaseMod","Colored Map","Colored Powertips","Minty Spire (QoL Compilation)","StSLib","SuperFastMode"],"gold_per_floor":[115,134,134,134,150,150,184,201,201,235,250,250,283,302,302,398,398,408,422,422,434,434,434,459,459,459,459,492,512,512,547,547,649,649,660,676,691,709,762,762,39,68,68,68,85,96,96,112,112,112],"floor_reached":51,"language":"JPN","playtime":2910,"items_purged":["Strike_R"],"score":1061,"play_id":"593baf41-d341-40fb-acd9-93c342dd5f4e","local_time":"20210220123825","is_ascension_mode":true,"campfire_choices":[{"data":"Sword Boomerang","floor":6.0,"key":"SMITH"},{"data":"1","floor":12.0,"key":"LIFT"},{"data":"2","floor":15.0,"key":"LIFT"},{"data":"3","floor":23.0,"key":"LIFT"},{"data":"Demon Form","floor":25.0,"key":"SMITH"},{"floor":30.0,"key":"REST"},{"floor":32.0,"key":"DIG"},{"data":"Armaments","floor":40,"key":"SMITH"},{"floor":44,"key":"DIG"},{"floor":47,"key":"DIG"},{"floor":49,"key":"REST"}],"circlet_count":0,"master_deck":["Strike_R","Strike_R","Strike_R","Strike_R","Defend_R","Defend_R","Defend_R","Defend_R","Bash","Wild Strike+1","Sword Boomerang+1","True Grit","Iron Wave","Shockwave","Uppercut","Offering","Armaments","Demon Form+1","Cleave+1","Sever Soul","RitualDagger","Pummel+1","True Grit","Sentinel","True Grit+1","Disarm+1","Sentinel","Limit Break","Disarm+1","Seeing Red+1","Exhume","Flame Barrier+1","Armaments+1","Ghostly Armor+1","True Grit+1","Apotheosis","Heavy Blade+1"],"relics":["Velvet Choker","Meat on the Bone","Shovel","Girya","Lizard Tail","Runic Pyramid","Dead Branch","Red Mask","Champion Belt","Prayer Wheel","White Beast Statue","PreservedInsect","Cursed Key","Charon\u0027s Ashes","Calipers","Potion Belt","Paper Frog","Gambling Chip","Pear"],"acts_visited":["Exordium","TheCity","TheBeyond"],"potions_floor_usage":[48,50,50,50],"damage_taken":[{"damage":2.0,"enemies":"Jaw Worm","floor":1.0,"turns":3.0},{"damage":0.0,"enemies":"Cultist","floor":2.0,"turns":2.0},{"damage":6.0,"enemies":"2 Louse","floor":5.0,"turns":2.0},{"damage":8.0,"enemies":"Gremlin Nob","floor":7.0,"turns":3.0},{"damage":0.0,"enemies":"Looter","floor":8.0,"turns":2.0},{"damage":35.0,"enemies":"Lagavulin","floor":10.0,"turns":8.0},{"damage":8.0,"enemies":"Exordium Wildlife","floor":11.0,"turns":3.0},{"damage":5.0,"enemies":"3 Sentries","floor":13.0,"turns":4.0},{"damage":0.0,"enemies":"3 Louse","floor":14.0,"turns":2.0},{"damage":21.0,"enemies":"The Guardian","floor":16.0,"turns":9.0},{"damage":3.0,"enemies":"Chosen","floor":18.0,"turns":2.0},{"damage":15.0,"enemies":"2 Thieves","floor":19.0,"turns":3.0},{"damage":14.0,"enemies":"Cultist and Chosen","floor":21.0,"turns":3.0},{"damage":6.0,"enemies":"Masked Bandits","floor":24.0,"turns":2.0},{"damage":15.0,"enemies":"Gremlin Leader","floor":28.0,"turns":5.0},{"damage":18.0,"enemies":"Snake Plant","floor":29.0,"turns":3.0},{"damage":16.0,"enemies":"Book of Stabbing","floor":31.0,"turns":3.0},{"damage":8.0,"enemies":"Champ","floor":33.0,"turns":7.0},{"damage":5.0,"enemies":"3 Shapes","floor":35.0,"turns":3.0},{"damage":17.0,"enemies":"3 Darklings","floor":36.0,"turns":3.0},{"damage":6.0,"enemies":"Spire Growth","floor":37.0,"turns":4.0},{"damage":2.0,"enemies":"Jaw Worm Horde","floor":38.0,"turns":5.0},{"damage":10,"enemies":"2 Orb Walkers","floor":39,"turns":5},{"damage":0,"enemies":"Nemesis","floor":42,"turns":5},{"damage":0,"enemies":"Transient","floor":45,"turns":5},{"damage":0,"enemies":"Sphere and 2 Shapes","floor":46,"turns":2},{"damage":12,"enemies":"3 Darklings","floor":48,"turns":9},{"damage":25,"enemies":"Awakened One","floor":50,"turns":8}],"seed_played":"6217741437109851422","potions_obtained":[{"floor":2.0,"key":"Explosive Potion"},{"floor":7.0,"key":"ElixirPotion"},{"floor":8.0,"key":"LiquidBronze"},{"floor":19.0,"key":"Ancient Potion"},{"floor":24.0,"key":"FearPotion"},{"floor":28.0,"key":"Dexterity Potion"},{"floor":33.0,"key":"DuplicationPotion"},{"floor":35.0,"key":"BloodPotion"},{"floor":36.0,"key":"GamblersBrew"},{"floor":37.0,"key":"AttackPotion"},{"floor":38,"key":"DistilledChaos"},{"floor":39,"key":"SteroidPotion"},{"floor":42,"key":"FearPotion"},{"floor":45,"key":"Dexterity Potion"},{"floor":48,"key":"DistilledChaos"}],"is_trial":false,"path_per_floor":["M","M","?","$","M","R","E","M","T","E","M","R","E","M","R","B",null,"M","M","?","M","?","R","?","R","T","?","E","M","R","E","R","B",null,"M","M","M","M","?","R","$","E","T","R","M","M","R","M","R","B",null],"character_chosen":"IRONCLAD","items_purchased":["Calipers","Potion Belt","Apotheosis"],"campfire_rested":2,"item_purchase_floors":[41,41,41],"current_hp_per_floor":[70,70,70,70,64,64,56,56,56,33,37,37,44,44,44,35,69,66,51,45,43,43,43,49,49,49,34,31,25,50,46,46,50,76,71,71,65,63,53,53,53,53,53,53,53,53,63,51,79,54],"gold":112,"neow_bonus":"BOSS_RELIC","is_daily":false,"chose_seed":false,"campfire_upgraded":3,"win_rate":0.0,"timestamp":1613792305,"path_taken":["M","M","?","$","M","R","E","M","T","E","?","R","E","M","R","BOSS","M","M","?","M","?","R","?","R","T","?","E","?","R","E","R","BOSS","M","M","M","M","?","R","$","E","T","R","M","M","R","M","R","BOSS"],"items_purchased_type":["Relic","Relic","Card"],"build_version":"2020-12-22","purchased_purges":1,"victory":true,"max_hp_per_floor":[80,80,80,80,80,80,80,80,80,80,80,80,80,80,80,80,80,80,80,80,80,80,80,80,80,80,85,85,85,85,85,85,85,85,85,85,85,85,85,85,85,85,85,85,85,85,95,95,95,95],"card_choices":[{"not_picked":["Iron Wave","Bloodletting"],"picked":"Wild Strike","floor":1.0},{"not_picked":["Havoc","Bloodletting"],"picked":"Sword Boomerang","floor":2.0},{"not_picked":["Cleave","Rupture","Flex"],"picked":"SKIP","floor":5.0},{"not_picked":["Iron Wave","Heavy Blade"],"picked":"True Grit","floor":7.0},{"not_picked":["Cleave","Wild Strike"],"picked":"Iron Wave","floor":8.0},{"not_picked":["Carnage","Iron Wave"],"picked":"Shockwave","floor":10.0},{"not_picked":["Anger","Heavy Blade"],"picked":"Uppercut","floor":11.0},{"not_picked":["Clash","Sever Soul"],"picked":"Offering","floor":13.0},{"not_picked":["Clothesline","Intimidate"],"picked":"Armaments","floor":14.0},{"not_picked":["Juggernaut","Bludgeon"],"picked":"Demon Form","floor":16.0},{"not_picked":["Warcry","Clash"],"picked":"Cleave+1","floor":18.0},{"not_picked":["Cleave","Clothesline+1"],"picked":"Sever Soul","floor":19.0},{"not_picked":["Pommel Strike+1","Sentinel"],"picked":"Pummel+1","floor":21.0},{"not_picked":["Clothesline","Rampage+1"],"picked":"True Grit","floor":24.0},{"not_picked":["Dropkick","Iron Wave"],"picked":"Sentinel","floor":28.0},{"not_picked":["Warcry+1","Armaments"],"picked":"True Grit+1","floor":29.0},{"not_picked":["Clash+1","Uppercut"],"picked":"Disarm+1","floor":29.0},{"not_picked":["Carnage+1","Cleave"],"picked":"Sentinel","floor":31.0},{"not_picked":["Demon Form","Brutality"],"picked":"Limit Break","floor":33.0},{"not_picked":["Armaments","Clash"],"picked":"Disarm+1","floor":35.0},{"not_picked":["Heavy Blade+1","Reckless Charge"],"picked":"Seeing Red+1","floor":35.0},{"not_picked":["Clash","Clothesline"],"picked":"Exhume","floor":36.0},{"not_picked":["Headbutt+1","Cleave+1","Burning Pact"],"picked":"SKIP","floor":36.0},{"not_picked":["Havoc+1","Reckless Charge"],"picked":"Flame Barrier+1","floor":37.0},{"not_picked":["Clash","Sword Boomerang+1","Whirlwind+1"],"picked":"SKIP","floor":37.0},{"not_picked":["True Grit+1","Clash+1"],"picked":"Armaments","floor":38},{"not_picked":["Blood for Blood","Metallicize+1"],"picked":"Ghostly Armor+1","floor":38},{"not_picked":["Cleave+1","Anger+1"],"picked":"True Grit+1","floor":39},{"not_picked":["True Grit+1","Armaments"],"picked":"Heavy Blade+1","floor":42},{"not_picked":["Infernal Blade+1","True Grit","Evolve"],"picked":"SKIP","floor":45},{"not_picked":["Rupture+1","Combust","Intimidate+1"],"picked":"SKIP","floor":45},{"not_picked":["Demon Form","Blood for Blood","Pommel Strike+1"],"picked":"SKIP","floor":46},{"not_picked":["Pummel","Sword Boomerang","Heavy Blade"],"picked":"SKIP","floor":46},{"not_picked":["Heavy Blade","Second Wind+1","Hemokinesis+1"],"picked":"SKIP","floor":48},{"not_picked":["Combust+1","Dropkick","Perfected Strike"],"picked":"SKIP","floor":48}],"player_experience":122767,"relics_obtained":[{"floor":7.0,"key":"Meat on the Bone"},{"floor":9.0,"key":"Shovel"},{"floor":10.0,"key":"Girya"},{"floor":13.0,"key":"Lizard Tail"},{"floor":24.0,"key":"Red Mask"},{"floor":26.0,"key":"Champion Belt"},{"floor":28.0,"key":"Prayer Wheel"},{"floor":31.0,"key":"White Beast Statue"},{"floor":32.0,"key":"PreservedInsect"},{"floor":39,"key":"Charon\u0027s Ashes"},{"floor":42,"key":"Paper Frog"},{"floor":44,"key":"Gambling Chip"},{"floor":47,"key":"Pear"}],"event_choices":[{"damage_healed":0.0,"max_hp_gain":0.0,"max_hp_loss":0.0,"gold_gain":0.0,"event_name":"Upgrade Shrine","player_choice":"Upgraded","floor":3.0,"gold_loss":0.0,"damage_taken":0.0,"cards_upgraded":["Wild Strike"]},{"damage_healed":0.0,"max_hp_gain":0.0,"max_hp_loss":0.0,"gold_gain":0.0,"event_name":"Nest","player_choice":"Joined the Cult","floor":20.0,"gold_loss":0.0,"damage_taken":6.0,"cards_obtained":["RitualDagger"]},{"damage_healed":0.0,"max_hp_gain":0.0,"max_hp_loss":0.0,"gold_gain":0.0,"event_name":"The Mausoleum","player_choice":"Opened","floor":22.0,"gold_loss":0.0,"damage_taken":0.0,"relics_obtained":["Dead Branch"]},{"damage_healed":0.0,"max_hp_gain":0.0,"max_hp_loss":0.0,"gold_gain":0.0,"event_name":"Masked Bandits","player_choice":"Fought Bandits","floor":24.0,"gold_loss":0.0,"damage_taken":0.0},{"damage_healed":0.0,"max_hp_gain":5.0,"max_hp_loss":0.0,"gold_gain":0.0,"event_name":"Forgotten Altar","player_choice":"Shed Blood","floor":27.0,"gold_loss":0.0,"damage_taken":20.0},{"damage_healed":0,"gold_gain":0,"player_choice":"Fight","damage_taken":0,"max_hp_gain":0,"max_hp_loss":0,"event_name":"Mysterious Sphere","floor":39,"gold_loss":0}],"is_beta":false,"boss_relics":[{"not_picked":["Runic Cube","Mark of Pain"],"picked":"Runic Pyramid"},{"not_picked":["Tiny House","Coffee Dripper"],"picked":"Cursed Key"}],"items_purged_floors":[41],"is_endless":false,"potions_floor_spawned":[2,7,8,10,19,24,28,29,33,35,36,37,38,39,42,45,46,48],"ascension_level":6}}