{"host":"g7uq9uzahx9e0kti","time":1613789253,"event":{"mods":["100% Spire Juice","AchievementEnabler","Act Like it!","Arknights","BaseMod","CapriCore","Hermit","Koishi","Minty Spire (QoL Compilation)","Quick Restart","StSLib","SuperFastMode","The Bug Knight","The Cursed","The Hierophant","The Poker Player","Together in Spire","WarShipGirlsR/??á´Ò³R mod"],"gold_per_floor":[111,122,135,135,135,173,173,193,217,238,238,272,305,318,318,437,437,473,473,473,473,473],"floor_reached":21,"language":"KOR","playtime":1054,"items_purged":[],"score":189,"play_id":"2d87ade1-fe07-41f1-91bc-32fee1e42170","local_time":"20210220114733","is_ascension_mode":false,"campfire_choices":[{"data":"1","floor":7,"key":"LIFT"},{"data":"2","floor":11,"key":"LIFT"},{"floor":15,"key":"REST"}],"circlet_count":0,"master_deck":["hermit:Strike_Hermit","hermit:Strike_Hermit","hermit:Strike_Hermit","hermit:Defend_Hermit","hermit:Defend_Hermit","hermit:Defend_Hermit","hermit:Defend_Hermit","hermit:Snapshot","hermit:Covet","hermit:Misfire","hermit:Deadeye","hermit:GhostlyPresence","Shame","hermit:LuckOfTheDraw","hermit:Misfire","hermit:Quickdraw","hermit:Deadeye","hermit:GhostlyPresence","hermit:Dive","hermit:DeadOrAlive","hermit:Horror","hermit:GoldenBullet","hermit:EyeOfTheStorm"],"relics":["hermit:Momento","Girya","Golden Idol","Art of War","Lantern","Odd Mushroom","Smiling Mask","Black Star"],"acts_visited":["Exordium","TheCity"],"potions_floor_usage":[13,13,21,21,21],"damage_taken":[{"damage":1,"enemies":"Jaw Worm","floor":1,"turns":4},{"damage":0,"enemies":"2 Louse","floor":2,"turns":3},{"damage":0,"enemies":"Small Slimes","floor":3,"turns":3},{"damage":20,"enemies":"Gremlin Nob","floor":6,"turns":4},{"damage":0,"enemies":"3 Louse","floor":8,"turns":3},{"damage":0,"enemies":"Exordium Wildlife","floor":10,"turns":1},{"damage":20,"enemies":"The Mushroom Lair","floor":12,"turns":5},{"damage":12,"enemies":"Lagavulin","floor":13,"turns":4},{"damage":0,"enemies":"Looter","floor":14,"turns":2},{"damage":24,"enemies":"The Guardian","floor":16,"turns":12},{"damage":17,"enemies":"Chosen","floor":18,"turns":5},{"damage":53,"enemies":"Sentry and Sphere","floor":21,"turns":7}],"seed_played":"4380195028277836449","potions_obtained":[{"floor":6,"key":"Block Potion"},{"floor":8,"key":"EntropicBrew"},{"floor":10,"key":"Energy Potion"},{"floor":12,"key":"Fire Potion"},{"floor":16,"key":"Swift Potion"}],"is_trial":false,"path_per_floor":["M","M","M","?","?","E","R","M","T","M","R","?","E","M","R","B",null,"M","?","?","M"],"character_chosen":"HERMIT","items_purchased":[],"campfire_rested":1,"item_purchase_floors":[],"current_hp_per_floor":[67,67,67,67,67,47,47,47,47,47,47,27,15,15,35,11,68,51,51,51,0,0],"gold":473,"neow_bonus":"ONE_RARE_RELIC","is_daily":false,"chose_seed":false,"campfire_upgraded":0,"win_rate":0.0,"timestamp":1613789253,"path_taken":["M","M","M","?","?","E","R","M","T","M","R","?","E","M","R","BOSS","M","?","?","?"],"items_purchased_type":[],"build_version":"2020-12-22","purchased_purges":0,"victory":false,"max_hp_per_floor":[68,68,68,68,68,68,68,68,68,68,68,68,68,68,68,68,68,68,68,68,68,68],"card_choices":[{"not_picked":["hermit:Roulette","hermit:CalledShot"],"picked":"hermit:Misfire","floor":1},{"not_picked":["hermit:ItchyTrigger","hermit:Enervate"],"picked":"hermit:Deadeye","floor":2},{"not_picked":["hermit:ItchyTrigger","hermit:Virtue"],"picked":"hermit:GhostlyPresence","floor":3},{"not_picked":["hermit:Enervate","hermit:Grudge"],"picked":"hermit:LuckOfTheDraw","floor":6},{"not_picked":["hermit:LuckOfTheDraw","hermit:Vantage"],"picked":"hermit:Misfire","floor":8},{"not_picked":["hermit:DeadMansHand","hermit:Malice"],"picked":"hermit:Quickdraw","floor":10},{"not_picked":["hermit:TakeAim","hermit:Maintenance"],"picked":"hermit:Deadeye","floor":12},{"not_picked":["hermit:CursedWeapon","hermit:HoleUp"],"picked":"hermit:GhostlyPresence","floor":13},{"not_picked":["hermit:Combo","hermit:LoneWolf"],"picked":"hermit:Dive","floor":14},{"not_picked":["hermit:HeroicBravado","hermit:HighNoon"],"picked":"hermit:DeadOrAlive","floor":16},{"not_picked":["hermit:Feint","hermit:BodyArmor"],"picked":"hermit:Horror","floor":18}],"player_experience":135317,"relics_obtained":[{"floor":6,"key":"Art of War"},{"floor":9,"key":"Lantern"},{"floor":12,"key":"Odd Mushroom"},{"floor":13,"key":"Smiling Mask"}],"event_choices":[{"damage_healed":0,"gold_gain":0,"player_choice":"Take Wound","damage_taken":0,"relics_obtained":["Golden Idol"],"max_hp_gain":0,"max_hp_loss":0,"event_name":"Golden Idol","floor":4,"gold_loss":0,"cards_obtained":["Injury"]},{"damage_healed":0,"gold_gain":0,"cards_transformed":["Injury"],"player_choice":"Change","damage_taken":0,"max_hp_gain":0,"max_hp_loss":0,"event_name":"Living Wall","floor":5,"gold_loss":0,"cards_obtained":["Shame"]},{"damage_healed":0,"gold_gain":0,"player_choice":"Fought Mushrooms","damage_taken":0,"max_hp_gain":0,"max_hp_loss":0,"event_name":"Mushrooms","floor":12,"gold_loss":0},{"damage_healed":0,"gold_gain":0,"player_choice":"Read","damage_taken":0,"max_hp_gain":0,"max_hp_loss":0,"event_name":"The Library","floor":19,"gold_loss":0,"cards_obtained":["hermit:GoldenBullet"]},{"damage_healed":0,"gold_gain":0,"cards_transformed":["hermit:Strike_Hermit"],"player_choice":"Transformed","damage_taken":0,"max_hp_gain":0,"max_hp_loss":0,"event_name":"Transmorgrifier","floor":20,"gold_loss":0,"cards_obtained":["hermit:EyeOfTheStorm"]}],"is_beta":false,"boss_relics":[{"not_picked":["Philosopher\u0027s Stone","Pandora\u0027s Box"],"picked":"Black Star"}],"items_purged_floors":[],"is_endless":false,"potions_floor_spawned":[6,8,10,12,16],"killed_by":"Sentry and Sphere","ascension_level":0}}