{"host":"8av5he6utbys9oi5","time":1613805123,"event":{"mods":["BaseMod","Minty Spire (QoL Compilation)","Replay The Spire","StSLib"],"gold_per_floor":[117,140,150,150,166,166,193,193,193,193,221,238,257,268,268,347,347,361,561,571,583,185,211,211,230,230,230,170,198,198,198,198,274,274,286,298,170,189,199,233,233,233],"floor_reached":41,"language":"ZHS","playtime":2982,"items_purged":["Defend_P","Strike_P+1"],"score":872,"play_id":"fd7b7e3e-65cd-4396-ab83-e06905affbdb","local_time":"20210220151203","is_ascension_mode":true,"campfire_choices":[{"data":"Eruption","floor":6.0,"key":"SMITH"},{"data":"BowlingBash","floor":8.0,"key":"SMITH"},{"data":"EmptyMind","floor":10.0,"key":"SMITH"},{"floor":15.0,"key":"REST"},{"floor":24.0,"key":"REST"},{"data":"ForeignInfluence","floor":27.0,"key":"SMITH"},{"data":"ForeignInfluence","floor":30.0,"key":"SMITH"},{"floor":32,"key":"REST"},{"floor":41,"key":"REST"}],"circlet_count":0,"master_deck":["AscendersBane","Strike_P+1","Strike_P+1","Strike_P+1","Defend_P+1","Defend_P+1","Eruption+1","Vigilance","FollowUp","EmptyMind+1","BowlingBash+1","Crescendo+1","DevaForm","InnerPeace","ThirdEye+1","LessonLearned+1","FollowUp+1","ForeignInfluence+1","Swivel+1","Wireheading","ReachHeaven+1","Replay:Cycle+1","Blasphemy","ForeignInfluence+1","Replay:LoomingThreat","MasterReality+1","BattleHymn","Crescendo+1","Protect"],"relics":["PureWater","War Paint","Smiling Mask","Replay:Bottled Eggs","Dream Catcher","Honey Jar","FossilizedHelix","Kunai","Damaru","Replay:Grab Bag","Philosopher\u0027s Stone","Velvet Choker","Ring of Chaos","Mango"],"acts_visited":["Exordium","TheCity","TheBeyond"],"potions_floor_usage":[33,39,40],"damage_taken":[{"damage":2.0,"enemies":"Cultist","floor":1.0,"turns":3.0},{"damage":0.0,"enemies":"Jaw Worm","floor":3.0,"turns":4.0},{"damage":0.0,"enemies":"2 Louse","floor":5.0,"turns":2.0},{"damage":16.0,"enemies":"Lagavulin","floor":7.0,"turns":7.0},{"damage":11.0,"enemies":"3 Sentries","floor":11.0,"turns":5.0},{"damage":4.0,"enemies":"Exordium Wildlife","floor":12.0,"turns":3.0},{"damage":13.0,"enemies":"Blue Slaver","floor":13.0,"turns":3.0},{"damage":2.0,"enemies":"Lots of Slimes","floor":14.0,"turns":4.0},{"damage":40.0,"enemies":"Fading Forest","floor":16.0,"turns":11.0},{"damage":18.0,"enemies":"2 Thieves","floor":18.0,"turns":4.0},{"damage":0.0,"enemies":"Chosen","floor":20.0,"turns":3.0},{"damage":3.0,"enemies":"Shelled Parasite and Fungi","floor":21.0,"turns":2.0},{"damage":10.0,"enemies":"Slavers","floor":23.0,"turns":5.0},{"damage":0.0,"enemies":"3 Cultists","floor":25.0,"turns":3.0},{"damage":5.0,"enemies":"Book of Stabbing","floor":29.0,"turns":3.0},{"damage":28,"enemies":"Champ","floor":33,"turns":8},{"damage":0,"enemies":"Orb Walker","floor":35,"turns":2},{"damage":16,"enemies":"3 Darklings","floor":36,"turns":3},{"damage":6,"enemies":"Maw","floor":38,"turns":6},{"damage":34,"enemies":"Jaw Worm Horde","floor":39,"turns":2},{"damage":0,"enemies":"R_Hoarder","floor":40,"turns":7}],"seed_played":"6260266800824133700","potions_obtained":[{"floor":1.0,"key":"Adrenaline Potion"},{"floor":5.0,"key":"LiquidBronze"},{"floor":11.0,"key":"BlessingOfTheForge"},{"floor":12.0,"key":"LifebloodPotion"},{"floor":18.0,"key":"Block Potion"},{"floor":21.0,"key":"SpeedPotion"},{"floor":25.0,"key":"Elixir"}],"is_trial":false,"path_per_floor":["M","T","M","?","M","R","E","R","T","R","E","M","M","M","R","B",null,"M","?","M","M","$","E","R","M","T","R","?","E","R","?","R","B",null,"M","M","$","M","M","E","R"],"character_chosen":"WATCHER","items_purchased":["Wireheading","FossilizedHelix","Toxic Potion"],"campfire_rested":4,"item_purchase_floors":[22,22,37],"current_hp_per_floor":[65,65,65,65,65,65,49,49,49,49,38,34,21,19,41,9,58,40,40,40,37,37,27,49,49,49,49,49,44,44,44,66,38,65,65,49,49,43,9,23,49,49],"gold":233,"neow_bonus":"TEN_PERCENT_HP_BONUS","is_daily":false,"chose_seed":false,"campfire_upgraded":5,"win_rate":0.0,"timestamp":1613805123,"path_taken":["M","?","M","?","M","R","E","R","T","R","E","M","M","M","R","BOSS","M","?","?","M","$","E","R","M","T","R","?","E","R","?","R","BOSS","M","M","$","M","M","E","R"],"items_purchased_type":["Card","Relic","Potion"],"build_version":"2020-12-22","purchased_purges":2,"victory":false,"max_hp_per_floor":[74,74,74,74,74,74,74,74,74,74,74,74,74,74,74,74,74,74,74,74,74,74,74,74,74,74,74,74,74,74,74,74,74,74,74,74,74,74,74,88,88,88],"card_choices":[{"not_picked":["Nirvana","Study"],"picked":"FollowUp","floor":1.0},{"not_picked":["Evaluate","Collect"],"picked":"EmptyMind","floor":3.0},{"not_picked":["Prostrate","Halt","Weave"],"picked":"SKIP","floor":5.0},{"not_picked":["ThirdEye","ForeignInfluence"],"picked":"BowlingBash","floor":7.0},{"not_picked":["Replay:AtTheReady","Halt"],"picked":"Crescendo","floor":11.0},{"not_picked":["EmptyFist","WindmillStrike"],"picked":"DevaForm","floor":12.0},{"not_picked":["Worship","FlyingSleeves","Vengeance"],"picked":"SKIP","floor":13.0},{"not_picked":["BowlingBash","Consecrate"],"picked":"InnerPeace","floor":14.0},{"not_picked":["SandsOfTime","FollowUp"],"picked":"ThirdEye","floor":15.0},{"not_picked":["Devotion","MasterReality"],"picked":"LessonLearned","floor":16.0},{"not_picked":["CrushJoints","ThirdEye","SashWhip"],"picked":"FollowUp","floor":18.0},{"not_picked":["Evaluate","FollowUp","Sanctity"],"picked":"ForeignInfluence","floor":20.0},{"not_picked":["JustLucky+1","LikeWater","CrushJoints"],"picked":"Swivel","floor":21.0},{"not_picked":["SignatureMove","FlurryOfBlows","LikeWater"],"picked":"ReachHeaven+1","floor":23.0},{"not_picked":["Prostrate","Replay:BluntJabs","Replay:ManipulateFuture"],"picked":"Replay:Cycle","floor":24.0},{"not_picked":["BowlingBash","Replay:ManipulateFuture","SashWhip"],"picked":"Blasphemy","floor":25.0},{"not_picked":["FlurryOfBlows","JustLucky","EmptyMind"],"picked":"ForeignInfluence","floor":29.0},{"not_picked":["EmptyFist","Replay:AtTheReady","CrushJoints"],"picked":"Replay:LoomingThreat","floor":32},{"not_picked":["Devotion","Blasphemy","Wish"],"picked":"MasterReality","floor":33},{"not_picked":["WreathOfFlame","Consecrate","FollowUp+1"],"picked":"BattleHymn","floor":35},{"not_picked":["Swivel","FearNoEvil","SashWhip"],"picked":"Crescendo+1","floor":36},{"not_picked":["CutThroughFate+1","EmptyBody+1","Halt","FearNoEvil"],"picked":"SKIP","floor":38},{"not_picked":["CutThroughFate+1","EmptyBody+1","Halt","FearNoEvil"],"picked":"SKIP","floor":38},{"not_picked":["Replay:AllIn","Collect+1","Replay:ManipulateFuture+1","BowlingBash"],"picked":"SKIP","floor":39},{"not_picked":["Devotion","Nirvana","EmptyFist+1","Replay:Anticipation+1"],"picked":"SKIP","floor":40},{"not_picked":["Halt","Worship","FlurryOfBlows"],"picked":"Protect","floor":41}],"player_experience":195201,"relics_obtained":[{"floor":2.0,"key":"War Paint"},{"floor":7.0,"key":"Smiling Mask"},{"floor":9.0,"key":"Replay:Bottled Eggs"},{"floor":11.0,"key":"Dream Catcher"},{"floor":23.0,"key":"Kunai"},{"floor":29.0,"key":"Damaru"},{"floor":40,"key":"Mango"}],"event_choices":[{"cards_removed":["Defend_P"],"damage_healed":0.0,"max_hp_gain":0.0,"max_hp_loss":0.0,"gold_gain":0.0,"event_name":"Bonfire Elementals","player_choice":"Offered Basic","floor":4.0,"gold_loss":0.0,"damage_taken":0.0},{"damage_healed":0.0,"max_hp_gain":0.0,"max_hp_loss":0.0,"gold_gain":250.0,"event_name":"The Joust","player_choice":"Bet on Owner","floor":19.0,"gold_loss":50.0,"damage_taken":0.0},{"damage_healed":0,"gold_gain":0,"player_choice":"Ignored","damage_taken":0,"max_hp_gain":0,"max_hp_loss":0,"event_name":"Cursed Tome","floor":31,"gold_loss":0}],"is_beta":false,"boss_relics":[{"not_picked":["ChewingGum","Kintsugi"],"picked":"Honey Jar"},{"not_picked":["Coffee Dripper","Fusion Hammer"],"picked":"Replay:Grab Bag"},{"not_picked":["Sozu","SlaversCollar"],"picked":"Philosopher\u0027s Stone"},{"not_picked":["Cursed Key","Runic Dome"],"picked":"Velvet Choker"},{"not_picked":["Empty Cage","HolyWater"],"picked":"Ring of Chaos"}],"items_purged_floors":[22,37],"is_endless":false,"potions_floor_spawned":[1,5,11,12,18,21,25,38],"ascension_level":14}}