{"host":"f5gffvlv6a66yqkd","time":1613786123,"event":{"mods":["2.2 Compatiblity","BaseMod","Colored Map","Custom Start","DeckTracker","Keyboard Shortcuts","Minty Spire (QoL Compilation)","Permanent Neow","Quick Restart","Relic Stats","StSLib","SuperFastMode"],"gold_per_floor":[116,41,41,15,15,15,41,41,41,41,41,66,87,101,101,194,194,208,123,146,166,185,185,210,234,234,234,234],"floor_reached":27,"language":"KOR","playtime":559,"items_purged":[],"score":406,"play_id":"3deffd1a-9c29-401a-848e-9c1d3fde0544","local_time":"20210220105523","is_ascension_mode":true,"campfire_choices":[{"data":"Eruption","floor":6.0,"key":"SMITH"},{"data":"Conclude","floor":8.0,"key":"SMITH"},{"data":"FlurryOfBlows","floor":10.0,"key":"SMITH"},{"data":"Adaptation","floor":15,"key":"SMITH"},{"floor":23,"key":"REST"}],"circlet_count":0,"master_deck":["AscendersBane","Strike_P","Strike_P","Strike_P","Strike_P","Defend_P","Defend_P+1","Eruption+1","Vigilance+1","WaveOfTheHand","FlurryOfBlows+1","Conclude+1","EmptyBody","FearNoEvil","Adaptation+1","Brilliance","CrushJoints","CutThroughFate","EmptyFist","Adaptation+1"],"relics":["PureWater","Golden Idol","War Paint","Kunai","Centennial Puzzle","Calipers"],"acts_visited":["Exordium","TheCity"],"potions_floor_usage":[16,22,22],"damage_taken":[{"damage":0.0,"enemies":"Jaw Worm","floor":1.0,"turns":6.0},{"damage":0.0,"enemies":"2 Louse","floor":12.0,"turns":1.0},{"damage":1.0,"enemies":"Cultist","floor":13.0,"turns":3.0},{"damage":12,"enemies":"Exordium Thugs","floor":14,"turns":5},{"damage":24,"enemies":"The Guardian","floor":16,"turns":15},{"damage":0,"enemies":"Chosen","floor":18,"turns":3},{"damage":10,"enemies":"2 Thieves","floor":20,"turns":4},{"damage":21,"enemies":"Sentry and Sphere","floor":21,"turns":5},{"damage":14,"enemies":"Shelled Parasite and Fungi","floor":22,"turns":3},{"damage":21,"enemies":"Chosen and Byrds","floor":24,"turns":5},{"damage":11,"enemies":"Centurion and Healer","floor":27,"turns":2}],"seed_played":"7040847469433544990","potions_obtained":[{"floor":1.0,"key":"Weak Potion"},{"floor":20,"key":"BottledMiracle"},{"floor":21,"key":"Swift Potion"}],"is_trial":false,"path_per_floor":["M","?","?","$","?","R","T","R","T","R","$","M","M","M","R","B",null,"M","?","M","M","M","R","M","T","T","M"],"character_chosen":"WATCHER","items_purchased":["EmptyBody"],"campfire_rested":1,"item_purchase_floors":[4],"current_hp_per_floor":[61,61,61,61,38,38,38,38,38,38,38,38,37,25,25,1,51,51,51,41,20,6,26,5,5,5,0,0],"gold":234,"neow_bonus":"THREE_CARDS","is_daily":false,"chose_seed":false,"campfire_upgraded":4,"win_rate":0.0,"timestamp":1613786123,"path_taken":["M","?","?","?","?","R","?","R","T","R","$","M","M","M","R","BOSS","M","?","M","M","M","R","M","?","T","?"],"items_purchased_type":["Card"],"build_version":"2020-12-22","purchased_purges":0,"victory":false,"max_hp_per_floor":[68,68,68,68,68,68,68,68,68,68,68,68,68,68,68,68,68,68,68,68,68,68,68,68,68,68,68,68],"relic_stats":{"Centennial Puzzle":[0],"counters":[11,52],"Golden Idol":52,"Kunai":[18],"War Paint":["Vigilance","Defend_P"],"obtain_stats":[{"Centennial Puzzle":25,"Calipers":26,"Golden Idol":5,"Kunai":19,"PureWater":0,"War Paint":9},{"Centennial Puzzle":10,"Calipers":10,"Golden Idol":1,"Kunai":6,"PureWater":0,"War Paint":1},{"Centennial Puzzle":50,"Calipers":50,"Golden Idol":6,"Kunai":33,"PureWater":0,"War Paint":6}]},"card_choices":[{"not_picked":["Crescendo","Indignation"],"picked":"WaveOfTheHand","floor":0.0},{"not_picked":["Nirvana","WreathOfFlame"],"picked":"FlurryOfBlows","floor":1.0},{"not_picked":["CarveReality","ClearTheMind"],"picked":"FearNoEvil","floor":12.0},{"not_picked":["SashWhip","Perseverance","FearNoEvil"],"picked":"SKIP","floor":13.0},{"not_picked":["EmptyBody","Weave"],"picked":"Adaptation","floor":14},{"not_picked":["MasterReality","Omniscience"],"picked":"Brilliance","floor":16},{"not_picked":["EmptyBody","Prostrate"],"picked":"CrushJoints","floor":18},{"not_picked":["Worship","CarveReality"],"picked":"CutThroughFate","floor":20},{"not_picked":["SandsOfTime","EmptyBody","CrushJoints"],"picked":"SKIP","floor":21},{"not_picked":["ThirdEye","ClearTheMind"],"picked":"EmptyFist","floor":22},{"not_picked":["LikeWater","Indignation"],"picked":"Adaptation+1","floor":24}],"player_experience":1518590,"relics_obtained":[{"floor":9.0,"key":"War Paint"},{"floor":25,"key":"Centennial Puzzle"},{"floor":26,"key":"Calipers"}],"event_choices":[{"cards_removed":["Defend_P"],"damage_healed":0.0,"max_hp_gain":0.0,"max_hp_loss":0.0,"gold_gain":0.0,"event_name":"The Cleric","player_choice":"Card Removal","floor":2.0,"gold_loss":75.0,"damage_taken":0.0},{"damage_healed":0.0,"max_hp_gain":0.0,"max_hp_loss":0.0,"gold_gain":0.0,"cards_transformed":["Defend_P"],"event_name":"Living Wall","player_choice":"Change","floor":3.0,"gold_loss":0.0,"damage_taken":0.0,"cards_obtained":["Conclude"]},{"damage_healed":0.0,"max_hp_gain":0.0,"max_hp_loss":0.0,"gold_gain":0.0,"event_name":"Golden Idol","player_choice":"Take Damage","floor":5.0,"gold_loss":0.0,"damage_taken":23.0,"relics_obtained":["Golden Idol"]},{"damage_healed":0,"gold_gain":0,"player_choice":"Obtained Relic","damage_taken":0,"relics_obtained":["Kunai"],"max_hp_gain":0,"max_hp_loss":0,"event_name":"Addict","floor":19,"gold_loss":85}],"is_beta":false,"boss_relics":[{"not_picked":["Ectoplasm","Busted Crown","Snecko Eye"]}],"items_purged_floors":[],"is_endless":false,"potions_floor_spawned":[1,20,21],"killed_by":"Centurion and Healer","ascension_level":20}}