{"host":"rg29p8m4aqjozpzt","time":1613847653,"event":{"mods":["100% Spire Juice","Aspiration","Bartender","BaseMod","Beaked The Cultist","Better Altar","Better Match","Better Sensory Stone","Better Skull","Better Third Choice","BetterRewards","Chen","Colored Powertips","Conspire","Downfall","Friendly Minions","Hermit","Hubris","JesterMod","Magitek Elite","Minty Spire (QoL Compilation)","Permanent Neow","Prisma Mod","QueenMod","Quick Restart","Relic Filter","Reorder Act Four","Shade Mod","StSLib","SuperFastMode","The Alterego","The Marked","The Runesmith","Unceasing Turn Reminder"],"gold_per_floor":[99,117,128,145,55,74,74,85,0,71,71,105,105,120,137,137,137,137],"floor_reached":16,"language":"ENG","playtime":1071,"items_purged":["champ:Strike"],"score":104,"play_id":"0b1b016a-5f67-4097-97e8-124b9ce2d12e","local_time":"20210220200053","is_ascension_mode":false,"campfire_choices":[{"data":"champ:Taunt","floor":1,"key":"SMITH"},{"data":"champ:Lariat","floor":13,"key":"SMITH"}],"circlet_count":0,"master_deck":["champ:Strike","champ:Strike","champ:Defend","champ:Defend","champ:Defend","champ:Defend","champ:Execute","champ:Taunt+1","champ:GutPunch","champ:BringItOn","champ:CalledShot","champ:FlashCut","champ:Devastate","champ:Lariat+1","champ:IronFortress","champ:DancingMaster","champ:StanceDance"],"relics":["champ:ChampionCrown","hubris:ToyBattleship","White_Cape","hubris:Towel","aspiration:HummingbirdHeart"],"acts_visited":["Exordium"],"potions_floor_usage":[5,14,15,16],"damage_taken":[{"damage":24,"enemies":"Cultist","floor":2,"turns":5},{"damage":17,"enemies":"2 Louse","floor":3,"turns":3},{"damage":10,"enemies":"Jaw Worm","floor":4,"turns":3},{"damage":10,"enemies":"downfall:FleeingMerchant","floor":5,"turns":4},{"damage":20,"enemies":"Large Slime","floor":6,"turns":4},{"damage":32,"enemies":"Gremlin Gang","floor":8,"turns":5},{"damage":20,"enemies":"downfall:FleeingMerchant","floor":9,"turns":4},{"damage":58,"enemies":"Gremlin Nob","floor":12,"turns":5},{"damage":10,"enemies":"downfall:LooterAlt","floor":14,"turns":2},{"damage":38,"enemies":"Large Slime","floor":15,"turns":5},{"damage":44,"enemies":"DF_ARCHETYPE_STREAMLINE","floor":16,"turns":6}],"seed_played":"6899957984358186485","potions_obtained":[{"floor":2,"key":"SkillPotion"},{"floor":12,"key":"champ:OpenerPotion"},{"floor":14,"key":"BlessingOfTheForge"},{"floor":15,"key":"Explosive Potion"}],"is_trial":false,"path_per_floor":["R","M","M","M","$","M","T","M","$","T","?","E","R","M","M","B"],"character_chosen":"THE_CHAMP","items_purchased":["champ:IronFortress"],"campfire_rested":0,"item_purchase_floors":[9],"current_hp_per_floor":[90,86,79,79,79,79,79,67,67,67,67,29,29,29,26,0,0,0],"gold":137,"neow_bonus":"REMOVE_CARD","is_daily":false,"chose_seed":false,"campfire_upgraded":2,"win_rate":0.0,"timestamp":1613847653,"path_taken":["R","M","M","M","$","M","T","M","$","?","?","E","R","?","M","BOSS"],"items_purchased_type":["Card"],"build_version":"2020-12-22","purchased_purges":1,"victory":false,"max_hp_per_floor":[90,90,90,90,90,90,90,90,90,90,90,90,90,90,90,90,90,90],"card_choices":[{"not_picked":["champ:Encircle","champ:RapidStrikes"],"picked":"champ:GutPunch","floor":2},{"not_picked":["champ:RapidStrikes","champ:EnragedBash"],"picked":"champ:BringItOn","floor":3},{"not_picked":["champ:FanOfKnives","champ:AdrenalArmor"],"picked":"champ:CalledShot","floor":4},{"not_picked":["champ:DefensiveShout","champ:AdrenalArmor"],"picked":"champ:FlashCut","floor":5},{"not_picked":["champ:PreciseThrust","champ:BerserkersShout","champ:TornadoPunch"],"picked":"SKIP","floor":6},{"not_picked":["champ:BladeFlurry","champ:PreciseThrust"],"picked":"champ:Devastate","floor":8},{"not_picked":["champ:EnGarde","champ:FocusedBerserking"],"picked":"champ:Lariat","floor":9},{"not_picked":["champ:Circumvent","champ:PreemptiveStrike"],"picked":"champ:DancingMaster","floor":12},{"not_picked":["champ:HeartStrike","champ:BringItOn","champ:CrownThrow"],"picked":"SKIP","floor":14},{"not_picked":["champ:Circumvent","champ:CrookedStrike"],"picked":"champ:StanceDance","floor":15}],"player_experience":1577864,"relics_obtained":[{"floor":7,"key":"hubris:ToyBattleship"},{"floor":10,"key":"White_Cape"},{"floor":12,"key":"aspiration:HummingbirdHeart"}],"event_choices":[],"is_beta":false,"boss_relics":[],"items_purged_floors":[5],"is_endless":false,"potions_floor_spawned":[2,12,14,15],"killed_by":"DF_ARCHETYPE_STREAMLINE","ascension_level":0}}