{"host":"0kk91h4bq4kgfj0u","time":1613856739,"event":{"mods":["BaseMod","Bestiary","Block Reminder","Colored Map","Colored Powertips","Curses Come First","Highlight Path","Minty Spire (QoL Compilation)","Relic Stats","StSLib"],"gold_per_floor":[110,120,133,65,144,176,176,209,209,209,223,204,204,167,167,272,272,252,252,262,281,23,23,23],"floor_reached":23,"language":"ENG","playtime":919,"items_purged":[],"score":271,"play_id":"5cafc204-b6d3-44ac-a14e-7120c6a14b65","local_time":"20210220163219","is_ascension_mode":true,"campfire_choices":[{"floor":10,"key":"REST"},{"floor":13,"key":"REST"},{"floor":15,"key":"REST"}],"circlet_count":0,"master_deck":["Strike_G","Strike_G","Strike_G","Strike_G","Strike_G","Defend_G","Defend_G","Defend_G","Defend_G","Defend_G","Survivor","Neutralize","Dash","Quick Slash","Blade Dance","Noxious Fumes","Accuracy","Dagger Throw","Cloak And Dagger","Tactician","Storm of Steel","Blade Dance","Bane+1","Slice"],"relics":["Ring of the Snake","Potion Belt","TungstenRod","HornCleat","Singing Bowl","Cursed Key","Gremlin Horn"],"acts_visited":["Exordium","TheCity"],"potions_floor_usage":[6,6,16,20],"damage_taken":[{"damage":5,"enemies":"Jaw Worm","floor":1,"turns":5},{"damage":0,"enemies":"2 Louse","floor":2,"turns":4},{"damage":0,"enemies":"Cultist","floor":3,"turns":3},{"damage":36,"enemies":"Lagavulin","floor":6,"turns":7},{"damage":20,"enemies":"Gremlin Nob","floor":8,"turns":4},{"damage":0,"enemies":"2 Fungi Beasts","floor":11,"turns":3},{"damage":9,"enemies":"Exordium Thugs","floor":12,"turns":5},{"damage":41,"enemies":"Slime Boss","floor":16,"turns":12},{"damage":17,"enemies":"2 Thieves","floor":18,"turns":4},{"damage":3,"enemies":"Chosen","floor":20,"turns":6},{"damage":19,"enemies":"Centurion and Healer","floor":21,"turns":7},{"damage":22,"enemies":"Slavers","floor":23,"turns":2}],"seed_played":"8798652302084413150","potions_obtained":[{"floor":1,"key":"Block Potion"},{"floor":3,"key":"LiquidMemories"},{"floor":8,"key":"GhostInAJar"},{"floor":12,"key":"DistilledChaos"}],"is_trial":false,"path_per_floor":["M","M","M","$","?","E","?","E","T","R","M","M","R","$","R","B",null,"M","?","M","M","$","E"],"character_chosen":"THE_SILENT","items_purchased":["Noxious Fumes","Tactician","Gremlin Horn"],"campfire_rested":3,"item_purchase_floors":[4,14,22],"current_hp_per_floor":[58,58,58,58,58,22,22,2,2,23,25,16,37,37,58,17,58,41,41,38,19,19,0,0],"gold":23,"neow_bonus":"RANDOM_COMMON_RELIC","is_daily":false,"chose_seed":false,"campfire_upgraded":0,"win_rate":0.0,"timestamp":1613856739,"path_taken":["M","M","M","$","?","E","?","E","T","R","M","M","R","$","R","BOSS","M","?","M","M","$","E"],"items_purchased_type":["Card","Card","Relic"],"build_version":"2020-12-22","purchased_purges":0,"victory":false,"max_hp_per_floor":[70,70,70,70,70,70,70,70,70,70,72,72,72,72,72,72,72,72,72,72,72,72,72,72],"relic_stats":{"Singing Bowl":2,"Gremlin Horn":[0,0],"counters":[12,62],"Cursed Key":0,"obtain_stats":[{"Potion Belt":0,"HornCleat":8,"Singing Bowl":9,"Gremlin Horn":22,"Cursed Key":17,"TungstenRod":6,"Ring of the Snake":0},{"Potion Belt":0,"HornCleat":5,"Singing Bowl":5,"Gremlin Horn":11,"Cursed Key":8,"TungstenRod":4,"Ring of the Snake":0},{"Potion Belt":0,"HornCleat":23,"Singing Bowl":23,"Gremlin Horn":60,"Cursed Key":43,"TungstenRod":19,"Ring of the Snake":0}],"TungstenRod":20,"Ring of the Snake":[24]},"card_choices":[{"not_picked":["Prepared","Escape Plan"],"picked":"Dash","floor":1},{"not_picked":["Calculated Gamble","Acrobatics"],"picked":"Quick Slash","floor":2},{"not_picked":["Masterful Stab","Dodge and Roll"],"picked":"Blade Dance","floor":3},{"not_picked":["Deadly Poison","Blade Dance"],"picked":"Accuracy","floor":6},{"not_picked":["PiercingWail","Night Terror"],"picked":"Dagger Throw","floor":8},{"not_picked":["Deadly Poison","Dodge and Roll","Prepared"],"picked":"Singing Bowl","floor":11},{"not_picked":["Dagger Throw","Finisher"],"picked":"Cloak And Dagger","floor":12},{"not_picked":["Unload","Tools of the Trade"],"picked":"Storm of Steel","floor":16},{"not_picked":["PiercingWail+1","Eviscerate"],"picked":"Blade Dance","floor":18},{"not_picked":["Blur","Sucker Punch"],"picked":"Bane+1","floor":20},{"not_picked":["Calculated Gamble","Dagger Spray"],"picked":"Slice","floor":21}],"player_experience":894618,"relics_obtained":[{"floor":6,"key":"TungstenRod"},{"floor":8,"key":"HornCleat"},{"floor":9,"key":"Singing Bowl"}],"event_choices":[{"damage_healed":0,"gold_gain":79,"player_choice":"Gained Gold","damage_taken":0,"max_hp_gain":0,"max_hp_loss":0,"event_name":"Golden Wing","floor":5,"gold_loss":0},{"damage_healed":0,"gold_gain":0,"player_choice":"Fled","damage_taken":0,"max_hp_gain":0,"max_hp_loss":0,"event_name":"Scrap Ooze","floor":7,"gold_loss":0},{"damage_healed":0,"gold_gain":0,"player_choice":"Ignored","damage_taken":0,"max_hp_gain":0,"max_hp_loss":0,"event_name":"Beggar","floor":19,"gold_loss":0}],"is_beta":false,"boss_relics":[{"not_picked":["Astrolabe","Ectoplasm"],"picked":"Cursed Key"}],"items_purged_floors":[],"is_endless":false,"potions_floor_spawned":[1,3,8,12],"killed_by":"Slavers","ascension_level":7}}