{"host":"du3j2mdkciet31iv","time":1613830527,"event":{"mods":["BaseMod","Minty Spire (QoL Compilation)","Relic Stats","StSLib"],"gold_per_floor":[119,136,146,2,13,38,50,50,99,115,133,145,162,172,172,269,269,286,298,79,99,113,113,130,130,130,130,130,150,150,178,178,280,280,293,593,413,431,455,484,484,497,520,532,261,261,0,14,14,14],"floor_reached":51,"language":"ENG","playtime":6423,"items_purged":["Strike_G","Strike_G","Strike_G"],"score":682,"play_id":"a78750b4-a677-4ffa-91eb-61384b761291","local_time":"20210220161527","is_ascension_mode":false,"campfire_choices":[{"data":"Skewer","floor":8,"key":"SMITH"},{"data":"Riddle With Holes","floor":15,"key":"SMITH"},{"data":"Footwork","floor":23,"key":"SMITH"},{"data":"Footwork","floor":25,"key":"SMITH"},{"data":"Outmaneuver","floor":27,"key":"SMITH"},{"data":"Malaise","floor":32,"key":"SMITH"},{"data":"Tools of the Trade","floor":41,"key":"SMITH"},{"data":"Terror","floor":46,"key":"SMITH"},{"data":"Underhanded Strike","floor":49,"key":"SMITH"}],"circlet_count":0,"master_deck":["Strike_G","Strike_G","Defend_G","Defend_G","Defend_G","Defend_G","Defend_G","Survivor","Neutralize","Skewer+1","Riddle With Holes+1","Terror+1","Leg Sweep","Footwork+1","Footwork+1","Flying Knee","Outmaneuver+1","Flying Knee","Acrobatics","Leg Sweep","Malaise+1","CurseOfTheBell","Calculated Gamble+1","Deflect+1","Reflex+1","Deflect+1","Tools of the Trade+1","Well Laid Plans","Well Laid Plans+1","Parasite","Tactician+1","Underhanded Strike+1","Backflip+1"],"relics":["Coffee Dripper","Centennial Puzzle","Dream Catcher","Calling Bell","Tiny Chest","White Beast Statue","Pocketwatch","Chemical X","CaptainsWheel","Nilry\u0027s Codex","Meat on the Bone","HoveringKite","Regal Pillow","Strawberry","Anchor","Bag of Marbles","Red Mask"],"acts_visited":["Exordium","TheCity","TheBeyond"],"potions_floor_usage":[6,13,16,16,22,24,24,29,31,33,35,40,44,50,50],"damage_taken":[{"damage":1,"enemies":"2 Louse","floor":1,"turns":2},{"damage":1,"enemies":"Jaw Worm","floor":2,"turns":2},{"damage":6,"enemies":"Cultist","floor":3,"turns":3},{"damage":0,"enemies":"Exordium Wildlife","floor":5,"turns":4},{"damage":20,"enemies":"Gremlin Nob","floor":6,"turns":4},{"damage":5,"enemies":"3 Louse","floor":7,"turns":4},{"damage":2,"enemies":"Blue Slaver","floor":10,"turns":3},{"damage":0,"enemies":"2 Fungi Beasts","floor":11,"turns":3},{"damage":0,"enemies":"3 Louse","floor":12,"turns":3},{"damage":0,"enemies":"Exordium Thugs","floor":13,"turns":5},{"damage":3,"enemies":"Looter","floor":14,"turns":3},{"damage":19,"enemies":"The Guardian","floor":16,"turns":11},{"damage":1,"enemies":"3 Byrds","floor":18,"turns":7},{"damage":4,"enemies":"Chosen","floor":19,"turns":3},{"damage":0,"enemies":"Snecko","floor":21,"turns":5},{"damage":1,"enemies":"Cultist and Chosen","floor":22,"turns":7},{"damage":0,"enemies":"Shelled Parasite and Fungi","floor":24,"turns":6},{"damage":1,"enemies":"Snake Plant","floor":29,"turns":4},{"damage":1,"enemies":"Gremlin Leader","floor":31,"turns":9},{"damage":28,"enemies":"Collector","floor":33,"turns":17},{"damage":11,"enemies":"3 Shapes","floor":35,"turns":4},{"damage":0,"enemies":"Orb Walker","floor":38,"turns":3},{"damage":26,"enemies":"Giant Head","floor":40,"turns":11},{"damage":0,"enemies":"Writhing Mass","floor":42,"turns":7},{"damage":10,"enemies":"Maw","floor":44,"turns":7},{"damage":2,"enemies":"3 Darklings","floor":48,"turns":8},{"damage":18,"enemies":"Time Eater","floor":50,"turns":11}],"seed_played":"-5049824801675033404","potions_obtained":[{"floor":1,"key":"FearPotion"},{"floor":5,"key":"Block Potion"},{"floor":7,"key":"Block Potion"},{"floor":10,"key":"Dexterity Potion"},{"floor":13,"key":"ColorlessPotion"},{"floor":18,"key":"Block Potion"},{"floor":19,"key":"Fire Potion"},{"floor":21,"key":"DistilledChaos"},{"floor":22,"key":"Dexterity Potion"},{"floor":24,"key":"FairyPotion"},{"floor":29,"key":"AttackPotion"},{"floor":31,"key":"SneckoOil"},{"floor":33,"key":"AttackPotion"},{"floor":35,"key":"Poison Potion"},{"floor":38,"key":"SteroidPotion"},{"floor":40,"key":"CultistPotion"},{"floor":42,"key":"AttackPotion"},{"floor":44,"key":"ColorlessPotion"}],"is_trial":false,"path_per_floor":["M","M","M","$","M","E","M","R","T","M","M","M","M","M","R","B",null,"M","M","$","M","M","R","M","R","T","R","?","M","?","E","R","B",null,"M","?","$","M","T","E","R","M","T","M","$","R","?","M","R","B",null],"character_chosen":"THE_SILENT","items_purchased":["Leg Sweep","Footwork","Chemical X","Well Laid Plans","Bag of Marbles"],"campfire_rested":0,"item_purchase_floors":[4,4,20,37,45],"current_hp_per_floor":[69,68,62,62,62,42,37,37,37,35,35,35,35,32,32,13,70,69,65,65,65,64,64,64,64,64,64,51,50,34,33,33,17,75,64,64,64,64,64,45,45,45,45,47,47,47,47,45,45,39],"gold":14,"neow_bonus":"BOSS_RELIC","is_daily":false,"chose_seed":false,"campfire_upgraded":9,"win_rate":0.0,"timestamp":1613830527,"path_taken":["M","M","M","$","M","E","M","R","T","M","M","M","M","M","R","BOSS","M","M","$","M","M","R","M","R","T","R","?","M","?","E","R","BOSS","M","?","$","M","?","E","R","M","T","M","?","R","?","M","R","BOSS"],"items_purchased_type":["Card","Card","Relic","Card","Relic"],"build_version":"2020-12-22","purchased_purges":3,"victory":true,"max_hp_per_floor":[70,70,70,70,70,70,70,70,70,70,70,70,70,70,70,70,70,70,70,70,70,70,70,70,70,70,70,75,75,75,75,75,75,75,75,75,75,75,75,82,82,82,82,82,82,82,82,82,82,82],"relic_stats":{"Centennial Puzzle":[45],"Dream Catcher":0,"Regal Pillow":0,"counters":[27,156],"HoveringKite":[41],"Tiny Chest":1,"Chemical X":[42],"obtain_stats":[{"Regal Pillow":39,"Nilry\u0027s Codex":30,"HoveringKite":34,"White Beast Statue":17,"Calling Bell":17,"Centennial Puzzle":6,"Dream Catcher":9,"CaptainsWheel":26,"Anchor":43,"Strawberry":40,"Tiny Chest":17,"Coffee Dripper":0,"Bag of Marbles":45,"Red Mask":47,"Chemical X":20,"Ring of the Snake":0,"Pocketwatch":17,"Meat on the Bone":31},{"Regal Pillow":22,"Nilry\u0027s Codex":18,"HoveringKite":20,"White Beast Statue":12,"Calling Bell":12,"Centennial Puzzle":5,"Dream Catcher":6,"CaptainsWheel":17,"Anchor":24,"Strawberry":23,"Tiny Chest":12,"Coffee Dripper":0,"Bag of Marbles":25,"Red Mask":25,"Chemical X":14,"Ring of the Snake":0,"Pocketwatch":12,"Meat on the Bone":19},{"Regal Pillow":112,"Nilry\u0027s Codex":79,"HoveringKite":105,"White Beast Statue":47,"Calling Bell":47,"Centennial Puzzle":15,"Dream Catcher":19,"CaptainsWheel":75,"Anchor":130,"Strawberry":123,"Tiny Chest":47,"Coffee Dripper":0,"Bag of Marbles":137,"Red Mask":137,"Chemical X":57,"Ring of the Snake":0,"Pocketwatch":47,"Meat on the Bone":88}],"Pocketwatch":[106],"Meat on the Bone":36},"card_choices":[{"not_picked":["Dagger Spray","Backflip"],"picked":"Skewer","floor":1},{"not_picked":["All Out Attack","Deadly Poison"],"picked":"Riddle With Holes","floor":2},{"not_picked":["Poisoned Stab","Quick Slash"],"picked":"Terror","floor":3},{"not_picked":["Acrobatics","Blade Dance"],"picked":"Footwork","floor":5},{"not_picked":["A Thousand Cuts","Bouncing Flask","Flechettes"],"picked":"SKIP","floor":6},{"not_picked":["Terror","Dodge and Roll","Endless Agony"],"picked":"SKIP","floor":7},{"not_picked":["Dodge and Roll","Prepared"],"picked":"Flying Knee","floor":10},{"not_picked":["Caltrops","Catalyst"],"picked":"Outmaneuver","floor":11},{"not_picked":["Dagger Spray","Flechettes"],"picked":"Flying Knee","floor":12},{"not_picked":["Flechettes","Outmaneuver"],"picked":"Acrobatics","floor":13},{"not_picked":["Escape Plan","Slice"],"picked":"Leg Sweep","floor":14},{"not_picked":["Unload","After Image"],"picked":"Malaise","floor":16},{"not_picked":["Quick Slash","Outmaneuver"],"picked":"Calculated Gamble+1","floor":18},{"not_picked":["Choke","Terror"],"picked":"Deflect+1","floor":19},{"not_picked":["Bane","Dagger Spray"],"picked":"Reflex+1","floor":21},{"not_picked":["Slice+1","Heel Hook","Predator"],"picked":"SKIP","floor":22},{"not_picked":["PiercingWail","Infinite Blades+1","Backstab"],"picked":"SKIP","floor":24},{"not_picked":["Noxious Fumes","Deadly Poison","Infinite Blades+1"],"picked":"SKIP","floor":29},{"not_picked":["Caltrops","Finisher"],"picked":"Deflect+1","floor":31},{"not_picked":["Adrenaline","Burst"],"picked":"Tools of the Trade","floor":33},{"not_picked":["Dash","Dagger Spray+1","Deadly Poison+1"],"picked":"SKIP","floor":35},{"not_picked":["Crippling Poison","Underhanded Strike+1"],"picked":"Well Laid Plans+1","floor":38},{"not_picked":["Flechettes","Escape Plan","Malaise"],"picked":"SKIP","floor":40},{"not_picked":["Deflect+1","Expertise+1"],"picked":"Tactician+1","floor":42},{"not_picked":["Bane","Dagger Throw"],"picked":"Underhanded Strike","floor":44},{"not_picked":["Dagger Throw","Underhanded Strike+1"],"picked":"Backflip+1","floor":48}],"player_experience":28839,"relics_obtained":[{"floor":6,"key":"Centennial Puzzle"},{"floor":9,"key":"Dream Catcher"},{"floor":17,"key":"Tiny Chest"},{"floor":17,"key":"White Beast Statue"},{"floor":17,"key":"Pocketwatch"},{"floor":26,"key":"CaptainsWheel"},{"floor":30,"key":"Nilry\u0027s Codex"},{"floor":31,"key":"Meat on the Bone"},{"floor":39,"key":"Regal Pillow"},{"floor":40,"key":"Strawberry"},{"floor":43,"key":"Anchor"}],"event_choices":[{"damage_healed":0,"gold_gain":0,"player_choice":"Shed Blood","damage_taken":18,"max_hp_gain":5,"max_hp_loss":0,"event_name":"Forgotten Altar","floor":28,"gold_loss":0},{"damage_healed":0,"gold_gain":0,"player_choice":"Obtained Book","damage_taken":16,"max_hp_gain":0,"max_hp_loss":0,"event_name":"Cursed Tome","floor":30,"gold_loss":0},{"damage_healed":0,"gold_gain":300,"player_choice":"Gold","damage_taken":0,"max_hp_gain":0,"max_hp_loss":0,"event_name":"Wheel of Change","floor":36,"gold_loss":0},{"damage_healed":0,"gold_gain":0,"player_choice":"Paid","damage_taken":0,"relics_obtained":["Red Mask"],"max_hp_gain":0,"max_hp_loss":0,"event_name":"Tomb of Lord Red Mask","floor":47,"gold_loss":261}],"is_beta":false,"boss_relics":[{"not_picked":["Snecko Eye","WristBlade"],"picked":"Calling Bell"},{"not_picked":["Cursed Key","Astrolabe"],"picked":"HoveringKite"}],"items_purged_floors":[20,37,45],"is_endless":false,"potions_floor_spawned":[1,5,7,10,13,18,19,21,22,24,29,31,33,35,38,40,42,44,48],"ascension_level":0}}