{"host":"s41rn2jhghpwfrvz","time":1613782840,"event":{"mods":["BaseMod","Minty Spire (QoL Compilation)","Quick Restart","Relic Stats","SuperFastMode"],"gold_per_floor":[111,111,186,205,221,249,267,267,267,192,205,232,232,60,60,131,131,147,162,62,62,112,112,137,54,54,85,95,112,141,161,161,238,238,249,249,77,96,115,144,159,190,190,202,202,232,262,281,281,281,281,281,281,53,78,78],"floor_reached":57,"language":"ENG","playtime":1828,"items_purged":["Hologram","Anger"],"score":3684,"play_id":"53d1f031-c412-413c-ab0c-ca9476ab64d8","local_time":"20210220030040","daily_mods":["SealedDeck","Diverse","DeadlyEvents"],"is_ascension_mode":true,"campfire_choices":[{"data":"Body Slam","floor":8.0,"key":"SMITH"},{"data":"Pommel Strike","floor":13.0,"key":"SMITH"},{"data":"Rage","floor":15.0,"key":"SMITH"},{"data":"Vault","floor":23,"key":"SMITH"},{"data":"Backflip","floor":32,"key":"SMITH"},{"floor":45,"key":"RECALL"},{"data":"Burning Pact","floor":49,"key":"SMITH"},{"data":"Pommel Strike","floor":53,"key":"SMITH"}],"circlet_count":0,"master_deck":["AscendersBane","Burning Pact+1","Body Slam+1","Genetic Algorithm","PiercingWail","Ghostly Armor","Pommel Strike+1","Pommel Strike+1","Intimidate","Rage+1","Backflip+1","Vault+1","Evolve","Body Slam+1"],"relics":["Burning Blood","Gambling Chip","Ginger","Thread and Needle","Medical Kit","Coffee Dripper","Matryoshka","Bronze Scales","White Beast Statue","Strawberry","Calling Bell","Toy Ornithopter","Mummified Hand","Pocketwatch","Ice Cream","TheAbacus","MealTicket","Champion Belt","Orichalcum","Blue Candle","Gremlin Horn","Lantern","OrangePellets","Centennial Puzzle"],"acts_visited":["Exordium","TheCity","TheBeyond","TheEnding"],"potions_floor_usage":[16,16,50,56,56],"damage_taken":[{"damage":0.0,"enemies":"Jaw Worm","floor":1.0,"turns":3.0},{"damage":0.0,"enemies":"2 Louse","floor":4.0,"turns":2.0},{"damage":1.0,"enemies":"Small Slimes","floor":5.0,"turns":3.0},{"damage":39.0,"enemies":"Gremlin Nob","floor":6.0,"turns":4.0},{"damage":0.0,"enemies":"2 Fungi Beasts","floor":7.0,"turns":2.0},{"damage":0.0,"enemies":"Exordium Thugs","floor":11.0,"turns":3.0},{"damage":52.0,"enemies":"3 Sentries","floor":12.0,"turns":10.0},{"damage":0,"enemies":"Slime Boss","floor":16,"turns":5},{"damage":0,"enemies":"Shell Parasite","floor":18,"turns":4},{"damage":0,"enemies":"Spheric Guardian","floor":19,"turns":3},{"damage":0,"enemies":"Book of Stabbing","floor":24,"turns":4},{"damage":0,"enemies":"Gremlin Leader","floor":27,"turns":5},{"damage":0,"enemies":"Snecko","floor":28,"turns":3},{"damage":0,"enemies":"Cultist and Chosen","floor":29,"turns":4},{"damage":0,"enemies":"Book of Stabbing","floor":30,"turns":4},{"damage":0,"enemies":"Snake Plant","floor":31,"turns":3},{"damage":0,"enemies":"Champ","floor":33,"turns":7},{"damage":5,"enemies":"3 Shapes","floor":35,"turns":4},{"damage":0,"enemies":"3 Darklings","floor":38,"turns":3},{"damage":0,"enemies":"Transient","floor":39,"turns":7},{"damage":0,"enemies":"Giant Head","floor":40,"turns":3},{"damage":0,"enemies":"4 Shapes","floor":41,"turns":4},{"damage":0,"enemies":"Reptomancer","floor":42,"turns":2},{"damage":0,"enemies":"Writhing Mass","floor":44,"turns":3},{"damage":0,"enemies":"Nemesis","floor":46,"turns":4},{"damage":0,"enemies":"Reptomancer","floor":47,"turns":2},{"damage":0,"enemies":"3 Darklings","floor":48,"turns":2},{"damage":2,"enemies":"Time Eater","floor":50,"turns":5},{"damage":0,"enemies":"Donu and Deca","floor":51,"turns":4},{"damage":0,"enemies":"Shield and Spear","floor":55,"turns":3},{"damage":42,"enemies":"The Heart","floor":56,"turns":7}],"seed_played":"1395656622794253026","potions_obtained":[{"floor":1.0,"key":"CultistPotion"},{"floor":6.0,"key":"SteroidPotion"},{"floor":11.0,"key":"Ancient Potion"},{"floor":16,"key":"SteroidPotion"},{"floor":18,"key":"FearPotion"},{"floor":30,"key":"Dexterity Potion"},{"floor":38,"key":"SkillPotion"}],"is_trial":true,"path_per_floor":["M","?","?","M","M","E","M","R","T","$","M","E","R","$","R","B",null,"M","M","$","?","?","R","E","$","T","E","M","M","E","M","R","B",null,"M","?","$","M","M","E","M","E","T","M","R","E","E","M","R","B","B",null,"R","$","E","B",null],"character_chosen":"IRONCLAD","items_purchased":["Medical Kit","Evolve","TheAbacus","OrangePellets","FearPotion"],"campfire_rested":0,"item_purchase_floors":[14,25,37,54,54],"current_hp_per_floor":[74,79,68,74,79,46,52,52,52,52,58,12,12,12,12,18,65,71,77,77,77,77,77,80,80,80,80,80,80,87,87,87,87,87,87,87,87,87,87,87,87,87,87,87,87,87,87,87,87,87,87,87,87,87,87,53],"gold":78,"neow_bonus":"","is_daily":false,"chose_seed":false,"campfire_upgraded":7,"win_rate":0.0,"timestamp":1613782840,"path_taken":["M","?","?","M","M","E","M","R","T","?","M","E","R","$","R","BOSS","M","M","$","?","?","R","E","$","T","E","M","?","E","M","R","BOSS","M","?","$","M","M","E","?","E","T","M","R","?","E","M","R","BOSS","BOSS","R","$","E","BOSS"],"items_purchased_type":["Relic","Card","Relic","Relic","Potion"],"build_version":"2020-12-22","purchased_purges":2,"victory":true,"max_hp_per_floor":[75,80,80,80,80,80,80,80,80,80,80,80,80,80,80,80,80,80,80,80,80,80,80,80,80,80,80,80,80,87,87,87,87,87,87,87,87,87,87,87,87,87,87,87,87,87,87,87,87,87,87,87,87,87,87,87],"relic_stats":{"Gremlin Horn":[6,6],"counters":[31,122],"Blue Candle":[0],"Ginger":[6],"Orichalcum":[0],"Medical Kit":[5],"Burning Blood":74,"OrangePellets":[0],"Centennial Puzzle":[3],"TheAbacus":[684],"Mummified Hand":[14],"Gambling Chip":[2],"Bronze Scales":[167],"MealTicket":0,"Champion Belt":[2],"obtain_stats":[{"Ice Cream":36,"Lantern":47,"Gremlin Horn":46,"Blue Candle":43,"Thread and Needle":12,"Ginger":9,"Orichalcum":43,"Medical Kit":14,"Burning Blood":0,"White Beast Statue":27,"Calling Bell":34,"OrangePellets":54,"Centennial Puzzle":55,"Matryoshka":24,"TheAbacus":37,"Mummified Hand":34,"Gambling Chip":6,"Bronze Scales":26,"Strawberry":30,"MealTicket":40,"Coffee Dripper":17,"Champion Belt":42,"Toy Ornithopter":34,"Pocketwatch":34},{"Ice Cream":18,"Lantern":26,"Gremlin Horn":25,"Blue Candle":23,"Thread and Needle":7,"Ginger":5,"Orichalcum":23,"Medical Kit":7,"Burning Blood":0,"White Beast Statue":12,"Calling Bell":17,"OrangePellets":29,"Centennial Puzzle":30,"Matryoshka":11,"TheAbacus":18,"Mummified Hand":17,"Gambling Chip":4,"Bronze Scales":11,"Strawberry":15,"MealTicket":21,"Coffee Dripper":8,"Champion Belt":23,"Toy Ornithopter":17,"Pocketwatch":17},{"Ice Cream":73,"Lantern":101,"Gremlin Horn":99,"Blue Candle":92,"Thread and Needle":27,"Ginger":14,"Orichalcum":92,"Medical Kit":27,"Burning Blood":0,"White Beast Statue":48,"Calling Bell":69,"OrangePellets":112,"Centennial Puzzle":115,"Matryoshka":43,"TheAbacus":73,"Mummified Hand":69,"Gambling Chip":12,"Bronze Scales":43,"Strawberry":59,"MealTicket":86,"Coffee Dripper":32,"Champion Belt":92,"Toy Ornithopter":69,"Pocketwatch":69}],"Toy Ornithopter":4,"Pocketwatch":[0]},"card_choices":[{"not_picked":["BowlingBash","Slice","Wild Strike"],"picked":"SKIP","floor":1.0},{"not_picked":["Steam","Streamline","Weave"],"picked":"SKIP","floor":4.0},{"not_picked":["Gash","Pommel Strike","Calculated Gamble"],"picked":"SKIP","floor":5.0},{"not_picked":["Escape Plan","Tantrum"],"picked":"Rage","floor":6.0},{"not_picked":["Rebound","Creative AI","ReachHeaven"],"picked":"SKIP","floor":7.0},{"not_picked":["Endless Agony","Backstab"],"picked":"Backflip","floor":11.0},{"not_picked":["Slice","Setup","FollowUp"],"picked":"SKIP","floor":12.0},{"not_picked":["Limit Break","Echo Form"],"picked":"Vault","floor":16},{"not_picked":["Backstab","Turbo","Inflame"],"picked":"SKIP","floor":18},{"not_picked":["FlurryOfBlows","Dodge and Roll+1","True Grit"],"picked":"SKIP","floor":19},{"not_picked":["Go for the Eyes","Recycle","Sword Boomerang"],"picked":"SKIP","floor":24},{"not_picked":["Flex","Reinforced Body","Anger"],"picked":"SKIP","floor":27},{"not_picked":["Consecrate","Ball Lightning","Reflex+1"],"picked":"SKIP","floor":28},{"not_picked":["Pommel Strike","Worship","Fasting2"],"picked":"SKIP","floor":29},{"not_picked":["Clothesline","Go for the Eyes","Compile Driver"],"picked":"SKIP","floor":30},{"not_picked":["Evolve","Adaptation","PiercingWail"],"picked":"SKIP","floor":31},{"not_picked":["Expertise","Metallicize","Anger"],"picked":"SKIP","floor":35},{"not_picked":["Ball Lightning+1","CrushJoints","EmptyFist"],"picked":"SKIP","floor":38},{"not_picked":["Flex","Conclude"],"picked":"Body Slam+1","floor":39},{"not_picked":["Clothesline","Outmaneuver+1","Judgement"],"picked":"SKIP","floor":40},{"not_picked":["PathToVictory","Gash","Rupture+1"],"picked":"SKIP","floor":41},{"not_picked":["ConjureBlade","Burning Pact","Setup"],"picked":"SKIP","floor":42},{"not_picked":["Headbutt","Stack","Feel No Pain+1"],"picked":"SKIP","floor":44},{"not_picked":["Perfected Strike","Riddle With Holes","LikeWater"],"picked":"SKIP","floor":46},{"not_picked":["Pummel","Heel Hook+1","MentalFortress"],"picked":"SKIP","floor":47},{"not_picked":["Double Energy","Fusion","JustLucky"],"picked":"SKIP","floor":48},{"not_picked":["Consecrate","PiercingWail+1","CrushJoints+1"],"picked":"SKIP","floor":55}],"player_experience":1942809,"relics_obtained":[{"floor":6.0,"key":"Gambling Chip"},{"floor":9.0,"key":"Ginger"},{"floor":12.0,"key":"Thread and Needle"},{"floor":24,"key":"Matryoshka"},{"floor":26,"key":"Bronze Scales"},{"floor":27,"key":"White Beast Statue"},{"floor":30,"key":"Strawberry"},{"floor":34,"key":"Toy Ornithopter"},{"floor":34,"key":"Mummified Hand"},{"floor":34,"key":"Pocketwatch"},{"floor":40,"key":"MealTicket"},{"floor":42,"key":"Champion Belt"},{"floor":43,"key":"Orichalcum"},{"floor":43,"key":"Blue Candle"},{"floor":46,"key":"Gremlin Horn"},{"floor":47,"key":"Lantern"},{"floor":55,"key":"Centennial Puzzle"}],"event_choices":[{"damage_healed":0.0,"max_hp_gain":5.0,"max_hp_loss":0.0,"gold_gain":0.0,"event_name":"Big Fish","player_choice":"Donut","floor":2.0,"gold_loss":0.0,"damage_taken":0.0},{"damage_healed":0.0,"max_hp_gain":0.0,"max_hp_loss":0.0,"gold_gain":75.0,"event_name":"World of Goop","player_choice":"Gather Gold","floor":3.0,"gold_loss":0.0,"damage_taken":11.0},{"damage_healed":0,"gold_gain":0,"player_choice":"Ignored","damage_taken":0,"max_hp_gain":0,"max_hp_loss":0,"event_name":"Ghosts","floor":21,"gold_loss":0},{"damage_healed":0,"gold_gain":50,"player_choice":"Stole From Cult","damage_taken":0,"max_hp_gain":0,"max_hp_loss":0,"event_name":"Nest","floor":22,"gold_loss":0},{"damage_healed":0,"gold_gain":0,"player_choice":"Gave Potion","damage_taken":0,"relics_obtained":["Ice Cream"],"max_hp_gain":0,"max_hp_loss":0,"event_name":"WeMeetAgain","floor":36,"gold_loss":0}],"is_beta":false,"boss_relics":[{"not_picked":["Busted Crown","Empty Cage"],"picked":"Coffee Dripper"},{"not_picked":["Tiny House","Snecko Eye"],"picked":"Calling Bell"}],"items_purged_floors":[10,20],"is_endless":false,"potions_floor_spawned":[1,6,11,16,18,24,27,28,29,30,31,33,35,38,39,40,41,42,44,46,47,48,55],"ascension_level":20}}