{"host":"yhhyog5h1q67ienp","time":1613856862,"event":{"mods":["AchievementEnabler","BaseMod","Block Reminder","Colored Map","Colored Powertips","Minty Spire (QoL Compilation)","Quick Restart","Relic Stats","StSLib","ojb\u0027s Better Paths Mod","ojb\u0027s Info Mod"],"gold_per_floor":[109,123,135,135,150,150,150,150],"floor_reached":7,"language":"ENG","playtime":385,"items_purged":[],"score":86,"play_id":"b429e508-211a-4132-96eb-3a9c106e1ef5","local_time":"20210220183422","is_ascension_mode":true,"campfire_choices":[{"data":"Feel No Pain","floor":6,"key":"SMITH"}],"circlet_count":0,"master_deck":["AscendersBane","Strike_R","Strike_R","Strike_R","Defend_R","Defend_R","Defend_R","Bash","Feel No Pain+1","Iron Wave","Flame Barrier","Disarm"],"relics":["Empty Cage"],"acts_visited":["Exordium"],"potions_floor_usage":[],"damage_taken":[{"damage":8,"enemies":"2 Louse","floor":1,"turns":4},{"damage":2,"enemies":"Cultist","floor":2,"turns":4},{"damage":6,"enemies":"Jaw Worm","floor":3,"turns":5},{"damage":18,"enemies":"Red Slaver","floor":5,"turns":5},{"damage":47,"enemies":"Gremlin Nob","floor":7,"turns":4}],"seed_played":"-8187909535402072391","potions_obtained":[{"floor":2,"key":"CultistPotion"},{"floor":3,"key":"SkillPotion"}],"is_trial":false,"path_per_floor":["M","M","M","?","M","R","E"],"character_chosen":"IRONCLAD","items_purchased":[],"campfire_rested":0,"item_purchase_floors":[],"current_hp_per_floor":[60,58,52,52,34,34,0,0],"gold":150,"neow_bonus":"BOSS_RELIC","is_daily":false,"chose_seed":false,"campfire_upgraded":1,"win_rate":0.0,"timestamp":1613856862,"path_taken":["M","M","M","?","?","R","E"],"items_purchased_type":[],"build_version":"2020-12-22","purchased_purges":0,"victory":false,"max_hp_per_floor":[75,75,75,75,75,75,75,75],"relic_stats":{"counters":[5,22],"obtain_stats":[{"Empty Cage":0,"Burning Blood":0},{"Empty Cage":0,"Burning Blood":0},{"Empty Cage":0,"Burning Blood":0}]},"card_choices":[{"not_picked":["Body Slam","Cleave"],"picked":"Feel No Pain","floor":1},{"not_picked":["Thunderclap","Warcry"],"picked":"Iron Wave","floor":2},{"not_picked":["Metallicize","Wild Strike"],"picked":"Flame Barrier","floor":3},{"not_picked":["Flame Barrier","Headbutt"],"picked":"Disarm","floor":5}],"player_experience":1495025,"relics_obtained":[],"event_choices":[{"cards_removed":["Strike_R"],"damage_healed":0,"gold_gain":0,"player_choice":"Purged","damage_taken":0,"max_hp_gain":0,"max_hp_loss":0,"event_name":"Purifier","floor":4,"gold_loss":0}],"is_beta":false,"boss_relics":[],"items_purged_floors":[],"is_endless":false,"potions_floor_spawned":[2,3],"killed_by":"Gremlin Nob","ascension_level":20}}