{"host":"3n5xmnb54n2y5mb4","time":1613782001,"event":{"mods":["BaseMod","Colored Map","Colored Powertips","Downfall","Minty Spire (QoL Compilation)","Permanent Neow","StSLib","Unceasing Turn Reminder","everything is the same but u backflip on backflip"],"gold_per_floor":[14,14,89,99,99,99,64,64,145,165,165,185,65,85,85,180,180,199,218,235,235,235,269,269,289,289,339,372,372,388,388,388],"floor_reached":31,"language":"ENG","playtime":1168,"items_purged":[],"score":524,"play_id":"a4c9bbfe-e8e2-4926-bc4b-cfcd0c90ae31","local_time":"20210219194641","is_ascension_mode":true,"campfire_choices":[{"data":"Fire Breathing","floor":6,"key":"SMITH"},{"data":"True Grit","floor":15,"key":"SMITH"},{"floor":24,"key":"REST"},{"floor":29,"key":"REST"}],"circlet_count":0,"master_deck":["AscendersBane","Strike_R+1","Defend_R+1","Defend_R","Defend_R+1","Bash","Feel No Pain","CurseOfTheBell","CurseOfTheBell","Doubt","Reaper","Shame","Fire Breathing+1","True Grit+1","Evolve","Reckless Charge","Disarm","Disarm","Fiend Fire","Feed+1","Dark Embrace+1","Brutality+1","Anger+1","Barricade","Body Slam","Fire Breathing","True Grit+1","Feel No Pain","Power Through"],"relics":["Burning Blood","downfall:ExtraCursedBell","War Paint","Question Card","Du-Vu Doll","Bottled Tornado","InkBottle","Astrolabe","MutagenicStrength","Lantern","Tiny Chest","MealTicket","Whetstone"],"acts_visited":["Exordium","TheCity"],"potions_floor_usage":[18,28],"damage_taken":[{"damage":19,"enemies":"Small Slimes","floor":1,"turns":5},{"damage":0,"enemies":"2 Louse","floor":4,"turns":3},{"damage":4,"enemies":"Jaw Worm","floor":10,"turns":2},{"damage":7,"enemies":"3 Louse","floor":12,"turns":2},{"damage":0,"enemies":"2 Fungi Beasts","floor":14,"turns":3},{"damage":27,"enemies":"Hexaghost","floor":16,"turns":9},{"damage":2,"enemies":"Chosen","floor":18,"turns":3},{"damage":23,"enemies":"Shell Parasite","floor":19,"turns":4},{"damage":13,"enemies":"Chosen and Byrds","floor":20,"turns":4},{"damage":56,"enemies":"Book of Stabbing","floor":23,"turns":4},{"damage":13,"enemies":"Sentry and Sphere","floor":25,"turns":4},{"damage":39,"enemies":"Gremlin Leader","floor":28,"turns":6},{"damage":14,"enemies":"Snecko","floor":30,"turns":5},{"damage":43,"enemies":"Slavers","floor":31,"turns":1}],"seed_played":"1449392139487399605","potions_obtained":[{"floor":1,"key":"EssenceOfSteel"},{"floor":12,"key":"Explosive Potion"},{"floor":19,"key":"DuplicationPotion"},{"floor":28,"key":"ElixirPotion"}],"is_trial":false,"path_per_floor":["M","?","?","M","T","R","?","?","T","M","?","M","$","M","R","B",null,"M","M","M","?","?","E","R","M","T","T","E","R","M","E"],"character_chosen":"IRONCLAD","items_purchased":["Reckless Charge","Disarm"],"campfire_rested":2,"item_purchase_floors":[13,13],"current_hp_per_floor":[59,64,53,63,63,63,84,84,84,85,85,84,84,85,85,70,81,89,72,69,69,69,19,45,38,38,38,20,47,39,0,0],"gold":388,"neow_bonus":"REMOVE_TWO","is_daily":false,"chose_seed":false,"campfire_upgraded":2,"win_rate":0.0,"timestamp":1613782001,"path_taken":["M","?","?","M","?","R","?","?","T","?","?","M","$","M","R","BOSS","M","M","M","?","?","E","R","M","T","?","E","R","M","E"],"items_purchased_type":["Card","Card"],"build_version":"2020-12-22","purchased_purges":0,"victory":false,"max_hp_per_floor":[80,85,85,85,85,85,85,85,85,85,85,85,85,85,85,85,85,89,89,89,89,89,89,89,89,89,89,93,93,93,93,93],"card_choices":[{"not_picked":["Seeing Red","Clothesline"],"picked":"Feel No Pain","floor":1},{"not_picked":["Armaments","Twin Strike","Disarm"],"picked":"Fire Breathing","floor":4},{"not_picked":["Dual Wield","Cleave","Clothesline"],"picked":"True Grit","floor":10},{"not_picked":["Cleave","Body Slam","Headbutt"],"picked":"Evolve","floor":12},{"not_picked":["Thunderclap","Warcry","Dropkick"],"picked":"Disarm","floor":14},{"not_picked":["Bludgeon","Exhume","Immolate"],"picked":"Fiend Fire","floor":16},{"not_picked":["Pommel Strike","Sever Soul+1","Body Slam"],"picked":"Anger","floor":18},{"not_picked":["Headbutt","Body Slam","Reckless Charge"],"picked":"Barricade","floor":19},{"not_picked":["Sword Boomerang+1","Rage","Pummel"],"picked":"Body Slam","floor":20},{"not_picked":["Dual Wield","Armaments","Sever Soul"],"picked":"True Grit+1","floor":23},{"not_picked":["Sentinel","Shrug It Off","Infernal Blade","Spot Weakness"],"picked":"SKIP","floor":25},{"not_picked":["Pommel Strike","Headbutt","Berserk"],"picked":"Feel No Pain","floor":28},{"not_picked":["Dropkick","Heavy Blade","Cleave+1"],"picked":"Power Through","floor":30}],"player_experience":1118003,"relics_obtained":[{"floor":2,"key":"War Paint"},{"floor":2,"key":"Question Card"},{"floor":2,"key":"Du-Vu Doll"},{"floor":5,"key":"Bottled Tornado"},{"floor":9,"key":"InkBottle"},{"floor":23,"key":"Lantern"},{"floor":26,"key":"Tiny Chest"},{"floor":27,"key":"MealTicket"},{"floor":28,"key":"Whetstone"}],"event_choices":[{"damage_healed":0,"gold_gain":75,"player_choice":"Gather Gold","damage_taken":11,"max_hp_gain":0,"max_hp_loss":0,"event_name":"World of Goop","floor":3,"gold_loss":0},{"damage_healed":21,"gold_gain":0,"player_choice":"Healed","damage_taken":0,"max_hp_gain":0,"max_hp_loss":0,"event_name":"The Cleric","floor":7,"gold_loss":35},{"damage_healed":0,"gold_gain":0,"player_choice":"Bought 0 Potions","damage_taken":0,"max_hp_gain":0,"max_hp_loss":0,"event_name":"The Woman in Blue","floor":8,"gold_loss":0},{"damage_healed":0,"gold_gain":0,"player_choice":"Ignored","damage_taken":0,"max_hp_gain":0,"max_hp_loss":0,"event_name":"Golden Wing","floor":11,"gold_loss":0},{"damage_healed":0,"gold_gain":0,"player_choice":"Inject Mutagens","damage_taken":0,"relics_obtained":["MutagenicStrength"],"max_hp_gain":0,"max_hp_loss":0,"event_name":"Drug Dealer","floor":21,"gold_loss":0},{"damage_healed":0,"gold_gain":0,"player_choice":"Read","damage_taken":0,"max_hp_gain":0,"max_hp_loss":0,"event_name":"The Library","floor":22,"gold_loss":0,"cards_obtained":["Fire Breathing"]}],"is_beta":false,"boss_relics":[{"not_picked":["Ectoplasm","Black Star"],"picked":"Astrolabe"}],"items_purged_floors":[],"is_endless":false,"potions_floor_spawned":[1,12,14,16,19,23,25,28],"killed_by":"Slavers","ascension_level":12}}