{"host":"oigynbtg272c19pw","time":1613812844,"event":{"mods":["BaseMod","Colored Map","Minty Spire (QoL Compilation)","Relic Stats","Slay the Relics Exporter","StSLib"],"gold_per_floor":[117,134,40,64,139,174,174,205,205,205,225,225,225,240,240,317,317,333,344,74,109,6,6,6],"floor_reached":23,"playtime":712,"items_purged":["Defend_B"],"score":444,"play_id":"7342b763-0b4e-4fed-8c3e-1a6522aa1223","local_time":"20210220102044","is_ascension_mode":true,"campfire_choices":[{"data":"Ball Lightning","floor":7.0,"key":"SMITH"},{"data":"Sunder","floor":10.0,"key":"SMITH"},{"data":"Zap","floor":13.0,"key":"SMITH"},{"data":"Cold Snap","floor":15.0,"key":"SMITH"}],"circlet_count":0,"master_deck":["AscendersBane","Strike_B","Strike_B","Strike_B","Defend_B","Defend_B","Defend_B","Zap+1","Dualcast","Cold Snap+1","Sunder+1","Panacea","Ball Lightning+1","Storm","Self Repair+1","FTL","Beam Cell","Seek","Rebound","Auto Shields","Loop+1","Skim","Reinforced Body","Capacitor+1","Stack"],"relics":["Cracked Core","NeowsBlessing","Potion Belt","Turnip","Pen Nib","Frozen Egg 2","Black Star","Red Mask"],"acts_visited":["Exordium","TheCity"],"potions_floor_usage":[23],"damage_taken":[{"damage":0.0,"enemies":"Cultist","floor":1.0,"turns":1.0},{"damage":0.0,"enemies":"2 Louse","floor":2.0,"turns":1.0},{"damage":0.0,"enemies":"Gremlin Nob","floor":6.0,"turns":1.0},{"damage":13.0,"enemies":"3 Sentries","floor":8.0,"turns":7.0},{"damage":0.0,"enemies":"Small Slimes","floor":11.0,"turns":2.0},{"damage":7.0,"enemies":"Blue Slaver","floor":14.0,"turns":3.0},{"damage":33.0,"enemies":"The Guardian","floor":16.0,"turns":10.0},{"damage":11,"enemies":"Spheric Guardian","floor":18,"turns":3},{"damage":17,"enemies":"Chosen","floor":19,"turns":4},{"damage":25,"enemies":"Masked Bandits","floor":21,"turns":3},{"damage":22,"enemies":"Slavers","floor":23,"turns":3}],"seed_played":"7438503099045065439","potions_obtained":[{"floor":6.0,"key":"BlessingOfTheForge"},{"floor":16.0,"key":"Dexterity Potion"},{"floor":21,"key":"PotionOfCapacity"}],"is_trial":false,"path_per_floor":["M","M","$","T","?","E","R","E","T","R","M","?","R","M","R","B",null,"M","M","$","?","$","E"],"character_chosen":"DEFECT","items_purchased":["Panacea","Auto Shields","Loop+1","Skim","Capacitor+1","Stack"],"campfire_rested":0,"item_purchase_floors":[3,20,20,20,22,22],"current_hp_per_floor":[64,64,64,64,53,53,53,40,40,40,40,40,40,43,43,20,58,57,50,50,35,35,13,13],"gold":6,"neow_bonus":"THREE_ENEMY_KILL","is_daily":false,"chose_seed":false,"campfire_upgraded":4,"win_rate":0.0,"timestamp":1613812844,"path_taken":["M","M","$","?","?","E","R","E","T","R","M","?","R","?","R","BOSS","M","M","$","?","?","E"],"items_purchased_type":["Card","Card","Card","Card","Card","Card"],"build_version":"2020-12-13","purchased_purges":1,"victory":false,"max_hp_per_floor":[71,71,71,71,71,71,71,71,71,71,71,71,71,71,71,71,71,71,71,71,71,71,71,71],"relic_stats":{"counters":[11,38],"Turnip":[6],"Pen Nib":[4],"Black Star":0,"obtain_stats":[{"Potion Belt":4,"NeowsBlessing":0,"Turnip":6,"Pen Nib":8,"Black Star":17,"Red Mask":21,"Frozen Egg 2":9,"Cracked Core":0},{"Potion Belt":2,"NeowsBlessing":0,"Turnip":3,"Pen Nib":4,"Black Star":7,"Red Mask":10,"Frozen Egg 2":4,"Cracked Core":0},{"Potion Belt":2,"NeowsBlessing":0,"Turnip":3,"Pen Nib":10,"Black Star":25,"Red Mask":35,"Frozen Egg 2":10,"Cracked Core":0}]},"card_choices":[{"not_picked":["Hologram","Gash"],"picked":"Cold Snap","floor":1.0},{"not_picked":["Rebound","Self Repair"],"picked":"Sunder","floor":2.0},{"not_picked":["Rip and Tear","Scrape"],"picked":"Ball Lightning","floor":6.0},{"not_picked":["Redo","Ball Lightning"],"picked":"Storm","floor":8.0},{"not_picked":["Go for the Eyes","Hologram"],"picked":"Self Repair+1","floor":11.0},{"not_picked":["White Noise","Hyperbeam"],"picked":"Beam Cell","floor":14.0},{"not_picked":["Amplify","Core Surge"],"picked":"Seek","floor":16.0},{"not_picked":["Fusion","Beam Cell","Blizzard"],"picked":"SKIP","floor":18},{"not_picked":["Beam Cell","Stack"],"picked":"Rebound","floor":19},{"not_picked":["Barrage","Gash"],"picked":"Reinforced Body","floor":21}],"player_experience":1630141,"relics_obtained":[{"floor":4.0,"key":"Potion Belt"},{"floor":6.0,"key":"Turnip"},{"floor":8.0,"key":"Pen Nib"},{"floor":9.0,"key":"Frozen Egg 2"},{"floor":21,"key":"Red Mask"}],"event_choices":[{"damage_healed":0.0,"max_hp_gain":0.0,"max_hp_loss":0.0,"gold_gain":75.0,"event_name":"World of Goop","player_choice":"Gather Gold","floor":5.0,"gold_loss":0.0,"damage_taken":11.0},{"damage_healed":0.0,"max_hp_gain":0.0,"max_hp_loss":0.0,"gold_gain":0.0,"cards_transformed":["Strike_B"],"event_name":"Living Wall","player_choice":"Change","floor":12.0,"gold_loss":0.0,"damage_taken":0.0,"cards_obtained":["FTL"]},{"damage_healed":0,"gold_gain":0,"player_choice":"Fought Bandits","damage_taken":0,"max_hp_gain":0,"max_hp_loss":0,"event_name":"Masked Bandits","floor":21,"gold_loss":0}],"is_beta":false,"boss_relics":[{"not_picked":["Tiny House","Ectoplasm"],"picked":"Black Star"}],"items_purged_floors":[20],"is_endless":false,"potions_floor_spawned":[6,16,21],"killed_by":"Slavers","ascension_level":20}}