{"host":"2a0mdijsgk15db4y","time":1613850055,"event":{"mods":["AchievementEnabler","BaseMod","Colored Map","Colored Powertips","Downfall","Googly Eyes","Hermit","Highlight Path","Hubris","Jorbs\u0027s Wanderer Trilogy","Minty Spire (QoL Compilation)","Quick Restart","Rare Cards Sparkle","Replay The Spire","Shop Mod","StSLib","The Bug Knight","The Construct","The Cursed","The Hierophant","The Mystic"],"gold_per_floor":[99,112,131,131,187,187,187,97,108,108,142,157,157,157,170,268,268,268,281,281,297,297,297,314,314,343,71,171,183,183,183,183],"floor_reached":33,"language":"ENG","playtime":2879,"items_purged":["Slimebound:Tackle","Slimebound:Defend_Slimebound","Writhe"],"score":288,"play_id":"13e1af6e-3317-44dd-ad4a-d1b7dd1c253e","local_time":"20210220114055","is_ascension_mode":false,"campfire_choices":[{"data":"Slimebound:CorrosiveSpit","floor":1,"key":"SMITH"},{"floor":6,"key":"REST"},{"data":"Slimebound:SlimeSpikes","floor":10,"key":"SMITH"},{"data":"Slimebound:Split","floor":18,"key":"SMITH"},{"data":"Slimebound:OozeBath","floor":23,"key":"SMITH"}],"circlet_count":0,"master_deck":["Slimebound:Strike_Slimebound","Slimebound:Strike_Slimebound","Slimebound:Defend_Slimebound","Slimebound:Defend_Slimebound","Slimebound:Defend_Slimebound","Slimebound:Split+1","Slimebound:CorrosiveSpit+1","Slimebound:Schlurp","Slimebound:LeechingTouch","Slimebound:SlimeSpikes+1","Slimebound:LeechingTouch+1","Slimebound:Prepare","Slimebound:AcidTongue","Slimebound:OozeBath+1","Slimebound:MassFeed+1","Slimebound:SplitBruiser+1","Slimebound:ComboTackle+1","Slimebound:RainOfGoop+1","Slimebound:LevelUp","Slimebound:GrowthPunch+1","Slimebound:Repurpose"],"relics":["Slimebound:AbsorbEndCombat","Pear","MealTicket","Molten Egg 2","Oddly Smooth Stone","Replay:WaspNest","hubris:Teleporter","hubris:Towel","hubris:ScarierMask","hubris:BottledHeart","HollowMod:LifeEnderRelic","Slimebound:AggressiveSlimeRelic","Durian","Pet Ghost","downfall:CloakOfManyFaces","CultistMask","FaceOfCleric","NlothsMask","GremlinMask","SsserpentHead"],"acts_visited":["Exordium","TheCity"],"potions_floor_usage":[8,28,31,31],"damage_taken":[{"damage":1,"enemies":"Cultist","floor":2,"turns":5},{"damage":1,"enemies":"Jaw Worm","floor":3,"turns":3},{"damage":2,"enemies":"downfall:FleeingMerchant","floor":8,"turns":4},{"damage":2,"enemies":"Small Slimes","floor":9,"turns":4},{"damage":9,"enemies":"3 Sentries","floor":11,"turns":8},{"damage":1,"enemies":"Blue Slaver","floor":12,"turns":3},{"damage":1,"enemies":"3 Louse","floor":15,"turns":3},{"damage":17,"enemies":"IC_STATUS_ARCHETYPE","floor":16,"turns":10},{"damage":0,"enemies":"Shell Parasite","floor":19,"turns":6},{"damage":0,"enemies":"Spheric Guardian","floor":21,"turns":5},{"damage":0,"enemies":"Snecko","floor":25,"turns":4},{"damage":0,"enemies":"Gremlin Leader","floor":28,"turns":5},{"damage":0,"enemies":"downfall:FleeingMerchant","floor":29,"turns":4},{"damage":0,"enemies":"downfall:FaceTrader","floor":31,"turns":6},{"damage":0,"enemies":"Shelled Parasite and Fungi","floor":32,"turns":4},{"damage":8,"enemies":"SI_MIRROR_ARCHETYPE","floor":33,"turns":12}],"seed_played":"1995934871504782994","potions_obtained":[{"floor":3,"key":"bronze:BurnAndBuffPotion"},{"floor":5,"key":"Regen Potion"},{"floor":5,"key":"FearPotion"},{"floor":15,"key":"Slimebound:SlimyTonguePotion"},{"floor":16,"key":"Dexterity Potion"},{"floor":25,"key":"PowerPotion"},{"floor":28,"key":"Elixir"},{"floor":31,"key":"Strength Potion"}],"is_trial":false,"path_per_floor":["R","M","M","$","?","R","T","$","M","R","E","M","?","?","M","B",null,"R","M","?","M","R","T","M","?","E","$","?","M","B"],"character_chosen":"SLIMEBOUND","items_purchased":["Pear","MealTicket","Molten Egg 2","Pet Ghost"],"campfire_rested":1,"item_purchase_floors":[4,4,4,29],"current_hp_per_floor":[71,71,71,35,3,27,27,58,60,60,57,62,62,62,65,56,81,81,85,1,1,1,1,1,1,1,1,1,1,0,0,0],"gold":183,"neow_bonus":"TEN_PERCENT_HP_BONUS","is_daily":false,"chose_seed":false,"campfire_upgraded":4,"win_rate":0.0,"timestamp":1613850055,"path_taken":["R_BF","M","M","?","?","R","T","$","M","R","E","?","?","?","M","BOSS","R","M","?","M","R","T","M","?","E","$","?","M","BOSS"],"items_purchased_type":["Relic","Relic","Relic","Relic"],"build_version":"2020-12-22","purchased_purges":3,"victory":false,"max_hp_per_floor":[71,71,71,81,81,81,81,81,81,81,81,81,81,81,81,81,81,81,85,1,1,1,1,1,1,1,1,1,1,1,1,1],"card_choices":[{"not_picked":["Slimebound:LivingWall","Slimebound:Replication"],"picked":"Slimebound:Schlurp","floor":2},{"not_picked":["Slimebound:ItLooksTasty","Slimebound:GoopTackle"],"picked":"Slimebound:LeechingTouch","floor":3},{"not_picked":["Slimebound:RollThrough+1","Slimebound:SlimeBrawl"],"picked":"Slimebound:SlimeSpikes","floor":5},{"not_picked":["Slimebound:HauntingLick","Slimebound:GoopSpray","Slimebound:SplitMire"],"picked":"SKIP","floor":8},{"not_picked":["Slimebound:Schlurp","Slimebound:ComboTackle+1"],"picked":"Slimebound:LeechingTouch+1","floor":9},{"not_picked":["Slimebound:LevelUp","Slimebound:SplitBruiser"],"picked":"Slimebound:Prepare","floor":11},{"not_picked":["Slimebound:SplitLeeching","Slimebound:Prepare"],"picked":"Slimebound:AcidTongue","floor":12},{"not_picked":["Slimebound:PressTheAttack+1","Slimebound:LeechingTouch+1"],"picked":"Slimebound:OozeBath","floor":15},{"not_picked":["Slimebound:MinionMaster","Slimebound:PrepareCrush"],"picked":"Slimebound:MassFeed+1","floor":16},{"not_picked":["Slimebound:Grow","Slimebound:SamplingLick"],"picked":"Slimebound:SplitBruiser+1","floor":19},{"not_picked":["Slimebound:GoopTackle+1","Slimebound:SplitAcid+1"],"picked":"Slimebound:ComboTackle+1","floor":21},{"not_picked":["Slimebound:SlimeBrawl","Slimebound:ViciousTackle+1"],"picked":"Slimebound:RainOfGoop+1","floor":25},{"not_picked":["Slimebound:SplitAcid","Slimebound:RainOfGoop"],"picked":"Slimebound:LevelUp","floor":28},{"not_picked":["Slimebound:DisruptingSlam+1","Slimebound:FinishingTackle+1"],"picked":"Slimebound:GrowthPunch+1","floor":29},{"not_picked":["Slimebound:ComboTackle+1","Slimebound:SamplingLick"],"picked":"Slimebound:Repurpose","floor":31},{"not_picked":["Slimebound:RollThrough+1","Slimebound:FinishingTackle+1","Slimebound:AcidTongue"],"picked":"SKIP","floor":32}],"player_experience":177317,"relics_obtained":[{"floor":5,"key":"Oddly Smooth Stone"},{"floor":7,"key":"Replay:WaspNest"},{"floor":11,"key":"hubris:Teleporter"},{"floor":24,"key":"HollowMod:LifeEnderRelic"},{"floor":28,"key":"Durian"},{"floor":31,"key":"downfall:CloakOfManyFaces"}],"event_choices":[{"cards_removed":["Slimebound:Strike_Slimebound"],"damage_healed":0,"gold_gain":0,"player_choice":"Offered Basic","damage_taken":0,"max_hp_gain":0,"max_hp_loss":0,"event_name":"Bonfire Elementals","floor":14,"gold_loss":0}],"is_beta":false,"boss_relics":[{"not_picked":["Honey Jar","hubris:VirtuousBlindfold"],"picked":"hubris:ScarierMask"}],"items_purged_floors":[4,8,29],"is_endless":false,"potions_floor_spawned":[3,15,16,25,28,31],"killed_by":"SI_MIRROR_ARCHETYPE","ascension_level":0}}