{"host":"7gquyva492f4udta","time":1613839892,"event":{"mods":["BaseMod","Minty Spire (QoL Compilation)"],"gold_per_floor":[113,130,130,130,147,147,158,183,183,213,224,236,6,81,81,176,176,187,12,12,0,11,11,25,51,51,84,84,94,94,94,94,196,196,209,259,259,276,276,303,315,348,348,374,392,425,8,8,8,8,8,8,8,37,37],"floor_reached":56,"language":"ENG","playtime":5430,"items_purged":["Strike_R+1"],"score":2057,"play_id":"48b50d81-f8c8-455c-9efb-38ed79f1a29f","local_time":"20210220105132","is_ascension_mode":true,"campfire_choices":[{"data":"Armaments","floor":6,"key":"SMITH"},{"data":"Inflame","floor":15,"key":"SMITH"},{"data":"Corruption","floor":23,"key":"SMITH"},{"data":"Fire Breathing","floor":28,"key":"SMITH"},{"data":"Fiend Fire","floor":32,"key":"SMITH"},{"floor":49,"key":"RECALL"},{"data":"Brutality","floor":52,"key":"SMITH"}],"circlet_count":0,"master_deck":["Strike_R+1","Strike_R+1","Strike_R+1","Defend_R+1","Defend_R+1","Defend_R+1","Defend_R+1","Bash+1","Sever Soul+1","Armaments+1","Feed","Flame Barrier","Inflame+1","Power Through","Spot Weakness+1","Shrug It Off+1","Reaper","Second Wind+1","Corruption+1","Fire Breathing+1","Impervious+1","Warcry+1","Second Wind+1","Impervious+1","Armaments+1","Fiend Fire+1","Brutality+1","Body Slam+1","True Grit+1","Seeing Red+1","Battle Trance+1","Warcry+1","Corruption+1","Finesse+1","Warcry+1","Warcry+1","Infernal Blade+1","Shrug It Off+1","Decay"],"relics":["Black Blood","InkBottle","The Courier","Toxic Egg 2","Dead Branch","Bronze Scales","Blue Candle","Magic Flower","Sozu","Calipers","Orichalcum","Bag of Preparation","TungstenRod","Whetstone","DollysMirror","Pen Nib"],"acts_visited":["Exordium","TheCity","TheBeyond","TheEnding"],"potions_floor_usage":[8,10,12,22,22,25,36],"damage_taken":[{"damage":6,"enemies":"2 Louse","floor":1,"turns":4},{"damage":2,"enemies":"Jaw Worm","floor":2,"turns":3},{"damage":1,"enemies":"Cultist","floor":5,"turns":4},{"damage":24,"enemies":"Large Slime","floor":7,"turns":9},{"damage":13,"enemies":"3 Sentries","floor":8,"turns":10},{"damage":29,"enemies":"Gremlin Nob","floor":10,"turns":5},{"damage":6,"enemies":"Looter","floor":11,"turns":2},{"damage":0,"enemies":"2 Fungi Beasts","floor":12,"turns":3},{"damage":31,"enemies":"Hexaghost","floor":16,"turns":13},{"damage":8,"enemies":"Chosen","floor":18,"turns":6},{"damage":30,"enemies":"2 Thieves","floor":21,"turns":5},{"damage":71,"enemies":"Centurion and Healer","floor":22,"turns":12},{"damage":0,"enemies":"Snecko","floor":24,"turns":5},{"damage":29,"enemies":"Gremlin Leader","floor":25,"turns":6},{"damage":13,"enemies":"Book of Stabbing","floor":27,"turns":5},{"damage":13,"enemies":"Snake Plant","floor":29,"turns":4},{"damage":3,"enemies":"Champ","floor":33,"turns":15},{"damage":0,"enemies":"3 Shapes","floor":35,"turns":3},{"damage":14,"enemies":"Mind Bloom Boss Battle","floor":36,"turns":4},{"damage":8,"enemies":"3 Darklings","floor":38,"turns":4},{"damage":0,"enemies":"Nemesis","floor":40,"turns":5},{"damage":3,"enemies":"Sphere and 2 Shapes","floor":41,"turns":3},{"damage":24,"enemies":"Reptomancer","floor":42,"turns":6},{"damage":14,"enemies":"Nemesis","floor":44,"turns":7},{"damage":7,"enemies":"Maw","floor":45,"turns":8},{"damage":0,"enemies":"Giant Head","floor":46,"turns":4},{"damage":7,"enemies":"Awakened One","floor":50,"turns":6},{"damage":1,"enemies":"Shield and Spear","floor":54,"turns":3},{"damage":7,"enemies":"The Heart","floor":55,"turns":5}],"seed_played":"-8064702341799425943","potions_obtained":[{"floor":1,"key":"HeartOfIron"},{"floor":5,"key":"Block Potion"},{"floor":8,"key":"Dexterity Potion"},{"floor":11,"key":"Block Potion"},{"floor":16,"key":"FairyPotion"},{"floor":18,"key":"Fire Potion"},{"floor":24,"key":"DuplicationPotion"},{"floor":33,"key":"AttackPotion"}],"is_trial":false,"path_per_floor":["M","M","?","?","M","R","M","E","T","E","M","M","$","?","R","B",null,"M","$","?","M","M","R","M","E","T","E","R","M","?","?","R","B",null,"M","?","?","M","?","E","M","E","T","E","M","E","$","?","R","B",null,"R","$","E","B",null],"character_chosen":"IRONCLAD","items_purchased":["Dead Branch","Corruption","Fire Breathing","DollysMirror","Finesse+1","Warcry+1","Warcry+1","Infernal Blade+1","Shrug It Off+1"],"campfire_rested":0,"item_purchase_floors":[13,19,19,47,47,47,47,47,47],"current_hp_per_floor":[80,84,84,89,97,97,83,80,80,61,64,73,73,62,62,40,99,107,107,95,85,49,49,74,57,57,65,65,70,70,70,70,123,128,132,132,132,136,136,136,139,139,139,143,146,149,149,149,149,149,149,149,149,149,149],"gold":37,"neow_bonus":"TEN_PERCENT_HP_BONUS","is_daily":false,"chose_seed":false,"campfire_upgraded":6,"win_rate":0.0,"timestamp":1613839892,"path_taken":["M","M","?","?","M","R","M","E","T","E","M","M","$","?","R","BOSS","M","$","?","M","?","R","M","E","T","E","R","M","?","?","R","BOSS","M","?","?","?","?","E","M","E","T","E","M","E","$","?","R","BOSS","R","$","E","BOSS"],"items_purchased_type":["Relic","Card","Card","Relic","Card","Card","Card","Card","Card"],"build_version":"2020-12-22","purchased_purges":1,"victory":true,"max_hp_per_floor":[88,88,88,93,97,97,101,105,105,109,112,115,115,115,115,118,118,122,122,122,122,126,126,129,129,129,129,129,129,129,129,129,129,129,132,132,132,136,136,136,139,143,143,143,146,149,149,149,149,149,149,149,149,149,149],"card_choices":[{"not_picked":["Wild Strike","Combust"],"picked":"Sever Soul","floor":1},{"not_picked":["Sentinel","Carnage"],"picked":"Armaments","floor":2},{"not_picked":["Armaments","Dropkick"],"picked":"Flame Barrier","floor":5},{"not_picked":["Second Wind","Combust"],"picked":"Inflame","floor":7},{"not_picked":["Havoc","Clothesline"],"picked":"Power Through","floor":8},{"not_picked":["Havoc+1","Flex+1","Headbutt"],"picked":"SKIP","floor":10},{"not_picked":["Havoc+1","Rage+1"],"picked":"Spot Weakness+1","floor":11},{"not_picked":["Infernal Blade+1","Twin Strike"],"picked":"Shrug It Off+1","floor":12},{"not_picked":["Juggernaut","Limit Break+1"],"picked":"Reaper","floor":16},{"not_picked":["Thunderclap","Headbutt"],"picked":"Second Wind+1","floor":18},{"not_picked":["Clash","Headbutt","Body Slam"],"picked":"SKIP","floor":21},{"not_picked":["Reckless Charge","Cleave"],"picked":"Impervious+1","floor":22},{"not_picked":["Sword Boomerang+1","Fire Breathing"],"picked":"Warcry+1","floor":24},{"not_picked":["Sword Boomerang","Clash"],"picked":"Second Wind+1","floor":25},{"not_picked":["Body Slam","Armaments+1"],"picked":"Impervious+1","floor":27},{"not_picked":["Whirlwind","Anger+1"],"picked":"Armaments+1","floor":29},{"not_picked":["Bludgeon","Fiend Fire"],"picked":"Brutality","floor":33},{"not_picked":["Wild Strike","Anger+1","Armaments+1"],"picked":"SKIP","floor":35},{"not_picked":["Searing Blow","Fire Breathing"],"picked":"Body Slam+1","floor":36},{"not_picked":["Flex+1","Clothesline"],"picked":"True Grit+1","floor":38},{"not_picked":["Fiend Fire","Clash","Reckless Charge+1"],"picked":"SKIP","floor":40},{"not_picked":["Disarm+1","Armaments+1"],"picked":"Seeing Red+1","floor":41},{"not_picked":["Iron Wave","Heavy Blade+1"],"picked":"Battle Trance+1","floor":42},{"not_picked":["Iron Wave","Anger","Reckless Charge+1"],"picked":"SKIP","floor":44},{"not_picked":["Heavy Blade+1","Twin Strike","Sword Boomerang+1"],"picked":"SKIP","floor":45},{"not_picked":["Feed","Clothesline+1"],"picked":"Warcry+1","floor":46},{"not_picked":["Pummel+1","Hemokinesis","Brutality"],"picked":"SKIP","floor":54}],"player_experience":298934,"relics_obtained":[{"floor":8,"key":"InkBottle"},{"floor":9,"key":"The Courier"},{"floor":10,"key":"Toxic Egg 2"},{"floor":25,"key":"Bronze Scales"},{"floor":26,"key":"Blue Candle"},{"floor":27,"key":"Magic Flower"},{"floor":36,"key":"Calipers"},{"floor":40,"key":"Orichalcum"},{"floor":42,"key":"Bag of Preparation"},{"floor":44,"key":"TungstenRod"},{"floor":46,"key":"Whetstone"},{"floor":54,"key":"Pen Nib"}],"event_choices":[{"damage_healed":0,"gold_gain":0,"cards_transformed":["Strike_R"],"player_choice":"Change","damage_taken":0,"max_hp_gain":0,"max_hp_loss":0,"event_name":"Living Wall","floor":3,"gold_loss":0,"cards_obtained":["Feed"]},{"damage_healed":0,"gold_gain":0,"player_choice":"Donut","damage_taken":0,"max_hp_gain":5,"max_hp_loss":0,"event_name":"Big Fish","floor":4,"gold_loss":0},{"damage_healed":0,"gold_gain":75,"player_choice":"Gather Gold","damage_taken":11,"max_hp_gain":0,"max_hp_loss":0,"event_name":"World of Goop","floor":14,"gold_loss":0},{"damage_healed":0,"gold_gain":0,"player_choice":"Damaged","damage_taken":12,"max_hp_gain":0,"max_hp_loss":0,"event_name":"Wheel of Change","floor":20,"gold_loss":0},{"damage_healed":0,"gold_gain":0,"player_choice":"Read","damage_taken":0,"max_hp_gain":0,"max_hp_loss":0,"event_name":"The Library","floor":30,"gold_loss":0,"cards_obtained":["Fiend Fire"]},{"damage_healed":0,"gold_gain":0,"player_choice":"Simplicity","damage_taken":0,"max_hp_gain":0,"max_hp_loss":0,"event_name":"Back to Basics","floor":31,"gold_loss":0,"cards_upgraded":["Strike_R","Strike_R","Strike_R","Strike_R","Defend_R","Defend_R","Defend_R","Defend_R"]},{"damage_healed":0,"gold_gain":0,"player_choice":"Fight","damage_taken":0,"max_hp_gain":0,"max_hp_loss":0,"event_name":"MindBloom","floor":36,"gold_loss":0},{"damage_healed":0,"gold_gain":0,"player_choice":"Got Potions","damage_taken":0,"max_hp_gain":0,"max_hp_loss":0,"event_name":"Lab","floor":37,"gold_loss":0},{"damage_healed":0,"gold_gain":0,"player_choice":"Ignored","damage_taken":0,"max_hp_gain":0,"max_hp_loss":0,"event_name":"Tomb of Lord Red Mask","floor":39,"gold_loss":0},{"damage_healed":0,"gold_gain":0,"player_choice":"Cursed","damage_taken":0,"max_hp_gain":0,"max_hp_loss":0,"event_name":"Wheel of Change","floor":48,"gold_loss":0,"cards_obtained":["Decay"]}],"is_beta":false,"boss_relics":[{"not_picked":["SacredBark","Black Star"],"picked":"Black Blood"},{"not_picked":["Cursed Key","Astrolabe"],"picked":"Sozu"}],"items_purged_floors":[47],"is_endless":false,"potions_floor_spawned":[1,5,8,11,16,18,24,33,36,41,42,44,46],"ascension_level":6}}