{"host":"nsc6ozq3atyrdr3m","time":1613853077,"event":{"mods":["BaseMod","Colored Map","Minty Spire (QoL Compilation)"],"gold_per_floor":[109,109,123,20,33,61,77,90,90,107,282,282,297,314,314,415,415,426,426,426,285,298,329,329,31,56,56,56,82,82,82,82],"floor_reached":31,"language":"FRA","playtime":728,"items_purged":[],"score":371,"play_id":"dfb34010-0d90-4d39-8a49-ae165250ed06","local_time":"20210220213117","is_ascension_mode":true,"campfire_choices":[{"floor":12,"key":"REST"},{"data":"Electrodynamics","floor":15,"key":"SMITH"},{"floor":28,"key":"REST"},{"data":"Defragment","floor":30,"key":"SMITH"}],"circlet_count":0,"master_deck":["Strike_B+1","Strike_B+1","Strike_B+1","Defend_B+1","Defend_B+1","Defend_B+1","Defend_B+1","Zap","Dualcast","Hologram+1","Rebound","Hologram","Self Repair","Electrodynamics+1","Conserve Battery","Tempest","Darkness","Glacier+1","Doubt","Conserve Battery","Electrodynamics","Echo Form","Heatsinks","Multi-Cast","Defragment+1","Loop","Loop","Defragment","Self Repair","Defragment+1"],"relics":["Cracked Core","NeowsBlessing","Pen Nib","Symbiotic Virus","Velvet Choker","Gremlin Horn","The Courier","Membership Card","War Paint","Blue Candle"],"acts_visited":["Exordium","TheCity"],"potions_floor_usage":[16,23,29],"damage_taken":[{"damage":0,"enemies":"Jaw Worm","floor":1,"turns":1},{"damage":0,"enemies":"Cultist","floor":3,"turns":1},{"damage":0,"enemies":"Small Slimes","floor":5,"turns":1},{"damage":33,"enemies":"Gremlin Nob","floor":6,"turns":4},{"damage":10,"enemies":"3 Louse","floor":7,"turns":3},{"damage":12,"enemies":"Looter","floor":8,"turns":4},{"damage":13,"enemies":"Lots of Slimes","floor":10,"turns":2},{"damage":2,"enemies":"Blue Slaver","floor":13,"turns":4},{"damage":6,"enemies":"Large Slime","floor":14,"turns":5},{"damage":26,"enemies":"The Guardian","floor":16,"turns":14},{"damage":11,"enemies":"2 Thieves","floor":18,"turns":2},{"damage":13,"enemies":"Shell Parasite","floor":22,"turns":6},{"damage":10,"enemies":"Gremlin Leader","floor":23,"turns":8},{"damage":37,"enemies":"Book of Stabbing","floor":29,"turns":5},{"damage":35,"enemies":"Centurion and Healer","floor":31,"turns":4}],"seed_played":"-3413305124395705769","potions_obtained":[{"floor":6,"key":"ColorlessPotion"},{"floor":8,"key":"FocusPotion"},{"floor":10,"key":"DistilledChaos"},{"floor":14,"key":"Fire Potion"},{"floor":16,"key":"Strength Potion"},{"floor":29,"key":"Fire Potion"}],"is_trial":false,"path_per_floor":["M","?","M","$","M","E","M","M","T","M","?","R","M","M","R","B",null,"M","?","?","$","M","E","?","$","T","?","R","E","R","M"],"character_chosen":"DEFECT","items_purchased":["Hologram","Self Repair","Multi-Cast","Membership Card","Defragment","Loop","Loop","Defragment","Self Repair","Defragment"],"campfire_rested":2,"item_purchase_floors":[4,4,21,25,25,25,25,25,25,25],"current_hp_per_floor":[68,68,68,68,68,35,32,27,27,14,14,36,41,42,42,23,62,51,51,51,51,38,35,35,35,35,35,57,34,34,0,0],"gold":82,"neow_bonus":"THREE_ENEMY_KILL","is_daily":false,"chose_seed":false,"campfire_upgraded":2,"win_rate":0.0,"timestamp":1613853077,"path_taken":["M","?","?","$","M","E","M","M","T","M","?","R","M","M","R","BOSS","M","?","?","$","M","E","?","$","T","?","R","E","R","M"],"items_purchased_type":["Card","Card","Card","Relic","Card","Card","Card","Card","Card","Card"],"build_version":"2020-12-22","purchased_purges":0,"victory":false,"max_hp_per_floor":[75,75,75,75,75,75,75,75,75,75,75,75,75,75,75,75,75,75,75,75,75,75,75,75,75,75,75,75,75,75,75,75],"card_choices":[{"not_picked":["Rip and Tear","Coolheaded"],"picked":"Hologram","floor":1},{"not_picked":["Stack","Redo"],"picked":"Rebound","floor":3},{"not_picked":["Cold Snap","Go for the Eyes"],"picked":"Electrodynamics","floor":5},{"not_picked":["Steam","Genetic Algorithm"],"picked":"Conserve Battery","floor":6},{"not_picked":["Compile Driver","Steam"],"picked":"Tempest","floor":7},{"not_picked":["FTL","Steam"],"picked":"Darkness","floor":8},{"not_picked":["Redo","Go for the Eyes"],"picked":"Glacier","floor":10},{"not_picked":["Beam Cell","Gash"],"picked":"Conserve Battery","floor":13},{"not_picked":["Barrage","Streamline"],"picked":"Electrodynamics","floor":14},{"not_picked":["All For One","Rainbow"],"picked":"Echo Form","floor":16},{"not_picked":["Conserve Battery","Stack","Coolheaded"],"picked":"SKIP","floor":18},{"not_picked":["Go for the Eyes","Rebound","Compile Driver"],"picked":"SKIP","floor":22},{"not_picked":["Sweeping Beam","Fission","Double Energy"],"picked":"SKIP","floor":23},{"not_picked":["Chaos","Coolheaded","Conserve Battery+1"],"picked":"SKIP","floor":29}],"player_experience":437747,"relics_obtained":[{"floor":6,"key":"Pen Nib"},{"floor":9,"key":"Symbiotic Virus"},{"floor":23,"key":"Gremlin Horn"},{"floor":26,"key":"War Paint"},{"floor":29,"key":"Blue Candle"}],"event_choices":[{"cards_removed":["Strike_B"],"damage_healed":0,"gold_gain":0,"player_choice":"Offered Basic","damage_taken":0,"max_hp_gain":0,"max_hp_loss":0,"event_name":"Bonfire Elementals","floor":2,"gold_loss":0},{"damage_healed":0,"gold_gain":175,"player_choice":"AGREE","damage_taken":0,"max_hp_gain":0,"max_hp_loss":0,"event_name":"Liars Game","floor":11,"gold_loss":0,"cards_obtained":["Doubt"]},{"damage_healed":0,"gold_gain":0,"player_choice":"Read","damage_taken":0,"max_hp_gain":0,"max_hp_loss":0,"event_name":"The Library","floor":19,"gold_loss":0,"cards_obtained":["Heatsinks"]},{"damage_healed":0,"gold_gain":0,"player_choice":"Simplicity","damage_taken":0,"max_hp_gain":0,"max_hp_loss":0,"event_name":"Back to Basics","floor":20,"gold_loss":0,"cards_upgraded":["Strike_B","Strike_B","Strike_B","Defend_B","Defend_B","Defend_B","Defend_B"]},{"damage_healed":0,"gold_gain":0,"player_choice":"Opened","damage_taken":0,"relics_obtained":["The Courier"],"max_hp_gain":0,"max_hp_loss":0,"event_name":"The Mausoleum","floor":24,"gold_loss":0},{"damage_healed":0,"gold_gain":0,"player_choice":"Upgraded","damage_taken":0,"max_hp_gain":0,"max_hp_loss":0,"event_name":"Upgrade Shrine","floor":27,"gold_loss":0,"cards_upgraded":["Defragment"]}],"is_beta":false,"boss_relics":[{"not_picked":["Nuclear Battery","Runic Pyramid"],"picked":"Velvet Choker"}],"items_purged_floors":[],"is_endless":false,"potions_floor_spawned":[6,8,10,14,16,29],"killed_by":"Centurion and Healer","ascension_level":7}}