{"host":"cpsutu8lprjuipd6","time":1613800976,"event":{"mods":["BaseMod","Colored Map","Minty Spire (QoL Compilation)","Permanent Neow","Quick Restart","StSLib","SuperFastMode","The Bug Knight","Together in Spire"],"gold_per_floor":[110,35,52,67,93,93,105,105,187,109,109,119,140,140,140,140,140],"floor_reached":16,"language":"KOR","playtime":896,"items_purged":["Defend_R"],"score":95,"play_id":"0bf09773-208c-4a3c-b81e-3f8010ea09d2","local_time":"20210220150256","is_ascension_mode":true,"campfire_choices":[{"data":"Defend_R","floor":6,"key":"SMITH"},{"floor":8,"key":"RECALL"},{"data":"Dropkick","floor":11,"key":"SMITH"},{"floor":15,"key":"REST"}],"circlet_count":0,"master_deck":["Strike_R","Strike_R","Strike_R","Defend_R+1","Defend_R","Defend_R","Bash","Dropkick+1"],"relics":["Burning Blood","Bag of Preparation","Odd Mushroom"],"acts_visited":["Exordium"],"potions_floor_usage":[13],"damage_taken":[{"damage":1,"enemies":"Cultist","floor":1,"turns":3},{"damage":1,"enemies":"2 Louse","floor":3,"turns":3},{"damage":5,"enemies":"Jaw Worm","floor":4,"turns":5},{"damage":6,"enemies":"2 Fungi Beasts","floor":7,"turns":3},{"damage":13,"enemies":"Red Slaver","floor":12,"turns":4},{"damage":52,"enemies":"The Mushroom Lair","floor":13,"turns":9},{"damage":53,"enemies":"Hexaghost","floor":16,"turns":9}],"seed_played":"-8922389313615788116","potions_obtained":[{"floor":3,"key":"Strength Potion"},{"floor":4,"key":"BlessingOfTheForge"},{"floor":12,"key":"SneckoOil"}],"is_trial":false,"path_per_floor":["M","$","M","M","T","R","M","R","T","$","R","M","?","?","R","B"],"character_chosen":"IRONCLAD","items_purchased":["Dropkick"],"campfire_rested":1,"item_purchase_floors":[10],"current_hp_per_floor":[80,80,80,80,80,80,80,80,80,80,80,73,27,27,51,0,0],"gold":140,"neow_bonus":"REMOVE_CARD","is_daily":false,"chose_seed":false,"campfire_upgraded":2,"win_rate":0.0,"timestamp":1613800976,"path_taken":["M","$","?","M","?","R","M","R","T","$","R","M","?","?","R","BOSS"],"items_purchased_type":["Card"],"build_version":"2020-12-22","purchased_purges":1,"victory":false,"max_hp_per_floor":[80,80,80,80,80,80,80,80,80,80,80,80,80,80,80,80,80],"card_choices":[{"not_picked":["Sword Boomerang","Flex","Intimidate"],"picked":"SKIP","floor":1},{"not_picked":["Clothesline","Wild Strike","Anger"],"picked":"SKIP","floor":3},{"not_picked":["Metallicize","Disarm","Shrug It Off"],"picked":"SKIP","floor":4},{"not_picked":["Twin Strike","Headbutt","Entrench"],"picked":"SKIP","floor":7},{"not_picked":["Pummel","Perfected Strike","Shrug It Off"],"picked":"SKIP","floor":12}],"player_experience":130974,"relics_obtained":[{"floor":5,"key":"Bag of Preparation"},{"floor":13,"key":"Odd Mushroom"}],"event_choices":[{"damage_healed":0,"gold_gain":0,"player_choice":"Fought Mushrooms","damage_taken":0,"max_hp_gain":0,"max_hp_loss":0,"event_name":"Mushrooms","floor":13,"gold_loss":0},{"cards_removed":["Strike_R"],"damage_healed":0,"gold_gain":0,"player_choice":"Purged","damage_taken":0,"max_hp_gain":0,"max_hp_loss":0,"event_name":"Purifier","floor":14,"gold_loss":0}],"is_beta":false,"boss_relics":[],"items_purged_floors":[2],"is_endless":false,"potions_floor_spawned":[3,4,12],"killed_by":"Hexaghost","ascension_level":1}}