{"host":"ryfs09562e7ibkuk","time":1613855695,"event":{"mods":["BaseMod","Colored Powertips","Minty Spire (QoL Compilation)","Quick Restart","StSLib","The Bug Knight"],"gold_per_floor":[112,124,124,141,154,189,189,201,201,215,215,232,251,268,268,366,366,377,377,302,202,220,220,231,231,283,383,417,437,437,452,452,550,550,567,585,605,605,622,622,622,656,732,732,744,8,28,0,0,0,0,0,0,29,29],"floor_reached":56,"language":"ZHS","playtime":3719,"items_purged":["HollowMod:QuickDashStart","HollowMod:NailStrikeStart","Parasite"],"score":1205,"play_id":"beadaa73-24cc-4173-9552-0df490694dcf","local_time":"20210221051455","is_ascension_mode":false,"campfire_choices":[{"data":"HollowMod:MawleksShell","floor":7.0,"key":"SMITH"},{"data":"HollowMod:FocusHealStart","floor":11.0,"key":"SMITH"},{"data":"HollowMod:NewJinnsSoul","floor":15.0,"key":"SMITH"},{"data":"HollowMod:SlysStrikes","floor":23.0,"key":"SMITH"},{"data":"HollowMod:CloakDash","floor":25.0,"key":"SMITH"},{"data":"HollowMod:CloakDash","floor":32.0,"key":"SMITH"},{"data":"HollowMod:SlysStrikes","floor":40.0,"key":"SMITH"},{"data":"HollowMod:DoubleDash","floor":44.0,"key":"SMITH"},{"floor":49.0,"key":"RECALL"},{"data":"HollowMod:NewGlowingWomb","floor":52.0,"key":"SMITH"}],"circlet_count":0,"master_deck":["HollowMod:NailStrikeStart","HollowMod:NailStrikeStart","HollowMod:NailStrikeStart","HollowMod:QuickDashStart","HollowMod:FocusHealStart+1","HollowMod:PogoStrike","HollowMod:CloakDash+1","HollowMod:MantisMark+1","HollowMod:SoulSplash+1","HollowMod:MawleksShell+1","HollowMod:CloakDash+1","HollowMod:NewJinnsSoul+1","HollowMod:SlysStrikes+1","HollowMod:DoubleDash+1","HollowMod:CloakDash+1","HollowMod:GreatSlash+1","HollowMod:MantisMark+1","HollowMod:SlysStrikes+1","HollowMod:ShapeofUnn+1","HollowMod:NewJinnsSoul+1","HollowMod:DoubleDash+1","HollowMod:PogoStrike","HollowMod:NewGlowingWomb+1","HollowMod:SiblingsSouls"],"relics":["HollowMod:VesselMask","NeowsBlessing","Kunai","HornCleat","Coffee Dripper","FaceOfCleric","Toy Ornithopter","Mango","Mercury Hourglass","InkBottle","SlaversCollar","Shuriken","DollysMirror","Bottled Lightning","Bag of Preparation","Red Mask","HollowMod:KingsBrand"],"acts_visited":["Exordium","TheCity","TheBeyond","TheEnding"],"potions_floor_usage":[55,55,55],"damage_taken":[{"damage":0.0,"enemies":"Small Slimes","floor":1.0,"turns":1.0},{"damage":0.0,"enemies":"Cultist","floor":2.0,"turns":1.0},{"damage":0.0,"enemies":"2 Louse","floor":4.0,"turns":1.0},{"damage":23.0,"enemies":"Exordium Thugs","floor":5.0,"turns":5.0},{"damage":31.0,"enemies":"Lagavulin","floor":6.0,"turns":6.0},{"damage":3.0,"enemies":"Lots of Slimes","floor":8.0,"turns":4.0},{"damage":7.0,"enemies":"Blue Slaver","floor":10.0,"turns":3.0},{"damage":5.0,"enemies":"Exordium Wildlife","floor":12.0,"turns":4.0},{"damage":3.0,"enemies":"Gremlin Gang","floor":13.0,"turns":4.0},{"damage":8.0,"enemies":"Large Slime","floor":14.0,"turns":5.0},{"damage":46.0,"enemies":"Slime Boss","floor":16.0,"turns":13.0},{"damage":11.0,"enemies":"Shell Parasite","floor":18.0,"turns":5.0},{"damage":16.0,"enemies":"Spheric Guardian","floor":22.0,"turns":6.0},{"damage":17.0,"enemies":"Snake Plant","floor":24.0,"turns":7.0},{"damage":16.0,"enemies":"Colosseum Slavers","floor":27.0,"turns":5.0},{"damage":0.0,"enemies":"Colosseum Nobs","floor":27.0,"turns":5.0},{"damage":25.0,"enemies":"Book of Stabbing","floor":28.0,"turns":6.0},{"damage":0.0,"enemies":"Snecko","floor":29.0,"turns":5.0},{"damage":5.0,"enemies":"Shelled Parasite and Fungi","floor":31.0,"turns":3.0},{"damage":45.0,"enemies":"Champ","floor":33.0,"turns":10.0},{"damage":1.0,"enemies":"3 Darklings","floor":35.0,"turns":3.0},{"damage":0.0,"enemies":"3 Shapes","floor":36.0,"turns":3.0},{"damage":26.0,"enemies":"HollowMod:SlobberingHusk","floor":37.0,"turns":6.0},{"damage":15.0,"enemies":"4 Shapes","floor":39.0,"turns":2.0},{"damage":41.0,"enemies":"Nemesis","floor":42.0,"turns":9.0},{"damage":14.0,"enemies":"Writhing Mass","floor":45.0,"turns":5.0},{"damage":11.0,"enemies":"Spire Growth","floor":47.0,"turns":4.0},{"damage":0.0,"enemies":"HollowMod:Radiance","floor":50.0,"turns":9.0},{"damage":55.0,"enemies":"Shield and Spear","floor":54.0,"turns":5.0},{"damage":79,"enemies":"The Heart","floor":55,"turns":10}],"seed_played":"-4062276083838043629","potions_obtained":[{"floor":1.0,"key":"DuplicationPotion"},{"floor":6.0,"key":"Fire Potion"},{"floor":8.0,"key":"SkillPotion"},{"floor":10.0,"key":"EssenceOfSteel"},{"floor":16.0,"key":"ColorlessPotion"},{"floor":22.0,"key":"AttackPotion"},{"floor":29.0,"key":"AttackPotion"},{"floor":31.0,"key":"CultistPotion"},{"floor":35.0,"key":"ColorlessPotion"},{"floor":39.0,"key":"Dexterity Potion"},{"floor":47.0,"key":"DistilledChaos"}],"is_trial":false,"path_per_floor":["M","M","?","M","M","E","R","M","T","M","R","M","M","M","R","B",null,"M","?","$","$","M","R","M","R","T","?","E","M","?","M","R","B",null,"M","M","M","?","M","R","?","E","T","R","M","$","M","?","R","B",null,"R","$","E","B",null],"character_chosen":"THE_BUGKNIGHT","items_purchased":["DollysMirror","HollowMod:NewGlowingWomb","Bottled Lightning","Bag of Preparation"],"campfire_rested":0,"item_purchase_floors":[46,46,46,46],"current_hp_per_floor":[75,75,75,75,58,37,37,34,34,33,33,34,37,39,39,5,75,74,74,74,74,60,60,54,54,54,89,73,80,80,76,76,44,97,97,98,73,73,59,59,59,36,36,36,23,23,19,19,19,32,102,102,102,54,3],"gold":29,"neow_bonus":"THREE_ENEMY_KILL","is_daily":false,"chose_seed":false,"campfire_upgraded":9,"win_rate":0.0,"timestamp":1613855695,"path_taken":["M","M","?","M","M","E","R","M","T","M","R","M","?","M","R","BOSS","M","?","?","$","?","R","M","R","T","?","E","M","?","M","R","BOSS","M","M","M","?","M","R","?","E","T","R","M","$","?","?","R","BOSS","R","$","E","BOSS"],"items_purchased_type":["Relic","Card","Relic","Relic"],"build_version":"2020-12-22","purchased_purges":3,"victory":true,"max_hp_per_floor":[75,75,75,75,75,75,75,75,75,75,75,75,75,75,75,75,75,75,75,75,75,76,76,77,77,77,93,94,95,95,96,96,97,97,98,99,100,100,101,101,101,102,102,102,103,100,101,101,101,102,102,102,102,103,104],"card_choices":[{"not_picked":["HollowMod:CoiledNail","HollowMod:NewGlowingWomb"],"picked":"HollowMod:CloakDash","floor":1.0},{"not_picked":["HollowMod:CloakDash","HollowMod:PerfectDash"],"picked":"HollowMod:MantisMark","floor":2.0},{"not_picked":["HollowMod:ShadowDash","HollowMod:GrimmsGift"],"picked":"HollowMod:SoulSplash","floor":4.0},{"not_picked":["HollowMod:SiblingsShadow","HollowMod:SharpenedShadows","HollowMod:PerfectDash"],"picked":"SKIP","floor":5.0},{"not_picked":["HollowMod:NewLittleFool","HollowMod:TaintedHusks"],"picked":"HollowMod:MawleksShell","floor":6.0},{"not_picked":["HollowMod:SoulStrike","HollowMod:DreamGate"],"picked":"HollowMod:CloakDash","floor":8.0},{"not_picked":["HollowMod:SoulStrike","HollowMod:SiblingsSouls","HollowMod:SoulSplash"],"picked":"SKIP","floor":10.0},{"not_picked":["HollowMod:MawleksShell","HollowMod:SharpenedNail","HollowMod:TaintedHusks"],"picked":"SKIP","floor":12.0},{"not_picked":["HollowMod:SharpenedNail","HollowMod:TaintedHusks"],"picked":"HollowMod:NewJinnsSoul","floor":13.0},{"not_picked":["HollowMod:CornifersMapStart","HollowMod:GrimmsGift","HollowMod:WraithStrike"],"picked":"SKIP","floor":14.0},{"not_picked":["HollowMod:SoulMaster","HollowMod:theNailsmith"],"picked":"HollowMod:SlysStrikes","floor":16.0},{"not_picked":["HollowMod:HowlingWraiths","HollowMod:CoiledNail+1","HollowMod:BaldurShell"],"picked":"SKIP","floor":18.0},{"not_picked":["HollowMod:SoulSplash","HollowMod:TaintedHusks"],"picked":"HollowMod:DoubleDash","floor":22.0},{"not_picked":["HollowMod:ShapeofUnn+1","HollowMod:ChannelNail","HollowMod:InfectedAttack"],"picked":"SKIP","floor":24.0},{"not_picked":["HollowMod:InfectedAttack","HollowMod:NewJinnsSoul"],"picked":"HollowMod:CloakDash+1","floor":27.0},{"not_picked":["HollowMod:DescendingDark","HollowMod:SoulEater+1"],"picked":"HollowMod:GreatSlash+1","floor":28.0},{"not_picked":["HollowMod:NewLittleFool","HollowMod:SharpenedNail"],"picked":"HollowMod:MantisMark+1","floor":29.0},{"not_picked":["HollowMod:DashSlash","HollowMod:DungDefenderAura","HollowMod:SiblingsSouls"],"picked":"SKIP","floor":31.0},{"not_picked":["HollowMod:AwokenDreamNail","HollowMod:HornetsHelp"],"picked":"HollowMod:SlysStrikes","floor":33.0},{"not_picked":["HollowMod:VengefulVoid+1","HollowMod:SoulSplash"],"picked":"HollowMod:ShapeofUnn+1","floor":35.0},{"not_picked":["HollowMod:CycloneSlash","HollowMod:ZotesMagnificence","HollowMod:NewJinnsSoul"],"picked":"SKIP","floor":36.0},{"not_picked":["HollowMod:NewJinnsSoul","HollowMod:InfectedCysts","HollowMod:MawleksShell+1"],"picked":"SKIP","floor":37.0},{"not_picked":["HollowMod:DescendingDark","HollowMod:LifebloodCocoon"],"picked":"HollowMod:NewJinnsSoul+1","floor":39.0},{"not_picked":["HollowMod:InfectedAttack+1","HollowMod:DescendingDark","HollowMod:InfectedCysts+1"],"picked":"SKIP","floor":42.0},{"not_picked":["HollowMod:DashSlash","HollowMod:SoulSplash+1"],"picked":"HollowMod:DoubleDash+1","floor":45.0},{"not_picked":["HollowMod:NewJinnsSoul","HollowMod:InfectionAssault","HollowMod:SharpenedNail"],"picked":"SKIP","floor":47.0},{"not_picked":["HollowMod:HeavyBlow","HollowMod:FallenFury"],"picked":"HollowMod:SiblingsSouls","floor":54.0}],"player_experience":140568,"relics_obtained":[{"floor":6.0,"key":"Kunai"},{"floor":9.0,"key":"HornCleat"},{"floor":26.0,"key":"Toy Ornithopter"},{"floor":27.0,"key":"Mango"},{"floor":27.0,"key":"Mercury Hourglass"},{"floor":28.0,"key":"InkBottle"},{"floor":42.0,"key":"Shuriken"},{"floor":54.0,"key":"HollowMod:KingsBrand"}],"event_choices":[{"damage_healed":0.0,"max_hp_gain":0.0,"max_hp_loss":0.0,"gold_gain":0.0,"event_name":"Upgrade Shrine","player_choice":"Upgraded","floor":3.0,"gold_loss":0.0,"damage_taken":0.0,"cards_upgraded":["HollowMod:MantisMark"]},{"damage_healed":0.0,"max_hp_gain":0.0,"max_hp_loss":0.0,"gold_gain":0.0,"event_name":"FaceTrader","player_choice":"Trade","floor":19.0,"gold_loss":0.0,"damage_taken":0.0,"relics_obtained":["FaceOfCleric"]},{"damage_healed":0.0,"max_hp_gain":0.0,"max_hp_loss":0.0,"gold_gain":0.0,"event_name":"Colosseum","player_choice":"Fight","floor":27.0,"gold_loss":0.0,"damage_taken":0.0},{"damage_healed":0.0,"max_hp_gain":0.0,"max_hp_loss":0.0,"gold_gain":0.0,"event_name":"Colosseum","player_choice":"Fought Nobs","floor":27.0,"gold_loss":0.0,"damage_taken":0.0},{"cards_removed":["HollowMod:QuickDashStart"],"damage_healed":0.0,"max_hp_gain":0.0,"max_hp_loss":0.0,"gold_gain":0.0,"event_name":"Back to Basics","player_choice":"Elegance","floor":30.0,"gold_loss":0.0,"damage_taken":0.0},{"cards_removed":["HollowMod:QuickDashStart"],"damage_healed":0.0,"max_hp_gain":0.0,"max_hp_loss":0.0,"gold_gain":0.0,"event_name":"Falling","player_choice":"Removed Skill","floor":38.0,"gold_loss":0.0,"damage_taken":0.0},{"damage_healed":0.0,"max_hp_gain":0.0,"max_hp_loss":0.0,"gold_gain":0.0,"event_name":"Upgrade Shrine","player_choice":"Upgraded","floor":41.0,"gold_loss":0.0,"damage_taken":0.0,"cards_upgraded":["HollowMod:SoulSplash"]},{"damage_healed":0.0,"max_hp_gain":0.0,"max_hp_loss":0.0,"gold_gain":0.0,"event_name":"Tomb of Lord Red Mask","player_choice":"Paid","floor":48.0,"gold_loss":28.0,"damage_taken":0.0,"relics_obtained":["Red Mask"]}],"is_beta":false,"boss_relics":[{"not_picked":["Black Star","Fusion Hammer"],"picked":"Coffee Dripper"},{"not_picked":["Astrolabe","Empty Cage"],"picked":"SlaversCollar"}],"items_purged_floors":[20,21,46],"is_endless":false,"potions_floor_spawned":[1,6,8,10,16,18,22,29,31,35,39,47,54],"ascension_level":0}}