{"host":"ilo0sg5cl3zcnqwd","time":1613842755,"event":{"mods":["BaseMod","Downfall","Minty Spire (QoL Compilation)","StSLib"],"gold_per_floor":[99,114,214,233,246,257,257,257,275,290,304,330,330,11,26,127,127,127,127,138,148,164,175,200,200,225,225,255,268,102,119,139,243,293,193,206,306,318,330,169,169,69,69,98,98,115,15,15,26,26,26,26,26,26],"floor_reached":52,"language":"ENG","playtime":4137,"items_purged":["champ:Defend"],"score":780,"play_id":"e120a644-a728-43d9-b245-25c0cfc3fa4b","local_time":"20210220173915","is_ascension_mode":false,"campfire_choices":[{"data":"champ:Taunt","floor":1,"key":"SMITH"},{"data":"champ:StanceDance","floor":8,"key":"SMITH"},{"data":"champ:Execute","floor":13,"key":"SMITH"},{"data":"champ:FanOfKnives","floor":18,"key":"SMITH"},{"data":"champ:FlashCut","floor":25,"key":"SMITH"},{"floor":35,"key":"RECALL"},{"floor":42,"key":"DIG"},{"floor":45,"key":"DIG"},{"floor":47,"key":"REST"}],"circlet_count":0,"master_deck":["champ:Defend","champ:Defend+1","champ:Defend","champ:Execute+1","champ:Taunt+1","champ:FlashCut+1","champ:CrookedStrike","champ:StanceDance+1","champ:CrookedStrike","champ:FanOfKnives+1","champ:Circumvent","champ:BringItOn","champ:GutPunch+1","champ:PreciseThrust","champ:Haymaker","champ:Improvising+1","Slimebound:Tackle+1","Slimebound:Tackle+1","Slimebound:Tackle+1","champ:CrownThrow","champ:BringItOn","champ:Improvising+1","champ:RecklessLeap","champ:PreciseThrust","champ:ShieldSlam","champ:IronFortress+1","champ:ShieldWall+1","champ:Circumvent+1","champ:Devastate","champ:StanceDance+1","champ:Haymaker","champ:FlashCut+1","champ:CrownThrow+1","champ:IronFortress+1","champ:Encircle","champ:EnGarde+1","champ:FlashCut+1"],"relics":["champ:ChampionCrown","Pantograph","Ornamental Fan","Frozen Egg 2","Philosopher\u0027s Stone","Pen Nib","Shovel","Darkstone Periapt","Tiny House","downfall:HeartBlessingGreen","Lee\u0027s Waffle","Omamori","Nunchaku","downfall:HeartBlessingRed","Juzu Bracelet","War Paint","Blue Candle","downfall:HeartBlessingBlue"],"acts_visited":["Exordium","TheCity","TheBeyond","TheEnding"],"potions_floor_usage":[33],"damage_taken":[{"damage":10,"enemies":"2 Louse","floor":2,"turns":3},{"damage":10,"enemies":"Small Slimes","floor":4,"turns":3},{"damage":10,"enemies":"Cultist","floor":5,"turns":3},{"damage":25,"enemies":"Large Slime","floor":6,"turns":6},{"damage":20,"enemies":"Exordium Thugs","floor":9,"turns":4},{"damage":18,"enemies":"Red Slaver","floor":10,"turns":3},{"damage":3,"enemies":"Blue Slaver","floor":11,"turns":4},{"damage":16,"enemies":"3 Sentries","floor":12,"turns":8},{"damage":10,"enemies":"downfall:FleeingMerchant","floor":14,"turns":4},{"damage":22,"enemies":"Exordium Thugs","floor":15,"turns":4},{"damage":40,"enemies":"SI_SHIV_ARCHETYPE","floor":16,"turns":9},{"damage":10,"enemies":"downfall:LooterAlt2","floor":20,"turns":2},{"damage":10,"enemies":"Shell Parasite","floor":21,"turns":4},{"damage":1,"enemies":"3 Cultists","floor":22,"turns":3},{"damage":26,"enemies":"Snake Plant","floor":23,"turns":4},{"damage":37,"enemies":"Gremlin Leader","floor":26,"turns":5},{"damage":14,"enemies":"Book of Stabbing","floor":28,"turns":4},{"damage":10,"enemies":"Snecko","floor":29,"turns":3},{"damage":25,"enemies":"downfall:FleeingMerchant","floor":30,"turns":4},{"damage":13,"enemies":"Centurion and Healer","floor":31,"turns":5},{"damage":22,"enemies":"Sentry and Sphere","floor":32,"turns":3},{"damage":29,"enemies":"DF_ARCHETYPE_CLAW","floor":33,"turns":6},{"damage":38,"enemies":"3 Shapes","floor":36,"turns":4},{"damage":17,"enemies":"3 Darklings","floor":38,"turns":5},{"damage":27,"enemies":"Spire Growth","floor":39,"turns":4},{"damage":0,"enemies":"downfall:FleeingMerchant","floor":40,"turns":1},{"damage":58,"enemies":"Giant Head","floor":44,"turns":7},{"damage":32,"enemies":"Jaw Worm Horde","floor":46,"turns":5},{"damage":13,"enemies":"Writhing Mass","floor":49,"turns":4},{"damage":79,"enemies":"IC_BLOCK_ARCHETYPE","floor":50,"turns":10},{"damage":152,"enemies":"downfall:CharBossMerchant","floor":52,"turns":7}],"seed_played":"5485125540520790300","potions_obtained":[{"floor":4,"key":"SkillPotion"},{"floor":10,"key":"hexamod:SoulburnPotion"},{"floor":15,"key":"SteroidPotion"},{"floor":34,"key":"hexamod:SoulburnPotion"}],"is_trial":false,"path_per_floor":["R","M","?","M","M","M","T","R","M","M","M","E","R","$","M","B",null,"R","?","M","M","M","M","T","R","E","?","E","M","$","M","M","B",null,"R","M","?","M","M","$","T","R","$","E","R","M","R","$","M","B",null,"E"],"character_chosen":"THE_CHAMP","items_purchased":["Frozen Egg 2","champ:PreciseThrust","champ:IronFortress+1","Lee\u0027s Waffle","Omamori","Nunchaku","champ:IronFortress+1"],"campfire_rested":1,"item_purchase_floors":[14,14,30,40,40,40,40],"current_hp_per_floor":[99,99,99,99,99,99,99,99,89,81,78,72,72,72,60,65,99,99,99,99,99,98,72,72,72,45,45,41,41,31,28,21,27,104,104,76,76,59,42,111,111,111,111,78,78,46,92,92,79,45,121,0,0,0],"gold":26,"neow_bonus":"TEN_PERCENT_HP_BONUS","is_daily":false,"chose_seed":false,"campfire_upgraded":5,"win_rate":0.0,"timestamp":1613842755,"path_taken":["R","M","?","M","M","M","T","R","M","M","M","E","R","$","M","BOSS","R","?","M","M","M","M","T","R","E","?","E","M","$","?","M","BOSS","R","M","?","M","?","?","T","R","$","E","R","M","R","$","M","BOSS","E"],"items_purchased_type":["Relic","Card","Card","Relic","Relic","Relic","Card"],"build_version":"2020-12-22","purchased_purges":1,"victory":false,"max_hp_per_floor":[99,99,99,99,99,99,99,99,99,99,99,99,99,99,99,99,99,99,99,99,99,99,99,99,99,99,99,99,99,99,99,99,99,104,104,104,104,104,104,111,111,111,111,111,111,111,121,121,121,121,121,121,121,121],"card_choices":[{"not_picked":["champ:Backstep","champ:Endure"],"picked":"champ:FlashCut","floor":2},{"not_picked":["champ:FalseCounter","champ:FocusedDefense"],"picked":"champ:CrookedStrike","floor":4},{"not_picked":["champ:Lariat","champ:BerserkersShout"],"picked":"champ:StanceDance","floor":5},{"not_picked":["champ:Duel","champ:CrownThrow"],"picked":"champ:CrookedStrike","floor":6},{"not_picked":["champ:Encircle","champ:FocusedBerserking"],"picked":"champ:FanOfKnives","floor":9},{"not_picked":["champ:HeartStrike","champ:Haymaker"],"picked":"champ:Circumvent","floor":10},{"not_picked":["champ:BladeFlurry","champ:GladiatorForm"],"picked":"champ:BringItOn","floor":11},{"not_picked":["champ:PerfectedStrike","champ:CrownThrow"],"picked":"champ:GutPunch","floor":12},{"not_picked":["champ:ShieldThrow","champ:FlashCut","champ:DefensiveShout"],"picked":"SKIP","floor":14},{"not_picked":["champ:DefensiveShout","champ:CrownThrow"],"picked":"champ:Haymaker","floor":15},{"not_picked":["champ:CheapShot","champ:IgnorePain"],"picked":"champ:Improvising+1","floor":16},{"not_picked":["champ:Duel","champ:RapidStrikes","champ:BladeFlurry"],"picked":"SKIP","floor":20},{"not_picked":["champ:RisingSlash","champ:DefensiveShout","champ:Circumvent"],"picked":"SKIP","floor":21},{"not_picked":["champ:DefensiveShout+1","champ:SetATrap"],"picked":"champ:CrownThrow","floor":22},{"not_picked":["champ:EnGarde","champ:FalseCounter"],"picked":"champ:BringItOn","floor":23},{"not_picked":["champ:HeavySlash","champ:RisingSlash","champ:Circumvent"],"picked":"SKIP","floor":26},{"not_picked":["champ:BerserkersShout","champ:BladeFlurry"],"picked":"champ:RecklessLeap","floor":28},{"not_picked":["champ:DeathBlow","champ:TornadoPunch"],"picked":"champ:PreciseThrust","floor":29},{"not_picked":["champ:Backstep","champ:EnGarde"],"picked":"champ:ShieldSlam","floor":30},{"not_picked":["champ:EnGarde+1","champ:CalledShot"],"picked":"champ:ShieldWall+1","floor":31},{"not_picked":["champ:Haymaker","champ:CheapShot"],"picked":"champ:Circumvent+1","floor":32},{"not_picked":["champ:IgnorePain","champ:HeavySlash"],"picked":"champ:Devastate","floor":33},{"not_picked":["champ:Backstep","champ:TornadoPunch"],"picked":"champ:StanceDance","floor":34},{"not_picked":["champ:BringItOn","champ:Parry+1"],"picked":"champ:Haymaker","floor":36},{"not_picked":["champ:GladiatorStyle+1","champ:Circumvent+1","champ:Backstep"],"picked":"SKIP","floor":38},{"not_picked":["champ:EnGarde","champ:StanceDance"],"picked":"champ:FlashCut+1","floor":39},{"not_picked":["champ:Parry","champ:BerserkersShout"],"picked":"champ:CrownThrow+1","floor":40},{"not_picked":["champ:GutPunch","champ:CrookedStrike"],"picked":"champ:Encircle","floor":44},{"not_picked":["champ:Backstep+1","champ:CrookedStrike"],"picked":"champ:EnGarde+1","floor":46},{"not_picked":["champ:Endure+1","champ:CrownThrow"],"picked":"champ:FlashCut+1","floor":49}],"player_experience":285321,"relics_obtained":[{"floor":7,"key":"Pantograph"},{"floor":12,"key":"Ornamental Fan"},{"floor":24,"key":"Pen Nib"},{"floor":26,"key":"Shovel"},{"floor":28,"key":"Darkstone Periapt"},{"floor":42,"key":"Juzu Bracelet"},{"floor":44,"key":"War Paint"},{"floor":45,"key":"Blue Candle"}],"event_choices":[],"is_beta":false,"boss_relics":[{"not_picked":["Empty Cage","Coffee Dripper"],"picked":"Philosopher\u0027s Stone"},{"not_picked":["Fusion Hammer","Runic Pyramid"],"picked":"Tiny House"}],"items_purged_floors":[30],"is_endless":false,"potions_floor_spawned":[4,10,15,16,20,28,29,32,36,39,44,49],"killed_by":"downfall:CharBossMerchant","ascension_level":0}}