{"host":"jpzdg3po3tjxdjri","time":1613827494,"event":{"mods":["BaseMod","Better Third Choice","Colored Map","Colored Powertips","Minty Spire (QoL Compilation)","StSLib"],"gold_per_floor":[110,110,120,133,58,58,85,51,51,79,79,107,119,134,134,236,236,236,161,161,161,45,45,45,45,45,45,45,45,45,45,45,45,45,45,0,0,0,0],"floor_reached":38,"language":"ENG","playtime":1563,"items_purged":["Injury"],"score":473,"play_id":"7c7100dc-c940-4687-b897-8491a52a2712","local_time":"20210220132454","is_ascension_mode":true,"campfire_choices":[{"data":"Rampage","floor":6,"key":"SMITH"},{"data":"Shockwave","floor":15,"key":"SMITH"},{"data":"Rupture","floor":27,"key":"SMITH"},{"floor":29,"key":"REST"},{"floor":32,"key":"RECALL"}],"circlet_count":0,"master_deck":["Strike_R","Strike_R","Strike_R","Strike_R","Defend_R","Defend_R","Defend_R","Defend_R","Bash","Rampage+1","Shrug It Off","Shockwave+1","Rampage","Flame Barrier","Clothesline","Inflame","Rupture+1","Clothesline","Brutality","Inflame","Blood for Blood","Headbutt","Hemokinesis","Metallicize","Pommel Strike+1","Demon Form","Disarm+1","Feed","Battle Trance","Armaments+1","Sword Boomerang","Purity"],"relics":["Burning Blood","Calipers","Meat on the Bone","InkBottle","Akabeko","Ectoplasm","Bottled Tornado","StrikeDummy","Bag of Marbles","Prayer Wheel","Happy Flower","Runic Cube"],"acts_visited":["Exordium","TheCity","TheBeyond"],"potions_floor_usage":[7,12,12,16,16,23,23,25],"damage_taken":[{"damage":12,"enemies":"Cultist","floor":1,"turns":5},{"damage":11,"enemies":"Jaw Worm","floor":3,"turns":3},{"damage":7,"enemies":"2 Louse","floor":4,"turns":3},{"damage":29,"enemies":"Lagavulin","floor":7,"turns":8},{"damage":28,"enemies":"Gremlin Nob","floor":10,"turns":5},{"damage":13,"enemies":"Lagavulin","floor":12,"turns":7},{"damage":10,"enemies":"Looter","floor":13,"turns":3},{"damage":14,"enemies":"Lots of Slimes","floor":14,"turns":4},{"damage":48,"enemies":"Slime Boss","floor":16,"turns":11},{"damage":14,"enemies":"Shell Parasite","floor":18,"turns":5},{"damage":31,"enemies":"2 Thieves","floor":19,"turns":4},{"damage":10,"enemies":"Snecko","floor":20,"turns":4},{"damage":27,"enemies":"Book of Stabbing","floor":23,"turns":6},{"damage":37,"enemies":"Shelled Parasite and Fungi","floor":25,"turns":4},{"damage":40,"enemies":"Gremlin Leader","floor":28,"turns":7},{"damage":29,"enemies":"Book of Stabbing","floor":30,"turns":5},{"damage":43,"enemies":"Champ","floor":33,"turns":8},{"damage":31,"enemies":"3 Darklings","floor":35,"turns":4},{"damage":74,"enemies":"2 Orb Walkers","floor":38,"turns":3}],"seed_played":"-8300633304353316396","potions_obtained":[{"floor":1,"key":"PowerPotion"},{"floor":2,"key":"Block Potion"},{"floor":2,"key":"SkillPotion"},{"floor":10,"key":"EssenceOfSteel"},{"floor":14,"key":"AttackPotion"},{"floor":16,"key":"Swift Potion"},{"floor":18,"key":"Energy Potion"},{"floor":23,"key":"BloodPotion"},{"floor":28,"key":"SteroidPotion"}],"is_trial":false,"path_per_floor":["M","?","M","M","$","R","E","$","T","E","?","E","M","M","R","B",null,"M","M","M","?","$","E","?","M","T","R","E","R","E","?","R","B",null,"M","$","?","?"],"character_chosen":"IRONCLAD","items_purchased":["Flame Barrier","Hemokinesis","Metallicize","Sword Boomerang"],"campfire_rested":1,"item_purchase_floors":[8,22,22,36],"current_hp_per_floor":[74,74,69,68,68,68,45,45,45,35,35,40,48,52,52,22,80,72,47,55,80,80,59,59,56,56,56,34,58,47,47,47,22,80,55,55,55,0,0],"gold":0,"neow_bonus":"ONE_RARE_RELIC","is_daily":false,"chose_seed":false,"campfire_upgraded":3,"win_rate":0.0,"timestamp":1613827494,"path_taken":["M","?","M","M","$","R","E","?","T","E","?","E","M","?","R","BOSS","M","?","?","?","$","E","?","M","T","R","E","R","E","?","R","BOSS","M","?","?","?"],"items_purchased_type":["Card","Card","Card","Card"],"build_version":"2020-12-22","purchased_purges":1,"victory":false,"max_hp_per_floor":[80,80,80,80,80,80,80,80,80,80,80,80,80,80,80,80,80,80,80,80,80,80,80,80,80,80,80,80,80,80,80,80,80,80,80,80,80,80,80],"card_choices":[{"not_picked":["Flex","Sword Boomerang"],"picked":"Rampage","floor":1},{"not_picked":["Warcry","Iron Wave"],"picked":"Shrug It Off","floor":3},{"not_picked":["Clash","Warcry"],"picked":"Shockwave","floor":4},{"not_picked":["Berserk","Pommel Strike"],"picked":"Rampage","floor":7},{"not_picked":["Perfected Strike","Exhume"],"picked":"Clothesline","floor":10},{"not_picked":["Pommel Strike","Havoc"],"picked":"Inflame","floor":12},{"not_picked":["Clothesline","Wild Strike"],"picked":"Rupture","floor":13},{"not_picked":["Sentinel","Searing Blow"],"picked":"Clothesline","floor":14},{"not_picked":["Corruption","Fiend Fire"],"picked":"Brutality","floor":16},{"not_picked":["Armaments","Perfected Strike"],"picked":"Inflame","floor":18},{"not_picked":["Rupture","Burning Pact"],"picked":"Blood for Blood","floor":19},{"not_picked":["Pommel Strike+1","Infernal Blade"],"picked":"Headbutt","floor":20},{"not_picked":["Clash+1","Body Slam"],"picked":"Pommel Strike+1","floor":23},{"not_picked":["Warcry","Havoc","Clothesline+1"],"picked":"SKIP","floor":25},{"not_picked":["Anger","Clothesline"],"picked":"Demon Form","floor":28},{"not_picked":["Dark Embrace","Shockwave"],"picked":"Disarm+1","floor":30},{"not_picked":["Bludgeon","Exhume"],"picked":"Feed","floor":33},{"not_picked":["Twin Strike+1","Sever Soul+1"],"picked":"Battle Trance","floor":35},{"not_picked":["Clash+1","Flex"],"picked":"Armaments+1","floor":35},{"not_picked":["Panacea","Dramatic Entrance"],"picked":"Purity","floor":37}],"player_experience":919485,"relics_obtained":[{"floor":7,"key":"Meat on the Bone"},{"floor":10,"key":"InkBottle"},{"floor":12,"key":"Akabeko"},{"floor":23,"key":"Bottled Tornado"},{"floor":26,"key":"StrikeDummy"},{"floor":28,"key":"Bag of Marbles"},{"floor":30,"key":"Prayer Wheel"}],"event_choices":[{"damage_healed":0,"gold_gain":0,"player_choice":"Got Potions","damage_taken":0,"max_hp_gain":0,"max_hp_loss":0,"event_name":"Lab","floor":2,"gold_loss":0},{"cards_removed":["Strike_R"],"damage_healed":0,"gold_gain":0,"player_choice":"Offered Basic","damage_taken":0,"max_hp_gain":0,"max_hp_loss":0,"event_name":"Bonfire Elementals","floor":11,"gold_loss":0},{"damage_healed":26,"gold_gain":0,"player_choice":"Heal","damage_taken":0,"max_hp_gain":0,"max_hp_loss":0,"event_name":"The Library","floor":21,"gold_loss":0},{"damage_healed":0,"gold_gain":0,"player_choice":"Ignored","damage_taken":0,"max_hp_gain":0,"max_hp_loss":0,"event_name":"Vampires","floor":24,"gold_loss":0},{"damage_healed":0,"gold_gain":0,"player_choice":"Gave Potion","damage_taken":0,"relics_obtained":["Happy Flower"],"max_hp_gain":0,"max_hp_loss":0,"event_name":"WeMeetAgain","floor":31,"gold_loss":0},{"damage_healed":0,"gold_gain":0,"player_choice":"Memory 1","damage_taken":0,"max_hp_gain":0,"max_hp_loss":0,"event_name":"SensoryStone","floor":37,"gold_loss":0},{"damage_healed":0,"gold_gain":0,"player_choice":"Fight","damage_taken":0,"max_hp_gain":0,"max_hp_loss":0,"event_name":"Mysterious Sphere","floor":38,"gold_loss":0}],"is_beta":false,"boss_relics":[{"not_picked":["Cursed Key","Calling Bell"],"picked":"Ectoplasm"},{"not_picked":["Runic Dome","SacredBark"],"picked":"Runic Cube"}],"items_purged_floors":[5],"is_endless":false,"potions_floor_spawned":[1,4,10,14,16,18,23,28],"killed_by":"2 Orb Walkers","ascension_level":1}}