{"host":"vjkvbkousum9v11w","time":1613788354,"event":{"mods":["BaseMod","Marisa£®ÏF”Í°°ƒß¿Ì…≥£©","Minty Spire (QoL Compilation)","Replay The Spire","Shop Mod","StSLib","The Servant 0.9.4"],"gold_per_floor":[119,119,98951,98971,98985,98985,99018,99018,99041,99053,99095,99121,98119,98137,98137,98234,98234,98208,98208,98225,98245,97309,97309,97323,97323,97323,97334,96409,96423,96423,96437,96437,96538,96538,96552,96565,95455,95475,95488,95488,95506,95506,95506,94512,94581,94581,94012,94028,94028,94028],"floor_reached":51,"language":"ZHS","playtime":4463,"items_purged":["Strike_S","Defend_S","Chrysalis","Strike_S","Defend_S","Strike_S"],"score":626,"play_id":"909817c2-130c-40a7-b20f-c465beb0ebb6","local_time":"20210220103234","is_ascension_mode":false,"campfire_choices":[{"data":"SilverBlades","floor":6,"key":"SMITH"},{"data":"KidneyShot","floor":8,"key":"SMITH"},{"data":"Defy","floor":10,"key":"SMITH"},{"floor":15,"key":"REST"},{"floor":23,"key":"REST"},{"data":"Moonlight","floor":25,"key":"SMITH"},{"data":"FlawlessForm","floor":30,"key":"SMITH"},{"floor":32,"key":"REST"},{"floor":40,"key":"REST"},{"floor":46,"key":"REST"},{"floor":49,"key":"REST"}],"circlet_count":0,"master_deck":["KidneyShot+1","Exchange","SurpressingFire+1","SilverBlades+1","Rearm+1","Defy+1","SilverBlades+1","SilverBlades+1","FlawlessForm+1","Ricochet","Moonlight+1","Snipe","Snipe","Sunlight","SurpressingFire","Ricochet","PropBag+1","ClearTheMind+1","Replay:AtTheReady","KillingDoll","Moonlight","SurpressingFire","PowerUp"],"relics":["SplendidAttire","NeowsBlessing","Vajra","Chameleon Ring","Sling","MerchantsRug","Boot","MawBank","Odd Mushroom","Guide Book","Bag of Preparation","Quantum Egg","ReplayTheSpireMod:Ninjato","Question Card","Medical Kit","Ornamental Fan","InkBottle","Potion Belt","OrangePellets","Empty Cage","PrismaticShard","Bottled Tornado","ReplayTheSpireMod:Shallot","Incense Burner","Replay:Baseball","ReplayTheSpireMod:TigerMarble","Toolbox","Replay:Bottled Eggs","Letter Opener","Replay:Wax Seal","Orrery"],"acts_visited":["Exordium","TheCity","TheBeyond"],"potions_floor_usage":[7,7,7,11,16,16,21,22,27,27,31,33,33,33,33,39,41,41,48,50,50,50],"damage_taken":[{"damage":0,"enemies":"Small Slimes","floor":1,"turns":1},{"damage":0,"enemies":"Jaw Worm","floor":4,"turns":1},{"damage":0,"enemies":"Cultist","floor":5,"turns":1},{"damage":5,"enemies":"3 Sentries","floor":7,"turns":9},{"damage":0,"enemies":"The Mushroom Lair","floor":11,"turns":5},{"damage":4,"enemies":"Blue Slaver","floor":12,"turns":3},{"damage":20,"enemies":"Exordium Thugs","floor":14,"turns":7},{"damage":0,"enemies":"Fading Forest","floor":16,"turns":8},{"damage":25,"enemies":"2 Thieves","floor":18,"turns":5},{"damage":0,"enemies":"Chosen","floor":20,"turns":5},{"damage":6,"enemies":"Centurion and Healer","floor":21,"turns":6},{"damage":0,"enemies":"Snake Plant","floor":24,"turns":3},{"damage":3,"enemies":"Shelled Parasite and Fungi","floor":27,"turns":4},{"damage":0,"enemies":"Snecko","floor":29,"turns":4},{"damage":14,"enemies":"Sentry and Sphere","floor":31,"turns":4},{"damage":0,"enemies":"Champ","floor":33,"turns":7},{"damage":23,"enemies":"3 Darklings","floor":35,"turns":5},{"damage":4,"enemies":"Orb Walker","floor":36,"turns":4},{"damage":18,"enemies":"Maw","floor":38,"turns":7},{"damage":26,"enemies":"Writhing Mass","floor":39,"turns":7},{"damage":23,"enemies":"Transient","floor":41,"turns":5},{"damage":0,"enemies":"Sphere and 2 Shapes","floor":48,"turns":4},{"damage":12,"enemies":"Replay:Hell Engine","floor":50,"turns":5}],"seed_played":"8535527463261302317","potions_obtained":[{"floor":4,"key":"BlessingOfTheForge"},{"floor":5,"key":"DuplicationPotion"},{"floor":7,"key":"Block Potion"},{"floor":12,"key":"Doom Potion"},{"floor":14,"key":"ColorlessPotion"},{"floor":19,"key":"EssenceOfSteel"},{"floor":19,"key":"SneckoOil"},{"floor":19,"key":"Doom Potion"},{"floor":21,"key":"Fruit Juice"},{"floor":29,"key":"SkillPotion"},{"floor":31,"key":"FearPotion"},{"floor":33,"key":"Languid Potion"},{"floor":38,"key":"Dexterity Potion"},{"floor":41,"key":"Ancient Potion"},{"floor":48,"key":"Swift Potion"}],"is_trial":false,"path_per_floor":["M","?","$","M","M","R","E","R","T","R","?","M","$","M","R","B",null,"M","?","M","M","$","R","M","R","T","M","$","M","R","M","R","B",null,"M","M","$","M","M","R","M","?","T","$","T","R","$","M","R","B",null],"character_chosen":"THE_SERVANT","items_purchased":["SpeedPotion","Vajra","Chameleon Ring","Sling","SilverBlades","Adrenaline Potion","Languid Potion","Rearm","MerchantsRug","Guide Book","Bag of Preparation","Quantum Egg","SilverBlades","PowerPotion","CultistPotion","Chrysalis","ReplayTheSpireMod:Ninjato","Question Card","Medical Kit","Regen Potion","Energy Potion","Moonlight","Snipe","InkBottle","Potion Belt","OrangePellets","Cursed Concoction","FearPotion","Weak Potion","PrismaticShard","Bottled Tornado","ReplayTheSpireMod:Shallot","Block Potion","PowerPotion","FearPotion","SurpressingFire","Ricochet","KillingDoll","Replay:Baseball","ReplayTheSpireMod:TigerMarble","Toolbox","Energy Potion","Reflective Coating","Swift Potion","Moonlight","SurpressingFire","Letter Opener","Replay:Wax Seal","Orrery"],"campfire_rested":6,"item_purchase_floors":[3,3,3,3,3,3,3,3,3,13,13,13,13,13,13,13,22,22,22,22,22,22,28,28,28,28,28,28,28,37,37,37,37,37,37,37,37,44,44,44,44,44,44,44,47,47,47,47,47],"current_hp_per_floor":[65,65,65,65,65,65,60,60,60,60,60,56,56,36,55,65,65,40,40,40,34,41,62,62,62,62,69,69,69,69,55,72,72,72,49,45,45,27,13,34,11,11,11,11,11,32,32,32,53,41],"gold":94028,"neow_bonus":"THREE_ENEMY_KILL","is_daily":false,"chose_seed":false,"campfire_upgraded":5,"win_rate":0.0,"timestamp":1613788354,"path_taken":["M","?","$","M","M","R","E","R","T","R","?","M","$","M","R","BOSS","M","?","M","M","$","R","?","R","T","M","$","M","R","M","R","BOSS","M","M","$","M","M","R","M","?","T","$","?","R","$","M","R","BOSS"],"items_purchased_type":["Potion","Relic","Relic","Relic","Card","Potion","Potion","Card","Relic","Relic","Relic","Relic","Card","Potion","Potion","Card","Relic","Relic","Relic","Potion","Potion","Card","Card","Relic","Relic","Relic","Potion","Potion","Potion","Relic","Relic","Relic","Potion","Potion","Potion","Card","Card","Card","Relic","Relic","Relic","Potion","Potion","Potion","Card","Card","Relic","Relic","Relic"],"build_version":"2020-12-22","purchased_purges":6,"victory":true,"max_hp_per_floor":[65,65,65,65,65,65,65,65,65,65,65,65,65,65,65,65,65,65,65,65,65,72,72,72,72,72,72,72,72,72,72,72,72,72,72,72,72,72,72,72,72,72,72,72,72,72,72,72,72,72],"card_choices":[{"not_picked":["Rewind","FanOfKnives"],"picked":"SurpressingFire","floor":1},{"not_picked":["Replace","Rearm","TimeWarp"],"picked":"SKIP","floor":4},{"not_picked":["Sabotage","WasteNot","Hightail"],"picked":"SKIP","floor":5},{"not_picked":["Gouge","DoubleEdge"],"picked":"Defy","floor":7},{"not_picked":["Ricochet","Starlight"],"picked":"SilverBlades","floor":12},{"not_picked":["PendulumOfEternity","BottledTime","Defy"],"picked":"SKIP","floor":14},{"not_picked":["Deny","Solidify"],"picked":"FlawlessForm","floor":16},{"not_picked":["Replace+1","Foresight+1"],"picked":"Ricochet","floor":18},{"not_picked":["Potential","Ricochet","Unruled"],"picked":"SKIP","floor":20},{"not_picked":["Revamp","ShatteredReality+1","Contraction"],"picked":"SKIP","floor":21},{"not_picked":["Spin","TimeWarp","Revamp","RealityMarble"],"picked":"SKIP","floor":24},{"not_picked":["Defy","Shuttle","Desolation"],"picked":"Snipe","floor":27},{"not_picked":["Alleviate","TimeWarp","Rewind","FastForward+1"],"picked":"SKIP","floor":29},{"not_picked":["Potential","Gouge","Desolation","Sabotage"],"picked":"SKIP","floor":31},{"not_picked":["Initiator","FlawlessForm","MurderousAura"],"picked":"Sunlight","floor":33},{"not_picked":["Collapse+1","WasteNot","Reset+1","TimeWarp+1"],"picked":"SKIP","floor":35},{"not_picked":["Reset","TimeWarp","Replace+1","FastForward"],"picked":"SKIP","floor":36},{"not_picked":["Prepared+1","FanOfKnives","Warcry+1"],"picked":"PropBag+1","floor":38},{"not_picked":["Streamline+1","GalacticHalo","Replay:AtTheReady+1"],"picked":"ClearTheMind+1","floor":39},{"not_picked":["Sucker Punch","Mind Blast","PiercingWail"],"picked":"Replay:AtTheReady","floor":41},{"not_picked":["NonDirectionalLaser+1","FlurryOfBlows+1","CutThroughFate+1"],"picked":"PowerUp","floor":48}],"player_experience":3068,"relics_obtained":[{"floor":7,"key":"Boot"},{"floor":9,"key":"MawBank"},{"floor":11,"key":"Odd Mushroom"},{"floor":26,"key":"Ornamental Fan"},{"floor":43,"key":"Incense Burner"},{"floor":45,"key":"Replay:Bottled Eggs"}],"event_choices":[{"damage_healed":0,"gold_gain":0,"player_choice":"Grow","damage_taken":0,"max_hp_gain":0,"max_hp_loss":0,"event_name":"Living Wall","floor":2,"gold_loss":0,"cards_upgraded":["SurpressingFire"]},{"damage_healed":0,"gold_gain":0,"player_choice":"Fought Mushrooms","damage_taken":0,"max_hp_gain":0,"max_hp_loss":0,"event_name":"Mushrooms","floor":11,"gold_loss":0},{"damage_healed":0,"gold_gain":0,"player_choice":"Got Potions","damage_taken":0,"max_hp_gain":0,"max_hp_loss":0,"event_name":"Lab","floor":19,"gold_loss":0},{"cards_removed":["Defend_S"],"damage_healed":0,"gold_gain":0,"player_choice":"Offered Basic","damage_taken":0,"max_hp_gain":0,"max_hp_loss":0,"event_name":"Bonfire Elementals","floor":42,"gold_loss":0}],"is_beta":false,"boss_relics":[{"not_picked":["Black Star","Fusion Hammer"],"picked":"SplendidAttire"},{"not_picked":["Replay:Grab Bag","ChewingGum"],"picked":"Empty Cage"}],"items_purged_floors":[3,13,22,28,37,44],"is_endless":false,"potions_floor_spawned":[4,5,7,12,14,21,24,29,31,33,38,41,48],"ascension_level":0}}