{"host":"tzyzz5n7hg2ni9q2","time":1613843182,"event":{"mods":["BaseMod","Minty Spire (QoL Compilation)","Quick Restart"],"gold_per_floor":[217,217,217,246,258,270,382,410,449,97,110,110,110,120,120,120,120],"floor_reached":16,"language":"ENG","playtime":333,"items_purged":[],"score":153,"play_id":"b9006b27-be94-4f91-a4a0-6beacb61d0b2","local_time":"20210220184622","is_ascension_mode":true,"campfire_choices":[{"data":"Defend_R","floor":6,"key":"SMITH"},{"data":"True Grit","floor":12,"key":"SMITH"},{"data":"Whirlwind","floor":15,"key":"SMITH"}],"circlet_count":0,"master_deck":["AscendersBane","Strike_R","Strike_R","Strike_R","Strike_R","Strike_R","Defend_R","Defend_R","Defend_R","Defend_R+1","Bash+1","Twin Strike","Shrug It Off","True Grit+1","Whirlwind+1","Iron Wave"],"relics":["Burning Blood","MawBank","Nunchaku","Prayer Wheel"],"acts_visited":["Exordium"],"potions_floor_usage":[],"damage_taken":[{"damage":14,"enemies":"2 Louse","floor":1,"turns":3},{"damage":7,"enemies":"Small Slimes","floor":4,"turns":4},{"damage":6,"enemies":"Cultist","floor":8,"turns":3},{"damage":1,"enemies":"3 Louse","floor":11,"turns":5},{"damage":9,"enemies":"Red Slaver","floor":14,"turns":4},{"damage":63,"enemies":"Hexaghost","floor":16,"turns":11}],"seed_played":"7032470357844400099","potions_obtained":[{"floor":14,"key":"FairyPotion"}],"is_trial":false,"path_per_floor":["M","?","?","M","?","R","?","M","T","$","M","R","$","M","R","B"],"character_chosen":"IRONCLAD","items_purchased":["Prayer Wheel","Shrug It Off"],"campfire_rested":0,"item_purchase_floors":[10,10],"current_hp_per_floor":[60,60,42,41,66,66,66,66,66,66,71,71,71,68,68,5,5],"gold":120,"neow_bonus":"HUNDRED_GOLD","is_daily":false,"chose_seed":false,"campfire_upgraded":3,"win_rate":0.0,"timestamp":1613843182,"path_taken":["M","?","?","M","?","R","?","M","T","$","M","R","$","M","R","BOSS"],"items_purchased_type":["Relic","Card"],"build_version":"2020-12-22","purchased_purges":0,"victory":false,"max_hp_per_floor":[75,75,75,75,75,75,75,75,75,75,75,75,75,75,75,75,75],"card_choices":[{"not_picked":["Sword Boomerang","Warcry","Thunderclap"],"picked":"SKIP","floor":1},{"not_picked":["Dropkick","Twin Strike","Pummel"],"picked":"SKIP","floor":4},{"not_picked":["Heavy Blade","Headbutt"],"picked":"Twin Strike","floor":8},{"not_picked":["Iron Wave","Dual Wield"],"picked":"True Grit","floor":11},{"not_picked":["Bludgeon","Wild Strike","Sentinel"],"picked":"SKIP","floor":11},{"not_picked":["Bloodletting","Anger"],"picked":"Whirlwind","floor":14},{"not_picked":["Headbutt","Sever Soul"],"picked":"Iron Wave","floor":14}],"player_experience":317279,"relics_obtained":[{"floor":9,"key":"Nunchaku"}],"event_choices":[{"damage_healed":0,"gold_gain":0,"player_choice":"Grow","damage_taken":0,"max_hp_gain":0,"max_hp_loss":0,"event_name":"Living Wall","floor":2,"gold_loss":0,"cards_upgraded":["Bash"]},{"damage_healed":0,"gold_gain":0,"player_choice":"Success","damage_taken":18,"relics_obtained":["MawBank"],"max_hp_gain":0,"max_hp_loss":0,"event_name":"Scrap Ooze","floor":3,"gold_loss":0},{"damage_healed":25,"gold_gain":0,"player_choice":"Banana","damage_taken":0,"max_hp_gain":0,"max_hp_loss":0,"event_name":"Big Fish","floor":5,"gold_loss":0},{"damage_healed":0,"gold_gain":100,"player_choice":"Pray","damage_taken":0,"max_hp_gain":0,"max_hp_loss":0,"event_name":"Golden Shrine","floor":7,"gold_loss":0}],"is_beta":false,"boss_relics":[],"items_purged_floors":[],"is_endless":false,"potions_floor_spawned":[14],"killed_by":"Hexaghost","ascension_level":14}}