{"host":"72n3jwtrlpjobydj","time":1613800055,"event":{"mods":["AchievementEnabler","BaseMod","CapriCore","DeckTracker","Hermit","Koishi","KomeijiMod","Lobotomy","Marisa£¨Ùöéë¡¡Øª×âÞÞ£©","Minty Spire (QoL Compilation)","Permanent Neow","StSLib","SuperFastMode","The Cursed","The Hierophant","The Immortal"],"gold_per_floor":[118,118,138,63,63,95,109,120,120,139,150,166,166,177,177,279,279,293,4,19,118,135,135,135],"floor_reached":23,"language":"KOR","playtime":619,"items_purged":["Injury","Strike_P"],"score":207,"play_id":"4a7abdf6-b5c0-4e96-ad34-5868d112e825","local_time":"20210220144735","is_ascension_mode":true,"campfire_choices":[{"floor":13,"key":"REST"},{"floor":15,"key":"REST"}],"circlet_count":0,"master_deck":["Strike_P","Strike_P","Strike_P","Defend_P","Defend_P","Defend_P","Eruption","Vigilance","MentalFortress","TalkToTheHand","FearNoEvil","MentalFortress+1","FearNoEvil"],"relics":["PureWater","FossilizedHelix","Regal Pillow","Toy Ornithopter","VioletLotus","ClockworkSouvenir"],"acts_visited":["Exordium","TheCity"],"potions_floor_usage":[7,11,11,23,23],"damage_taken":[{"damage":0,"enemies":"Cultist","floor":1,"turns":3},{"damage":0,"enemies":"Small Slimes","floor":3,"turns":3},{"damage":55,"enemies":"Gremlin Nob","floor":6,"turns":5},{"damage":0,"enemies":"2 Louse","floor":7,"turns":3},{"damage":0,"enemies":"Blue Slaver","floor":8,"turns":4},{"damage":0,"enemies":"Red Slaver","floor":10,"turns":3},{"damage":12,"enemies":"Exordium Wildlife","floor":11,"turns":4},{"damage":0,"enemies":"2 Fungi Beasts","floor":12,"turns":3},{"damage":4,"enemies":"Looter","floor":14,"turns":3},{"damage":40,"enemies":"The Guardian","floor":16,"turns":12},{"damage":0,"enemies":"2 Thieves","floor":18,"turns":5},{"damage":12,"enemies":"3 Byrds","floor":20,"turns":6},{"damage":8,"enemies":"Centurion and Healer","floor":22,"turns":6},{"damage":67,"enemies":"Slavers","floor":23,"turns":8}],"seed_played":"-8963231593218145659","potions_obtained":[{"floor":3,"key":"Energy Potion"},{"floor":6,"key":"Energy Potion"},{"floor":8,"key":"Dexterity Potion"},{"floor":16,"key":"ColorlessPotion"},{"floor":22,"key":"Explosive Potion"}],"is_trial":false,"path_per_floor":["M","?","M","$","?","E","M","M","T","M","M","M","R","M","R","B",null,"M","$","M","?","M","E"],"character_chosen":"WATCHER","items_purchased":["FearNoEvil","ClockworkSouvenir"],"campfire_rested":2,"item_purchase_floors":[19,19],"current_hp_per_floor":[72,60,60,60,60,5,10,10,10,10,8,8,44,40,72,32,72,72,72,60,60,52,0,0],"gold":135,"neow_bonus":"ONE_RARE_RELIC","is_daily":false,"chose_seed":false,"campfire_upgraded":0,"win_rate":0.0,"timestamp":1613800055,"path_taken":["M","?","M","$","?","E","M","M","T","?","M","M","R","M","R","BOSS","M","$","M","?","M","E"],"items_purchased_type":["Card","Relic"],"build_version":"2020-12-22","purchased_purges":2,"victory":false,"max_hp_per_floor":[72,72,72,72,72,72,72,72,72,72,72,72,72,72,72,72,72,72,72,72,72,72,72,72],"card_choices":[{"not_picked":["EmptyBody","BattleHymn"],"picked":"MentalFortress","floor":1},{"not_picked":["Indignation","Perseverance","Halt"],"picked":"SKIP","floor":3},{"not_picked":["DevaForm","EmptyFist","FollowUp"],"picked":"SKIP","floor":6},{"not_picked":["Protect","PathToVictory"],"picked":"TalkToTheHand","floor":7},{"not_picked":["Consecrate","Crescendo","EmptyBody"],"picked":"SKIP","floor":8},{"not_picked":["ThirdEye","Swivel","Evaluate"],"picked":"SKIP","floor":10},{"not_picked":["FollowUp","Ragnarok","FlurryOfBlows"],"picked":"SKIP","floor":11},{"not_picked":["Worship","CrushJoints"],"picked":"FearNoEvil","floor":12},{"not_picked":["LikeWater","BowlingBash","JustLucky"],"picked":"SKIP","floor":14},{"not_picked":["FlyingSleeves+1","Tantrum+1"],"picked":"MentalFortress+1","floor":18},{"not_picked":["Consecrate+1","LikeWater","FlyingSleeves"],"picked":"SKIP","floor":20},{"not_picked":["JustLucky","SashWhip+1","Weave"],"picked":"SKIP","floor":22}],"player_experience":99853,"relics_obtained":[{"floor":6,"key":"Toy Ornithopter"}],"event_choices":[{"damage_healed":0,"gold_gain":0,"player_choice":"Success","damage_taken":12,"relics_obtained":["Regal Pillow"],"max_hp_gain":0,"max_hp_loss":0,"event_name":"Scrap Ooze","floor":2,"gold_loss":0},{"cards_removed":["Defend_P"],"damage_healed":0,"gold_gain":0,"player_choice":"Offered Basic","damage_taken":0,"max_hp_gain":0,"max_hp_loss":0,"event_name":"Bonfire Elementals","floor":5,"gold_loss":0},{"damage_healed":0,"gold_gain":99,"player_choice":"Stole From Cult","damage_taken":0,"max_hp_gain":0,"max_hp_loss":0,"event_name":"Nest","floor":21,"gold_loss":0}],"is_beta":false,"boss_relics":[{"not_picked":["SacredBark","Astrolabe"],"picked":"VioletLotus"}],"items_purged_floors":[4,19],"is_endless":false,"potions_floor_spawned":[3,6,8,16,22],"killed_by":"Slavers","ascension_level":1}}