{"host":"5mo0809oo9tcrmpl","time":1613796095,"event":{"mods":["BaseMod","Highlight Path","Minty Spire (QoL Compilation)","Relic Stats","Slay the Relics Exporter"],"gold_per_floor":[110,110,127,138,138,167,180,13,40,40,53,80,80,100,100,100,100],"floor_reached":16,"language":"ENG","playtime":374,"items_purged":[],"score":224,"play_id":"37d41fdc-aa46-4fbe-96e1-91273d88b3ab","local_time":"20210219224135","is_ascension_mode":true,"campfire_choices":[{"data":"White Noise","floor":10.0,"key":"SMITH"},{"floor":13.0,"key":"REST"},{"data":"Hologram","floor":15.0,"key":"SMITH"}],"circlet_count":0,"master_deck":["AscendersBane","Strike_B","Strike_B","Strike_B","Strike_B","Defend_B","Defend_B","Defend_B","Defend_B","Zap+1","Dualcast","Streamline","Melter","Streamline","White Noise+1","Turbo","Hologram+1","Machine Learning","Sweeping Beam"],"relics":["Cracked Core","NeowsBlessing","Ancient Tea Set","Runic Capacitor","Akabeko","Juzu Bracelet"],"acts_visited":["Exordium"],"potions_floor_usage":[16,16],"damage_taken":[{"damage":0.0,"enemies":"Small Slimes","floor":1.0,"turns":1.0},{"damage":0.0,"enemies":"Cultist","floor":3.0,"turns":1.0},{"damage":0.0,"enemies":"2 Louse","floor":4.0,"turns":1.0},{"damage":8.0,"enemies":"Gremlin Nob","floor":6.0,"turns":3.0},{"damage":15.0,"enemies":"Large Slime","floor":7.0,"turns":3.0},{"damage":0.0,"enemies":"2 Fungi Beasts","floor":11.0,"turns":2.0},{"damage":37.0,"enemies":"Lagavulin","floor":12.0,"turns":5.0},{"damage":1.0,"enemies":"Looter","floor":14.0,"turns":2.0},{"damage":30,"enemies":"Slime Boss","floor":16,"turns":5}],"seed_played":"-7270703066306108971","potions_obtained":[{"floor":1.0,"key":"LiquidMemories"},{"floor":4.0,"key":"SteroidPotion"},{"floor":14.0,"key":"Fire Potion"}],"is_trial":false,"path_per_floor":["M","?","M","M","?","E","M","$","T","R","M","E","R","M","R","B"],"character_chosen":"DEFECT","items_purchased":["Runic Capacitor"],"campfire_rested":1,"item_purchase_floors":[8],"current_hp_per_floor":[64,64,64,64,64,56,41,41,41,41,41,4,25,24,24,0,0],"gold":100,"neow_bonus":"THREE_ENEMY_KILL","is_daily":false,"chose_seed":false,"campfire_upgraded":2,"win_rate":0.0,"timestamp":1613796095,"path_taken":["M","?","M","?","?","E","M","$","T","R","M","E","R","M","R","BOSS"],"items_purchased_type":["Relic"],"build_version":"2020-12-22","purchased_purges":0,"victory":false,"max_hp_per_floor":[71,71,71,71,71,71,71,71,71,71,71,71,71,71,71,71,71],"relic_stats":{"counters":[9,23],"Juzu Bracelet":0,"obtain_stats":[{"NeowsBlessing":0,"Runic Capacitor":8,"Juzu Bracelet":12,"Cracked Core":0,"Ancient Tea Set":6,"Akabeko":9},{"NeowsBlessing":0,"Runic Capacitor":5,"Juzu Bracelet":7,"Cracked Core":0,"Ancient Tea Set":4,"Akabeko":5},{"NeowsBlessing":0,"Runic Capacitor":9,"Juzu Bracelet":16,"Cracked Core":0,"Ancient Tea Set":6,"Akabeko":9}]},"card_choices":[{"not_picked":["Tempest","Steam"],"picked":"Streamline","floor":1.0},{"not_picked":["Lockon","Compile Driver"],"picked":"Melter","floor":3.0},{"not_picked":["Tempest","Go for the Eyes"],"picked":"Streamline","floor":4.0},{"not_picked":["Steam Power","FTL"],"picked":"White Noise","floor":6.0},{"not_picked":["Sweeping Beam","Streamline"],"picked":"Turbo","floor":7.0},{"not_picked":["Leap","Ball Lightning"],"picked":"Hologram","floor":11.0},{"not_picked":["Steam","Rainbow"],"picked":"Machine Learning","floor":12.0},{"not_picked":["Rebound","Compile Driver"],"picked":"Sweeping Beam","floor":14.0}],"player_experience":1305933,"relics_obtained":[{"floor":6.0,"key":"Ancient Tea Set"},{"floor":9.0,"key":"Akabeko"},{"floor":12.0,"key":"Juzu Bracelet"}],"event_choices":[{"damage_healed":0.0,"max_hp_gain":0.0,"max_hp_loss":0.0,"gold_gain":0.0,"event_name":"Match and Keep!","player_choice":"0 cards matched","floor":2.0,"gold_loss":0.0,"damage_taken":0.0,"cards_obtained":[]},{"damage_healed":0.0,"max_hp_gain":0.0,"max_hp_loss":0.0,"gold_gain":0.0,"event_name":"Upgrade Shrine","player_choice":"Upgraded","floor":5.0,"gold_loss":0.0,"damage_taken":0.0,"cards_upgraded":["Zap"]}],"is_beta":false,"boss_relics":[],"items_purged_floors":[],"is_endless":false,"potions_floor_spawned":[1,4,14],"killed_by":"Slime Boss","ascension_level":20}}