{"host":"eutfwpehtd75iaf6","time":1613783175,"event":{"mods":["BaseMod","Colored Map","Hermit","Marisa????????","Minty Spire (QoL Compilation)","Remilia??????","StSLib","The Senshi","The Servant 0.9.4"],"gold_per_floor":[115,115,133,151,151,151,176,176,176,246,274,291,307,357,357,357,357],"floor_reached":16,"language":"ENG","playtime":846,"items_purged":[],"score":112,"play_id":"fd2a9b06-f9cc-4c94-b70a-7064816d6d8f","local_time":"20210219200615","is_ascension_mode":false,"campfire_choices":[{"data":"theSenshi:MoonPrismPowerMakeUp","floor":6,"key":"SMITH"},{"data":"theSenshi:RoseThrow","floor":8,"key":"SMITH"},{"floor":15,"key":"REST"}],"circlet_count":0,"master_deck":["theSenshi:SailorKick","theSenshi:SailorKick","theSenshi:SailorKick","theSenshi:SailorBlock","theSenshi:SailorBlock","theSenshi:SailorBlock","theSenshi:SailorBlock","theSenshi:RoseThrow+1","theSenshi:MoonPrismPowerMakeUp+1","theSenshi:MoonTwilightFlash","theSenshi:LunaWiseMentor","theSenshi:MoonTiaraMagic","theSenshi:YouCanTalk","theSenshi:MoonsReflection","theSenshi:FatedKiss"],"relics":["theSenshi:TransformationBroochRelic","NeowsBlessing","SsserpentHead","StoneCalendar","Mummified Hand","Sundial","Peace Pipe"],"acts_visited":["Exordium"],"potions_floor_usage":[7,11],"damage_taken":[{"damage":0,"enemies":"Small Slimes","floor":1,"turns":1},{"damage":0,"enemies":"Cultist","floor":3,"turns":1},{"damage":0,"enemies":"Jaw Worm","floor":4,"turns":1},{"damage":22,"enemies":"Lagavulin","floor":7,"turns":6},{"damage":9,"enemies":"Red Slaver","floor":10,"turns":3},{"damage":27,"enemies":"Gremlin Nob","floor":11,"turns":6},{"damage":0,"enemies":"Exordium Thugs","floor":12,"turns":4},{"damage":10,"enemies":"Lots of Slimes","floor":13,"turns":4},{"damage":29,"enemies":"Hexaghost","floor":16,"turns":9}],"seed_played":"8884895491487147465","potions_obtained":[{"floor":3,"key":"SteroidPotion"},{"floor":10,"key":"Block Potion"}],"is_trial":false,"path_per_floor":["M","?","M","M","?","R","E","R","T","M","E","M","M","T","R","B"],"character_chosen":"THE_SENSHI","items_purchased":[],"campfire_rested":1,"item_purchase_floors":[],"current_hp_per_floor":[75,75,75,75,75,75,53,53,53,44,17,17,7,7,29,0,0],"gold":357,"neow_bonus":"THREE_ENEMY_KILL","is_daily":false,"chose_seed":false,"campfire_upgraded":2,"win_rate":0.0,"timestamp":1613783175,"path_taken":["M","?","M","?","?","R","E","R","T","?","E","M","M","?","R","BOSS"],"items_purchased_type":[],"build_version":"2020-12-22","purchased_purges":0,"victory":false,"max_hp_per_floor":[75,75,75,75,75,75,75,75,75,75,75,75,75,75,75,75,75],"card_choices":[{"not_picked":["theSenshi:SupersonicWaves","theSenshi:CrisisMakeUp"],"picked":"theSenshi:MoonTwilightFlash","floor":1},{"not_picked":["theSenshi:SailorMarsAssists","theSenshi:TallSilhouette","theSenshi:Sidestep"],"picked":"SKIP","floor":3},{"not_picked":["theSenshi:PlutosSolemnity","theSenshi:MoonTiaraMagic","theSenshi:SailorMarsAssists"],"picked":"SKIP","floor":4},{"not_picked":["theSenshi:PlutosSolemnity","theSenshi:SailorMarsAssists"],"picked":"theSenshi:MoonTiaraMagic","floor":4},{"not_picked":["theSenshi:TuxedoMaskAssists","theSenshi:UranusStrength"],"picked":"theSenshi:YouCanTalk","floor":7},{"not_picked":["theSenshi:TuxedoSmokingBomber","theSenshi:SailorVenusAssists","theSenshi:EncouragingSpeech"],"picked":"SKIP","floor":10},{"not_picked":["theSenshi:EncouragingSpeech","theSenshi:SailorVenusAssists","theSenshi:LunasBite"],"picked":"SKIP","floor":11},{"not_picked":["theSenshi:RainbowMoonHeartAche","theSenshi:SailorMercuryAssists"],"picked":"theSenshi:MoonsReflection","floor":12},{"not_picked":["theSenshi:SupersonicWaves","theSenshi:Sidestep"],"picked":"theSenshi:FatedKiss","floor":13}],"player_experience":148963,"relics_obtained":[{"floor":7,"key":"StoneCalendar"},{"floor":9,"key":"Mummified Hand"},{"floor":11,"key":"Sundial"},{"floor":14,"key":"Peace Pipe"}],"event_choices":[{"damage_healed":0,"gold_gain":0,"cards_transformed":["theSenshi:SailorKick"],"player_choice":"Transformed","damage_taken":0,"max_hp_gain":0,"max_hp_loss":0,"event_name":"Transmorgrifier","floor":2,"gold_loss":0,"cards_obtained":["theSenshi:LunaWiseMentor"]},{"damage_healed":0,"gold_gain":0,"player_choice":"Trade","damage_taken":0,"relics_obtained":["SsserpentHead"],"max_hp_gain":0,"max_hp_loss":0,"event_name":"FaceTrader","floor":5,"gold_loss":0}],"is_beta":false,"boss_relics":[],"items_purged_floors":[],"is_endless":false,"potions_floor_spawned":[3,10],"killed_by":"Hexaghost","ascension_level":0}}