{"host":"tod","time":1613822688,"event":{"mods":["ATMod(∞¢Ë™Mod)","AchievementEnabler","Act Like it!","BaseMod","CapriCore","Energized Spire","Highlight Path","Lobotomy","Marisa£®ÏF”Í°°ƒß¿Ì…≥£©","Minty Spire (QoL Compilation)","Quick Restart","Reimu£®≤©¿ˆ¡È√Œ£©","Relic Filter Mod","Relic Stats","Remilia£®¿Ÿ√◊¿Ú—«£©","Replay The Spire","Shop Mod","StSLib","The Cursed","The Immortal","Yakumo Yukari mod","Youmu£®ªÍ∆«—˝√Œ£©"],"gold_per_floor":[112,122,137,155,4,4,4],"floor_reached":6,"language":"ZHS","playtime":191,"items_purged":["Strike_R"],"score":76,"play_id":"4ed5effa-ed0b-4a49-a143-863e16e994f5","local_time":"20210220200448","is_ascension_mode":true,"campfire_choices":[],"circlet_count":0,"master_deck":["AscendersBane","Strike_R","Strike_R","Strike_R","Strike_R","Defend_R","Defend_R","Defend_R","Defend_R","Bash","AT_EmpoweredMortalDraw","Corruption","AT_CaressingTears","AT_GerminateFire"],"relics":["Burning Blood","AT_ATBox"],"acts_visited":["Exordium"],"potions_floor_usage":[6],"damage_taken":[{"damage":1,"enemies":"Cultist","floor":1,"turns":3},{"damage":0,"enemies":"2 Louse","floor":2,"turns":1},{"damage":20,"enemies":"Small Slimes","floor":3,"turns":3},{"damage":0,"enemies":"3 Louse","floor":4,"turns":1},{"damage":64,"enemies":"Gremlin Nob","floor":6,"turns":6}],"seed_played":"-120063334589664818","potions_obtained":[{"floor":1,"key":"Block Potion"},{"floor":3,"key":"Venom Potion"}],"is_trial":false,"path_per_floor":["M","M","M","M","$","E"],"character_chosen":"IRONCLAD","items_purchased":["AT_GerminateFire"],"campfire_rested":0,"item_purchase_floors":[5],"current_hp_per_floor":[73,75,61,67,67,3,3],"gold":4,"neow_bonus":"ONE_RANDOM_RARE_CARD","is_daily":false,"chose_seed":false,"campfire_upgraded":0,"win_rate":0.0,"timestamp":1613822688,"path_taken":["M","M","M","M","$","E"],"items_purchased_type":["Card"],"build_version":"2020-12-18","purchased_purges":1,"victory":false,"max_hp_per_floor":[75,75,75,75,75,75,75],"relic_stats":{"counters":[5,14],"obtain_stats":[{"AT_ATBox":0,"Burning Blood":0},{"AT_ATBox":0,"Burning Blood":0},{"AT_ATBox":0,"Burning Blood":0}],"Burning Blood":20},"card_choices":[{"not_picked":["Entrench","Bloodletting"],"picked":"AT_CaressingTears","floor":1},{"not_picked":["Flex","Shrug It Off","Flame Barrier"],"picked":"SKIP","floor":2},{"not_picked":["Wild Strike","Twin Strike","True Grit"],"picked":"SKIP","floor":3},{"not_picked":["Shrug It Off","Searing Blow","Defy Death"],"picked":"SKIP","floor":4}],"player_experience":412638,"relics_obtained":[],"event_choices":[],"is_beta":true,"boss_relics":[],"items_purged_floors":[5],"is_endless":false,"potions_floor_spawned":[1,3,4],"killed_by":"Gremlin Nob","ascension_level":20}}