{"host":"w14xfy17z3c5mpoi","time":1613858436,"event":{"mods":["AchievementEnabler","BaseMod","Minty Spire (QoL Compilation)","Relic Stats"],"gold_per_floor":[117,135,147,159,159,188,188,221,221,186,186,199,227,267,267,368,368,412,412,412,432,446,480,492,504,542,584,637,662,674,1041,1053,1167,1179,1226,1283,1311,1016,1091,1091,1117,1117,1117,1165,1184,1184,1216,521,521,521,521,521,26,56,56],"floor_reached":56,"language":"ENG","playtime":10140,"items_purged":["Defend_P","Defend_P"],"score":2358,"play_id":"59dfdddc-8a60-4f58-8b75-446515cf9135","local_time":"20210220170036","is_ascension_mode":true,"campfire_choices":[{"data":"SandsOfTime","floor":7,"key":"SMITH"},{"data":"1","floor":11,"key":"LIFT"},{"data":"2","floor":15,"key":"LIFT"},{"data":"3","floor":25,"key":"LIFT"},{"floor":30,"key":"REST"},{"floor":32,"key":"REST"},{"floor":40,"key":"REST"},{"floor":42,"key":"RECALL"},{"floor":49,"key":"REST"},{"floor":52,"key":"REST"}],"circlet_count":0,"master_deck":["Strike_P+1","Strike_P+1","Strike_P+1","Strike_P+1","Defend_P+1","Eruption+1","Vigilance","SashWhip","SandsOfTime+1","Tantrum+1","FollowUp+1","Wish","LessonLearned+1","EmptyBody+1","Blasphemy+1","SashWhip+1","DeusExMachina+1","Meditate","CrushJoints+1","Omniscience","FollowUp+1","SandsOfTime","CrushJoints+1","SpiritShield","EmptyMind+1","Protect+1","MentalFortress+1","WheelKick","Swivel+1","Vault","Wish"],"relics":["Snecko Eye","Frozen Egg 2","Ice Cream","Girya","Blue Candle","Black Star","Dream Catcher","MawBank","Bronze Scales","TeardropLocket","Tiny Chest","Yang","Old Coin","Fusion Hammer","WingedGreaves","Centennial Puzzle","Happy Flower","StoneCalendar","Ancient Tea Set","Mercury Hourglass","Lee\u0027s Waffle","Bottled Lightning","Nunchaku","Strawberry","HandDrill","FossilizedHelix","Blood Vial"],"acts_visited":["Exordium","TheCity","TheBeyond","TheEnding"],"potions_floor_usage":[16,18,18,23,27,27,37,38,39,50,55],"damage_taken":[{"damage":0,"enemies":"Small Slimes","floor":1,"turns":1},{"damage":0,"enemies":"2 Louse","floor":2,"turns":2},{"damage":0,"enemies":"Jaw Worm","floor":3,"turns":2},{"damage":18,"enemies":"2 Fungi Beasts","floor":4,"turns":2},{"damage":12,"enemies":"3 Sentries","floor":6,"turns":4},{"damage":0,"enemies":"Gremlin Nob","floor":8,"turns":2},{"damage":0,"enemies":"Large Slime","floor":12,"turns":2},{"damage":5,"enemies":"3 Sentries","floor":13,"turns":6},{"damage":0,"enemies":"Exordium Thugs","floor":14,"turns":2},{"damage":6,"enemies":"The Guardian","floor":16,"turns":4},{"damage":10,"enemies":"Shell Parasite","floor":18,"turns":4},{"damage":8,"enemies":"3 Byrds","floor":21,"turns":3},{"damage":2,"enemies":"Snecko","floor":22,"turns":3},{"damage":0,"enemies":"Gremlin Leader","floor":23,"turns":2},{"damage":0,"enemies":"Book of Stabbing","floor":27,"turns":1},{"damage":20,"enemies":"Snake Plant","floor":28,"turns":3},{"damage":0,"enemies":"Sentry and Sphere","floor":29,"turns":1},{"damage":0,"enemies":"Gremlin Leader","floor":31,"turns":3},{"damage":22,"enemies":"Automaton","floor":33,"turns":3},{"damage":11,"enemies":"Orb Walker","floor":35,"turns":3},{"damage":14,"enemies":"3 Shapes","floor":36,"turns":2},{"damage":0,"enemies":"Spire Growth","floor":37,"turns":2},{"damage":15,"enemies":"Mind Bloom Boss Battle","floor":39,"turns":8},{"damage":0,"enemies":"Giant Head","floor":41,"turns":4},{"damage":18,"enemies":"2 Orb Walkers","floor":44,"turns":2},{"damage":0,"enemies":"4 Shapes","floor":45,"turns":3},{"damage":0,"enemies":"Nemesis","floor":47,"turns":5},{"damage":10,"enemies":"Donu and Deca","floor":50,"turns":7},{"damage":2,"enemies":"Shield and Spear","floor":54,"turns":3},{"damage":100103,"enemies":"The Heart","floor":55,"turns":9}],"seed_played":"-2595966663194354191","potions_obtained":[{"floor":1,"key":"SkillPotion"},{"floor":8,"key":"Weak Potion"},{"floor":13,"key":"Strength Potion"},{"floor":16,"key":"BottledMiracle"},{"floor":22,"key":"Strength Potion"},{"floor":23,"key":"Energy Potion"},{"floor":27,"key":"Ancient Potion"},{"floor":28,"key":"FairyPotion"},{"floor":33,"key":"AttackPotion"},{"floor":35,"key":"FairyPotion"},{"floor":37,"key":"EssenceOfSteel"},{"floor":41,"key":"DistilledChaos"}],"is_trial":false,"path_per_floor":["M","M","M","M","?","E","R","E","T","?","R","M","E","M","R","B",null,"M","?","?","M","M","E","?","R","T","E","M","M","R","E","R","B",null,"M","M","M","$","?","R","E","R","T","?","M","?","E","$","R","B",null,"R","$","E","B",null],"character_chosen":"WATCHER","items_purchased":["SandsOfTime","Fruit Juice","AttackPotion","Lee\u0027s Waffle","Bottled Lightning","WheelKick","Nunchaku","Vault","Strength Potion","Strawberry","HandDrill"],"campfire_rested":5,"item_purchase_floors":[38,38,38,48,48,48,48,53,53,53,53],"current_hp_per_floor":[65,65,65,47,47,35,35,35,35,35,35,35,30,30,30,24,60,50,50,50,42,40,40,40,40,40,40,20,20,41,41,62,40,64,53,39,39,44,29,52,52,52,52,34,34,34,34,84,84,74,82,84,91,89,27],"gold":56,"neow_bonus":"BOSS_RELIC","is_daily":false,"chose_seed":false,"campfire_upgraded":1,"win_rate":0.0,"timestamp":1613858436,"path_taken":["M","M","M","M","?","E","R","E","T","?","R","?","E","M","R","BOSS","M","?","?","M","M","E","?","R","T","E","M","M","R","E","R","BOSS","M","M","M","$","?","R","E","R","T","?","M","?","E","$","R","BOSS","R","$","E","BOSS"],"items_purchased_type":["Card","Potion","Potion","Relic","Relic","Card","Relic","Card","Potion","Relic","Relic"],"build_version":"2020-12-22","purchased_purges":2,"victory":true,"max_hp_per_floor":[72,72,72,72,72,72,72,72,72,72,72,72,72,72,72,72,72,72,72,72,72,72,72,72,72,72,72,72,72,72,72,72,72,72,72,72,72,77,77,77,77,77,77,77,77,77,77,84,84,84,84,84,91,91,91],"relic_stats":{"Lee\u0027s Waffle":50,"Happy Flower":[9],"counters":[30,98],"Blue Candle":[0],"Yang":[128],"StoneCalendar":[0],"MawBank":180,"Mercury Hourglass":[63],"Blood Vial":2,"Dream Catcher":5,"Centennial Puzzle":[12],"Nunchaku":[5],"Bronze Scales":[206],"Snecko Eye":[168,176,165,166],"Tiny Chest":0,"Black Star":6,"HandDrill":[0],"obtain_stats":[{"Ice Cream":8,"Yang":31,"StoneCalendar":44,"TeardropLocket":27,"Ancient Tea Set":47,"Old Coin":31,"Blood Vial":54,"Dream Catcher":23,"Centennial Puzzle":41,"Nunchaku":48,"Strawberry":53,"Tiny Chest":27,"Fusion Hammer":34,"WingedGreaves":39,"HandDrill":53,"Girya":9,"Lee\u0027s Waffle":48,"Happy Flower":41,"Blue Candle":13,"Frozen Egg 2":6,"MawBank":23,"Mercury Hourglass":47,"Bronze Scales":26,"Snecko Eye":0,"Black Star":17,"Bottled Lightning":48,"PureWater":0,"FossilizedHelix":54},{"Ice Cream":6,"Yang":18,"StoneCalendar":25,"TeardropLocket":15,"Ancient Tea Set":27,"Old Coin":18,"Blood Vial":29,"Dream Catcher":14,"Centennial Puzzle":24,"Nunchaku":27,"Strawberry":28,"Tiny Chest":15,"Fusion Hammer":19,"WingedGreaves":23,"HandDrill":28,"Girya":6,"Lee\u0027s Waffle":27,"Happy Flower":24,"Blue Candle":8,"Frozen Egg 2":5,"MawBank":14,"Mercury Hourglass":27,"Bronze Scales":14,"Snecko Eye":0,"Black Star":10,"Bottled Lightning":27,"PureWater":0,"FossilizedHelix":29},{"Ice Cream":13,"Yang":47,"StoneCalendar":71,"TeardropLocket":40,"Ancient Tea Set":79,"Old Coin":47,"Blood Vial":89,"Dream Catcher":39,"Centennial Puzzle":69,"Nunchaku":79,"Strawberry":86,"Tiny Chest":40,"Fusion Hammer":50,"WingedGreaves":65,"HandDrill":86,"Girya":13,"Lee\u0027s Waffle":79,"Happy Flower":69,"Blue Candle":21,"Frozen Egg 2":11,"MawBank":39,"Mercury Hourglass":79,"Bronze Scales":39,"Snecko Eye":0,"Black Star":27,"Bottled Lightning":79,"PureWater":0,"FossilizedHelix":89}]},"card_choices":[{"not_picked":["Perseverance","Crescendo"],"picked":"SashWhip","floor":1},{"not_picked":["Consecrate","Crescendo"],"picked":"SandsOfTime","floor":2},{"not_picked":["WindmillStrike","Halt","FlyingSleeves"],"picked":"SKIP","floor":3},{"not_picked":["WindmillStrike","Halt","FlyingSleeves"],"picked":"SKIP","floor":3},{"not_picked":["ConjureBlade","BowlingBash"],"picked":"Tantrum","floor":4},{"not_picked":["Protect","JustLucky","WindmillStrike"],"picked":"SKIP","floor":6},{"not_picked":["Protect","JustLucky","WindmillStrike"],"picked":"SKIP","floor":6},{"not_picked":["Crescendo","PathToVictory"],"picked":"FollowUp","floor":8},{"not_picked":["ReachHeaven","FlurryOfBlows"],"picked":"Wish","floor":12},{"not_picked":["WaveOfTheHand","Prostrate"],"picked":"LessonLearned","floor":13},{"not_picked":["FlyingSleeves","WreathOfFlame"],"picked":"EmptyBody","floor":14},{"not_picked":["DeusExMachina","Alpha"],"picked":"Blasphemy","floor":16},{"not_picked":["PathToVictory","FollowUp+1"],"picked":"SashWhip+1","floor":18},{"not_picked":["SignatureMove","SashWhip","Sanctity"],"picked":"SKIP","floor":21},{"not_picked":["Evaluate","Adaptation+1","SignatureMove+1"],"picked":"SKIP","floor":22},{"not_picked":["Evaluate","Adaptation+1","SignatureMove+1"],"picked":"SKIP","floor":22},{"not_picked":["Evaluate","ForeignInfluence"],"picked":"DeusExMachina","floor":23},{"not_picked":["ForeignInfluence","Sanctity"],"picked":"Meditate","floor":27},{"not_picked":["Adaptation+1","WreathOfFlame","Vengeance+1"],"picked":"SKIP","floor":28},{"not_picked":["FlurryOfBlows","FollowUp+1","ClearTheMind"],"picked":"SKIP","floor":29},{"not_picked":["Meditate","Wallop"],"picked":"CrushJoints+1","floor":31},{"not_picked":["Establishment+1","SpiritShield"],"picked":"Omniscience","floor":33},{"not_picked":["SashWhip","ClearTheMind+1"],"picked":"FollowUp+1","floor":35},{"not_picked":["Prostrate","FlyingSleeves+1","JustLucky+1"],"picked":"SKIP","floor":36},{"not_picked":["Halt+1","Study+1","Meditate"],"picked":"SKIP","floor":37},{"not_picked":["Adaptation+1","WreathOfFlame"],"picked":"CrushJoints+1","floor":39},{"not_picked":["ForeignInfluence","Perseverance+1"],"picked":"SpiritShield","floor":40},{"not_picked":["PathToVictory","ClearTheMind","Halt"],"picked":"SKIP","floor":41},{"not_picked":["Protect","Evaluate"],"picked":"EmptyMind+1","floor":44},{"not_picked":["BowlingBash","Crescendo"],"picked":"Protect+1","floor":45},{"not_picked":["Crescendo","LessonLearned"],"picked":"MentalFortress+1","floor":47},{"not_picked":["Halt+1","Consecrate"],"picked":"Swivel+1","floor":52},{"not_picked":["FearNoEvil","CrushJoints+1"],"picked":"Wish","floor":54}],"player_experience":733262,"relics_obtained":[{"floor":6,"key":"Frozen Egg 2"},{"floor":8,"key":"Ice Cream"},{"floor":9,"key":"Girya"},{"floor":13,"key":"Blue Candle"},{"floor":23,"key":"Dream Catcher"},{"floor":23,"key":"MawBank"},{"floor":26,"key":"Bronze Scales"},{"floor":27,"key":"TeardropLocket"},{"floor":27,"key":"Tiny Chest"},{"floor":31,"key":"Yang"},{"floor":31,"key":"Old Coin"},{"floor":39,"key":"WingedGreaves"},{"floor":41,"key":"Centennial Puzzle"},{"floor":41,"key":"Happy Flower"},{"floor":44,"key":"StoneCalendar"},{"floor":47,"key":"Ancient Tea Set"},{"floor":47,"key":"Mercury Hourglass"},{"floor":54,"key":"FossilizedHelix"},{"floor":54,"key":"Blood Vial"}],"event_choices":[{"damage_healed":0,"gold_gain":0,"player_choice":"Ignored","damage_taken":0,"max_hp_gain":0,"max_hp_loss":0,"event_name":"Liars Game","floor":5,"gold_loss":0},{"damage_healed":0,"gold_gain":0,"player_choice":"Left Gold","damage_taken":0,"max_hp_gain":0,"max_hp_loss":0,"event_name":"World of Goop","floor":10,"gold_loss":35},{"damage_healed":0,"gold_gain":0,"player_choice":"Ignored","damage_taken":0,"max_hp_gain":0,"max_hp_loss":0,"event_name":"Ghosts","floor":19,"gold_loss":0},{"cards_removed":["Defend_P"],"damage_healed":0,"gold_gain":0,"player_choice":"Elegance","damage_taken":0,"max_hp_gain":0,"max_hp_loss":0,"event_name":"Back to Basics","floor":20,"gold_loss":0},{"damage_healed":0,"gold_gain":0,"player_choice":"Ignored","damage_taken":0,"max_hp_gain":0,"max_hp_loss":0,"event_name":"Beggar","floor":24,"gold_loss":0},{"damage_healed":0,"gold_gain":0,"player_choice":"Fight","damage_taken":0,"max_hp_gain":0,"max_hp_loss":0,"event_name":"MindBloom","floor":39,"gold_loss":0},{"damage_healed":0,"gold_gain":0,"player_choice":"Fight","damage_taken":0,"max_hp_gain":0,"max_hp_loss":0,"event_name":"Mysterious Sphere","floor":44,"gold_loss":0},{"damage_healed":0,"gold_gain":0,"player_choice":"Ignored","damage_taken":0,"max_hp_gain":0,"max_hp_loss":0,"event_name":"Tomb of Lord Red Mask","floor":46,"gold_loss":0}],"is_beta":false,"boss_relics":[{"not_picked":["Philosopher\u0027s Stone","Astrolabe"],"picked":"Black Star"},{"not_picked":["Calling Bell","Velvet Choker"],"picked":"Fusion Hammer"}],"items_purged_floors":[38,48],"is_endless":false,"potions_floor_spawned":[1,8,13,16,22,23,27,28,33,35,37,41],"ascension_level":9}}