{"host":"d52brwsy6af8zvaq","time":1613792021,"event":{"mods":["AchievementEnabler","BaseMod","Bestiary","Highlight Path","Minty Spire (QoL Compilation)","Quick Restart","Relic Stats","ojb\u0027s Better Paths Mod"],"gold_per_floor":[219,31,47,61,61,61,96,96,96,96,96,127,142,142,142],"floor_reached":14,"language":"ENG","playtime":461,"items_purged":["Strike_B"],"score":196,"play_id":"c343de79-3988-48cb-aa56-fb98b017329b","local_time":"20210219203341","is_ascension_mode":true,"campfire_choices":[{"data":"Zap","floor":6.0,"key":"SMITH"},{"floor":8.0,"key":"REST"},{"data":"Dualcast","floor":10.0,"key":"SMITH"}],"circlet_count":0,"master_deck":["AscendersBane","Strike_B","Strike_B+1","Strike_B","Defend_B","Defend_B+1","Defend_B","Defend_B","Zap+1","Dualcast+1","Streamline","Self Repair","Sweeping Beam","Capacitor","Go for the Eyes","Ball Lightning","Cold Snap","Loop"],"relics":["Cracked Core","Juzu Bracelet","Shuriken","Centennial Puzzle"],"acts_visited":["Exordium"],"potions_floor_usage":[],"damage_taken":[{"damage":0.0,"enemies":"Cultist","floor":1.0,"turns":3.0},{"damage":4.0,"enemies":"Small Slimes","floor":3.0,"turns":3.0},{"damage":4.0,"enemies":"Jaw Worm","floor":4.0,"turns":4.0},{"damage":29.0,"enemies":"3 Sentries","floor":7.0,"turns":8.0},{"damage":34.0,"enemies":"Gremlin Nob","floor":12.0,"turns":4.0},{"damage":8,"enemies":"3 Louse","floor":13,"turns":2},{"damage":20,"enemies":"3 Sentries","floor":14,"turns":4}],"seed_played":"-2082587167382322165","potions_obtained":[{"floor":1.0,"key":"Block Potion"},{"floor":7.0,"key":"Explosive Potion"}],"is_trial":false,"path_per_floor":["M","$","M","M","?","R","E","R","T","R","$","E","M","E"],"character_chosen":"DEFECT","items_purchased":["Self Repair","Sweeping Beam"],"campfire_rested":1,"item_purchase_floors":[2,2],"current_hp_per_floor":[64,64,67,70,49,49,27,48,48,48,48,21,13,0,0],"gold":142,"neow_bonus":"HUNDRED_GOLD","is_daily":false,"chose_seed":false,"campfire_upgraded":2,"win_rate":0.0,"timestamp":1613792021,"path_taken":["M","$","M","M","?","R","E","R","T","R","$","E","M","E"],"items_purchased_type":["Card","Card"],"build_version":"2020-12-22","purchased_purges":1,"victory":false,"max_hp_per_floor":[71,71,71,71,71,71,71,71,71,71,71,71,71,71,71],"relic_stats":{"Centennial Puzzle":[6],"counters":[7,28],"Shuriken":[2],"Juzu Bracelet":0,"obtain_stats":[{"Centennial Puzzle":12,"Shuriken":9,"Juzu Bracelet":7,"Cracked Core":0},{"Centennial Puzzle":5,"Shuriken":4,"Juzu Bracelet":4,"Cracked Core":0},{"Centennial Puzzle":22,"Shuriken":18,"Juzu Bracelet":18,"Cracked Core":0}]},"card_choices":[{"not_picked":["Consume","Beam Cell"],"picked":"Streamline","floor":1.0},{"not_picked":["Sweeping Beam","Rebound"],"picked":"Capacitor","floor":3.0},{"not_picked":["Streamline","Rip and Tear"],"picked":"Go for the Eyes","floor":4.0},{"not_picked":["Turbo","Chaos"],"picked":"Ball Lightning","floor":7.0},{"not_picked":["Hologram","Compile Driver"],"picked":"Cold Snap","floor":12.0},{"not_picked":["Sweeping Beam","Double Energy"],"picked":"Loop","floor":13}],"player_experience":2315923,"relics_obtained":[{"floor":7.0,"key":"Juzu Bracelet"},{"floor":9.0,"key":"Shuriken"},{"floor":12.0,"key":"Centennial Puzzle"}],"event_choices":[{"damage_healed":0.0,"max_hp_gain":0.0,"max_hp_loss":0.0,"gold_gain":0.0,"event_name":"Shining Light","player_choice":"Entered Light","floor":5.0,"gold_loss":0.0,"damage_taken":21.0,"cards_upgraded":["Defend_B","Strike_B"]}],"is_beta":false,"boss_relics":[],"items_purged_floors":[2],"is_endless":false,"potions_floor_spawned":[1,7],"killed_by":"3 Sentries","ascension_level":20}}