{"host":"b34lfm0pg36jv5no","time":1613840531,"event":{"mods":["BaseMod","Bestiary","Colored Map","Dark Map","Minty Spire (QoL Compilation)","Relic Stats","ojb\u0027s Info Mod"],"gold_per_floor":[116,130,157,172,186,211,211,136,136,166,183,200,231,242,242,337,337,356,3,3,16,91,121,121,148,148,163,181,181,209,219,219,320,320,336,336,354,72,85,85,115,115,115,145,0,13,46,46,46,46,46],"floor_reached":50,"language":"ENG","playtime":5378,"items_purged":["Strike_P","Strike_P","Strike_P"],"score":909,"play_id":"2000f332-0ba6-4d02-ab27-455874eb5d19","local_time":"20210220170211","is_ascension_mode":true,"campfire_choices":[{"data":"ForeignInfluence","floor":7,"key":"SMITH"},{"data":"Halt","floor":15,"key":"SMITH"},{"data":"Fasting2","floor":24,"key":"SMITH"},{"data":"Tantrum","floor":29,"key":"SMITH"},{"floor":32,"key":"REST"},{"data":"Madness","floor":40,"key":"SMITH"},{"floor":42,"key":"RECALL"},{"data":"Strike_P+1","floor":49,"key":"PURGE"}],"circlet_count":0,"master_deck":["Defend_P+1","Defend_P+1","Eruption+1","Vigilance+1","Adaptation+1","Meditate+1","ForeignInfluence+1","LessonLearned+1","FollowUp+1","WaveOfTheHand+1","InnerPeace+1","Halt+1","Tantrum+1","Sanctity+1","Ghostly+1","Ghostly+1","Ghostly+1","Ghostly+1","Ghostly+1","Fasting2+1","Tantrum+1","BowlingBash+1","Adaptation+1","DeusExMachina+1","MentalFortress+1","Madness+1","Madness+1","CutThroughFate+1","Halt+1","EmptyFist","Secret Technique","Trip"],"relics":["Empty Cage","Oddly Smooth Stone","Kunai","Pocketwatch","Ginger","SlaversCollar","TeardropLocket","Bag of Marbles","Matryoshka","Centennial Puzzle","Whetstone","Boot","Runic Dome","Sling","Torii","Anchor","InkBottle","Peace Pipe","Red Mask","Unceasing Top"],"acts_visited":["Exordium","TheCity","TheBeyond"],"potions_floor_usage":[6,6,16,16,23,25,28,30],"damage_taken":[{"damage":0,"enemies":"Cultist","floor":1,"turns":4},{"damage":7,"enemies":"Small Slimes","floor":2,"turns":3},{"damage":0,"enemies":"2 Louse","floor":4,"turns":4},{"damage":1,"enemies":"2 Fungi Beasts","floor":5,"turns":3},{"damage":9,"enemies":"3 Sentries","floor":6,"turns":4},{"damage":23,"enemies":"Lagavulin","floor":10,"turns":8},{"damage":6,"enemies":"3 Louse","floor":11,"turns":3},{"damage":0,"enemies":"Blue Slaver","floor":12,"turns":4},{"damage":10,"enemies":"3 Sentries","floor":13,"turns":3},{"damage":1,"enemies":"Red Slaver","floor":14,"turns":2},{"damage":2,"enemies":"Hexaghost","floor":16,"turns":5},{"damage":0,"enemies":"Spheric Guardian","floor":18,"turns":3},{"damage":7,"enemies":"3 Byrds","floor":21,"turns":5},{"damage":0,"enemies":"Gremlin Leader","floor":23,"turns":6},{"damage":2,"enemies":"Book of Stabbing","floor":25,"turns":6},{"damage":11,"enemies":"Cultist and Chosen","floor":27,"turns":6},{"damage":0,"enemies":"Chosen and Byrds","floor":28,"turns":4},{"damage":1,"enemies":"Slavers","floor":30,"turns":2},{"damage":0,"enemies":"Snecko","floor":31,"turns":2},{"damage":1,"enemies":"Champ","floor":33,"turns":5},{"damage":1,"enemies":"Orb Walker","floor":35,"turns":2},{"damage":1,"enemies":"3 Shapes","floor":37,"turns":5},{"damage":1,"enemies":"Maw","floor":39,"turns":5},{"damage":0,"enemies":"Nemesis","floor":41,"turns":3},{"damage":0,"enemies":"Giant Head","floor":44,"turns":5},{"damage":0,"enemies":"Sphere and 2 Shapes","floor":46,"turns":3},{"damage":0,"enemies":"Nemesis","floor":47,"turns":3},{"damage":31,"enemies":"Donu and Deca","floor":50,"turns":2}],"seed_played":"-4963218696060118885","potions_obtained":[{"floor":1,"key":"Explosive Potion"},{"floor":2,"key":"GamblersBrew"},{"floor":11,"key":"PowerPotion"},{"floor":13,"key":"GamblersBrew"},{"floor":14,"key":"DistilledChaos"},{"floor":16,"key":"ColorlessPotion"},{"floor":18,"key":"Strength Potion"},{"floor":21,"key":"StancePotion"},{"floor":23,"key":"SneckoOil"},{"floor":27,"key":"ColorlessPotion"},{"floor":30,"key":"DistilledChaos"},{"floor":39,"key":"Regen Potion"},{"floor":41,"key":"Weak Potion"}],"is_trial":false,"path_per_floor":["M","M","T","M","M","E","R","$","T","E","M","M","E","M","R","B",null,"M","$","?","M","?","E","R","E","T","M","M","R","E","M","R","B",null,"M","?","M","$","M","R","E","R","T","E","?","M","E","?","R","B"],"character_chosen":"WATCHER","items_purchased":["TeardropLocket","Sling"],"campfire_rested":1,"item_purchase_floors":[19,38],"current_hp_per_floor":[72,65,65,65,64,55,55,55,55,32,26,26,16,15,15,13,72,72,72,36,29,26,26,26,24,24,13,13,13,12,12,22,21,36,35,30,29,29,28,28,28,28,28,28,28,28,28,18,18,0,0],"gold":46,"neow_bonus":"BOSS_RELIC","is_daily":false,"chose_seed":false,"campfire_upgraded":5,"win_rate":0.0,"timestamp":1613840531,"path_taken":["M","M","?","?","M","E","R","$","T","E","M","?","E","M","R","BOSS","M","$","?","M","?","E","R","E","T","M","M","R","E","?","R","BOSS","M","?","M","$","M","R","E","R","T","E","?","M","E","?","R","BOSS"],"items_purchased_type":["Relic","Relic"],"build_version":"2020-12-22","purchased_purges":3,"victory":false,"max_hp_per_floor":[72,72,72,72,72,72,72,72,72,72,72,72,72,72,72,72,72,72,72,36,36,36,36,36,36,36,36,36,36,36,36,36,36,36,36,36,36,36,36,36,36,36,36,36,36,36,36,36,36,36,36],"relic_stats":{"Peace Pipe":1,"Centennial Puzzle":[21],"Torii":1,"counters":[28,110],"Kunai":[31],"Ginger":[10],"Whetstone":["Tantrum","Eruption"],"Boot":[44],"obtain_stats":[{"Torii":41,"Oddly Smooth Stone":3,"Ginger":13,"TeardropLocket":19,"Whetstone":26,"Empty Cage":0,"Boot":30,"Sling":38,"Peace Pipe":44,"SlaversCollar":17,"Runic Dome":34,"Centennial Puzzle":26,"Anchor":43,"Matryoshka":25,"Bag of Marbles":23,"Red Mask":45,"Kunai":6,"PureWater":0,"InkBottle":43,"Unceasing Top":47,"Pocketwatch":10},{"Torii":24,"Oddly Smooth Stone":2,"Ginger":9,"TeardropLocket":12,"Whetstone":15,"Empty Cage":0,"Boot":18,"Sling":22,"Peace Pipe":25,"SlaversCollar":11,"Runic Dome":20,"Centennial Puzzle":15,"Anchor":24,"Matryoshka":15,"Bag of Marbles":14,"Red Mask":25,"Kunai":5,"PureWater":0,"InkBottle":24,"Unceasing Top":27,"Pocketwatch":6},{"Torii":97,"Oddly Smooth Stone":7,"Ginger":36,"TeardropLocket":46,"Whetstone":63,"Empty Cage":0,"Boot":75,"Sling":89,"Peace Pipe":102,"SlaversCollar":43,"Runic Dome":82,"Centennial Puzzle":63,"Anchor":97,"Matryoshka":63,"Bag of Marbles":57,"Red Mask":102,"Kunai":18,"PureWater":0,"InkBottle":97,"Unceasing Top":108,"Pocketwatch":26}],"InkBottle":[9],"Unceasing Top":[0],"Pocketwatch":[44]},"card_choices":[{"not_picked":["EmptyBody","SashWhip"],"picked":"Adaptation","floor":1},{"not_picked":["PathToVictory","CrushJoints"],"picked":"Meditate","floor":2},{"not_picked":["ClearTheMind","CarveReality"],"picked":"ForeignInfluence","floor":4},{"not_picked":["Fasting2","WheelKick"],"picked":"LessonLearned","floor":5},{"not_picked":["PathToVictory","Study"],"picked":"FollowUp","floor":6},{"not_picked":["Consecrate","Evaluate","ReachHeaven"],"picked":"SKIP","floor":10},{"not_picked":["Protect","Wallop"],"picked":"WaveOfTheHand","floor":11},{"not_picked":["Vengeance","Halt"],"picked":"InnerPeace","floor":12},{"not_picked":["Alpha","EmptyMind"],"picked":"Halt","floor":13},{"not_picked":["ThirdEye","Swivel"],"picked":"Tantrum","floor":14},{"not_picked":["Evaluate","Halt"],"picked":"Sanctity+1","floor":18},{"not_picked":["SandsOfTime","SashWhip+1","EmptyMind"],"picked":"SKIP","floor":21},{"not_picked":["WreathOfFlame","FearNoEvil"],"picked":"Fasting2","floor":23},{"not_picked":["Nirvana","Evaluate","EmptyBody"],"picked":"SKIP","floor":25},{"not_picked":["WindmillStrike+1","Protect"],"picked":"Tantrum","floor":27},{"not_picked":["EmptyBody+1","FlyingSleeves"],"picked":"BowlingBash+1","floor":28},{"not_picked":["Sanctity","Protect","Worship"],"picked":"SKIP","floor":30},{"not_picked":["FlurryOfBlows","CarveReality"],"picked":"Adaptation","floor":31},{"not_picked":["Brilliance","Devotion"],"picked":"DeusExMachina","floor":33},{"not_picked":["FlurryOfBlows","CutThroughFate+1"],"picked":"MentalFortress+1","floor":35},{"not_picked":["PathToVictory+1","WheelKick"],"picked":"CutThroughFate+1","floor":37},{"not_picked":["PathToVictory+1","SashWhip"],"picked":"Halt+1","floor":39},{"not_picked":["DeceiveReality","Wallop","Fasting2"],"picked":"SKIP","floor":41},{"not_picked":["Fasting2","EmptyBody+1"],"picked":"EmptyFist","floor":44},{"not_picked":["ClearTheMind","Prostrate+1","Evaluate+1"],"picked":"SKIP","floor":46},{"not_picked":["Blasphemy","Indignation","Conclude"],"picked":"SKIP","floor":47},{"not_picked":["The Bomb","Magnetism"],"picked":"Secret Technique","floor":48},{"not_picked":["Mind Blast","The Bomb"],"picked":"Trip","floor":48}],"player_experience":2657671,"relics_obtained":[{"floor":3,"key":"Oddly Smooth Stone"},{"floor":6,"key":"Kunai"},{"floor":10,"key":"Pocketwatch"},{"floor":13,"key":"Ginger"},{"floor":23,"key":"Bag of Marbles"},{"floor":25,"key":"Matryoshka"},{"floor":26,"key":"Centennial Puzzle"},{"floor":26,"key":"Whetstone"},{"floor":30,"key":"Boot"},{"floor":41,"key":"Torii"},{"floor":43,"key":"Anchor"},{"floor":43,"key":"InkBottle"},{"floor":44,"key":"Peace Pipe"},{"floor":47,"key":"Unceasing Top"}],"event_choices":[{"damage_healed":0,"gold_gain":0,"player_choice":"Became a Ghost","damage_taken":0,"max_hp_gain":0,"max_hp_loss":36,"event_name":"Ghosts","floor":20,"gold_loss":0,"cards_obtained":["Ghostly","Ghostly","Ghostly","Ghostly","Ghostly"]},{"damage_healed":0,"gold_gain":75,"player_choice":"Touch","damage_taken":3,"max_hp_gain":0,"max_hp_loss":0,"event_name":"FaceTrader","floor":22,"gold_loss":0},{"damage_healed":0,"gold_gain":0,"player_choice":"Embrace Madness","damage_taken":5,"max_hp_gain":0,"max_hp_loss":0,"event_name":"Winding Halls","floor":36,"gold_loss":0,"cards_obtained":["Madness","Madness"]},{"damage_healed":0,"gold_gain":0,"player_choice":"Paid","damage_taken":0,"relics_obtained":["Red Mask"],"max_hp_gain":0,"max_hp_loss":0,"event_name":"Tomb of Lord Red Mask","floor":45,"gold_loss":145},{"damage_healed":0,"gold_gain":0,"player_choice":"Memory 3","damage_taken":10,"max_hp_gain":0,"max_hp_loss":0,"event_name":"SensoryStone","floor":48,"gold_loss":0}],"is_beta":false,"boss_relics":[{"not_picked":["Astrolabe","Busted Crown"],"picked":"SlaversCollar"},{"not_picked":["Black Star","SacredBark"],"picked":"Runic Dome"}],"items_purged_floors":[8,19,38],"is_endless":false,"potions_floor_spawned":[1,2,11,13,14,16,18,21,23,27,30,39,41,47],"killed_by":"Donu and Deca","ascension_level":4}}