{"host":"jsd6g3c2vo13e69c","time":1613824731,"event":{"mods":["2.2 Compatiblity","Act Like it!","BaseMod","Better Altar","Better Match","Better Note","Better Sensory Stone","Better Third Choice","BetterRewards","Colored Map","Colored Powertips","Conspire","Curses Come First","Dio Mod","Downfall","Friendly Minions","GifTheSpireLib","Googly Eyes","Gremlin Mod","Hermit","Hubris","Infinite Spire","Mad Scientist","Melee Mod","Minty Spire (QoL Compilation)","Nova Terra(??·??)","Permanent Neow","Quick Restart","Random Character Button","Replay The Spire","Shop Mod","Spire Arcade","StSLib","SuperFastMode","The Cursed","The Disciple","The Forsaken","The Jungle","TheHeartMod","[GremlinLeader]The Maniac","thorton"],"gold_per_floor":[99,111,130,144,162,162,189,212,224,247,273,296,308,320,343,355,355],"floor_reached":16,"language":"ENG","playtime":711,"items_purged":[],"score":98,"play_id":"6e8d655e-f666-43bb-bfc2-288be5389907","local_time":"20210220073851","is_ascension_mode":false,"campfire_choices":[{"data":"meleeMod_AmsahTech","floor":13,"key":"SMITH"}],"circlet_count":0,"master_deck":["meleeMod_Jab","meleeMod_Jab","meleeMod_Jab","meleeMod_Shield","meleeMod_Shield","meleeMod_Shield","meleeMod_NeutralAir","meleeMod_BackAir","meleeMod_RockCrock","meleeMod_FalconPunch","meleeMod_UpSmash","meleeMod_AmsahTech+1","meleeMod_UpAir","meleeMod_Gentleman","meleeMod_SoftKnee","meleeMod_DropZone","meleeMod_DownSmash","meleeMod_Gentleman","meleeMod_NoDI"],"relics":["meleeMod_LosersMang0","MawBank","hubris:Icosahedron"],"acts_visited":["Exordium"],"potions_floor_usage":[11,16],"damage_taken":[{"damage":2,"enemies":"conspire:RoseBush","floor":2,"turns":2},{"damage":1,"enemies":"2 Louse","floor":3,"turns":2},{"damage":0,"enemies":"Cultist","floor":4,"turns":2},{"damage":10,"enemies":"downfall:LooterAlt","floor":5,"turns":2},{"damage":3,"enemies":"Blue Slaver","floor":8,"turns":2},{"damage":0,"enemies":"2 Fungi Beasts","floor":10,"turns":2},{"damage":9,"enemies":"Exordium Wildlife","floor":11,"turns":3},{"damage":7,"enemies":"downfall:LooterAlt","floor":12,"turns":2},{"damage":20,"enemies":"Exordium Thugs","floor":15,"turns":3},{"damage":35,"enemies":"IC_STATUS_ARCHETYPE","floor":16,"turns":4}],"seed_played":"-2294359126813846783","potions_obtained":[{"floor":4,"key":"bronze:BurnAndBuffPotion"},{"floor":5,"key":"SpeedPotion"},{"floor":8,"key":"CultistPotion"},{"floor":15,"key":"Reflective Coating"}],"is_trial":false,"path_per_floor":["R_BF","M","M","M","M","?","T","M","?","M","M","M","R","?","M","B"],"character_chosen":"FALCON","items_purchased":[],"campfire_rested":0,"item_purchase_floors":[],"current_hp_per_floor":[85,83,82,82,72,72,72,69,69,69,60,53,53,53,33,0,0],"gold":355,"neow_bonus":"THREE_CARDS","is_daily":false,"chose_seed":false,"campfire_upgraded":1,"win_rate":0.0,"timestamp":1613824731,"path_taken":["R_BF","M","M","?","M","?","T","?","?","M","M","M","R","?","M","BOSS"],"items_purchased_type":[],"build_version":"2020-12-22","purchased_purges":0,"victory":false,"max_hp_per_floor":[85,85,85,85,85,85,85,85,85,85,85,85,85,85,85,85,85],"card_choices":[{"not_picked":["meleeMod_NoDI","meleeMod_BabActivated"],"picked":"meleeMod_RockCrock","floor":0},{"not_picked":["meleeMod_UpTilt","meleeMod_WaveLand"],"picked":"meleeMod_UpSmash","floor":2},{"not_picked":["meleeMod_FalconKick","meleeMod_UnclePunch"],"picked":"meleeMod_AmsahTech","floor":3},{"not_picked":["meleeMod_FireFlower","meleeMod_DownTilt"],"picked":"meleeMod_UpAir","floor":4},{"not_picked":["meleeMod_SweetSpot","meleeMod_WaveLand"],"picked":"meleeMod_Gentleman","floor":5},{"not_picked":["meleeMod_TeamAttackOn","meleeMod_ForwardSmash"],"picked":"meleeMod_SoftKnee","floor":8},{"not_picked":["meleeMod_Moonwalking","meleeMod_FalconDive"],"picked":"meleeMod_DropZone","floor":10},{"not_picked":["meleeMod_FalconKick","meleeMod_ShieldDrop"],"picked":"meleeMod_DownSmash","floor":11},{"not_picked":["meleeMod_UnclePunch","meleeMod_BackAir"],"picked":"meleeMod_Gentleman","floor":12},{"not_picked":["meleeMod_RaptorBoost","meleeMod_CrouchCancel"],"picked":"meleeMod_NoDI","floor":15}],"player_experience":383548,"relics_obtained":[{"floor":7,"key":"MawBank"}],"event_choices":[{"cards_removed":["meleeMod_Shield"],"damage_healed":0,"gold_gain":0,"player_choice":"Card Removal","damage_taken":0,"max_hp_gain":0,"max_hp_loss":0,"event_name":"Wheel of Change","floor":6,"gold_loss":0},{"damage_healed":0,"gold_gain":1,"player_choice":"1","damage_taken":0,"max_hp_gain":0,"max_hp_loss":0,"event_name":"betterStone:BetterStone","floor":9,"gold_loss":0}],"is_beta":false,"boss_relics":[],"items_purged_floors":[],"is_endless":false,"potions_floor_spawned":[4,5,8,15],"killed_by":"IC_STATUS_ARCHETYPE","ascension_level":0}}