{"host":"turdyikuxcak11ni","time":1613798305,"event":{"mods":["AchievementEnabler","BaseMod","Better Altar","Better Match","Better Note","Better Sensory Stone","Better Skull","Better Third Choice","Better Vampires","Colored Map","Conspire","Downfall","Hubris","Minty Spire (QoL Compilation)","Quick Restart","Relic Stats","Replay The Spire","Spicy Shops","StSLib","SuperFastMode"],"gold_per_floor":[360,360,372,372,385,416,416,441,441,441,93,93,105,5,5,105,105,125,125,125],"floor_reached":19,"language":"ENG","playtime":1199,"items_purged":["Strike_R","Strike_R"],"score":228,"play_id":"cbbe1b72-790a-403f-9ad7-4b90b8d7cd2b","local_time":"20210219211825","is_ascension_mode":true,"campfire_choices":[{"floor":10,"key":"REST"},{"data":"Thinking Ahead","floor":12,"key":"SMITH"},{"floor":15,"key":"REST"}],"circlet_count":0,"master_deck":["Strike_R","Strike_R","Strike_R","Defend_R","Defend_R","Defend_R","Bash","Rage","ReplayTheSpireMod:Strike From Hell+1","hubris:SharpeningStone","Thinking Ahead+1","Power Through","Headbutt"],"relics":["Burning Blood","hubris:IronBody","Gremlin Horn","conspire:GlowingRock","Matryoshka","BargainBundle","conspire:TreasureMap","conspire:SeveredTorchhead"],"acts_visited":["Exordium","TheCity"],"potions_floor_usage":[6,8,13,13,16],"damage_taken":[{"damage":1,"enemies":"2 Louse","floor":1,"turns":4},{"damage":7,"enemies":"Small Slimes","floor":3,"turns":4},{"damage":3,"enemies":"Jaw Worm","floor":5,"turns":4},{"damage":41,"enemies":"3 Sentries","floor":6,"turns":10},{"damage":24,"enemies":"Lagavulin","floor":8,"turns":6},{"damage":16,"enemies":"Exordium Thugs","floor":13,"turns":7},{"damage":54,"enemies":"The Guardian","floor":16,"turns":16},{"damage":21,"enemies":"Chosen","floor":18,"turns":6},{"damage":0,"enemies":"2 Thieves","floor":19,"turns":1}],"seed_played":"-2265056730015619735","potions_obtained":[{"floor":1,"key":"FairyPotion"},{"floor":5,"key":"Reflective Coating"},{"floor":6,"key":"hexamod:SoulburnPotion"},{"floor":18,"key":"HeartOfIron"}],"is_trial":false,"path_per_floor":["M","?","M","?","M","E","?","E","T","R","$","R","M","$","R","B",null,"M","M"],"character_chosen":"IRONCLAD","items_purchased":["BargainBundle","Thinking Ahead","Block Potion","DuplicationPotion","Dexterity Potion","conspire:TreasureMap","Power Through"],"campfire_rested":2,"item_purchase_floors":[11,11,11,11,11,11,11],"current_hp_per_floor":[56,49,48,48,51,16,16,30,30,54,54,54,44,44,68,20,65,50,50,50],"gold":125,"neow_bonus":"TWO_FIFTY_GOLD","is_daily":false,"chose_seed":false,"campfire_upgraded":1,"win_rate":0.0,"timestamp":1613798305,"path_taken":["M","?","M","?","M","E","?","E","T","R","$","R","?","?","R","BOSS","M","M"],"items_purchased_type":["Relic","Card","Potion","Potion","Potion","Relic","Card"],"build_version":"2020-12-22","purchased_purges":2,"victory":false,"max_hp_per_floor":[80,80,80,80,80,80,80,80,80,80,80,80,80,80,80,80,80,80,80,80],"relic_stats":{"Gremlin Horn":[1,1],"counters":[9,58],"obtain_stats":[{"conspire:SeveredTorchhead":17,"conspire:GlowingRock":8,"BargainBundle":11,"conspire:TreasureMap":11,"Matryoshka":9,"Gremlin Horn":7,"hubris:IronBody":6,"Burning Blood":0},{"conspire:SeveredTorchhead":7,"conspire:GlowingRock":5,"BargainBundle":5,"conspire:TreasureMap":5,"Matryoshka":5,"Gremlin Horn":4,"hubris:IronBody":4,"Burning Blood":0},{"conspire:SeveredTorchhead":51,"conspire:GlowingRock":28,"BargainBundle":28,"conspire:TreasureMap":28,"Matryoshka":28,"Gremlin Horn":22,"hubris:IronBody":22,"Burning Blood":0}],"Burning Blood":48},"card_choices":[{"not_picked":["Headbutt","Abandon"],"picked":"Rage","floor":1},{"not_picked":["Pommel Strike","Battle Trance"],"picked":"ReplayTheSpireMod:Strike From Hell","floor":3},{"not_picked":["Metallicize","ReplayTheSpireMod:Muscle Training","hubris:ReadiedAction"],"picked":"SKIP","floor":5},{"not_picked":["Iron Wave","Havoc"],"picked":"hubris:SharpeningStone","floor":6},{"not_picked":["Replay:Undeath\u0027s Touch","Disarm","Double Tap"],"picked":"SKIP","floor":8},{"not_picked":["Perfected Strike","ReplayTheSpireMod:Corrosion Curse"],"picked":"Headbutt","floor":13},{"not_picked":["Wild Strike","Rage+1","Headbutt"],"picked":"SKIP","floor":18}],"player_experience":247594,"relics_obtained":[{"floor":6,"key":"hubris:IronBody"},{"floor":7,"key":"Gremlin Horn"},{"floor":8,"key":"conspire:GlowingRock"},{"floor":9,"key":"Matryoshka"}],"event_choices":[{"cards_removed":["Defend_R"],"damage_healed":0,"gold_gain":0,"player_choice":"Card Removal","damage_taken":7,"max_hp_gain":0,"max_hp_loss":0,"event_name":"Golden Wing","floor":2,"gold_loss":0},{"damage_healed":0,"gold_gain":0,"player_choice":"Grow","damage_taken":0,"max_hp_gain":0,"max_hp_loss":0,"event_name":"Living Wall","floor":4,"gold_loss":0,"cards_upgraded":["ReplayTheSpireMod:Strike From Hell"]},{"damage_healed":0,"gold_gain":0,"player_choice":"Relic","damage_taken":0,"max_hp_gain":0,"max_hp_loss":0,"event_name":"Wheel of Change","floor":7,"gold_loss":0}],"is_beta":false,"boss_relics":[{"not_picked":["bronze:MakeshiftBattery","Ring of Chaos"],"picked":"conspire:SeveredTorchhead"}],"items_purged_floors":[11,14],"is_endless":false,"potions_floor_spawned":[1,5,6,18],"killed_by":"2 Thieves","ascension_level":6}}