{"host":"sfkslwp4t49i7lrt","time":1613823452,"event":{"mods":["100% Spire Juice","Act Like it!","BaseMod","Bestiary","Block Reminder","Downfall","Friendly Minions","Gensokyo","Highlight Path","Jorbs\u0027s Wanderer Trilogy","Lobotomy","Marisa????????","Minty Spire (QoL Compilation)","Relic Stats","Spire Arcade","StSLib","The Servant 0.9.4","Wide Potions","everything is the same but u backflip on backflip","slay the spire mod where everything is the same but ironclad has a cowboy hat"],"gold_per_floor":[271,371,383,396,396,421,421,455,478,478,299,311,280,280,280,378,378,396,396,396,408,618,648,648,683,683,683,696,54,65,65,65,163,163,174,174,174,187,187,201,220,247,270,270,270,289,289,289,289,289],"floor_reached":51,"language":"ENG","playtime":2526,"items_purged":["Strike_G","Strike_G"],"score":948,"play_id":"bb988616-b1dc-4ccf-b590-1a19b39223ce","local_time":"20210220191732","is_ascension_mode":false,"campfire_choices":[{"floor":7.0,"key":"REST"},{"data":"Bouncing Flask","floor":10.0,"key":"SMITH"},{"data":"Footwork","floor":15.0,"key":"SMITH"},{"data":"Well Laid Plans","floor":24.0,"key":"SMITH"},{"floor":27.0,"key":"REST"},{"floor":32.0,"key":"REST"},{"data":"Outmaneuver","floor":45,"key":"SMITH"},{"floor":47,"key":"REST"},{"floor":49,"key":"RECALL"}],"circlet_count":0,"master_deck":["Defend_G","Defend_G","Defend_G","Defend_G","Defend_G","Survivor","Neutralize","Poisoned Stab","Backflip","Sucker Punch","Skewer+1","Bouncing Flask+1","Footwork+1","Well Laid Plans+1","Acrobatics","Corpse Explosion","Flying Knee+1","Terror+1","Crippling Poison+1","Blade Dance+1","Dash+1","Outmaneuver+1","Bane+1","Adrenaline+1","Deflect","Escape Plan+1","Caltrops+1","Dagger Spray+1","Dodge and Roll+1"],"relics":["Ring of the Snake","Orichalcum","MealTicket","Snake Skull","Astrolabe","bronze:DecasWashers","Dream Catcher","Blue Candle","Akabeko","TwistedFunnel","Strawberry","Frozen Egg 2","expansioncontent:StudyCardRelic","Molten Egg 2"],"acts_visited":["Gensokyo:Gensokyo","Gensokyo:Gensokyoer","Gensokyo:Gensokyoest"],"potions_floor_usage":[50,50,51],"damage_taken":[{"damage":0.0,"enemies":"Gensokyo:Python","floor":1.0,"turns":4.0},{"damage":4.0,"enemies":"Gensokyo:Gryphon","floor":3.0,"turns":4.0},{"damage":5.0,"enemies":"Gensokyo:3_Fairies","floor":4.0,"turns":4.0},{"damage":41.0,"enemies":"Gensokyo:Aya","floor":6.0,"turns":10.0},{"damage":12.0,"enemies":"Gensokyo:Mamizou","floor":8.0,"turns":7.0},{"damage":13.0,"enemies":"Gensokyo:Python_and_Kodama","floor":12.0,"turns":4.0},{"damage":10.0,"enemies":"Gensokyo:Kokoro","floor":16.0,"turns":8.0},{"damage":6.0,"enemies":"Gensokyo:3_Dogs","floor":18.0,"turns":4.0},{"damage":8.0,"enemies":"Gensokyo:CosmicMonolith","floor":21.0,"turns":4.0},{"damage":9.0,"enemies":"Gensokyo:3_Gloops","floor":22.0,"turns":3.0},{"damage":14.0,"enemies":"Gensokyo:Reisen","floor":23.0,"turns":6.0},{"damage":34.0,"enemies":"Gensokyo:Koishi","floor":25.0,"turns":5.0},{"damage":11.0,"enemies":"Gensokyo:Monolith_and_Dog","floor":28.0,"turns":6.0},{"damage":28.0,"enemies":"Gensokyo:Slime_Group","floor":30.0,"turns":5.0},{"damage":39.0,"enemies":"Gensokyo:Kaguya","floor":33.0,"turns":14.0},{"damage":0.0,"enemies":"Gensokyo:3_Boulders","floor":35.0,"turns":2.0},{"damage":0.0,"enemies":"Gensokyo:3_Bats","floor":38.0,"turns":2.0},{"damage":16.0,"enemies":"Gensokyo:SeedOfUnknown","floor":40.0,"turns":4.0},{"damage":0.0,"enemies":"Gensokyo:3_Boulders","floor":41.0,"turns":1.0},{"damage":2,"enemies":"Gensokyo:Doremy","floor":42,"turns":5},{"damage":30,"enemies":"Gensokyo:Rafflesia","floor":46,"turns":6},{"damage":0,"enemies":"Gensokyo:Yuyuko","floor":50,"turns":9},{"damage":136,"enemies":"Malkuth","floor":51,"turns":14}],"seed_played":"6807001587544938301","potions_obtained":[{"floor":3.0,"key":"Strength Potion"},{"floor":6.0,"key":"PowerPotion"},{"floor":16.0,"key":"CunningPotion"},{"floor":28.0,"key":"BlessingOfTheForge"},{"floor":35.0,"key":"Strength Potion"},{"floor":41.0,"key":"DistilledChaos"}],"is_trial":false,"path_per_floor":["M","?","M","M","?","E","R","E","T","R","$","M","COS","?","R","B",null,"M","?","?","M","M","E","R","E","T","R","M","$","M","?","R","B",null,"M","?","?","M","?","M","M","E","T","?","R","M","R","?","R","B",null],"character_chosen":"THE_SILENT","items_purchased":["Well Laid Plans","Acrobatics","TwistedFunnel","Strawberry","Frozen Egg 2"],"campfire_rested":4,"item_purchase_floors":[11,11,29,29,29],"current_hp_per_floor":[70,70,66,61,61,20,41,29,29,29,44,31,31,38,38,28,77,71,71,76,68,59,45,45,11,11,33,22,44,16,16,40,1,83,83,83,83,83,83,67,67,65,65,65,65,35,59,59,59,59],"gold":289,"neow_bonus":"","is_daily":false,"chose_seed":false,"campfire_upgraded":4,"win_rate":0.0,"timestamp":1613823452,"path_taken":["M","?","M","M","?","E","R","E","T","R","$","?","COS","?","R","BOSS","M","?","?","?","M","E","R","E","T","R","M","$","M","?","R","BOSS","M","?","?","?","?","M","M","E","T","?","R","?","R","?","R","BOSS"],"items_purchased_type":["Card","Card","Relic","Relic","Relic"],"build_version":"2020-12-22","purchased_purges":2,"victory":true,"max_hp_per_floor":[70,70,70,70,70,70,70,70,70,70,70,70,70,77,77,77,77,77,71,76,76,76,76,76,76,76,76,76,83,83,83,83,83,83,83,83,83,83,83,83,83,83,83,83,83,83,83,83,83,83],"relic_stats":{"Dream Catcher":3,"counters":[24,137],"Astrolabe":["Flying Knee","Terror","Crippling Poison"],"Blue Candle":[0],"MealTicket":30,"Snake Skull":[126],"Orichalcum":[276],"obtain_stats":[{"TwistedFunnel":29,"Astrolabe":17,"bronze:DecasWashers":19,"Blue Candle":25,"Snake Skull":9,"expansioncontent:StudyCardRelic":34,"Orichalcum":6,"Frozen Egg 2":29,"Akabeko":26,"Frozen Eye":25,"CogitoBucket":0,"Dream Catcher":23,"Strawberry":29,"MealTicket":8,"Molten Egg 2":42,"Ring of the Snake":0},{"TwistedFunnel":13,"Astrolabe":7,"bronze:DecasWashers":8,"Blue Candle":12,"Snake Skull":5,"expansioncontent:StudyCardRelic":15,"Orichalcum":4,"Frozen Egg 2":13,"Akabeko":12,"Frozen Eye":11,"CogitoBucket":0,"Dream Catcher":11,"Strawberry":13,"MealTicket":5,"Molten Egg 2":20,"Ring of the Snake":0},{"TwistedFunnel":69,"Astrolabe":41,"bronze:DecasWashers":45,"Blue Candle":63,"Snake Skull":29,"expansioncontent:StudyCardRelic":88,"Orichalcum":22,"Frozen Egg 2":69,"Akabeko":63,"Frozen Eye":58,"CogitoBucket":0,"Dream Catcher":58,"Strawberry":69,"MealTicket":29,"Molten Egg 2":102,"Ring of the Snake":0}],"Ring of the Snake":[48]},"card_choices":[{"not_picked":["PiercingWail","Endless Agony"],"picked":"Poisoned Stab","floor":1.0},{"not_picked":["Deflect","Flying Knee"],"picked":"Backflip","floor":3.0},{"not_picked":["Outmaneuver","Deflect"],"picked":"Sucker Punch","floor":4.0},{"not_picked":["Wraith Form v2","Tactician"],"picked":"Bouncing Flask","floor":6.0},{"not_picked":["Finisher","Catalyst"],"picked":"Footwork","floor":8.0},{"not_picked":["Sucker Punch","Quick Slash","Eviscerate"],"picked":"SKIP","floor":12.0},{"not_picked":["Bullet Time","Night Terror"],"picked":"Corpse Explosion","floor":16.0},{"not_picked":["Dagger Throw","Quick Slash"],"picked":"Blade Dance+1","floor":18.0},{"not_picked":["Sucker Punch+1","PiercingWail"],"picked":"Dash+1","floor":21.0},{"not_picked":["Bouncing Flask","Poisoned Stab+1","Acrobatics"],"picked":"SKIP","floor":22.0},{"not_picked":["Wraith Form v2","Choke","Poisoned Stab"],"picked":"SKIP","floor":23.0},{"not_picked":["Masterful Stab+1","Flying Knee+1","Outmaneuver"],"picked":"SKIP","floor":25.0},{"not_picked":["Masterful Stab+1","Flying Knee+1"],"picked":"Outmaneuver","floor":25.0},{"not_picked":["Quick Slash","Riddle With Holes","Prepared"],"picked":"SKIP","floor":28.0},{"not_picked":["Poisoned Stab","PiercingWail+1","Underhanded Strike"],"picked":"SKIP","floor":30.0},{"not_picked":["Reflex","Calculated Gamble+1"],"picked":"Bane+1","floor":32.0},{"not_picked":["Night Terror","Doppelganger"],"picked":"Adrenaline","floor":33.0},{"not_picked":["Cloak And Dagger+1","Accuracy+1"],"picked":"Deflect","floor":35.0},{"not_picked":["Deadly Poison","Masterful Stab+1"],"picked":"Escape Plan+1","floor":38.0},{"not_picked":["Prepared+1","Distraction"],"picked":"Caltrops+1","floor":40.0},{"not_picked":["Dagger Throw+1","Underhanded Strike+1"],"picked":"Dagger Spray+1","floor":41.0},{"not_picked":["Endless Agony+1","Prepared+1"],"picked":"Dodge and Roll+1","floor":42},{"not_picked":["Dagger Spray+1","Quick Slash+1","Prepared"],"picked":"SKIP","floor":46}],"player_experience":482575,"relics_obtained":[{"floor":6.0,"key":"Orichalcum"},{"floor":8.0,"key":"MealTicket"},{"floor":9.0,"key":"Snake Skull"},{"floor":23.0,"key":"Dream Catcher"},{"floor":25.0,"key":"Blue Candle"},{"floor":26.0,"key":"Akabeko"},{"floor":42,"key":"Molten Egg 2"}],"event_choices":[],"is_beta":false,"boss_relics":[{"not_picked":["Tiny House","Velvet Choker"],"picked":"Astrolabe"},{"not_picked":["WristBlade","Pandora\u0027s Box"],"picked":"expansioncontent:StudyCardRelic"}],"items_purged_floors":[11,29],"is_endless":false,"potions_floor_spawned":[3,6,16,18,22,25,28,35,41,42,46],"ascension_level":0}}