{"host":"v0dnu0zs4qo0v13s","time":1613847375,"event":{"mods":["BaseMod","Colored Map","Colored Powertips","Minty Spire (QoL Compilation)","Relic Stats","StSLib","SuperFastMode","everything is the same but u backflip on backflip"],"gold_per_floor":[114,126,51,66,66,66,99,99,399,474,484,496,38,53,53,156,156,166,192,78,78,58,58,87,101,101,101,131,131,149,161,161,265,265,283,11,30,30,50,84,97,97,172,172,190,190,208,224,224,224],"floor_reached":51,"language":"ENG","playtime":4900,"items_purged":["Strike_B","Strike_B","Defend_B"],"score":1126,"play_id":"f367737c-c1b4-49f1-b2b7-6b282b8145b8","local_time":"20210220135615","is_ascension_mode":true,"campfire_choices":[{"data":"Coolheaded","floor":6.0,"key":"SMITH"},{"data":"Zap","floor":8.0,"key":"SMITH"},{"data":"Glacier","floor":15.0,"key":"SMITH"},{"data":"Ghostly","floor":23.0,"key":"SMITH"},{"floor":27.0,"key":"REST"},{"data":"Ghostly","floor":29.0,"key":"SMITH"},{"data":"Ghostly","floor":32.0,"key":"SMITH"},{"data":"Biased Cognition","floor":42,"key":"SMITH"},{"data":"Hologram","floor":44,"key":"SMITH"},{"data":"Defragment","floor":46,"key":"SMITH"},{"data":"Ghostly","floor":49,"key":"SMITH"}],"circlet_count":0,"master_deck":["AscendersBane","Strike_B","Strike_B","Defend_B","Defend_B","Zap+1","Dualcast","Leap","Ball Lightning","Coolheaded+1","Cold Snap","Turbo","Recycle","Glacier+1","Redo","Biased Cognition+1","BootSequence","Hologram+1","Defragment+1","Tempest","Ghostly+1","Ghostly+1","Ghostly+1","Ghostly+1","Ghostly","Glacier","Aggregate","Core Surge","Darkness+1","Ghostly+1","Beam Cell","Reinforced Body+1","BootSequence+1"],"relics":["Busted Crown","Unceasing Top","Old Coin","Runic Capacitor","Runic Pyramid","Red Mask","Regal Pillow","Ornamental Fan","Strawberry","Coffee Dripper","DollysMirror","Matryoshka","Gremlin Horn","Molten Egg 2"],"acts_visited":["Exordium","TheCity","TheBeyond"],"potions_floor_usage":[],"damage_taken":[{"damage":0.0,"enemies":"2 Louse","floor":1.0,"turns":4.0},{"damage":0.0,"enemies":"Small Slimes","floor":2.0,"turns":3.0},{"damage":2.0,"enemies":"Jaw Worm","floor":4.0,"turns":3.0},{"damage":5.0,"enemies":"Lagavulin","floor":7.0,"turns":7.0},{"damage":1.0,"enemies":"Blue Slaver","floor":11.0,"turns":4.0},{"damage":1.0,"enemies":"Large Slime","floor":12.0,"turns":6.0},{"damage":7.0,"enemies":"Red Slaver","floor":14.0,"turns":4.0},{"damage":11.0,"enemies":"The Guardian","floor":16.0,"turns":12.0},{"damage":2.0,"enemies":"Chosen","floor":18.0,"turns":7.0},{"damage":29.0,"enemies":"Masked Bandits","floor":19.0,"turns":6.0},{"damage":29.0,"enemies":"Gremlin Leader","floor":24.0,"turns":9.0},{"damage":1.0,"enemies":"Shell Parasite","floor":25.0,"turns":5.0},{"damage":0.0,"enemies":"Book of Stabbing","floor":28.0,"turns":8.0},{"damage":1.0,"enemies":"Centurion and Healer","floor":30.0,"turns":8.0},{"damage":0.0,"enemies":"Cultist and Chosen","floor":31.0,"turns":7.0},{"damage":26.0,"enemies":"Champ","floor":33.0,"turns":19.0},{"damage":0.0,"enemies":"3 Shapes","floor":35.0,"turns":6.0},{"damage":0.0,"enemies":"Orb Walker","floor":37.0,"turns":6.0},{"damage":0,"enemies":"Sphere and 2 Shapes","floor":39,"turns":5},{"damage":34,"enemies":"Reptomancer","floor":40,"turns":8},{"damage":3,"enemies":"Jaw Worm Horde","floor":41,"turns":7},{"damage":0,"enemies":"Writhing Mass","floor":45,"turns":6},{"damage":0,"enemies":"3 Darklings","floor":47,"turns":8},{"damage":0,"enemies":"Sphere and 2 Shapes","floor":48,"turns":5},{"damage":55,"enemies":"Time Eater","floor":50,"turns":14}],"seed_played":"3411992472173429457","potions_obtained":[{"floor":2.0,"key":"SkillPotion"},{"floor":4.0,"key":"Explosive Potion"},{"floor":11.0,"key":"PowerPotion"},{"floor":22.0,"key":"EssenceOfDarkness"},{"floor":25.0,"key":"Energy Potion"},{"floor":31.0,"key":"FairyPotion"}],"is_trial":false,"path_per_floor":["M","M","$","M","?","R","E","R","T","?","M","M","$","M","R","B",null,"M","?","$","?","?","R","E","M","T","R","E","R","M","M","R","B",null,"M","$","M","?","M","E","M","R","T","R","M","R","M","M","R","B",null],"character_chosen":"DEFECT","items_purchased":["Recycle","Glacier","FairyPotion","Runic Capacitor","Defragment","Tempest","DollysMirror"],"campfire_rested":1,"item_purchase_floors":[13,13,13,13,20,20,36],"current_hp_per_floor":[68,68,68,66,71,71,66,66,66,55,54,53,53,46,46,35,69,67,38,38,38,38,38,9,8,8,35,42,42,41,41,41,15,39,39,39,39,39,39,5,2,2,2,2,2,2,2,2,2,14],"gold":224,"neow_bonus":"BOSS_RELIC","is_daily":false,"chose_seed":false,"campfire_upgraded":10,"win_rate":0.0,"timestamp":1613847375,"path_taken":["M","M","$","M","?","R","E","R","T","?","M","M","$","M","R","BOSS","M","?","$","?","?","R","E","M","T","R","E","R","?","M","R","BOSS","M","$","M","?","M","E","M","R","T","R","M","R","M","M","R","BOSS"],"items_purchased_type":["Card","Card","Potion","Relic","Card","Card","Relic"],"build_version":"2020-12-22","purchased_purges":3,"victory":true,"max_hp_per_floor":[75,75,75,75,80,80,80,80,80,80,80,80,80,80,80,80,80,80,80,80,40,40,40,40,40,40,40,47,47,47,47,47,47,47,47,47,47,47,47,47,47,47,47,47,47,47,47,47,47,47],"relic_stats":{"Regal Pillow":15,"Busted Crown":48,"Gremlin Horn":[4,4],"counters":[25,177],"Ornamental Fan":[16],"obtain_stats":[{"Regal Pillow":24,"Gremlin Horn":43,"Runic Capacitor":13,"Old Coin":9,"Busted Crown":0,"Matryoshka":40,"Ornamental Fan":26,"DollysMirror":36,"Strawberry":28,"Molten Egg 2":43,"Red Mask":19,"Coffee Dripper":34,"Cracked Core":0,"Unceasing Top":7,"Runic Pyramid":17},{"Regal Pillow":11,"Gremlin Horn":21,"Runic Capacitor":6,"Old Coin":4,"Busted Crown":0,"Matryoshka":20,"Ornamental Fan":12,"DollysMirror":17,"Strawberry":13,"Molten Egg 2":21,"Red Mask":10,"Coffee Dripper":16,"Cracked Core":0,"Unceasing Top":4,"Runic Pyramid":8},{"Regal Pillow":65,"Gremlin Horn":144,"Runic Capacitor":27,"Old Coin":17,"Busted Crown":0,"Matryoshka":137,"Ornamental Fan":70,"DollysMirror":118,"Strawberry":78,"Molten Egg 2":144,"Red Mask":56,"Coffee Dripper":112,"Cracked Core":0,"Unceasing Top":17,"Runic Pyramid":43}],"Unceasing Top":[15]},"card_choices":[{"not_picked":[],"picked":"Leap","floor":1.0},{"not_picked":[],"picked":"Ball Lightning","floor":2.0},{"not_picked":[],"picked":"Coolheaded","floor":4.0},{"not_picked":[],"picked":"Cold Snap","floor":7.0},{"not_picked":[],"picked":"Turbo","floor":11.0},{"not_picked":["Steam Power"],"picked":"SKIP","floor":12.0},{"not_picked":[],"picked":"Redo","floor":14.0},{"not_picked":[],"picked":"Biased Cognition","floor":16.0},{"not_picked":[],"picked":"BootSequence","floor":18.0},{"not_picked":[],"picked":"Hologram","floor":19.0},{"not_picked":[],"picked":"Glacier","floor":24.0},{"not_picked":["Gash+1"],"picked":"SKIP","floor":25.0},{"not_picked":[],"picked":"Aggregate","floor":28.0},{"not_picked":["Beam Cell"],"picked":"SKIP","floor":30.0},{"not_picked":["Go for the Eyes"],"picked":"SKIP","floor":31.0},{"not_picked":[],"picked":"Core Surge","floor":33.0},{"not_picked":[],"picked":"Darkness+1","floor":35.0},{"not_picked":["Redo"],"picked":"SKIP","floor":37.0},{"not_picked":["Compile Driver+1"],"picked":"SKIP","floor":39},{"not_picked":[],"picked":"Reinforced Body+1","floor":40},{"not_picked":["Genetic Algorithm"],"picked":"SKIP","floor":41},{"not_picked":["Steam Power"],"picked":"SKIP","floor":45},{"not_picked":[],"picked":"BootSequence+1","floor":47},{"not_picked":["Gash+1"],"picked":"SKIP","floor":48}],"player_experience":742167,"relics_obtained":[{"floor":7.0,"key":"Unceasing Top"},{"floor":9.0,"key":"Old Coin"},{"floor":19.0,"key":"Red Mask"},{"floor":24.0,"key":"Regal Pillow"},{"floor":26.0,"key":"Ornamental Fan"},{"floor":28.0,"key":"Strawberry"},{"floor":40,"key":"Matryoshka"},{"floor":43,"key":"Gremlin Horn"},{"floor":43,"key":"Molten Egg 2"}],"event_choices":[{"damage_healed":0.0,"max_hp_gain":5.0,"max_hp_loss":0.0,"gold_gain":0.0,"event_name":"Big Fish","player_choice":"Donut","floor":5.0,"gold_loss":0.0,"damage_taken":0.0},{"damage_healed":0.0,"max_hp_gain":0.0,"max_hp_loss":0.0,"gold_gain":75.0,"event_name":"World of Goop","player_choice":"Gather Gold","floor":10.0,"gold_loss":0.0,"damage_taken":11.0},{"damage_healed":0.0,"max_hp_gain":0.0,"max_hp_loss":0.0,"gold_gain":0.0,"event_name":"Masked Bandits","player_choice":"Fought Bandits","floor":19.0,"gold_loss":0.0,"damage_taken":0.0},{"damage_healed":0.0,"max_hp_gain":0.0,"max_hp_loss":40.0,"gold_gain":0.0,"event_name":"Ghosts","player_choice":"Became a Ghost","floor":21.0,"gold_loss":0.0,"damage_taken":0.0,"cards_obtained":["Ghostly","Ghostly","Ghostly","Ghostly","Ghostly"]},{"damage_healed":0.0,"max_hp_gain":0.0,"max_hp_loss":0.0,"gold_gain":0.0,"event_name":"The Woman in Blue","player_choice":"Bought 1 Potion","floor":22.0,"gold_loss":0.0,"damage_taken":0.0},{"damage_healed":0.0,"max_hp_gain":0.0,"max_hp_loss":0.0,"gold_gain":0.0,"cards_transformed":["Defend_B"],"event_name":"Transmorgrifier","player_choice":"Transformed","floor":38.0,"gold_loss":0.0,"damage_taken":0.0,"cards_obtained":["Beam Cell"]}],"is_beta":false,"boss_relics":[{"not_picked":["Empty Cage","Calling Bell"],"picked":"Runic Pyramid"},{"not_picked":["Snecko Eye","Runic Dome"],"picked":"Coffee Dripper"}],"items_purged_floors":[3,13,36],"is_endless":false,"potions_floor_spawned":[2,4,11,25,30,31,33,35,39,41,45,48],"ascension_level":11}}