{"host":"1zulhgfop6judopi","time":1613785910,"event":{"mods":["2.2 Compatiblity","Act Like it!","Aspiration","BaseMod","Beaked The Cultist","Better Altar","Better Match","Better Note","Better Sensory Stone","Better Skull","Better Synergies","Better Third Choice","Card Forge","Communication Mod","Conspire","Defuse TimeMaze Blight","Displayed Cursed Tome","Downfall","Elementarium","Friendly Minions","GifTheSpireLib","GungeonMod","Halation","HexUI Lib","Hubris","Humility","Hyrulean Relics","Infinite Spire","Ironclad Rager","Marked Mod","Menagerie","Minty Spire (QoL Compilation)","MostiFishMod","Quick Restart","Relic Filter","Relic Sorter","Replay The Spire","SacredBarkPlus","Small Relic Pack","Spicy Shops","Spikes Relics","Spire Exporter","StSLib","Stuff the Spire","Synergy Search","The Bladedancer","The Blue Laboratory","Trackpad","Transform Curses","Uncapped","UnlockEverythingMod","Virulent Crown"],"gold_per_floor":[99,117,131,131,144,244,317,331,131,131,131,144,144,0,14,115,115,115,128,128,148,248,248,248,275,44,44,44,54,54,64,82,178,178,178,198,208,281,348,398,398,398],"floor_reached":40,"language":"ENG","playtime":2060,"items_purged":[],"score":443,"play_id":"57bead28-568f-4280-bd19-9cae8e6ace14","local_time":"20210219205150","is_ascension_mode":true,"campfire_choices":[{"floor":1.0,"key":"RECALL"},{"data":"Slimebound:Split","floor":9.0,"key":"SMITH"},{"data":"Slimebound:SplitBruiser","floor":13.0,"key":"SMITH"},{"data":"Slimebound:MinionMaster","floor":18.0,"key":"SMITH"},{"data":"Slimebound:SplitAcid","floor":23.0,"key":"SMITH"},{"data":"Slimebound:LeadByExample","floor":30.0,"key":"SMITH"},{"data":"Slimebound:SlimeSlap","floor":35.0,"key":"SMITH"}],"circlet_count":0,"master_deck":["Slimebound:Strike_Slimebound","Slimebound:Strike_Slimebound","Slimebound:Strike_Slimebound","Slimebound:Tackle","Slimebound:Defend_Slimebound","Slimebound:Defend_Slimebound","Slimebound:Defend_Slimebound","Slimebound:Defend_Slimebound","Slimebound:Split+1","Slimebound:CorrosiveSpit","Slimebound:MegaLick","Slimebound:Nibble","StuffTheSpire:CuriosityCurse","Slimebound:SplitBruiser+1","Slimebound:SamplingLick","Slimebound:SplitAcid+1","Slimebound:RainOfGoop","Slimebound:SplitMire","Slimebound:Schlurp","Slimebound:SplitLeeching","Slimebound:MinionMaster+1","Slimebound:ComboTackle","Slimebound:LeadByExample+1","Slimebound:FlameTackle+1","Slimebound:GoopSpray","Slimebound:Equalize","ReplayTheSpireMod:Haul","Slimebound:Chomp","Slimebound:SplitAcid+1","Slimebound:Repurpose","Slimebound:SlimeSlap+1","Slimebound:ViciousTackle+1"],"relics":["Slimebound:AbsorbEndCombat","Hammer of Thor","Seething Fire","Anvil of the Gods","DaveBox","EGODaCapo","Happy Flower","White Beast Statue","downfall:HeartBlessingRed","downfall:HeartBlessingBlue","hubris:Towel","Blue Candle","halation:LostSnail","RhineSuit","StuffTheSpire:MayFlowers","RoseTintedShades","halation:Sosunser","halation:PurpleSoulGem","relicPack:KazumaCape","hubris:SlimyHat","Sandwich","DemoMod:GlassGuonStoneRelic","infinitespire:Broken Mirror"],"acts_visited":["Exordium","TheCity","TheBeyond"],"potions_floor_usage":[37],"damage_taken":[{"damage":18.0,"enemies":"Jaw Worm","floor":2.0,"turns":5.0},{"damage":0.0,"enemies":"Cultist","floor":3.0,"turns":3.0},{"damage":3.0,"enemies":"Small Slimes","floor":5.0,"turns":3.0},{"damage":15.0,"enemies":"downfall:LadyInBlue","floor":6.0,"turns":11.0},{"damage":1.0,"enemies":"Blue Slaver","floor":8.0,"turns":2.0},{"damage":2.0,"enemies":"downfall:LooterAlt","floor":12.0,"turns":3.0},{"damage":2.0,"enemies":"downfall:FleeingMerchant","floor":14.0,"turns":4.0},{"damage":3.0,"enemies":"conspire:2 RoseBushes","floor":15.0,"turns":2.0},{"damage":7.0,"enemies":"SI_SHIV_ARCHETYPE","floor":16.0,"turns":5.0},{"damage":19.0,"enemies":"downfall:LooterAlt2","floor":19.0,"turns":3.0},{"damage":0.0,"enemies":"Chosen","floor":21.0,"turns":3.0},{"damage":3.0,"enemies":"Replay:Snechameleon","floor":25.0,"turns":4.0},{"damage":5.0,"enemies":"downfall:FleeingMerchant","floor":26.0,"turns":4.0},{"damage":23.0,"enemies":"Shelled Parasite and Fungi","floor":29.0,"turns":4.0},{"damage":9.0,"enemies":"Chosen and Byrds","floor":31.0,"turns":4.0},{"damage":2.0,"enemies":"Sentry and Sphere","floor":32.0,"turns":4.0},{"damage":31.0,"enemies":"DF_ARCHETYPE_CLAW","floor":33.0,"turns":7.0},{"damage":16.0,"enemies":"3 Darklings","floor":36.0,"turns":5.0},{"damage":1,"enemies":"Orb Walker","floor":37,"turns":2},{"damage":5,"enemies":"4 Shapes","floor":39,"turns":2},{"damage":0,"enemies":"Maw","floor":40,"turns":1}],"seed_played":"-8361037375790020901","potions_obtained":[{"floor":2.0,"key":"AttackPotion"},{"floor":3.0,"key":"ColorlessPotion"},{"floor":6.0,"key":"blueLaboratory:StoneskinPotion"},{"floor":6.0,"key":"Slimebound:ThreeZeroPotion"},{"floor":6.0,"key":"LiquidMemories"},{"floor":8.0,"key":"Regen Potion"},{"floor":12.0,"key":"Milkshake"},{"floor":14.0,"key":"SteroidPotion"},{"floor":15.0,"key":"blueLaboratory:PhilterOfMotion"},{"floor":16.0,"key":"champ:CounterPotion"},{"floor":19.0,"key":"PowerPotion"},{"floor":21.0,"key":"Dexterity Potion"},{"floor":33.0,"key":"blueLaboratory:Moonshine"},{"floor":36.0,"key":"Swift Potion"},{"floor":37,"key":"blueLaboratory:FrostheartPotion"}],"is_trial":false,"path_per_floor":["R","M","M","?","M","?","T","M","R","?","?","M","R","$","M","B",null,"R","M","?","M","?","R","T","E","$","?","AVR","M","R","M","M","B",null,"R","M","M","?","M","M"],"character_chosen":"SLIMEBOUND","items_purchased":["halation:LostSnail","Slimebound:Schlurp","halation:Sosunser","Slimebound:Equalize"],"campfire_rested":0,"item_purchase_floors":[14,14,26,26],"current_hp_per_floor":[71,55,59,59,60,53,53,56,66,66,61,61,61,72,75,74,81,81,66,66,70,70,70,70,75,74,74,74,65,65,60,64,46,81,81,73,76,76,81,81,81,81],"gold":398,"neow_bonus":"TEN_PERCENT_HP_BONUS","is_daily":false,"chose_seed":false,"campfire_upgraded":6,"win_rate":0.0,"timestamp":1613785910,"path_taken":["R","M","M","?","M","?","T","?","R","?","?","M","R","$","M","BOSS","R","M","?","M","?","R","T","E","$","?","AVR","M","R","?","M","BOSS","R","M","M","?","M","M"],"items_purchased_type":["Relic","Card","Relic","Card"],"build_version":"2020-12-22","purchased_purges":0,"victory":false,"max_hp_per_floor":[71,71,71,71,71,71,71,71,81,81,81,81,81,81,81,81,81,81,81,81,81,81,81,81,81,81,81,81,81,81,81,81,81,81,81,81,81,81,81,81,81,81],"card_choices":[{"not_picked":["Slimebound:SplitBruiser","Slimebound:ItLooksTasty"],"picked":"Slimebound:MegaLick","floor":2.0},{"not_picked":["Slimebound:ViciousTackle","Slimebound:Grow"],"picked":"Slimebound:Nibble","floor":3.0},{"not_picked":["Slimebound:FinishingTackle","Slimebound:FormOfPuddle"],"picked":"Slimebound:SplitBruiser","floor":5.0},{"not_picked":["Slimebound:LeechEnergy","Slimebound:ForwardTackle"],"picked":"Slimebound:SamplingLick","floor":6.0},{"not_picked":["Slimebound:SplitLeeching","Slimebound:RejuvenatingLick"],"picked":"Slimebound:SplitAcid","floor":8.0},{"not_picked":["Slimebound:RollThrough","Slimebound:Replication"],"picked":"Slimebound:RainOfGoop","floor":12.0},{"not_picked":["Slimebound:RollThrough","Slimebound:SpikyOuterGoop"],"picked":"Slimebound:SplitMire","floor":14.0},{"not_picked":["Slimebound:LeechingTouch","Slimebound:Prepare"],"picked":"Slimebound:SplitLeeching","floor":15.0},{"not_picked":["Slimebound:DuplicatedForm","Slimebound:OneTwoCombo"],"picked":"Slimebound:MinionMaster","floor":16.0},{"not_picked":["Slimebound:GoopTackle","Slimebound:SplitLeeching"],"picked":"Slimebound:ComboTackle","floor":19.0},{"not_picked":["Slimebound:RollThrough+1","Slimebound:MegaLick"],"picked":"Slimebound:LeadByExample","floor":21.0},{"not_picked":["Slimebound:RainOfGoop","Slimebound:Gluttony"],"picked":"Slimebound:FlameTackle+1","floor":25.0},{"not_picked":["Slimebound:ItLooksTasty","Slimebound:Gluttony"],"picked":"Slimebound:GoopSpray","floor":26.0},{"not_picked":["Slimebound:SplitBruiser","Slimebound:LivingWall"],"picked":"Slimebound:Chomp","floor":29.0},{"not_picked":["Slimebound:SplitBruiser","Slimebound:FirmFortitude"],"picked":"Slimebound:SplitAcid+1","floor":31.0},{"not_picked":["Slimebound:Dissolve+1","Slimebound:LevelUp"],"picked":"Slimebound:Repurpose","floor":32.0},{"not_picked":["Slimebound:PrepareCrush","Slimebound:DuplicatedForm"],"picked":"Slimebound:SlimeSlap","floor":33.0},{"not_picked":["Slimebound:WasteNot","Slimebound:ComboTackle"],"picked":"Slimebound:ViciousTackle+1","floor":36.0},{"not_picked":["Slimebound:ForwardTackle+1","Slimebound:ItLooksTasty+1","Slimebound:ComboTackle+1"],"picked":"SKIP","floor":37},{"not_picked":["Slimebound:SplitLeeching+1","Slimebound:Replication+1","Slimebound:HauntingLick+1"],"picked":"SKIP","floor":39}],"player_experience":205222,"relics_obtained":[{"floor":6.0,"key":"White Beast Statue"},{"floor":24.0,"key":"StuffTheSpire:MayFlowers"},{"floor":25.0,"key":"RoseTintedShades"},{"floor":38,"key":"infinitespire:Broken Mirror"}],"event_choices":[{"cards_removed":["Slimebound:Split"],"damage_healed":0.0,"max_hp_gain":0.0,"max_hp_loss":0.0,"gold_gain":0.0,"event_name":"betterNote:BetterNote","player_choice":"Give","floor":20.0,"gold_loss":0.0,"damage_taken":0.0,"cards_obtained":["None"]}],"is_beta":false,"boss_relics":[{"not_picked":["JellyFishMachine","Transparent"],"picked":"RhineSuit"},{"not_picked":["Replay:Ancient Bell","OneHitWonderSystem"],"picked":"Sandwich"}],"items_purged_floors":[],"is_endless":false,"potions_floor_spawned":[2,3,6,8,12,14,15,16,19,21,25,26,29,31,32,33,36,37,39],"killed_by":"Maw","ascension_level":1,"is_humility":true}}