{"host":"Aki","time":1613837277,"event":{"mods":["ATMod(°¢èªMod)","Act Like it!","BaseMod","Better Vampires","Challenge The Spire","Colored Powertips","Custom Start","Energized Spire","Minty Spire (QoL Compilation)","MostiFishMod","Quick Restart","StSLib","Waifu the Spire","Youmu£¨»êÆÇÑýÃÎ£©","noobMod","¡¾ÒÅÎï¿¨ÅÆ¡¿REMEMod"],"gold_per_floor":[159,169,183,194,119,146,161,161,161,195,195,223,235,255,255,354,354,371,371,286,211,211,241,98,98,122,149,168,168,193,203,203,302,302,321,341,361,371,386,418,-1298,-1283,-1260,-1226,-1226,-1196,-1182,-1068,-1068,-1018,-1018,-1018,-1018,-937,-912],"floor_reached":56,"language":"ZHS","playtime":1434,"items_purged":["Defend_P","Defend_P"],"score":2301,"play_id":"f7458f64-b9cb-4253-9ea8-08235326b859","local_time":"20210221000757","is_ascension_mode":true,"campfire_choices":[{"data":"REME_HeartOfCthun","floor":11.0,"key":"SMITH"},{"data":"BowlingBash","floor":15.0,"key":"SMITH"},{"data":"DeusExMachina","floor":32.0,"key":"SMITH"},{"data":"WheelKick","floor":45.0,"key":"SMITH"},{"floor":49.0,"key":"RECALL"},{"data":"MostiFishMod:FlowState","floor":52.0,"key":"SMITH"}],"circlet_count":0,"master_deck":["Strike_P+1","Strike_P+1","Strike_P+1","Defend_P+1","Eruption+1","Vigilance+1","REME_HeartOfCthun+1","BowlingBash+1","LessonLearned+1","Collect+1","DeusExMachina+1","MostiFishMod:Nomercy+1","MostiFishMod:FlowState+1","EmptyMind+1","Swivel","Adaptation+1","WheelKick+1"],"relics":["ice","AT_ATBox","REME_ComplimentaryCards","DaveBox","RhineCircuit","Tiny House","SynthV:TestCard","AT_RedNoBalance","Bag of Preparation","Anchor","Singing Bowl","AT_GuinsooRageblade","ExusiaiGun","Meat on the Bone","InkBottle","Chemical X","Unceasing Top","AT_SunfireAegis","energizedSpire:StickyHand","Akabeko","Lantern","SynthV:MejaisSoulstealer","AT_EbonyIvory","Ancient Tea Set","AT_BellDemon","AT_MibuBalloonWealth","HollowDreamFlower","Whetstone"],"acts_visited":["Exordium","TheCity","TheBeyond","TheEnding"],"potions_floor_usage":[55,55],"damage_taken":[{"damage":0.0,"enemies":"Cultist","floor":1.0,"turns":2.0},{"damage":0.0,"enemies":"Small Slimes","floor":2.0,"turns":1.0},{"damage":0.0,"enemies":"Jaw Worm","floor":3.0,"turns":2.0},{"damage":0.0,"enemies":"Large Slime","floor":4.0,"turns":3.0},{"damage":0.0,"enemies":"3 Sentries","floor":6.0,"turns":2.0},{"damage":0.0,"enemies":"Looter","floor":7.0,"turns":2.0},{"damage":6.0,"enemies":"Lagavulin","floor":10.0,"turns":4.0},{"damage":0.0,"enemies":"Gremlin Nob","floor":12.0,"turns":2.0},{"damage":0.0,"enemies":"3 Louse","floor":13.0,"turns":2.0},{"damage":0.0,"enemies":"2 Fungi Beasts","floor":14.0,"turns":2.0},{"damage":0.0,"enemies":"Slime Boss","floor":16.0,"turns":5.0},{"damage":2.0,"enemies":"2 Thieves","floor":18.0,"turns":1.0},{"damage":0.0,"enemies":"Gremlin Leader","floor":23.0,"turns":1.0},{"damage":1.0,"enemies":"Book of Stabbing","floor":27.0,"turns":1.0},{"damage":2.0,"enemies":"3 Byrds","floor":28.0,"turns":1.0},{"damage":0.0,"enemies":"Gremlin Leader","floor":30.0,"turns":1.0},{"damage":0.0,"enemies":"Cultist and Chosen","floor":31.0,"turns":1.0},{"damage":0.0,"enemies":"Collector","floor":33.0,"turns":2.0},{"damage":3.0,"enemies":"3 Darklings","floor":35.0,"turns":1.0},{"damage":1.0,"enemies":"Orb Walker","floor":36.0,"turns":1.0},{"damage":1.0,"enemies":"Jaw Worm Horde","floor":37.0,"turns":1.0},{"damage":2.0,"enemies":"Maw","floor":38.0,"turns":1.0},{"damage":10.0,"enemies":"Writhing Mass","floor":39.0,"turns":2.0},{"damage":0.0,"enemies":"Nemesis","floor":40.0,"turns":1.0},{"damage":2.0,"enemies":"Spire Growth","floor":42.0,"turns":1.0},{"damage":0.0,"enemies":"Reptomancer","floor":44.0,"turns":1.0},{"damage":0.0,"enemies":"Giant Head","floor":46.0,"turns":1.0},{"damage":0.0,"enemies":"3 Darklings","floor":47.0,"turns":1.0},{"damage":0.0,"enemies":"4 Shapes","floor":48.0,"turns":1.0},{"damage":0.0,"enemies":"Donu and Deca","floor":50.0,"turns":1.0},{"damage":0.0,"enemies":"Shield and Spear","floor":54.0,"turns":1.0},{"damage":62,"enemies":"The Heart","floor":55,"turns":3}],"seed_played":"3614600330404642524","potions_obtained":[{"floor":0.0,"key":"Block Potion"},{"floor":4.0,"key":"LiquidMemories"},{"floor":6.0,"key":"Ambrosia"},{"floor":10.0,"key":"Strength Potion"},{"floor":12.0,"key":"Energy Potion"},{"floor":39.0,"key":"FearPotion"},{"floor":47.0,"key":"GamblersBrew"}],"is_trial":false,"path_per_floor":["M","M","M","M","$","E","M","?","T","E","R","E","M","M","R","B",null,"M","?","?","?","?","E","$","?","T","E","M","?","E","M","R","B",null,"M","M","M","M","M","E","$","M","T","E","R","E","M","M","R","B",null,"R","$","E","B",null],"character_chosen":"WATCHER","items_purchased":["Chemical X","Lantern","MostiFishMod:Nomercy","SynthV:MejaisSoulstealer"],"campfire_rested":0,"item_purchase_floors":[24,41,41,41],"current_hp_per_floor":[77,77,77,77,77,77,38,38,38,34,34,41,42,43,43,44,76,43,43,43,43,43,55,55,55,55,56,56,56,56,58,58,60,88,87,88,89,89,81,83,83,83,83,83,83,85,87,89,89,93,111,111,111,117,69],"gold":-912,"neow_bonus":"BOSS_RELIC","is_daily":false,"chose_seed":false,"campfire_upgraded":5,"win_rate":0.0,"timestamp":1613837277,"path_taken":["M","M","?","M","$","E","M","?","T","E","R","E","?","M","R","BOSS","M","?","?","?","?","E","?","?","T","E","M","?","E","M","R","BOSS","M","M","M","M","M","E","$","M","T","E","R","E","M","?","R","BOSS","R","$","E","BOSS"],"items_purchased_type":["Relic","Relic","Card","Relic"],"build_version":"2020-12-18","purchased_purges":2,"victory":true,"max_hp_per_floor":[77,77,77,77,77,77,77,77,77,79,79,81,83,85,85,87,87,89,89,89,89,89,89,89,89,89,91,93,93,93,95,95,97,97,99,101,103,105,107,109,109,111,111,111,111,113,115,117,117,117,117,117,117,119,119],"card_choices":[{"not_picked":["MostiFishMod:LegendTransform","Prostrate","REME_WorshipGod"],"picked":"SKIP","floor":1.0},{"not_picked":["MostiFishMod:ScryFuture","Prostrate","PathToVictory","ClearTheMind"],"picked":"BowlingBash","floor":2.0},{"not_picked":["Conclude","MostiFishMod:ScryFuture","BowlingBash","MostiFishMod:Clarity"],"picked":"LessonLearned","floor":3.0},{"not_picked":["BattleHymn","MentalFortress","CrushJoints","Crescendo","SashWhip"],"picked":"SKIP","floor":4.0},{"not_picked":["PathToVictory","MostiFishMod:LegendTransform","Judgement","ForeignInfluence","MostiFishMod:DisColor"],"picked":"SKIP","floor":6.0},{"not_picked":["FollowUp","Meditate","PathToVictory","Nirvana","Consecrate"],"picked":"SKIP","floor":7.0},{"not_picked":["FlurryOfBlows","AT_OneInchPunch","WaveOfTheHand","ClearTheMind","JustLucky"],"picked":"Singing Bowl","floor":10.0},{"not_picked":["CrushJoints","BowlingBash","REME_WorshipGod","JustLucky","ThirdEye"],"picked":"Singing Bowl","floor":12.0},{"not_picked":["FlurryOfBlows","Consecrate","Crescendo","ThirdEye","Perseverance"],"picked":"Singing Bowl","floor":13.0},{"not_picked":["FlurryOfBlows","Devotion","MostiFishMod:FlowState","Protect","Wireheading"],"picked":"Singing Bowl","floor":14.0},{"not_picked":["AT_MachinaRedman","MostiFishMod:Disappear","Wish","MostiFishMod:DisColor","MasterReality"],"picked":"Singing Bowl","floor":16.0},{"not_picked":["PathToVictory","ThirdEye","EmptyBody","Consecrate","Tantrum"],"picked":"Singing Bowl","floor":18.0},{"not_picked":["AT_ChampionKick","CrushJoints+1","CarveReality+1","Prostrate"],"picked":"Collect+1","floor":23.0},{"not_picked":["DeceiveReality","Consecrate+1","CrushJoints","CutThroughFate+1","PathToVictory"],"picked":"Singing Bowl","floor":27.0},{"not_picked":["Sanctity","ClearTheMind","Evaluate","Crescendo","PathToVictory+1"],"picked":"Singing Bowl","floor":28.0},{"not_picked":["BowlingBash+1","Vengeance+1","SashWhip","EmptyBody"],"picked":"DeusExMachina","floor":30.0},{"not_picked":["MostiFishMod:Clarity","CrushJoints","Prostrate","Consecrate","FlyingSleeves"],"picked":"Singing Bowl","floor":31.0},{"not_picked":["MostiFishMod:DustFall","Wish","MostiFishMod:StarLaLaLa","Brilliance","LessonLearned"],"picked":"Singing Bowl","floor":33.0},{"not_picked":["Collect","Adaptation+1","Prostrate+1","REME_Repentance+1","CrushJoints+1"],"picked":"Singing Bowl","floor":35.0},{"not_picked":["MostiFishMod:ScryFuture","SignatureMove+1","CutThroughFate+1","REME_MusicOfDeath","Wallop"],"picked":"Singing Bowl","floor":36.0},{"not_picked":["Nirvana+1","Evaluate","FollowUp+1","DeusExMachina","REME_MusicOfDeath+1"],"picked":"Singing Bowl","floor":37.0},{"not_picked":["BowlingBash+1","REME_Repentance","Weave","ClearTheMind","Crescendo"],"picked":"Singing Bowl","floor":38.0},{"not_picked":["AT_IrregularMenstruation","Consecrate","AT_SoftenMuscles","Pray","Study+1"],"picked":"Singing Bowl","floor":39.0},{"not_picked":["CutThroughFate+1","MentalFortress+1","AT_RealColorLess","MostiFishMod:FlowState","Meditate+1"],"picked":"Singing Bowl","floor":40.0},{"not_picked":["EmptyBody","ClearTheMind+1","ThirdEye","AT_ChampionStep","CrushJoints"],"picked":"Singing Bowl","floor":42.0},{"not_picked":["MostiFishMod:FlowState","EmptyMind+1","Adaptation+1","WheelKick"],"picked":"Swivel","floor":44.0},{"not_picked":["FollowUp","FlurryOfBlows+1","ClearTheMind","Sanctity+1","WindmillStrike+1"],"picked":"Singing Bowl","floor":46.0},{"not_picked":["AT_IrregularMenstruation","EmptyBody","Nirvana","CrushJoints","MostiFishMod:Clarity"],"picked":"Singing Bowl","floor":47.0},{"not_picked":["EmptyBody+1","Protect","FlyingSleeves","CutThroughFate+1","Scrawl"],"picked":"Singing Bowl","floor":48.0},{"not_picked":["Protect","SashWhip+1","FearNoEvil+1","EmptyBody+1","FollowUp+1"],"picked":"Singing Bowl","floor":54.0}],"player_experience":86303,"relics_obtained":[{"floor":1.0,"key":"SynthV:TestCard"},{"floor":6.0,"key":"AT_SilverBalance"},{"floor":8.0,"key":"Bag of Preparation"},{"floor":9.0,"key":"Anchor"},{"floor":10.0,"key":"Singing Bowl"},{"floor":12.0,"key":"AT_GuinsooRageblade"},{"floor":23.0,"key":"InkBottle"},{"floor":27.0,"key":"Unceasing Top"},{"floor":30.0,"key":"AT_SunfireAegis"},{"floor":40.0,"key":"Akabeko"},{"floor":43.0,"key":"AT_EbonyIvory"},{"floor":44.0,"key":"Ancient Tea Set"},{"floor":46.0,"key":"AT_BellDemon"},{"floor":47.0,"key":"AT_MibuBalloonWealth"},{"floor":48.0,"key":"HollowDreamFlower"},{"floor":54.0,"key":"Whetstone"}],"event_choices":[{"damage_healed":0.0,"max_hp_gain":0.0,"max_hp_loss":0.0,"gold_gain":0.0,"event_name":"Wheel of Change","player_choice":"Relic","floor":8.0,"gold_loss":0.0,"damage_taken":0.0},{"damage_healed":0.0,"max_hp_gain":0.0,"max_hp_loss":0.0,"gold_gain":0.0,"event_name":"The Mausoleum","player_choice":"Ignored","floor":19.0,"gold_loss":0.0,"damage_taken":0.0},{"damage_healed":0.0,"max_hp_gain":0.0,"max_hp_loss":0.0,"gold_gain":0.0,"event_name":"Addict","player_choice":"Obtained Relic","floor":20.0,"gold_loss":85.0,"damage_taken":0.0,"relics_obtained":["Meat on the Bone"]},{"cards_removed":["Strike_P"],"damage_healed":0.0,"max_hp_gain":0.0,"max_hp_loss":0.0,"gold_gain":0.0,"event_name":"Beggar","player_choice":"Gave Gold","floor":21.0,"gold_loss":75.0,"damage_taken":0.0},{"cards_removed":["Defend_P"],"damage_healed":0.0,"max_hp_gain":0.0,"max_hp_loss":0.0,"gold_gain":0.0,"event_name":"Back to Basics","player_choice":"Elegance","floor":22.0,"gold_loss":0.0,"damage_taken":0.0},{"damage_healed":0.0,"max_hp_gain":0.0,"max_hp_loss":0.0,"gold_gain":0.0,"event_name":"Vampires","player_choice":"Ignored","floor":25.0,"gold_loss":0.0,"damage_taken":0.0},{"damage_healed":0.0,"max_hp_gain":0.0,"max_hp_loss":0.0,"gold_gain":0.0,"event_name":"Accursed Blacksmith","player_choice":"Forge","floor":29.0,"gold_loss":0.0,"damage_taken":0.0,"cards_upgraded":["LessonLearned"]}],"is_beta":true,"boss_relics":[{"not_picked":["energizedSpire:HugeHouse","Ectoplasm"],"picked":"ExusiaiGun"},{"not_picked":["EE1DDrone","Empty Cage"],"picked":"energizedSpire:StickyHand"}],"items_purged_floors":[5,41],"is_endless":false,"potions_floor_spawned":[4,6,10,12,27,30,31,33,35,37,39,42,44,47,48],"ascension_level":5}}