{"host":"ynimr9ugvc6f046i","time":1613828493,"event":{"mods":["2.2 Compatiblity","BaseMod","Colored Map","DeckTracker","Highlight Path","Keyboard Shortcuts","Minty Spire (QoL Compilation)","Permanent Neow","Quick Restart","StSLib","SuperFastMode"],"gold_per_floor":[39,70,70,80,119,119,172,211,263,188,222,222,258,42,42,144,144,144],"floor_reached":17,"language":"KOR","playtime":370,"items_purged":["Strike_G","Strike_G"],"score":322,"play_id":"0f865eb4-e5e7-4622-9c21-74b249e2b14b","local_time":"20210220224133","is_ascension_mode":true,"campfire_choices":[{"floor":12.0,"key":"REST"},{"data":"HandOfGreed","floor":15.0,"key":"SMITH"}],"circlet_count":0,"master_deck":["AscendersBane","Strike_G","Strike_G","Defend_G","Defend_G","Defend_G","Defend_G","Defend_G","Survivor","Neutralize","HandOfGreed+1","Blade Dance","Blade Dance","Choke","Backflip","Blade Dance"],"relics":["Ring of the Snake","Toy Ornithopter","Membership Card","Runic Pyramid"],"acts_visited":["Exordium","TheCity"],"potions_floor_usage":[],"damage_taken":[{"damage":6.0,"enemies":"Jaw Worm","floor":1.0,"turns":3.0},{"damage":5.0,"enemies":"Cultist","floor":2.0,"turns":5.0},{"damage":0.0,"enemies":"2 Louse","floor":4.0,"turns":2.0},{"damage":24.0,"enemies":"Large Slime","floor":5.0,"turns":7.0},{"damage":0.0,"enemies":"Lagavulin","floor":6.0,"turns":3.0},{"damage":11.0,"enemies":"2 Fungi Beasts","floor":7.0,"turns":5.0},{"damage":5.0,"enemies":"Red Slaver","floor":8.0,"turns":4.0},{"damage":4.0,"enemies":"Large Slime","floor":11.0,"turns":5.0},{"damage":13.0,"enemies":"Blue Slaver","floor":13.0,"turns":3.0},{"damage":8.0,"enemies":"Slime Boss","floor":16.0,"turns":7.0}],"seed_played":"-1269822726082266911","potions_obtained":[{"floor":2.0,"key":"SmokeBomb"},{"floor":5.0,"key":"ColorlessPotion"},{"floor":8.0,"key":"PowerPotion"},{"floor":11.0,"key":"PowerPotion"}],"is_trial":false,"path_per_floor":["M","M","?","M","M","E","M","M","T","$","M","R","M","$","R","B",null],"character_chosen":"THE_SILENT","items_purchased":["Membership Card"],"campfire_rested":1,"item_purchase_floors":[14],"current_hp_per_floor":[53,48,48,48,24,24,14,9,9,9,5,24,16,16,16,18,54,54],"gold":144,"neow_bonus":"RANDOM_COLORLESS_2","is_daily":false,"chose_seed":false,"campfire_upgraded":1,"win_rate":0.0,"timestamp":1613828493,"path_taken":["M","M","?","M","M","E","M","?","T","$","M","R","M","$","R","BOSS"],"items_purchased_type":["Relic"],"build_version":"2020-12-22","purchased_purges":2,"victory":false,"max_hp_per_floor":[66,66,66,66,66,66,66,66,66,66,66,66,66,66,66,66,66,66],"card_choices":[{"not_picked":["The Bomb","Panache"],"picked":"HandOfGreed","floor":0.0},{"not_picked":["Riddle With Holes","Slice"],"picked":"Blade Dance","floor":1.0},{"not_picked":["Underhanded Strike","Deadly Poison"],"picked":"Blade Dance","floor":2.0},{"not_picked":["Distraction","Calculated Gamble","Backstab"],"picked":"SKIP","floor":4.0},{"not_picked":["Well Laid Plans","Flying Knee","Slice"],"picked":"SKIP","floor":5.0},{"not_picked":["Dagger Spray","Prepared","Dagger Throw"],"picked":"SKIP","floor":7.0},{"not_picked":["Predator","Deflect"],"picked":"Choke","floor":8.0},{"not_picked":["Malaise","Footwork"],"picked":"Backflip","floor":11.0},{"not_picked":["Deflect","Dagger Spray"],"picked":"Blade Dance","floor":13.0}],"player_experience":584320,"relics_obtained":[{"floor":9.0,"key":"Toy Ornithopter"}],"event_choices":[{"cards_removed":["Strike_G"],"damage_healed":0.0,"max_hp_gain":0.0,"max_hp_loss":0.0,"gold_gain":0.0,"event_name":"Wheel of Change","player_choice":"Card Removal","floor":3.0,"gold_loss":0.0,"damage_taken":0.0}],"is_beta":false,"boss_relics":[{"not_picked":["Ectoplasm","HoveringKite"],"picked":"Runic Pyramid"}],"items_purged_floors":[10,14],"is_endless":false,"potions_floor_spawned":[2,5,8,11],"ascension_level":20}}