{"host":"msmkw03x1o7nq45i","time":1613779207,"event":{"mods":["AchievementEnabler","BaseMod","Bestiary","Colored Powertips","GifTheSpireLib","Highlight Path","Minty Spire (QoL Compilation)","Random Character Button","Relic Stats","StSLib","everything is the same but u backflip on backflip"],"gold_per_floor":[118,136,136,150,168,168,168],"floor_reached":6,"language":"ENG","playtime":412,"items_purged":[],"score":72,"play_id":"ebbfa860-4e0e-46e7-a29f-c2d5ac9772f5","local_time":"20210220020007","is_ascension_mode":true,"campfire_choices":[],"circlet_count":0,"master_deck":["AscendersBane","Strike_R","Strike_R","Strike_R","Strike_R","Strike_R","Defend_R","Defend_R","Defend_R","Defend_R","Bash","CurseOfTheBell","Fire Breathing","Pommel Strike","Flame Barrier","Armaments"],"relics":["Calling Bell","Potion Belt","Matryoshka","Bird Faced Urn"],"acts_visited":["Exordium"],"potions_floor_usage":[5,6],"damage_taken":[{"damage":24,"enemies":"Jaw Worm","floor":1,"turns":4},{"damage":14,"enemies":"Cultist","floor":2,"turns":6},{"damage":2,"enemies":"2 Louse","floor":4,"turns":4},{"damage":26,"enemies":"Large Slime","floor":5,"turns":6},{"damage":44,"enemies":"Gremlin Nob","floor":6,"turns":4}],"seed_played":"7977451875065124534","potions_obtained":[{"floor":1,"key":"Regen Potion"},{"floor":3,"key":"Block Potion"},{"floor":3,"key":"CultistPotion"}],"is_trial":false,"path_per_floor":["M","M","?","M","M","E"],"character_chosen":"IRONCLAD","items_purchased":[],"campfire_rested":0,"item_purchase_floors":[],"current_hp_per_floor":[44,32,32,32,23,0,0],"gold":168,"neow_bonus":"BOSS_RELIC","is_daily":false,"chose_seed":false,"campfire_upgraded":0,"win_rate":0.0,"timestamp":1613779207,"path_taken":["M","M","?","M","M","E"],"items_purchased_type":[],"build_version":"2020-12-22","purchased_purges":0,"victory":false,"max_hp_per_floor":[75,75,75,75,75,75,75],"relic_stats":{"counters":[5,24],"Bird Faced Urn":[8],"obtain_stats":[{"Calling Bell":0,"Potion Belt":0,"Matryoshka":0,"Bird Faced Urn":0,"Burning Blood":0},{"Calling Bell":0,"Potion Belt":0,"Matryoshka":0,"Bird Faced Urn":0,"Burning Blood":0},{"Calling Bell":0,"Potion Belt":0,"Matryoshka":0,"Bird Faced Urn":0,"Burning Blood":0}]},"card_choices":[{"not_picked":["Dark Embrace","Metallicize"],"picked":"Fire Breathing","floor":1},{"not_picked":["Combust","Flame Barrier"],"picked":"Pommel Strike","floor":2},{"not_picked":["Rupture","Reckless Charge"],"picked":"Flame Barrier","floor":4},{"not_picked":["Dropkick","Havoc"],"picked":"Armaments","floor":5}],"player_experience":562849,"relics_obtained":[{"floor":0,"key":"Potion Belt"},{"floor":0,"key":"Matryoshka"},{"floor":0,"key":"Bird Faced Urn"}],"event_choices":[{"damage_healed":0,"gold_gain":0,"player_choice":"Got Potions","damage_taken":0,"max_hp_gain":0,"max_hp_loss":0,"event_name":"Lab","floor":3,"gold_loss":0}],"is_beta":false,"boss_relics":[],"items_purged_floors":[],"is_endless":false,"potions_floor_spawned":[1],"killed_by":"Gremlin Nob","ascension_level":18}}