{"host":"zkqorkqsr6o67e8b","time":1613789708,"event":{"mods":["Act Like it!","BaseMod","Minty Spire (QoL Compilation)","Quick Restart","Ring Of Destiny","StSLib","Waifu the Spire","¡¾ÒÅÎï¿¨ÅÆ¡¿REMEMod"],"gold_per_floor":[116,27,42,117,134,159,169,169,216,216,166,200,200,200,200,301,301,319,339,353,353,363,393,393,404,404,436,436,469,173,206,206,310,310,328,344,344,139,152,152,180,130,130,130,163,188,200,210,210,210,210,210,65,90,90,90],"floor_reached":55,"language":"ZHS","playtime":2766,"items_purged":["RingOfDestiny:BlackLight","RingOfDestiny:TrackingBullet","RingOfDestiny:RestraintRing"],"score":1028,"play_id":"c367ebb8-e387-44dc-9488-150eec1c9e61","local_time":"20210220105508","is_ascension_mode":false,"campfire_choices":[{"data":"RingOfDestiny:DeathLeakage","floor":8,"key":"SMITH"},{"data":"REME_MawOfCthun","floor":13,"key":"SMITH"},{"data":"RingOfDestiny:InnerFocus","floor":15,"key":"SMITH"},{"data":"RingOfDestiny:EtchSpirit","floor":24,"key":"SMITH"},{"data":"RingOfDestiny:EtchReflection","floor":28,"key":"SMITH"},{"data":"REME_FirmDetermination","floor":32,"key":"SMITH"},{"data":"RingOfDestiny:Residual","floor":40,"key":"SMITH"},{"floor":44,"key":"RECALL"},{"data":"RingOfDestiny:Determination","floor":49,"key":"SMITH"},{"floor":52,"key":"RECALL"}],"circlet_count":0,"master_deck":["RingOfDestiny:DeathLeakage+1","RingOfDestiny:DeathLeakage+1","RingOfDestiny:GrowBullet","RingOfDestiny:InnerFocus+1","REME_MawOfCthun+1","REME_FirmDetermination+1","RingOfDestiny:Determination+1","RingOfDestiny:Apoptosis+1","RingOfDestiny:EtchSpirit+1","RingOfDestiny:RapidFire+1","RingOfDestiny:EtchReflection+1","RingOfDestiny:RapidFire","RingOfDestiny:Residual+1","RingOfDestiny:EtchSpirit+1"],"relics":["RingOfDestiny:Flintlock","REME_ComplimentaryCards","Matryoshka","PreservedInsect","Shuriken","Incense Burner","Pandora\u0027s Box","Omamori","Singing Bowl","Darkstone Periapt","Happy Flower","Smiling Mask","Question Card","Strawberry","Empty Cage","Blood Vial","Thread and Needle","Pantograph","InkBottle","Orichalcum","RingOfDestiny:LeatherShoes","StrikeDummy"],"acts_visited":["Exordium","TheCity","TheBeyond","RingOfDestiny:BlackNoah"],"potions_floor_usage":[6,27,29,47,55,55],"damage_taken":[{"damage":1,"enemies":"Small Slimes","floor":1,"turns":4},{"damage":0,"enemies":"2 Louse","floor":3,"turns":2},{"damage":5,"enemies":"Jaw Worm","floor":5,"turns":3},{"damage":5,"enemies":"Lagavulin","floor":6,"turns":7},{"damage":8,"enemies":"Lots of Slimes","floor":7,"turns":4},{"damage":3,"enemies":"Gremlin Nob","floor":12,"turns":4},{"damage":0,"enemies":"The Guardian","floor":16,"turns":8},{"damage":0,"enemies":"Shell Parasite","floor":18,"turns":6},{"damage":0,"enemies":"Spheric Guardian","floor":19,"turns":3},{"damage":0,"enemies":"Cultist and Chosen","floor":20,"turns":4},{"damage":0,"enemies":"Snake Plant","floor":22,"turns":3},{"damage":11,"enemies":"Book of Stabbing","floor":23,"turns":4},{"damage":8,"enemies":"Centurion and Healer","floor":25,"turns":4},{"damage":15,"enemies":"Gremlin Leader","floor":27,"turns":4},{"damage":0,"enemies":"Book of Stabbing","floor":29,"turns":3},{"damage":1,"enemies":"REME_1_Revenger","floor":31,"turns":3},{"damage":36,"enemies":"Champ","floor":33,"turns":6},{"damage":28,"enemies":"3 Darklings","floor":35,"turns":4},{"damage":3,"enemies":"3 Shapes","floor":36,"turns":5},{"damage":31,"enemies":"Sphere and 2 Shapes","floor":39,"turns":6},{"damage":0,"enemies":"Reptomancer","floor":41,"turns":3},{"damage":0,"enemies":"Giant Head","floor":45,"turns":3},{"damage":5,"enemies":"Transient","floor":47,"turns":5},{"damage":10,"enemies":"Writhing Mass","floor":48,"turns":4},{"damage":55,"enemies":"Awakened One","floor":50,"turns":8},{"damage":31,"enemies":"RingOfDestiny:fyra","floor":54,"turns":5},{"damage":147,"enemies":"RingOfDestiny:Rita","floor":55,"turns":7}],"seed_played":"8366509344975185012","potions_obtained":[{"floor":1,"key":"Energy Potion"},{"floor":7,"key":"Energy Potion"},{"floor":18,"key":"FearPotion"},{"floor":19,"key":"Swift Potion"},{"floor":23,"key":"Fruit Juice"},{"floor":27,"key":"DuplicationPotion"},{"floor":29,"key":"REME_GoldPotion"},{"floor":36,"key":"Explosive Potion"},{"floor":47,"key":"Energy Potion"}],"is_trial":false,"path_per_floor":["M","$","M","?","M","E","M","R","T","?","?","E","R","?","R","B",null,"M","M","M","?","M","E","R","M","T","E","R","E","$","E","R","B",null,"M","M","?","$","M","R","E","$","T","R","E","T","M","M","R","B",null,"R","$","E","B"],"character_chosen":"MagicBullet","items_purchased":["REME_FirmDetermination","Question Card","Blood Vial","RingOfDestiny:LeatherShoes"],"campfire_rested":0,"item_purchase_floors":[2,30,38,53],"current_hp_per_floor":[97,97,97,86,81,76,68,68,68,56,56,53,53,53,53,63,98,98,98,98,98,98,97,97,89,89,88,88,100,100,108,108,84,116,100,107,107,107,90,90,94,94,94,94,108,108,117,121,121,73,128,128,128,99,0,0],"gold":90,"neow_bonus":"UPGRADE_CARD","is_daily":false,"chose_seed":false,"campfire_upgraded":8,"win_rate":0.0,"timestamp":1613789708,"path_taken":["M","$","M","?","M","E","M","R","T","?","?","E","R","?","R","BOSS","M","M","M","?","M","E","R","M","T","E","R","E","$","E","R","BOSS","M","M","?","$","?","R","E","$","T","R","E","?","M","M","R","BOSS","R","$","E","BOSS"],"items_purchased_type":["Card","Relic","Relic","Relic"],"build_version":"2020-12-22","purchased_purges":3,"victory":false,"max_hp_per_floor":[98,98,98,98,98,98,98,98,98,98,98,98,98,98,98,98,98,98,98,98,98,98,98,98,98,98,103,103,105,105,114,114,116,116,118,118,118,118,120,120,122,122,122,122,124,124,126,128,128,128,128,128,128,130,130,130],"card_choices":[{"not_picked":["RingOfDestiny:Enchantment","RingOfDestiny:InnerFocus","RingOfDestiny:AmmoRain"],"picked":"SKIP","floor":1},{"not_picked":["RingOfDestiny:OathOfBlood","RingOfDestiny:DarkShield"],"picked":"RingOfDestiny:Determination","floor":3},{"not_picked":["RingOfDestiny:RestraintRing","RingOfDestiny:DeathTrack"],"picked":"RingOfDestiny:TrackingBullet","floor":5},{"not_picked":["RingOfDestiny:Flash","RingOfDestiny:OathOfBlood","RingOfDestiny:Potential"],"picked":"SKIP","floor":6},{"not_picked":["RingOfDestiny:LoomingDeath","RingOfDestiny:Crimson","RingOfDestiny:SleepingBullet"],"picked":"SKIP","floor":7},{"not_picked":["RingOfDestiny:Illusion","RingOfDestiny:TrackingBullet"],"picked":"RingOfDestiny:Apoptosis","floor":12},{"not_picked":["RingOfDestiny:DeadlyShoot","RingOfDestiny:Crimson+1"],"picked":"RingOfDestiny:EtchSpirit","floor":18},{"not_picked":["RingOfDestiny:BlastBullet+1","RingOfDestiny:TestBullet+1"],"picked":"RingOfDestiny:RapidFire+1","floor":19},{"not_picked":["RingOfDestiny:EtchReflection+1","RingOfDestiny:SleepingBullet","RingOfDestiny:Flash"],"picked":"SKIP","floor":20},{"not_picked":["RingOfDestiny:OriginBullet+1","RingOfDestiny:DevilKiss","RingOfDestiny:PhantasmalAssailants"],"picked":"SKIP","floor":22},{"not_picked":["RingOfDestiny:BulletZero","RingOfDestiny:AmmoRain","RingOfDestiny:QuickDraw"],"picked":"SKIP","floor":23},{"not_picked":["RingOfDestiny:OathOfBlood","RingOfDestiny:BlackFuneral","RingOfDestiny:DeadlyShoot"],"picked":"SKIP","floor":25},{"not_picked":["RingOfDestiny:Illusion","RingOfDestiny:Underhand+1"],"picked":"RingOfDestiny:RapidFire","floor":27},{"not_picked":["RingOfDestiny:FlowerOfDespair+1","RingOfDestiny:AmmoRain","RingOfDestiny:ForgeBullet+1"],"picked":"Singing Bowl","floor":29},{"not_picked":["RingOfDestiny:PhantasmalAssailants","RingOfDestiny:Determination","RingOfDestiny:BreakBullet+1","RingOfDestiny:BlackLight"],"picked":"Singing Bowl","floor":31},{"not_picked":["RingOfDestiny:VolleyBullet","RingOfDestiny:NightPendant","RingOfDestiny:Demise","RingOfDestiny:PressuredBullet"],"picked":"Singing Bowl","floor":33},{"not_picked":["RingOfDestiny:Potential+1","RingOfDestiny:Nightmare","RingOfDestiny:BlackLight","RingOfDestiny:GrowBullet"],"picked":"Singing Bowl","floor":35},{"not_picked":["RingOfDestiny:OathOfBlood+1","RingOfDestiny:BreakBullet+1","RingOfDestiny:CovertOperation+1"],"picked":"RingOfDestiny:Residual","floor":36},{"not_picked":["RingOfDestiny:BlastBullet+1","RingOfDestiny:QuickDraw","RingOfDestiny:BreakBullet+1","RingOfDestiny:TestBullet+1"],"picked":"Singing Bowl","floor":39},{"not_picked":["RingOfDestiny:Enchantment","RingOfDestiny:EtchPhantom+1","RingOfDestiny:Potential+1","RingOfDestiny:NightPendant"],"picked":"Singing Bowl","floor":41},{"not_picked":["RingOfDestiny:NimbleShield","RingOfDestiny:DoomsdayMark+1","RingOfDestiny:TestBullet","RingOfDestiny:RiteOfOrigin"],"picked":"Singing Bowl","floor":45},{"not_picked":["RingOfDestiny:SecretAmmunition+1","RingOfDestiny:PhantasmalAssailants","RingOfDestiny:Enchantment+1","RingOfDestiny:BlackLight"],"picked":"Singing Bowl","floor":47},{"not_picked":["RingOfDestiny:DeathTrack","RingOfDestiny:RestraintRing+1","RingOfDestiny:BreakBullet+1","RingOfDestiny:Potential+1"],"picked":"Singing Bowl","floor":48},{"not_picked":["RingOfDestiny:PhantasmalAssailants+1","RingOfDestiny:FlowerOfDespair","RingOfDestiny:QuickDraw+1","RingOfDestiny:ForgeBullet"],"picked":"Singing Bowl","floor":54}],"player_experience":291397,"relics_obtained":[{"floor":6,"key":"Matryoshka"},{"floor":9,"key":"PreservedInsect"},{"floor":12,"key":"Incense Burner"},{"floor":23,"key":"Omamori"},{"floor":26,"key":"Singing Bowl"},{"floor":26,"key":"Darkstone Periapt"},{"floor":27,"key":"Happy Flower"},{"floor":29,"key":"Smiling Mask"},{"floor":31,"key":"Strawberry"},{"floor":41,"key":"Thread and Needle"},{"floor":43,"key":"Pantograph"},{"floor":45,"key":"InkBottle"},{"floor":46,"key":"Orichalcum"},{"floor":54,"key":"StrikeDummy"}],"event_choices":[{"damage_healed":0,"gold_gain":75,"player_choice":"Gather Gold","damage_taken":11,"max_hp_gain":0,"max_hp_loss":0,"event_name":"World of Goop","floor":4,"gold_loss":0},{"damage_healed":0,"gold_gain":0,"player_choice":"Success","damage_taken":12,"relics_obtained":["Shuriken"],"max_hp_gain":0,"max_hp_loss":0,"event_name":"Scrap Ooze","floor":10,"gold_loss":0},{"cards_removed":["RingOfDestiny:DarkShield"],"damage_healed":0,"gold_gain":0,"player_choice":"Card Removal","damage_taken":0,"max_hp_gain":0,"max_hp_loss":0,"event_name":"The Cleric","floor":11,"gold_loss":50},{"damage_healed":0,"gold_gain":0,"player_choice":"Grow","damage_taken":0,"max_hp_gain":0,"max_hp_loss":0,"event_name":"Living Wall","floor":14,"gold_loss":0,"cards_upgraded":["RingOfDestiny:Apoptosis"]},{"damage_healed":0,"gold_gain":0,"cards_transformed":["RingOfDestiny:DevilKiss","RingOfDestiny:BreakBullet"],"player_choice":"Became Test Subject","damage_taken":0,"max_hp_gain":0,"max_hp_loss":0,"event_name":"Drug Dealer","floor":21,"gold_loss":0,"cards_obtained":["RingOfDestiny:BlackLight","RingOfDestiny:EtchReflection"]},{"damage_healed":0,"gold_gain":0,"player_choice":"Copied","damage_taken":0,"max_hp_gain":0,"max_hp_loss":0,"event_name":"Duplicator","floor":37,"gold_loss":0,"cards_obtained":["RingOfDestiny:EtchSpirit"]}],"is_beta":false,"boss_relics":[{"not_picked":["Cursed Key","REME_DemonsWealth"],"picked":"Pandora\u0027s Box"},{"not_picked":["Philosopher\u0027s Stone","Velvet Choker"],"picked":"Empty Cage"}],"items_purged_floors":[30,38,42],"is_endless":false,"potions_floor_spawned":[1,7,18,19,23,27,29,36,47,54],"killed_by":"RingOfDestiny:Rita","ascension_level":0}}