{"host":"sxnl403xm2xmiyj1","time":1613817479,"event":{"mods":["BaseMod","Colored Map","Keyboard Shortcuts","Koishi","Lobotomy","Minty Spire (QoL Compilation)","Quick Restart","StSLib","SuperFastMode"],"gold_per_floor":[115,132,149,163,182,182,182,182,182,514,514,514,514],"floor_reached":12,"language":"KOR","playtime":280,"items_purged":[],"score":152,"play_id":"4d1d87b3-2770-445e-bb75-85fb724289d7","local_time":"20210220193759","is_ascension_mode":true,"campfire_choices":[{"data":"Koishi:MentalBreakdown","floor":6.0,"key":"SMITH"},{"floor":8.0,"key":"REST"},{"data":"Koishi:GeneticsOfTheUnconscious","floor":11.0,"key":"SMITH"}],"circlet_count":0,"master_deck":["AscendersBane","Koishi:BasicStrike","Koishi:BasicStrike","Koishi:BasicStrike","Koishi:BasicStrike","Koishi:BasicDefend","Koishi:BasicDefend","Koishi:BasicDefend","Koishi:BasicDefend","Koishi:Provoke","Koishi:HauntingSlash","FieryBird","Koishi:UnconsciousUprising","OSAHOGD","Koishi:MentalBreakdown+1","OldLady","Koishi:ReleaseOfTheId+1","Koishi:UnconsciousUrges","BlackSwan","Koishi:GeneticsOfTheUnconscious+1","UniverseFragment","Koishi:SpiritedAway"],"relics":["Koishi:ImaginaryFriend","CogitoBucket","RabbitCall","Old Coin"],"acts_visited":["Exordium"],"potions_floor_usage":[12],"damage_taken":[{"damage":0.0,"enemies":"Cultist","floor":1.0,"turns":4.0},{"damage":10.0,"enemies":"Small Slimes","floor":2.0,"turns":5.0},{"damage":11.0,"enemies":"Jaw Worm","floor":3.0,"turns":5.0},{"damage":6.0,"enemies":"Looter","floor":4.0,"turns":3.0},{"damage":14.0,"enemies":"Large Slime","floor":5.0,"turns":6.0},{"damage":21.0,"enemies":"Gremlin Nob","floor":10.0,"turns":6.0},{"damage":0,"enemies":"Lagavulin","floor":12,"turns":4}],"seed_played":"2138732499256316036","potions_obtained":[{"floor":1.0,"key":"DuplicationPotion"},{"floor":10.0,"key":"GamblersBrew"}],"is_trial":false,"path_per_floor":["M","M","M","M","M","R","?","R","T","E","R","E"],"character_chosen":"KOISHI","items_purchased":[],"campfire_rested":1,"item_purchase_floors":[],"current_hp_per_floor":[53,44,34,28,14,14,14,31,31,11,11,11,11],"gold":514,"neow_bonus":"","is_daily":false,"chose_seed":false,"campfire_upgraded":2,"win_rate":0.0,"timestamp":1613817479,"path_taken":["M","M","M","M","M","R","?","R","T","E","R","E"],"items_purchased_type":[],"build_version":"2020-12-22","purchased_purges":0,"victory":false,"max_hp_per_floor":[57,57,57,57,57,57,57,57,57,57,57,57,57],"card_choices":[{"not_picked":["Scarecrow","NakedNest","Woodsman"],"picked":"Singing Bowl","floor":1.0},{"not_picked":["MHz","HappyTeddy"],"picked":"FieryBird","floor":1.0},{"not_picked":["Koishi:Jaunt","Koishi:EmbersOfLove"],"picked":"Koishi:UnconsciousUprising","floor":1.0},{"not_picked":["PunishingBird","ShyLook"],"picked":"OSAHOGD","floor":2.0},{"not_picked":["Koishi:PhantomStrike","Koishi:DanmakuParanoia"],"picked":"Koishi:MentalBreakdown","floor":2.0},{"not_picked":["HappyTeddy","Wellcheers"],"picked":"OldLady","floor":3.0},{"not_picked":["Koishi:DanmakuParanoia","Koishi:Vanish"],"picked":"Koishi:ReleaseOfTheId","floor":3.0},{"not_picked":["Scorched","Wellcheers","QueenBee"],"picked":"Singing Bowl","floor":4.0},{"not_picked":["Koishi:TremblingHands","Koishi:PhantomStrike"],"picked":"Koishi:UnconsciousUrges","floor":4.0},{"not_picked":["CrumblingArmor","HeroicMonk","CherryBlossoms"],"picked":"Singing Bowl","floor":5.0},{"not_picked":["BlackArmy","HeroicMonk"],"picked":"BlackSwan","floor":5.0},{"not_picked":["Koishi:PhantomBarrier","Koishi:BramblyRoseGarden"],"picked":"Koishi:GeneticsOfTheUnconscious","floor":5.0},{"not_picked":["VoidDream","HeroicMonk","MHz"],"picked":"Singing Bowl","floor":10.0},{"not_picked":["Scorched","SpiderBud"],"picked":"UniverseFragment","floor":10.0},{"not_picked":["Koishi:Ego","Koishi:Jaunt"],"picked":"Koishi:SpiritedAway","floor":10.0}],"player_experience":349668,"relics_obtained":[{"floor":10.0,"key":"Old Coin"}],"event_choices":[{"damage_healed":0.0,"max_hp_gain":0.0,"max_hp_loss":0.0,"gold_gain":0.0,"event_name":"Living Wall","player_choice":"Grow","floor":7.0,"gold_loss":0.0,"damage_taken":0.0,"cards_upgraded":["Koishi:ReleaseOfTheId"]}],"is_beta":false,"boss_relics":[],"items_purged_floors":[],"is_endless":false,"potions_floor_spawned":[1,10],"killed_by":"Lagavulin","ascension_level":18}}