{"host":"ocll6kdfqxraqtza","time":1613847131,"event":{"mods":["100% Spire Juice","2.2 Compatiblity","Act Like it!","Arknights","Aspiration","BaseMod","Better Third Choice","Gensokyo","Good Game Mod","Hermit","Hubris","Jorbs\u0027s Wanderer Trilogy","Luminous","MarisaÅiñ∂âJÅ@ñÇóùçπÅj","Minty Spire (QoL Compilation)","Reliquary","Replay The Spire","Ruina","Shade Mod","Spire Arcade","StSLib","The Alterego","The Cursed","The Hierophant","The Marked","The Runesmith","Wandering Minibosses"],"gold_per_floor":[117,13,13,14,14,43,43,57,57,57,70,198,58,91,91,273,273,277,278,278,278,347,386,448,468,514,514,514],"floor_reached":27,"language":"ENG","playtime":1107,"items_purged":[],"score":466,"play_id":"78774c1f-144c-45d0-95c1-7d16e27df5b1","local_time":"20210221025211","is_ascension_mode":true,"campfire_choices":[{"data":"hubris:SlightOfHand","floor":7.0,"key":"SMITH"},{"data":"hierophant:SealAway","floor":10.0,"key":"SMITH"},{"data":"hierophant:DivineIntervention","floor":15,"key":"SMITH"}],"circlet_count":0,"master_deck":["hierophant:Punish","hierophant:ChurchCoffers+1","ruina:Harvest","hierophant:Smite","Hidden Blade","hubris:SlightOfHand+1","Finisher","hierophant:HammerAndAnvil","hierophant:MorningPrayer","hierophant:SealAway+1","hierophant:DivineIntervention+1","hierophant:Encroach","hierophant:Endure","hierophant:LocustPlague","hierophant:LocustPlague","ReplayTheSpireMod:Doomed","Overencumbered","hierophant:Embezzle+1","hierophant:Shelter","RitualDagger","hierophant:Upheaval+1","hierophant:Endure","hierophant:Invocation","hierophant:Smite+1","hierophant:FieryStrike+1"],"relics":["hierophant:PropheticMaskRelic","REME:ComplimentaryCards","hubris:Icosahedron","reliquary:SharkskinSheath","hubris:ToyBattleship","Eternal Feather","Thread and Needle","TungstenRod","hubris:Zylophone","Kintsugi","CeramicFish","ReplayTheSpireMod:TigerMarble","Bag of Marbles"],"acts_visited":["Gensokyo:Gensokyo","TheCity"],"potions_floor_usage":[16],"damage_taken":[{"damage":0.0,"enemies":"Gensokyo:3_Fairies","floor":1.0,"turns":3.0},{"damage":8.0,"enemies":"Gensokyo:Gryphon","floor":4.0,"turns":2.0},{"damage":0.0,"enemies":"Gensokyo:Cirno","floor":6.0,"turns":3.0},{"damage":2.0,"enemies":"Gensokyo:2_Kodama","floor":8.0,"turns":2.0},{"damage":15.0,"enemies":"Gensokyo:Kitsune","floor":11.0,"turns":3.0},{"damage":0,"enemies":"Gensokyo:Mamizou","floor":12,"turns":4},{"damage":0,"enemies":"Gensokyo:Cirno","floor":14,"turns":3},{"damage":13,"enemies":"Gensokyo:Kokoro","floor":16,"turns":9},{"damage":2,"enemies":"Shell Parasite","floor":18,"turns":4},{"damage":0,"enemies":"Spheric Guardian","floor":19,"turns":3},{"damage":21,"enemies":"Gremlin Leader","floor":23,"turns":5},{"damage":11,"enemies":"Centurion and Healer","floor":24,"turns":5},{"damage":11,"enemies":"3 Cultists","floor":25,"turns":4},{"damage":27,"enemies":"Slavers","floor":27,"turns":2}],"seed_played":"-8530867720787711432","potions_obtained":[{"floor":1.0,"key":"EssenceOfSteel"},{"floor":11.0,"key":"LiquidBronze"},{"floor":14,"key":"Dexterity Potion"},{"floor":22,"key":"Weak Potion"},{"floor":23,"key":"PowerPotion"},{"floor":24,"key":"Block Potion"}],"is_trial":false,"path_per_floor":["M","COS","?","M","?","E","R","M","T","R","M","E","?","E","R","B",null,"M","M","?","?","?","E","M","M","T","E"],"character_chosen":"HIEROPHANT","items_purchased":[],"campfire_rested":0,"item_purchase_floors":[],"current_hp_per_floor":[75,75,75,67,67,67,67,65,65,74,59,59,59,59,68,55,75,73,73,73,68,68,47,36,25,25,0,0],"gold":514,"neow_bonus":"RANDOM_EVENT","is_daily":false,"chose_seed":false,"campfire_upgraded":3,"win_rate":0.0,"timestamp":1613847131,"path_taken":["M","COS","?","?","?","E","R","M","T","R","M","E","?","E","R","BOSS","M","M","?","?","?","E","M","M","T","E"],"items_purchased_type":[],"build_version":"2020-12-22","purchased_purges":0,"victory":false,"max_hp_per_floor":[75,75,75,75,75,75,75,75,75,75,75,75,75,75,75,75,75,75,75,75,75,75,75,75,75,75,75,75],"card_choices":[{"not_picked":["hierophant:SolarFlare","hierophant:Doomsaying"],"picked":"hierophant:Smite","floor":1.0},{"not_picked":["hierophant:Sermon","hierophant:Doubloon"],"picked":"hierophant:HammerAndAnvil","floor":4.0},{"not_picked":["hierophant:Remorse","hierophant:Generosity"],"picked":"hierophant:MorningPrayer","floor":6.0},{"not_picked":["hierophant:Glossolalia","hierophant:ThreeLashes"],"picked":"hierophant:SealAway","floor":8.0},{"not_picked":["hierophant:Generosity","hierophant:Invocation"],"picked":"hierophant:DivineIntervention","floor":11.0},{"not_picked":["hierophant:ThreeLashes","hierophant:RecallFunds"],"picked":"hierophant:Encroach","floor":11.0},{"not_picked":["hierophant:Remorse","hierophant:ThreeLashes"],"picked":"hierophant:Endure","floor":12},{"not_picked":["hierophant:OrnateBuckler","hierophant:CoinFling"],"picked":"hierophant:LocustPlague","floor":14},{"not_picked":["hierophant:MintersHammer","hierophant:DivineIntervention"],"picked":"hierophant:LocustPlague","floor":16},{"not_picked":["hierophant:MorningPrayer","hierophant:CursedGold"],"picked":"hierophant:Embezzle+1","floor":18},{"not_picked":["hierophant:Charity","hierophant:Purify"],"picked":"hierophant:Shelter","floor":19},{"not_picked":["hierophant:ArchangelShield","hierophant:AuricBeam"],"picked":"hierophant:Upheaval+1","floor":22},{"not_picked":["hierophant:SealAway","hierophant:PassingBell"],"picked":"hierophant:Endure","floor":22},{"not_picked":["hierophant:DisplayOfPower","hierophant:FlamingChariot"],"picked":"hierophant:Invocation","floor":23},{"not_picked":["hierophant:PassingBell","hierophant:EyeForCoin"],"picked":"hierophant:Smite+1","floor":24},{"not_picked":["hierophant:Doomsaying","hierophant:Exaltation+1"],"picked":"hierophant:FieryStrike+1","floor":25}],"player_experience":555189,"relics_obtained":[{"floor":6.0,"key":"reliquary:SharkskinSheath"},{"floor":9.0,"key":"Eternal Feather"},{"floor":12,"key":"Thread and Needle"},{"floor":14,"key":"hubris:Zylophone"},{"floor":22,"key":"CeramicFish"},{"floor":23,"key":"ReplayTheSpireMod:TigerMarble"},{"floor":26,"key":"Bag of Marbles"}],"event_choices":[{"damage_healed":0,"gold_gain":0,"player_choice":"Dagger","damage_taken":6,"max_hp_gain":0,"max_hp_loss":0,"event_name":"betterThird:BetterNest","floor":21,"gold_loss":0,"cards_obtained":["RitualDagger"]}],"is_beta":false,"boss_relics":[{"not_picked":["reliquary:KinkedSpring","aspiration:SecretTechniqueScroll"],"picked":"Kintsugi"}],"items_purged_floors":[],"is_endless":false,"potions_floor_spawned":[1,11,14,23,24],"killed_by":"Slavers","ascension_level":2}}