{"host":"sav7uxregyirlf69","time":1613834951,"event":{"mods":["AchievementEnabler","BaseMod","Colored Map","DeckTracker","Keyboard Shortcuts","Minty Spire (QoL Compilation)","READ ME - Guardian Mod","StSLib","SuperFastMode"],"gold_per_floor":[119,119,130,130,147,147,161,161,186,206,221,221,247,83,83,160,223,233,233,233,233],"floor_reached":20,"language":"KOR","playtime":323,"items_purged":["Strike_G"],"score":348,"play_id":"0a7fabf8-531a-4e46-a4f5-c6e92612fa07","local_time":"20210221002911","is_ascension_mode":true,"campfire_choices":[{"data":"Neutralize","floor":6,"key":"SMITH"},{"data":"Noxious Fumes","floor":12,"key":"SMITH"},{"data":"Accuracy","floor":15,"key":"SMITH"}],"circlet_count":0,"master_deck":["AscendersBane","Survivor","Neutralize+1","Blade Dance","Dagger Throw","Flying Knee","Noxious Fumes+1","Burst","Deadly Poison","Footwork","Accuracy+1","Bullet Time","Deadly Poison","Noxious Fumes","Caltrops","Bullet Time","Underhanded Strike","Slice"],"relics":["Ring of the Snake","Omamori","CeramicFish","Pandora\u0027s Box"],"acts_visited":["Exordium","TheCity"],"potions_floor_usage":[13,16],"damage_taken":[{"damage":5,"enemies":"2 Louse","floor":1,"turns":3},{"damage":2,"enemies":"Jaw Worm","floor":3,"turns":5},{"damage":1,"enemies":"Cultist","floor":5,"turns":3},{"damage":0,"enemies":"2 Fungi Beasts","floor":7,"turns":3},{"damage":0,"enemies":"3 Louse","floor":10,"turns":3},{"damage":4,"enemies":"Blue Slaver","floor":11,"turns":4},{"damage":3,"enemies":"Lagavulin","floor":13,"turns":7},{"damage":9,"enemies":"The Guardian","floor":16,"turns":9},{"damage":36,"enemies":"Shell Parasite","floor":18,"turns":4},{"damage":26,"enemies":"Spheric Guardian","floor":20,"turns":3}],"seed_played":"-127273523193705450","potions_obtained":[{"floor":7,"key":"Swift Potion"},{"floor":10,"key":"EssenceOfSteel"},{"floor":11,"key":"DuplicationPotion"},{"floor":18,"key":"SkillPotion"}],"is_trial":false,"path_per_floor":["M","?","M","?","M","R","M","?","T","M","M","R","E","$","R","B",null,"M","?","M"],"character_chosen":"THE_SILENT","items_purchased":["Accuracy","PowerPotion"],"campfire_rested":0,"item_purchase_floors":[14,14],"current_hp_per_floor":[54,34,32,32,31,31,31,31,31,31,27,27,24,24,24,15,53,17,17,0,0],"gold":233,"neow_bonus":"REMOVE_CARD","is_daily":false,"chose_seed":false,"campfire_upgraded":3,"win_rate":0.0,"timestamp":1613834951,"path_taken":["M","?","M","?","M","R","M","?","T","M","M","R","E","$","R","BOSS","M","?","M"],"items_purchased_type":["Card","Potion"],"build_version":"2020-12-22","purchased_purges":1,"victory":false,"max_hp_per_floor":[66,66,66,66,66,66,66,66,66,66,66,66,66,66,66,66,66,66,66,66,66],"card_choices":[{"not_picked":["Deflect","Footwork"],"picked":"Blade Dance","floor":1},{"not_picked":["Skewer","Slice"],"picked":"Dagger Throw","floor":3},{"not_picked":["Quick Slash","Backflip"],"picked":"Flying Knee","floor":5},{"not_picked":["Accuracy","Dagger Spray"],"picked":"Noxious Fumes","floor":7},{"not_picked":["Blade Dance","Wraith Form v2"],"picked":"Deadly Poison","floor":10},{"not_picked":["Poisoned Stab","Heel Hook"],"picked":"Footwork","floor":11},{"not_picked":["Calculated Gamble","Dagger Throw","Concentrate"],"picked":"SKIP","floor":13},{"not_picked":["Quick Slash","Noxious Fumes","Dagger Throw"],"picked":"SKIP","floor":18}],"player_experience":1634910,"relics_obtained":[{"floor":9,"key":"Omamori"},{"floor":13,"key":"CeramicFish"}],"event_choices":[{"damage_healed":0,"gold_gain":0,"player_choice":"Entered Light","damage_taken":20,"max_hp_gain":0,"max_hp_loss":0,"event_name":"Shining Light","floor":2,"gold_loss":0,"cards_upgraded":["Strike_G","Defend_G"]},{"damage_healed":0,"gold_gain":0,"player_choice":"Fled","damage_taken":0,"max_hp_gain":0,"max_hp_loss":0,"event_name":"Scrap Ooze","floor":4,"gold_loss":0},{"damage_healed":0,"gold_gain":0,"cards_transformed":["Strike_G"],"player_choice":"Transformed","damage_taken":0,"max_hp_gain":0,"max_hp_loss":0,"event_name":"Transmorgrifier","floor":8,"gold_loss":0,"cards_obtained":["Burst"]},{"damage_healed":0,"gold_gain":0,"player_choice":"Ignored","damage_taken":0,"max_hp_gain":0,"max_hp_loss":0,"event_name":"Vampires","floor":19,"gold_loss":0}],"is_beta":false,"boss_relics":[{"not_picked":["Coffee Dripper","Tiny House"],"picked":"Pandora\u0027s Box"}],"items_purged_floors":[14],"is_endless":false,"potions_floor_spawned":[7,10,11,18],"killed_by":"Spheric Guardian","ascension_level":20}}