{"host":"8am31i0j9qpslrrv","time":1613787403,"event":{"mods":["BaseMod","Curses Come First","Minty Spire (QoL Compilation)","Quick Restart","Replay The Spire","StSLib"],"gold_per_floor":[118,118,134,145,157,157,4,4,79,96,130,130,143,160,160,260,260,277,297,346,346,346,346,27,47,47,47,64,64,79,90,90,188,188,204,144,44,44,55,55,81,81,105,105,158,158,168,43,43,43],"floor_reached":51,"language":"ENG","playtime":3341,"items_purged":["Strike_G","Strike_G","Strike_G+1"],"score":883,"play_id":"54efe593-1a36-462e-96ac-1504b29de83f","local_time":"20210219211643","is_ascension_mode":true,"campfire_choices":[{"data":"Footwork","floor":6.0,"key":"SMITH"},{"data":"Replay:Poison Smokescreen","floor":8.0,"key":"SMITH"},{"data":"Neutralize","floor":15.0,"key":"SMITH"},{"data":"ReplayTheSpireMod:Necrosis","floor":23.0,"key":"SMITH"},{"data":"ReplayTheSpireMod:Speed Training","floor":29.0,"key":"SMITH"},{"data":"Adrenaline","floor":40.0,"key":"SMITH"},{"data":"Poison Darts","floor":42.0,"key":"SMITH"},{"data":"Backflip","floor":44.0,"key":"SMITH"},{"data":"Survivor","floor":49.0,"key":"SMITH"}],"circlet_count":0,"master_deck":["Defend_G","Defend_G","Defend_G","Survivor+1","Neutralize+1","Footwork+1","Replay:Poison Smokescreen+1","Backflip+1","ReplayTheSpireMod:Necrosis+1","ReplayTheSpireMod:Speed Training+1","Backflip+1","Adrenaline+1","Poison Darts+1","Footwork+1"],"relics":["Ring of the Snake","Anchor","TwistedFunnel","Ninja Scroll","Toy Ornithopter","ReplayTheSpireMod:TigerMarble","Empty Cage","Replay:Bottled Steam","Iron Hammer","Matryoshka","Runic Pyramid","Blue Candle","Whetstone","Gremlin Food","Byrd Skull"],"acts_visited":["Exordium","TheCity","TheBeyond"],"potions_floor_usage":[],"damage_taken":[{"damage":6.0,"enemies":"Jaw Worm","floor":1.0,"turns":5.0},{"damage":1.0,"enemies":"Cultist","floor":3.0,"turns":4.0},{"damage":0.0,"enemies":"Small Slimes","floor":4.0,"turns":3.0},{"damage":24.0,"enemies":"Exordium Thugs","floor":5.0,"turns":6.0},{"damage":0.0,"enemies":"2 Fungi Beasts","floor":10.0,"turns":3.0},{"damage":10.0,"enemies":"Gremlin Nob","floor":11.0,"turns":4.0},{"damage":0.0,"enemies":"Blue Slaver","floor":13.0,"turns":3.0},{"damage":0.0,"enemies":"Looter","floor":14.0,"turns":2.0},{"damage":0.0,"enemies":"Hexaghost","floor":16.0,"turns":7.0},{"damage":0.0,"enemies":"Shell Parasite","floor":18.0,"turns":5.0},{"damage":2.0,"enemies":"Spheric Guardian","floor":19.0,"turns":5.0},{"damage":2.0,"enemies":"Snake Plant","floor":25.0,"turns":5.0},{"damage":3.0,"enemies":"Shelled Parasite and Fungi","floor":28.0,"turns":6.0},{"damage":0.0,"enemies":"Cultist and Chosen","floor":30.0,"turns":7.0},{"damage":11.0,"enemies":"Sentry and Sphere","floor":31.0,"turns":9.0},{"damage":37.0,"enemies":"Automaton","floor":33.0,"turns":13.0},{"damage":0.0,"enemies":"Orb Walker","floor":35.0,"turns":4.0},{"damage":0.0,"enemies":"3 Shapes","floor":39.0,"turns":4.0},{"damage":9.0,"enemies":"Nemesis","floor":41.0,"turns":7.0},{"damage":0.0,"enemies":"R_Hoarder","floor":45.0,"turns":8.0},{"damage":1.0,"enemies":"Sphere and 2 Shapes","floor":47.0,"turns":4.0},{"damage":45,"enemies":"Awakened One","floor":50,"turns":16}],"seed_played":"-3334097572492480396","potions_obtained":[{"floor":3.0,"key":"BlessingOfTheForge"},{"floor":5.0,"key":"Fire Potion"},{"floor":10.0,"key":"Venom Potion"},{"floor":14.0,"key":"SneckoOil"},{"floor":20.0,"key":"GhostInAJar"},{"floor":28.0,"key":"SkillPotion"},{"floor":30.0,"key":"GhostInAJar"}],"is_trial":false,"path_per_floor":["M","?","M","M","M","R","$","R","T","M","E","?","M","M","R","B",null,"M","M","?","?","?","R","$","M","T","?","M","R","M","M","R","B",null,"M","?","$","?","M","R","E","R","T","R","E","?","M","$","R","B",null],"character_chosen":"THE_SILENT","items_purchased":["TwistedFunnel","Iron Hammer"],"campfire_rested":0,"item_purchase_floors":[7,24],"current_hp_per_floor":[64,64,63,63,39,39,39,39,39,39,29,29,29,29,29,34,70,70,68,51,51,51,51,51,49,49,49,46,46,46,35,56,19,70,70,70,70,70,70,70,61,61,61,61,66,66,65,65,65,20],"gold":43,"neow_bonus":"RANDOM_COMMON_RELIC","is_daily":false,"chose_seed":false,"campfire_upgraded":9,"win_rate":0.0,"timestamp":1613787403,"path_taken":["M","?","?","M","M","R","?","R","T","M","E","?","M","M","R","BOSS","M","M","?","?","?","R","?","?","T","?","M","R","M","M","R","BOSS","M","?","?","?","?","R","E","R","T","R","E","?","M","$","R","BOSS"],"items_purchased_type":["Relic","Relic"],"build_version":"2020-12-22","purchased_purges":3,"victory":true,"max_hp_per_floor":[70,70,70,70,70,70,70,70,70,70,70,70,70,70,70,70,70,70,70,70,70,70,70,70,70,70,70,70,70,70,70,70,70,70,70,70,70,70,70,70,70,70,70,70,70,70,70,70,70,70],"card_choices":[{"not_picked":["Outmaneuver","ReplayTheSpireMod:Tripwire","Underhanded Strike"],"picked":"SKIP","floor":1.0},{"not_picked":["Dodge and Roll","Sucker Punch"],"picked":"Footwork","floor":3.0},{"not_picked":["All Out Attack","Outmaneuver"],"picked":"Replay:Poison Smokescreen","floor":4.0},{"not_picked":["Deflect","Dash","All Out Attack"],"picked":"SKIP","floor":5.0},{"not_picked":["Slice","Tactician"],"picked":"Backflip","floor":10.0},{"not_picked":["Cloak And Dagger","Blade Dance","ReplayTheSpireMod:Scrap Shanks"],"picked":"SKIP","floor":11.0},{"not_picked":["Flying Knee","Hidden Blade","PiercingWail"],"picked":"SKIP","floor":13.0},{"not_picked":["Flying Knee","Hidden Blade","PiercingWail"],"picked":"SKIP","floor":13.0},{"not_picked":["Calculated Gamble","Bane","ReplayTheSpireMod:Exploit Weakness"],"picked":"SKIP","floor":14.0},{"not_picked":["ReplayTheSpireMod:From All Sides","Venomology"],"picked":"ReplayTheSpireMod:Necrosis","floor":16.0},{"not_picked":["Escape Plan","Underhanded Strike+1","Hidden Blade"],"picked":"SKIP","floor":18.0},{"not_picked":["Riddle With Holes","Underhanded Strike","Heel Hook+1"],"picked":"SKIP","floor":19.0},{"not_picked":["Hidden Blade","ReplayTheSpireMod:Scrap Shanks"],"picked":"ReplayTheSpireMod:Speed Training","floor":20.0},{"not_picked":["Hidden Blade","Dagger Spray","Deflect+1"],"picked":"SKIP","floor":25.0},{"not_picked":["Escape Plan","Quick Slash","Bane"],"picked":"SKIP","floor":28.0},{"not_picked":["Escape Plan","Quick Slash","Bane"],"picked":"SKIP","floor":28.0},{"not_picked":["Blur","Underhanded Strike","All Out Attack"],"picked":"SKIP","floor":30.0},{"not_picked":["Poisoned Stab","Deadly Poison","Hidden Blade"],"picked":"SKIP","floor":31.0},{"not_picked":["Outmaneuver","Riddle With Holes+1","Dagger Throw"],"picked":"SKIP","floor":35.0},{"not_picked":["Dodge and Roll+1","Terror+1","Setup"],"picked":"SKIP","floor":39.0},{"not_picked":["Dodge and Roll+1","Calculated Gamble+1"],"picked":"Poison Darts","floor":41.0},{"not_picked":["Backstab","ReplayTheSpireMod:Shiv Toss+1"],"picked":"Footwork+1","floor":45.0},{"not_picked":["Dash+1","Dodge and Roll+1","Dagger Throw"],"picked":"SKIP","floor":47.0}],"player_experience":794025,"relics_obtained":[{"floor":9.0,"key":"Ninja Scroll"},{"floor":11.0,"key":"Toy Ornithopter"},{"floor":20.0,"key":"Replay:Bottled Steam"},{"floor":26.0,"key":"Matryoshka"},{"floor":41.0,"key":"Blue Candle"},{"floor":43.0,"key":"Whetstone"},{"floor":43.0,"key":"Gremlin Food"},{"floor":45.0,"key":"Byrd Skull"}],"event_choices":[{"damage_healed":0.0,"max_hp_gain":0.0,"max_hp_loss":0.0,"gold_gain":0.0,"cards_transformed":["Defend_G"],"event_name":"Transmorgrifier","player_choice":"Transformed","floor":2.0,"gold_loss":0.0,"damage_taken":0.0,"cards_obtained":["Escape Plan"]},{"cards_removed":["Escape Plan"],"damage_healed":0.0,"max_hp_gain":0.0,"max_hp_loss":0.0,"gold_gain":0.0,"event_name":"WeMeetAgain","player_choice":"Gave Card","floor":12.0,"gold_loss":0.0,"damage_taken":0.0,"relics_obtained":["ReplayTheSpireMod:TigerMarble"]},{"damage_healed":0.0,"max_hp_gain":0.0,"max_hp_loss":0.0,"gold_gain":0.0,"event_name":"The Library","player_choice":"Read","floor":21.0,"gold_loss":0.0,"damage_taken":0.0,"cards_obtained":["Backflip"]},{"damage_healed":0.0,"max_hp_gain":0.0,"max_hp_loss":0.0,"gold_gain":0.0,"event_name":"Ghosts","player_choice":"Ignored","floor":22.0,"gold_loss":0.0,"damage_taken":0.0},{"damage_healed":0.0,"max_hp_gain":0.0,"max_hp_loss":0.0,"gold_gain":0.0,"event_name":"Cursed Tome","player_choice":"Ignored","floor":27.0,"gold_loss":0.0,"damage_taken":0.0},{"cards_removed":["Strike_G"],"damage_healed":0.0,"max_hp_gain":0.0,"max_hp_loss":0.0,"gold_gain":0.0,"event_name":"Designer","player_choice":"Single Remove","floor":36.0,"gold_loss":60.0,"damage_taken":0.0},{"damage_healed":0.0,"max_hp_gain":0.0,"max_hp_loss":0.0,"gold_gain":0.0,"event_name":"Match and Keep!","player_choice":"1 cards matched","floor":38.0,"gold_loss":0.0,"damage_taken":0.0,"cards_obtained":["Adrenaline"]},{"damage_healed":0.0,"max_hp_gain":0.0,"max_hp_loss":0.0,"gold_gain":0.0,"event_name":"Tomb of Lord Red Mask","player_choice":"Ignored","floor":46.0,"gold_loss":0.0,"damage_taken":0.0}],"is_beta":false,"boss_relics":[{"not_picked":["Abe\u0027s Treasure","Busted Crown"],"picked":"Empty Cage"},{"not_picked":["Replay:Bronze Core","Replay:Ancient Bell"],"picked":"Runic Pyramid"}],"items_purged_floors":[24,37,48],"is_endless":false,"potions_floor_spawned":[3,5,10,11,14,28,30,31,41,47],"ascension_level":2}}