{"host":"rjfefv2ruvigm2gb","time":1613860787,"event":{"mods":["Act Like it!","AlwaysNeverKeys","BaseMod","Better Note","Better Third Choice","BetterRewards","Block Reminder","Bossed Relics","Colored Map","Colored Powertips","Conspire","Curses Come First","Displayed Cursed Tome","Downfall","Fox Events","GifTheSpireLib","Gold Saver","Googly Eyes","Highlight Path","Hubris","Ironclad Rager","Minty Spire (QoL Compilation)","Monster B Gone","Permanent Neow","Poor People Problems","Quick Restart","Relic Filter","Relic Stats","Reliquary","Replay The Spire","Retaliation","Ruina","Shop Mod","Small Relic Pack","Spire Arcade","StS++","StSLib","Stuff the Spire","SuperFastMode","The Blue Laboratory","Transform Curses","Uncapped","Virulent Crown"],"gold_per_floor":[99,116,101,101,101,15,69,193,93,10,10,27,12,12,23,121,121,21,31,131,145,145,145,171,171,189,88,100,100,100,118,137,239,239,239,253,265,277,290,290,290,290,290,340,340,358,358,358,358,358,369,369,369,493,195,195,195,195],"floor_reached":59,"language":"ENG","playtime":2849,"items_purged":["bronze:Strike"],"score":1993,"play_id":"ca71b423-19a8-4814-8405-d131b95b05ce","local_time":"20210220163947","is_ascension_mode":true,"campfire_choices":[{"floor":1.0,"key":"DIG"},{"floor":9.0,"key":"REST"},{"data":"bronze:ItsAFeature","floor":18.0,"key":"SMITH"},{"data":"bronze:BugBarrage","floor":25.0,"key":"SMITH"},{"data":"bronze:InfiniteBeams","floor":35.0,"key":"SMITH"},{"data":"bronze:Boost","floor":40.0,"key":"SMITH"},{"data":"bronze:MaxOutput","floor":42.0,"key":"SMITH"},{"data":"bronze:MaxOutput","floor":49.0,"key":"SMITH"},{"data":"bronze:ItsAFeature","floor":56.0,"key":"SMITH"}],"circlet_count":0,"master_deck":["AscendersBane","bronze:Strike+1","bronze:Defend","bronze:Defend","bronze:Defend","bronze:Replicate","bronze:Goto","bronze:Iterate","bronze:WildBeam","bronze:Boost+1","bronze:ItsAFeature+1","bronze:BugBarrage+1","bronze:Turbo","bronze:MaxOutput+1","bronze:InfiniteBeams+1","bronze:BugBarrage+1","bronze:FindAndReplace","bronze:BuggyMess+1","bronze:Branch","bronze:Shield","bronze:HardenedForm","bronze:BugBarrage+1","bronze:Boost+1","bronze:BugBarrage+1","bronze:ItsAFeature+1","hubris:DuctTapeCard"],"relics":["bronze:BronzeCore","downfall:HeartBlessingGreen","reliquary:PurpleTingedLeaf","hubris:Icosahedron","relicPack:DSword","StuffTheSpire:TintedRock","hubris:FunFungus","downfall:HeartBlessingBlue","conspire:SpecialSausage","downfall:HeartBlessingRed","bronze:CableSpool","Akabeko","Gremlin Food","Quantum Egg","hubris:BottledHeart","Empty Cage","reliquary:SharkskinSheath","Dead Branch","The Courier","bronze:ProtectiveGoggles","hubris:DuctTape"],"acts_visited":["Exordium","TheCity","TheBeyond","TheEnding"],"potions_floor_usage":[58],"damage_taken":[{"damage":0.0,"enemies":"Cultist","floor":2.0,"turns":3.0},{"damage":0.0,"enemies":"downfall:FleeingMerchant","floor":3.0,"turns":4.0},{"damage":3.0,"enemies":"downfall:FleeingMerchant","floor":6.0,"turns":4.0},{"damage":4.0,"enemies":"Lagavulin","floor":8.0,"turns":6.0},{"damage":5.0,"enemies":"downfall:FleeingMerchant","floor":10.0,"turns":4.0},{"damage":0.0,"enemies":"2 Louse","floor":12.0,"turns":4.0},{"damage":10.0,"enemies":"downfall:FleeingMerchant","floor":13.0,"turns":4.0},{"damage":0.0,"enemies":"Small Slimes","floor":15.0,"turns":3.0},{"damage":4.0,"enemies":"DF_ARCHETYPE_STREAMLINE","floor":16.0,"turns":4.0},{"damage":0.0,"enemies":"Spheric Guardian","floor":19.0,"turns":3.0},{"damage":16.0,"enemies":"3 Byrds","floor":21.0,"turns":5.0},{"damage":14.0,"enemies":"Centurion and Healer","floor":26.0,"turns":3.0},{"damage":12.0,"enemies":"downfall:FleeingMerchant","floor":27.0,"turns":2.0},{"damage":27.0,"enemies":"Snecko","floor":28.0,"turns":5.0},{"damage":0.0,"enemies":"Chosen and Byrds","floor":31.0,"turns":2.0},{"damage":0.0,"enemies":"Centurion and Healer","floor":32.0,"turns":5.0},{"damage":0.0,"enemies":"IC_MUSHROOM_ARCHETYPE","floor":33.0,"turns":3.0},{"damage":0.0,"enemies":"Orb Walker","floor":36.0,"turns":2.0},{"damage":0.0,"enemies":"3 Shapes","floor":37.0,"turns":3.0},{"damage":0.0,"enemies":"Sphere and 2 Shapes","floor":38.0,"turns":5.0},{"damage":0.0,"enemies":"Maw","floor":39.0,"turns":4.0},{"damage":0.0,"enemies":"Maw","floor":44.0,"turns":3.0},{"damage":0.0,"enemies":"4 Shapes","floor":46.0,"turns":3.0},{"damage":0.0,"enemies":"Sphere and 2 Shapes","floor":51.0,"turns":3.0},{"damage":0.0,"enemies":"SI_POISON_ARCHETYPE","floor":52.0,"turns":4.0},{"damage":0.0,"enemies":"downfall:CharBossMerchant","floor":54.0,"turns":4.0},{"damage":0.0,"enemies":"downfall:NeowBoss","floor":57.0,"turns":6.0},{"damage":0,"enemies":"downfall:NeowBossFinal","floor":58,"turns":7}],"seed_played":"-564739181401474373","potions_obtained":[{"floor":2.0,"key":"blueLaboratory:RememoryPotion"},{"floor":12.0,"key":"Death Potion"},{"floor":15.0,"key":"FearPotion"},{"floor":21.0,"key":"FairyPotion"},{"floor":31.0,"key":"blueLaboratory:BottleOfRum"}],"is_trial":false,"path_per_floor":["R_BF","M","$","?","?","$","T","E","R","$","?","M","$","?","M","B",null,"R","M","?","M","?","T","T","R","M","$","M","?","?","M","M","B",null,"R","M","M","M","M","R","T","R","?","?","T","M","PTL","PTL","R","?","M","B",null,"E","$","R","B","B",null],"character_chosen":"THE_AUTOMATON","items_purchased":["bronze:ItsAFeature","bronze:MaxOutput","Gremlin Food","Quantum Egg","hubris:DuctTape","bronze:ItsAFeature","PowerPotion"],"campfire_rested":1,"item_purchase_floors":[6,10,27,27,55,55,55],"current_hp_per_floor":[63,65,67,67,32,31,31,29,63,59,59,60,52,52,53,51,73,73,74,74,59,59,59,59,59,46,36,9,1,1,1,1,1,1,1,1,1,1,1,1,1,1,1,1,1,1,1,1,1,1,1,1,1,1,1,1,1,1],"gold":195,"neow_bonus":"HUNDRED_GOLD","is_daily":false,"chose_seed":false,"campfire_upgraded":7,"win_rate":0.0,"timestamp":1613860787,"path_taken":["R_BF","M","?","?","?","$","T","E","R","$","?","M","$","?","M","BOSS","R","M","?","?","?","?","T","R","M","?","M","?","?","?","M","BOSS","R","M","M","M","M","R","T","R","?","?","?","M","PTL","PTL","R","?","M","BOSS","E","$","R","BOSS","BOSS"],"items_purchased_type":["Card","Card","Relic","Relic","Relic","Card","Potion"],"build_version":"2020-12-22","purchased_purges":1,"victory":true,"max_hp_per_floor":[70,70,70,70,70,70,70,70,80,80,80,80,80,80,80,80,80,80,80,80,80,80,80,80,80,80,80,80,1,1,1,1,1,1,1,1,1,1,1,1,1,1,1,1,1,1,1,1,1,1,1,1,1,1,1,1,1,1],"relic_stats":{"counters":[28,108],"Dead Branch":[71],"obtain_stats":[{"StuffTheSpire:TintedRock":7,"Gremlin Food":27,"bronze:BronzeCore":0,"relicPack:DSword":5,"downfall:HeartBlessingRed":18,"hubris:DuctTape":55,"Quantum Egg":27,"Dead Branch":44,"downfall:HeartBlessingGreen":1,"conspire:SpecialSausage":17,"The Courier":45,"Empty Cage":34,"Akabeko":24,"bronze:CableSpool":23,"hubris:Icosahedron":4,"bronze:ProtectiveGoggles":54,"downfall:HeartBlessingBlue":9,"hubris:BottledHeart":29,"hubris:FunFungus":8,"reliquary:PurpleTingedLeaf":1,"reliquary:SharkskinSheath":41},{"StuffTheSpire:TintedRock":3,"Gremlin Food":13,"bronze:BronzeCore":0,"relicPack:DSword":2,"downfall:HeartBlessingRed":9,"hubris:DuctTape":26,"Quantum Egg":13,"Dead Branch":22,"downfall:HeartBlessingGreen":0,"conspire:SpecialSausage":9,"The Courier":22,"Empty Cage":17,"Akabeko":11,"bronze:CableSpool":11,"hubris:Icosahedron":2,"bronze:ProtectiveGoggles":26,"downfall:HeartBlessingBlue":4,"hubris:BottledHeart":14,"hubris:FunFungus":4,"reliquary:PurpleTingedLeaf":0,"reliquary:SharkskinSheath":21},{"StuffTheSpire:TintedRock":11,"Gremlin Food":49,"bronze:BronzeCore":0,"relicPack:DSword":7,"downfall:HeartBlessingRed":36,"hubris:DuctTape":95,"Quantum Egg":49,"Dead Branch":81,"downfall:HeartBlessingGreen":0,"conspire:SpecialSausage":36,"The Courier":81,"Empty Cage":64,"Akabeko":44,"bronze:CableSpool":44,"hubris:Icosahedron":7,"bronze:ProtectiveGoggles":95,"downfall:HeartBlessingBlue":17,"hubris:BottledHeart":54,"hubris:FunFungus":17,"reliquary:PurpleTingedLeaf":0,"reliquary:SharkskinSheath":78}]},"card_choices":[{"not_picked":["bronze:BitShift","bronze:Refactor"],"picked":"bronze:Iterate","floor":2.0},{"not_picked":["bronze:DelayedGuard","bronze:Frontload"],"picked":"bronze:WildBeam","floor":3.0},{"not_picked":["bronze:ShipIt","bronze:RecursiveStrike"],"picked":"bronze:Boost","floor":6.0},{"not_picked":["bronze:BronzeOrb","bronze:OilSpill"],"picked":"bronze:BugBarrage","floor":8.0},{"not_picked":["bronze:DelayedSlice","bronze:Separator"],"picked":"bronze:Turbo","floor":10.0},{"not_picked":["bronze:Safeguard","bronze:Deprecate","bronze:Repulsor"],"picked":"SKIP","floor":12.0},{"not_picked":["bronze:WhirlingStrike","bronze:Safeguard"],"picked":"bronze:InfiniteBeams","floor":13.0},{"not_picked":["bronze:BronzeArmor","bronze:Terminator","bronze:Frontload"],"picked":"SKIP","floor":15.0},{"not_picked":["bronze:ShipIt","bronze:BurnOut"],"picked":"bronze:FindAndReplace","floor":16.0},{"not_picked":["bronze:DelayedSlice","bronze:Constructor"],"picked":"bronze:BuggyMess+1","floor":19.0},{"not_picked":["bronze:OilSpill","bronze:CutThrough+1"],"picked":"bronze:Branch","floor":21.0},{"not_picked":["bronze:Iterate","bronze:Constructor+1"],"picked":"bronze:MaxOutput","floor":26.0},{"not_picked":["bronze:MaxOutput","bronze:Safeguard"],"picked":"bronze:Shield","floor":27.0},{"not_picked":["bronze:Deprecate","bronze:WhirlingStrike","bronze:Overload"],"picked":"SKIP","floor":28.0},{"not_picked":["bronze:BitShift","bronze:Overheat","bronze:DelayedGuard"],"picked":"SKIP","floor":31.0},{"not_picked":["bronze:ChosenStrike","bronze:Constructor","bronze:CloningBeam+1"],"picked":"SKIP","floor":32.0},{"not_picked":["bronze:Format","bronze:TinkerersToolbox"],"picked":"bronze:HardenedForm","floor":33.0},{"not_picked":["bronze:WildBeam","bronze:ClassDefault+1"],"picked":"bronze:BugBarrage+1","floor":36.0},{"not_picked":["bronze:Constructor","bronze:DelayedGuard+1"],"picked":"bronze:Boost+1","floor":37.0},{"not_picked":["bronze:Frontload+1","bronze:Boost","bronze:Repair+1"],"picked":"SKIP","floor":38.0},{"not_picked":["bronze:Frontload+1","bronze:Overheat+1","bronze:Deprecate"],"picked":"SKIP","floor":39.0},{"not_picked":["bronze:DelayedSlice+1","bronze:Overheat"],"picked":"bronze:BugBarrage+1","floor":44.0},{"not_picked":["bronze:Shield","bronze:RecursiveStrike","bronze:Deprecate"],"picked":"SKIP","floor":46.0},{"not_picked":["bronze:BitShift+1","bronze:NullPointer+1","bronze:DelayedGuard+1"],"picked":"SKIP","floor":51.0},{"not_picked":["bronze:DelayedSlice+1","bronze:Turbo+1"],"picked":"bronze:MaxOutput+1","floor":54.0}],"player_experience":1146499,"relics_obtained":[{"floor":1.0,"key":"reliquary:PurpleTingedLeaf"},{"floor":7.0,"key":"StuffTheSpire:TintedRock"},{"floor":8.0,"key":"hubris:FunFungus"},{"floor":23.0,"key":"bronze:CableSpool"},{"floor":24.0,"key":"Akabeko"},{"floor":41.0,"key":"reliquary:SharkskinSheath"},{"floor":44.0,"key":"Dead Branch"},{"floor":45.0,"key":"The Courier"},{"floor":54.0,"key":"bronze:ProtectiveGoggles"}],"event_choices":[],"is_beta":false,"boss_relics":[{"not_picked":["relicPack:ShieldShield","sneckomod:SneckoTalon"],"picked":"conspire:SpecialSausage"},{"not_picked":["Replay:Wanted Poster","reliquary:ThirdArm"],"picked":"Empty Cage"}],"items_purged_floors":[27],"is_endless":false,"potions_floor_spawned":[2,12,15,21,26,31,33,36,51,54],"ascension_level":11}}