{"host":"5mo0809oo9tcrmpl","time":1613795363,"event":{"mods":["BaseMod","Highlight Path","Minty Spire (QoL Compilation)","Relic Stats","Slay the Relics Exporter"],"gold_per_floor":[112,124,134,134,134,134,134],"floor_reached":6,"language":"ENG","playtime":167,"items_purged":[],"score":72,"play_id":"24849986-5c8a-4b32-99eb-fbcc876af773","local_time":"20210219222923","is_ascension_mode":true,"campfire_choices":[],"circlet_count":0,"master_deck":["AscendersBane","Strike_B","Strike_B","Strike_B","Strike_B","Defend_B","Defend_B","Defend_B","Defend_B","Zap+1","Dualcast","Compile Driver","Streamline","Self Repair"],"relics":["Cracked Core","Sundial"],"acts_visited":["Exordium"],"potions_floor_usage":[6],"damage_taken":[{"damage":7,"enemies":"2 Louse","floor":1,"turns":2},{"damage":7,"enemies":"Small Slimes","floor":2,"turns":3},{"damage":14,"enemies":"Jaw Worm","floor":3,"turns":3},{"damage":71,"enemies":"Gremlin Nob","floor":6,"turns":4}],"seed_played":"7506592044798049313","potions_obtained":[{"floor":1,"key":"SpeedPotion"}],"is_trial":false,"path_per_floor":["M","M","M","?","?","E"],"character_chosen":"DEFECT","items_purchased":[],"campfire_rested":0,"item_purchase_floors":[],"current_hp_per_floor":[57,50,36,31,36,0,0],"gold":134,"neow_bonus":"UPGRADE_CARD","is_daily":false,"chose_seed":false,"campfire_upgraded":0,"win_rate":0.0,"timestamp":1613795363,"path_taken":["M","M","M","?","?","E"],"items_purchased_type":[],"build_version":"2020-12-22","purchased_purges":0,"victory":false,"max_hp_per_floor":[71,71,71,71,76,76,76],"relic_stats":{"counters":[4,12],"Sundial":[0],"obtain_stats":[{"Sundial":4,"Cracked Core":0},{"Sundial":3,"Cracked Core":0},{"Sundial":8,"Cracked Core":0}]},"card_choices":[{"not_picked":["Blizzard","Conserve Battery"],"picked":"Compile Driver","floor":1},{"not_picked":["Beam Cell","Force Field"],"picked":"Streamline","floor":2},{"not_picked":["Lockon","Go for the Eyes"],"picked":"Self Repair","floor":3}],"player_experience":1305481,"relics_obtained":[],"event_choices":[{"damage_healed":0,"gold_gain":0,"player_choice":"Success","damage_taken":5,"relics_obtained":["Sundial"],"max_hp_gain":0,"max_hp_loss":0,"event_name":"Scrap Ooze","floor":4,"gold_loss":0},{"damage_healed":0,"gold_gain":0,"player_choice":"Donut","damage_taken":0,"max_hp_gain":5,"max_hp_loss":0,"event_name":"Big Fish","floor":5,"gold_loss":0}],"is_beta":false,"boss_relics":[],"items_purged_floors":[],"is_endless":false,"potions_floor_spawned":[1],"killed_by":"Gremlin Nob","ascension_level":20}}