{"host":"mj8akmyfd5lo602f","time":1613836595,"event":{"mods":["2.2 Compatiblity","Act Like it!","BaseMod","Bestiary","BshForSts","Colored Map","Colored Powertips","Highlight Path","Koishi","Minty Spire (QoL Compilation)","Permanent Neow","Relic Stats","StSLib","The Marked"],"gold_per_floor":[119,139,150,45,61,61,76,89,89,117,117,137,26,71,71,169,169,183,183,199,44,62,95,95,113,113,141,241,270,284,284,284,384,384,395,411,424,300,317,346,346,696,696,725,740,740,740,750,750,750],"floor_reached":51,"language":"ENG","playtime":4561,"items_purged":["theMarked:TwofoldDefense","theMarked:Defend"],"score":796,"play_id":"c024ed4f-aaa9-46ea-8b18-b6fb511525b1","local_time":"20210220155635","is_ascension_mode":false,"campfire_choices":[{"data":"theMarked:ComboAttacks","floor":6.0,"key":"SMITH"},{"data":"theMarked:EmpowerWeapon","floor":11.0,"key":"SMITH"},{"data":"theMarked:RogueSparks","floor":15.0,"key":"SMITH"},{"data":"theMarked:ResourceFulStrike","floor":24.0,"key":"SMITH"},{"data":"theMarked:AttractMetal","floor":32.0,"key":"SMITH"},{"floor":41.0,"key":"REST"},{"floor":46,"key":"REST"},{"data":"theMarked:SelfDefenseTraining","floor":49,"key":"SMITH"}],"circlet_count":0,"master_deck":["theMarked:Strike","theMarked:Strike","theMarked:Strike","theMarked:Strike","theMarked:Strike","theMarked:Defend","theMarked:Defend","theMarked:Defend","theMarked:SoldierOfQuellstein+1","theMarked:EmpowerWeapon+1","theMarked:ComboAttacks+1","theMarked:Overcharge","theMarked:ParalyzingBlade","theMarked:SwordAndMagic","theMarked:HeightenedSenses","theMarked:SelfDefenseTraining","theMarked:RogueSparks+1","theMarked:BindingBlade","theMarked:ResourceFulStrike+1","theMarked:BindingBlade","theMarked:SelfDefenseTraining+1","theMarked:AttractMetal+1","theMarked:Overthink+1","theMarked:BiggerThanFate","theMarked:HeightenedSenses+1","theMarked:OneWithTheBlade+1","theMarked:ChainLightning+1","Writhe"],"relics":["theMarked:ArtifactOfAir","White Beast Statue","Eternal Feather","Juzu Bracelet","Philosopher\u0027s Stone","Membership Card","Mummified Hand","Ornamental Fan","Frozen Egg 2","Darkstone Periapt","MutagenicStrength","theMarked:SpiritSword","Blood Vial","Potion Belt","Old Coin","HornCleat","Kunai"],"acts_visited":["Exordium","TheCity","TheBeyond"],"potions_floor_usage":[45,50,50,50],"damage_taken":[{"damage":1.0,"enemies":"Cultist","floor":1.0,"turns":4.0},{"damage":5.0,"enemies":"Small Slimes","floor":2.0,"turns":4.0},{"damage":0.0,"enemies":"2 Louse","floor":3.0,"turns":3.0},{"damage":12.0,"enemies":"Large Slime","floor":5.0,"turns":4.0},{"damage":2.0,"enemies":"3 Louse","floor":7.0,"turns":4.0},{"damage":2.0,"enemies":"Gremlin Gang","floor":8.0,"turns":5.0},{"damage":8.0,"enemies":"Gremlin Nob","floor":10.0,"turns":3.0},{"damage":0.0,"enemies":"Red Slaver","floor":12.0,"turns":3.0},{"damage":24.0,"enemies":"Hexaghost","floor":16.0,"turns":9.0},{"damage":11.0,"enemies":"Shell Parasite","floor":18.0,"turns":4.0},{"damage":6.0,"enemies":"Spheric Guardian","floor":20.0,"turns":4.0},{"damage":12.0,"enemies":"Centurion and Healer","floor":22.0,"turns":6.0},{"damage":6.0,"enemies":"Book of Stabbing","floor":23.0,"turns":6.0},{"damage":2.0,"enemies":"Snake Plant","floor":25.0,"turns":4.0},{"damage":28.0,"enemies":"Slavers","floor":27.0,"turns":5.0},{"damage":0.0,"enemies":"Book of Stabbing","floor":29.0,"turns":3.0},{"damage":0.0,"enemies":"Shelled Parasite and Fungi","floor":30.0,"turns":5.0},{"damage":8.0,"enemies":"Automaton","floor":33.0,"turns":9.0},{"damage":18.0,"enemies":"Orb Walker","floor":35.0,"turns":3.0},{"damage":14.0,"enemies":"3 Darklings","floor":36.0,"turns":7.0},{"damage":4.0,"enemies":"Sphere and 2 Shapes","floor":37.0,"turns":3.0},{"damage":22.0,"enemies":"Jaw Worm Horde","floor":39.0,"turns":5.0},{"damage":0.0,"enemies":"Giant Head","floor":40.0,"turns":6.0},{"damage":0.0,"enemies":"Mind Bloom Boss Battle","floor":42.0,"turns":5.0},{"damage":33.0,"enemies":"Nemesis","floor":44.0,"turns":7.0},{"damage":20,"enemies":"Writhing Mass","floor":45,"turns":7},{"damage":0,"enemies":"3 Darklings","floor":48,"turns":6},{"damage":3,"enemies":"Donu and Deca","floor":50,"turns":8}],"seed_played":"1090140164111342645","potions_obtained":[{"floor":1.0,"key":"SmokeBomb"},{"floor":2.0,"key":"FearPotion"},{"floor":8.0,"key":"ColorlessPotion"},{"floor":10.0,"key":"Explosive Potion"},{"floor":12.0,"key":"FairyPotion"},{"floor":16.0,"key":"ColorlessPotion"},{"floor":18.0,"key":"theMarked:SummonPotion"},{"floor":20.0,"key":"FearPotion"},{"floor":22.0,"key":"Swift Potion"},{"floor":23.0,"key":"Swift Potion"},{"floor":25.0,"key":"Dexterity Potion"},{"floor":27.0,"key":"DistilledChaos"},{"floor":29.0,"key":"Swift Potion"},{"floor":30.0,"key":"Energy Potion"},{"floor":33.0,"key":"CultistPotion"},{"floor":35.0,"key":"Weak Potion"},{"floor":36.0,"key":"DuplicationPotion"},{"floor":39.0,"key":"Explosive Potion"},{"floor":40.0,"key":"theMarked:SummonPotion"},{"floor":42.0,"key":"SpeedPotion"},{"floor":44.0,"key":"SpeedPotion"},{"floor":45,"key":"BlessingOfTheForge"},{"floor":48,"key":"GamblersBrew"}],"is_trial":false,"path_per_floor":["M","M","M","$","M","R","M","M","T","E","R","M","$","T","R","B",null,"M","?","M","$","M","E","R","M","T","E","?","E","M","?","R","B",null,"M","M","M","$","M","E","R","?","T","E","M","R","?","M","R","B",null],"character_chosen":"THE_DEFAULT","items_purchased":["theMarked:ComboAttacks","theMarked:Overcharge","theMarked:RogueSparks","Membership Card","Blood Vial"],"campfire_rested":2,"item_purchase_floors":[4,4,13,21,38],"current_hp_per_floor":[71,66,66,66,54,54,52,50,50,42,51,51,51,51,60,36,72,61,61,55,55,43,37,49,47,47,19,19,19,19,19,31,23,72,54,40,36,36,16,18,54,56,56,25,7,43,67,69,78,75],"gold":750,"neow_bonus":"UPGRADE_CARD","is_daily":false,"chose_seed":false,"campfire_upgraded":6,"win_rate":0.0,"timestamp":1613836595,"path_taken":["M","M","M","$","M","R","M","M","T","E","R","M","$","?","R","BOSS","M","?","M","?","M","E","R","M","T","E","?","E","M","?","R","BOSS","M","M","M","$","M","E","R","?","T","E","M","R","?","M","R","BOSS"],"items_purchased_type":["Card","Card","Card","Relic","Relic"],"build_version":"2020-12-22","purchased_purges":2,"victory":true,"max_hp_per_floor":[72,72,72,72,72,72,72,72,72,72,72,72,72,72,72,72,72,72,72,72,72,72,72,72,72,72,72,72,72,72,72,72,72,72,72,72,72,72,72,72,72,72,72,72,72,72,78,78,78,78],"relic_stats":{"Darkstone Periapt":6,"Blood Vial":12,"counters":[28,140],"Mummified Hand":[31],"Ornamental Fan":[188],"Eternal Feather":81,"Juzu Bracelet":2,"Kunai":[11],"obtain_stats":[{"Darkstone Periapt":29,"Potion Belt":40,"Eternal Feather":10,"theMarked:SpiritSword":34,"Juzu Bracelet":14,"Frozen Egg 2":27,"White Beast Statue":9,"Old Coin":42,"Blood Vial":38,"theMarked:ArtifactOfAir":0,"HornCleat":43,"Mummified Hand":23,"Ornamental Fan":26,"MutagenicStrength":31,"Philosopher\u0027s Stone":17,"Membership Card":21,"Kunai":44},{"Darkstone Periapt":16,"Potion Belt":23,"Eternal Feather":7,"theMarked:SpiritSword":18,"Juzu Bracelet":8,"Frozen Egg 2":15,"White Beast Statue":6,"Old Coin":24,"Blood Vial":21,"theMarked:ArtifactOfAir":0,"HornCleat":24,"Mummified Hand":13,"Ornamental Fan":14,"MutagenicStrength":17,"Philosopher\u0027s Stone":9,"Membership Card":11,"Kunai":25},{"Darkstone Periapt":71,"Potion Belt":107,"Eternal Feather":27,"theMarked:SpiritSword":84,"Juzu Bracelet":30,"Frozen Egg 2":68,"White Beast Statue":24,"Old Coin":112,"Blood Vial":96,"theMarked:ArtifactOfAir":0,"HornCleat":112,"Mummified Hand":59,"Ornamental Fan":63,"MutagenicStrength":75,"Philosopher\u0027s Stone":39,"Membership Card":47,"Kunai":119}]},"card_choices":[{"not_picked":["theMarked:Determination","theMarked:Frustration"],"picked":"theMarked:TwofoldDefense","floor":1.0},{"not_picked":["theMarked:TunnelVision","theMarked:TheMission","theMarked:Heritage"],"picked":"SKIP","floor":2.0},{"not_picked":["theMarked:WastefulAttack","theMarked:Aftermath"],"picked":"theMarked:EmpowerWeapon","floor":3.0},{"not_picked":["theMarked:TunnelVision","theMarked:ResourceFulStrike","theMarked:Determination"],"picked":"SKIP","floor":5.0},{"not_picked":["theMarked:EmpowerWeapon","theMarked:Improvise"],"picked":"theMarked:ParalyzingBlade","floor":7.0},{"not_picked":["theMarked:Snap","theMarked:Electrocute"],"picked":"theMarked:SwordAndMagic","floor":8.0},{"not_picked":["theMarked:Pokerface","theMarked:WastefulAttack"],"picked":"theMarked:HeightenedSenses","floor":10.0},{"not_picked":["theMarked:Heritage","theMarked:CreepingChasm"],"picked":"theMarked:SelfDefenseTraining","floor":12.0},{"not_picked":["theMarked:Vacuum","theMarked:Snap"],"picked":"theMarked:BindingBlade","floor":16.0},{"not_picked":["theMarked:HeightenedSenses","theMarked:RepellingDischarge+1"],"picked":"theMarked:ResourceFulStrike","floor":18.0},{"not_picked":["theMarked:Memento","theMarked:TakeCover"],"picked":"theMarked:SelfDefenseTraining","floor":20.0},{"not_picked":["theMarked:TunnelVision","theMarked:TakeCover"],"picked":"theMarked:AttractMetal","floor":22.0},{"not_picked":["theMarked:Frustration","theMarked:EmpowerWeapon","theMarked:BanishingStrike"],"picked":"SKIP","floor":23.0},{"not_picked":["theMarked:Defy","theMarked:WardOff"],"picked":"theMarked:Overthink+1","floor":25.0},{"not_picked":["theMarked:BanishingWave","theMarked:Reabsorb","theMarked:SwordAndMagic"],"picked":"SKIP","floor":27.0},{"not_picked":["theMarked:Parkour","theMarked:EmpowerWeapon","theMarked:HeightenedSenses"],"picked":"SKIP","floor":29.0},{"not_picked":["theMarked:Maelstrom+1","theMarked:Frustration","theMarked:WardOff"],"picked":"SKIP","floor":30.0},{"not_picked":["theMarked:Defy","theMarked:DispelDoubt"],"picked":"theMarked:BiggerThanFate","floor":33.0},{"not_picked":["theMarked:SwordAndMagic","theMarked:Memento"],"picked":"theMarked:HeightenedSenses+1","floor":35.0},{"not_picked":["theMarked:AttractMetal","theMarked:ChannelForce+1","theMarked:TunnelVision"],"picked":"SKIP","floor":36.0},{"not_picked":["theMarked:Frustration","theMarked:TwofoldDefense+1"],"picked":"theMarked:OneWithTheBlade+1","floor":37.0},{"not_picked":["theMarked:TwofoldDefense+1","theMarked:BanishingStrike+1","theMarked:ElectricStrings+1"],"picked":"SKIP","floor":39.0},{"not_picked":["theMarked:BindingBlade","theMarked:ParalyzingBlade+1","theMarked:Aftermath"],"picked":"SKIP","floor":40.0},{"not_picked":["theMarked:Parkour","theMarked:RepellingDischarge+1"],"picked":"theMarked:ChainLightning+1","floor":42.0},{"not_picked":["theMarked:StartUp","theMarked:ComboAttacks+1","theMarked:EnhanceMovement+1"],"picked":"SKIP","floor":44.0},{"not_picked":["theMarked:GodGivenPower+1","theMarked:Overcharge+1","theMarked:LightningStrikesTwice+1"],"picked":"SKIP","floor":45},{"not_picked":["theMarked:RepellingDischarge+1","theMarked:TakeCover","theMarked:WardOff"],"picked":"SKIP","floor":48}],"player_experience":208248,"relics_obtained":[{"floor":9.0,"key":"White Beast Statue"},{"floor":10.0,"key":"Eternal Feather"},{"floor":14.0,"key":"Juzu Bracelet"},{"floor":23.0,"key":"Mummified Hand"},{"floor":26.0,"key":"Ornamental Fan"},{"floor":27.0,"key":"Frozen Egg 2"},{"floor":29.0,"key":"Darkstone Periapt"},{"floor":40.0,"key":"Potion Belt"},{"floor":42.0,"key":"Old Coin"},{"floor":43.0,"key":"HornCleat"},{"floor":44.0,"key":"Kunai"}],"event_choices":[{"damage_healed":0.0,"max_hp_gain":0.0,"max_hp_loss":0.0,"gold_gain":0.0,"event_name":"Match and Keep!","player_choice":"1 cards matched","floor":19.0,"gold_loss":0.0,"damage_taken":0.0,"cards_obtained":["theMarked:BindingBlade"]},{"damage_healed":0.0,"max_hp_gain":0.0,"max_hp_loss":0.0,"gold_gain":100.0,"event_name":"Golden Shrine","player_choice":"Pray","floor":28.0,"gold_loss":0.0,"damage_taken":0.0},{"damage_healed":0.0,"max_hp_gain":0.0,"max_hp_loss":0.0,"gold_gain":0.0,"event_name":"Drug Dealer","player_choice":"Inject Mutagens","floor":31.0,"gold_loss":0.0,"damage_taken":0.0,"relics_obtained":["MutagenicStrength"]},{"damage_healed":0.0,"max_hp_gain":0.0,"max_hp_loss":0.0,"gold_gain":0.0,"event_name":"MindBloom","player_choice":"Fight","floor":42.0,"gold_loss":0.0,"damage_taken":0.0},{"damage_healed":18,"gold_gain":0,"player_choice":"Writhe","damage_taken":0,"max_hp_gain":0,"max_hp_loss":0,"event_name":"Winding Halls","floor":47,"gold_loss":0,"cards_obtained":["Writhe"]}],"is_beta":false,"boss_relics":[{"not_picked":["SlaversCollar","Coffee Dripper"],"picked":"Philosopher\u0027s Stone"},{"not_picked":["Empty Cage","theMarked:Eyepatch"],"picked":"theMarked:SpiritSword"}],"items_purged_floors":[13,38],"is_endless":false,"potions_floor_spawned":[1,2,8,10,12,16,18,20,22,23,25,27,29,30,33,35,36,37,39,40,42,44,45,48],"ascension_level":0}}