{"host":"b5ofb9azpmwqws3x","time":1613831589,"event":{"mods":["BaseMod","Minty Spire (QoL Compilation)"],"gold_per_floor":[363,538,201,201,51,51,86,44,44,44,79,97,116,116,116,216,216,230,241,63,63,116,116,127,138,192,192,209,209,209,209],"floor_reached":30,"language":"ENG","playtime":1045,"items_purged":["Doubt","Writhe"],"score":366,"play_id":"71be8549-a15d-45e4-8006-947eb542b9dc","local_time":"20210220173309","is_ascension_mode":true,"campfire_choices":[{"floor":6.0,"key":"REST"},{"floor":10.0,"key":"REST"},{"floor":15.0,"key":"REST"},{"floor":23.0,"key":"REST"},{"floor":27,"key":"REST"}],"circlet_count":0,"master_deck":["AscendersBane","Strike_G","Strike_G","Strike_G","Strike_G","Strike_G","Defend_G","Defend_G+1","Defend_G","Defend_G","Defend_G","Survivor","Neutralize","Predator+1","PiercingWail","Cleave+1","DevaForm","Footwork","Prepared+1","Decay","Streamline+1"],"relics":["Ring of the Snake","Membership Card","Bronze Scales","Ancient Tea Set","PrismaticShard","Nunchaku","Tiny Chest","Question Card","Black Star","Thread and Needle","Snake Skull","Pen Nib"],"acts_visited":["Exordium","TheCity"],"potions_floor_usage":[24,25,28],"damage_taken":[{"damage":7.0,"enemies":"Cultist","floor":1.0,"turns":4.0},{"damage":52.0,"enemies":"Lagavulin","floor":7.0,"turns":7.0},{"damage":17.0,"enemies":"Gremlin Nob","floor":11.0,"turns":4.0},{"damage":3.0,"enemies":"2 Louse","floor":12.0,"turns":3.0},{"damage":0.0,"enemies":"Small Slimes","floor":13.0,"turns":3.0},{"damage":30.0,"enemies":"Slime Boss","floor":16.0,"turns":12.0},{"damage":7.0,"enemies":"3 Byrds","floor":18.0,"turns":3.0},{"damage":26.0,"enemies":"Chosen","floor":19.0,"turns":6.0},{"damage":20,"enemies":"Shelled Parasite and Fungi","floor":24,"turns":12},{"damage":13,"enemies":"Centurion and Healer","floor":25,"turns":12},{"damage":15,"enemies":"Snake Plant","floor":28,"turns":4},{"damage":18,"enemies":"Gremlin Leader","floor":30,"turns":2}],"seed_played":"-3221939917422685934","potions_obtained":[{"floor":1.0,"key":"Dexterity Potion"},{"floor":11.0,"key":"LiquidBronze"},{"floor":12.0,"key":"Block Potion"},{"floor":16.0,"key":"SpeedPotion"},{"floor":24,"key":"Ancient Potion"},{"floor":25,"key":"PowerPotion"}],"is_trial":false,"path_per_floor":["M","?","$","?","$","R","E","?","T","R","E","M","M","?","R","B",null,"M","M","$","?","T","R","M","M","T","R","M","?","E"],"character_chosen":"THE_SILENT","items_purchased":["Membership Card","Bronze Scales","Ancient Tea Set","PrismaticShard","PiercingWail","Thread and Needle","ColorlessPotion"],"campfire_rested":5,"item_purchase_floors":[3,3,3,5,5,20,20],"current_hp_per_floor":[56,56,56,42,42,63,11,11,11,32,15,12,12,12,33,3,53,46,20,20,20,20,41,21,8,8,29,14,14,0,0],"gold":209,"neow_bonus":"TWO_FIFTY_GOLD","is_daily":false,"chose_seed":false,"campfire_upgraded":0,"win_rate":0.0,"timestamp":1613831589,"path_taken":["M","?","$","?","$","R","E","?","T","R","E","?","M","?","R","BOSS","M","M","$","?","?","R","M","M","T","R","M","?","E"],"items_purchased_type":["Relic","Relic","Relic","Relic","Card","Relic","Potion"],"build_version":"2020-12-22","purchased_purges":2,"victory":false,"max_hp_per_floor":[70,70,70,70,70,70,70,70,70,70,70,70,70,70,70,70,70,70,70,70,70,70,70,70,70,70,70,70,70,70,70],"card_choices":[{"not_picked":["Poisoned Stab","All Out Attack"],"picked":"Predator","floor":1.0},{"not_picked":["Slice","Flex","Impatience"],"picked":"SKIP","floor":7.0},{"not_picked":["Flex","Pray","Underhanded Strike"],"picked":"SKIP","floor":11.0},{"not_picked":["ClearTheMind","FlyingSleeves","Protect","Chaos"],"picked":"SKIP","floor":12.0},{"not_picked":["Amplify","Blade Dance","JustLucky"],"picked":"Cleave","floor":13.0},{"not_picked":["Limit Break","Amplify","Creative AI"],"picked":"DevaForm","floor":16.0},{"not_picked":["CutThroughFate","EmptyFist+1","Distraction"],"picked":"Footwork","floor":18.0},{"not_picked":["Flying Knee+1","True Grit","Deflect+1"],"picked":"Prepared+1","floor":19.0},{"not_picked":["EmptyFist","Dodge and Roll","FollowUp"],"picked":"Streamline+1","floor":24},{"not_picked":["Outmaneuver","Body Slam","Beam Cell","Omniscience"],"picked":"SKIP","floor":25},{"not_picked":["CutThroughFate","FearNoEvil","PathToVictory","Dagger Spray"],"picked":"SKIP","floor":28}],"player_experience":313654,"relics_obtained":[{"floor":7.0,"key":"Nunchaku"},{"floor":9.0,"key":"Tiny Chest"},{"floor":11.0,"key":"Question Card"},{"floor":22.0,"key":"Snake Skull"},{"floor":26,"key":"Pen Nib"}],"event_choices":[{"damage_healed":0.0,"max_hp_gain":0.0,"max_hp_loss":0.0,"gold_gain":175.0,"event_name":"Liars Game","player_choice":"AGREE","floor":2.0,"gold_loss":0.0,"damage_taken":0.0,"cards_obtained":["Doubt"]},{"damage_healed":0.0,"max_hp_gain":0.0,"max_hp_loss":0.0,"gold_gain":0.0,"event_name":"Shining Light","player_choice":"Entered Light","floor":4.0,"gold_loss":0.0,"damage_taken":14.0,"cards_upgraded":["Predator","Defend_G"]},{"damage_healed":0.0,"max_hp_gain":0.0,"max_hp_loss":0.0,"gold_gain":0.0,"event_name":"World of Goop","player_choice":"Left Gold","floor":8.0,"gold_loss":42.0,"damage_taken":0.0},{"damage_healed":0.0,"max_hp_gain":0.0,"max_hp_loss":0.0,"gold_gain":0.0,"event_name":"Living Wall","player_choice":"Grow","floor":14.0,"gold_loss":0.0,"damage_taken":0.0,"cards_upgraded":["Cleave"]},{"damage_healed":0.0,"max_hp_gain":0.0,"max_hp_loss":0.0,"gold_gain":0.0,"event_name":"Forgotten Altar","player_choice":"Smashed Altar","floor":21.0,"gold_loss":0.0,"damage_taken":0.0,"cards_obtained":["Decay"]},{"damage_healed":0,"gold_gain":0,"player_choice":"Ignored","damage_taken":0,"max_hp_gain":0,"max_hp_loss":0,"event_name":"Ghosts","floor":29,"gold_loss":0}],"is_beta":false,"boss_relics":[{"not_picked":["Sozu","Tiny House"],"picked":"Black Star"}],"items_purged_floors":[3,5],"is_endless":false,"potions_floor_spawned":[1,11,12,16,24,25],"killed_by":"Gremlin Leader","ascension_level":11}}