{"host":"p0hktren06injwdf","time":1613811158,"event":{"mods":["AchievementEnabler","BaseMod","Colored Map","DeckTracker","Minty Spire (QoL Compilation)","Permanent Neow","StSLib","SuperFastMode"],"gold_per_floor":[111,127,139,157,168,168,198,198,198,215,215,215],"floor_reached":11,"language":"KOR","playtime":176,"items_purged":[],"score":154,"play_id":"786fafdb-31dc-4892-9533-04a2e2958aef","local_time":"20210220175238","is_ascension_mode":true,"campfire_choices":[{"data":"Eruption","floor":6.0,"key":"SMITH"},{"data":"TalkToTheHand","floor":8.0,"key":"SMITH"}],"circlet_count":0,"master_deck":["AscendersBane","Strike_P","Strike_P","Strike_P","Strike_P","Defend_P","Defend_P","Defend_P","Defend_P","Eruption+1","Vigilance","TalkToTheHand+1","Consecrate","Wallop","DeusExMachina","Evaluate"],"relics":["PureWater","Happy Flower","Ornamental Fan","Eternal Feather"],"acts_visited":["Exordium"],"potions_floor_usage":[],"damage_taken":[{"damage":2.0,"enemies":"Jaw Worm","floor":1.0,"turns":4.0},{"damage":2.0,"enemies":"2 Louse","floor":2.0,"turns":3.0},{"damage":0.0,"enemies":"Cultist","floor":3.0,"turns":2.0},{"damage":11.0,"enemies":"3 Louse","floor":4.0,"turns":4.0},{"damage":12.0,"enemies":"Lots of Slimes","floor":5.0,"turns":4.0},{"damage":16.0,"enemies":"Gremlin Nob","floor":7.0,"turns":3.0},{"damage":0.0,"enemies":"Red Slaver","floor":10.0,"turns":3.0},{"damage":8,"enemies":"Lagavulin","floor":11,"turns":8}],"seed_played":"-4423992477908474862","potions_obtained":[{"floor":1.0,"key":"AttackPotion"},{"floor":5.0,"key":"Energy Potion"},{"floor":7.0,"key":"BottledMiracle"}],"is_trial":false,"path_per_floor":["M","M","M","M","M","R","E","R","T","M","E"],"character_chosen":"WATCHER","items_purchased":[],"campfire_rested":0,"item_purchase_floors":[],"current_hp_per_floor":[59,57,57,46,34,34,18,18,18,18,10,10],"gold":215,"neow_bonus":"RANDOM_COMMON_RELIC","is_daily":false,"chose_seed":false,"campfire_upgraded":2,"win_rate":0.0,"timestamp":1613811158,"path_taken":["M","M","M","M","M","R","E","R","T","M","E"],"items_purchased_type":[],"build_version":"2020-12-22","purchased_purges":0,"victory":false,"max_hp_per_floor":[68,68,68,68,68,68,68,68,68,68,68,68],"card_choices":[{"not_picked":["SandsOfTime","WindmillStrike","Protect"],"picked":"SKIP","floor":1.0},{"not_picked":["Indignation","Meditate"],"picked":"TalkToTheHand","floor":2.0},{"not_picked":["FollowUp","BowlingBash"],"picked":"Consecrate","floor":3.0},{"not_picked":["JustLucky","CrushJoints"],"picked":"Wallop","floor":4.0},{"not_picked":["Nirvana","BowlingBash"],"picked":"DeusExMachina","floor":5.0},{"not_picked":["ReachHeaven","PathToVictory","Wish"],"picked":"SKIP","floor":7.0},{"not_picked":["JustLucky","ThirdEye"],"picked":"Evaluate","floor":10.0}],"player_experience":1092901,"relics_obtained":[{"floor":7.0,"key":"Ornamental Fan"},{"floor":9.0,"key":"Eternal Feather"}],"event_choices":[],"is_beta":false,"boss_relics":[],"items_purged_floors":[],"is_endless":false,"potions_floor_spawned":[1,5,7],"killed_by":"Lagavulin","ascension_level":20}}