{"host":"uy3vg6glkp8m6iit","time":1613816349,"event":{"mods":["AchievementEnabler","BaseMod","Colored Map","DeckTracker","Highlight Path","Keyboard Shortcuts","Minty Spire (QoL Compilation)","Quick Restart","Random Character Button","Rare Cards Sparkle","Relic Stats","StSLib","everything is the same but u backflip on backflip"],"gold_per_floor":[112,131,45,61,73,73,84,94,170,201,201,218,232,118,118,192,192,209,228,44,56,56,56,56,56,56,71,71,71,71,86,86,86,86],"floor_reached":33,"language":"KOR","playtime":1113,"items_purged":["Strike_G","Strike_G"],"score":502,"play_id":"8137c7a4-3ecd-4b8c-9922-ad2d54b8d580","local_time":"20210220191909","is_ascension_mode":true,"campfire_choices":[{"data":"Crippling Poison","floor":6.0,"key":"SMITH"},{"floor":11.0,"key":"REST"},{"data":"Tactician","floor":15.0,"key":"SMITH"},{"floor":24.0,"key":"REST"},{"floor":30.0,"key":"REST"},{"data":"Calculated Gamble","floor":32,"key":"SMITH"}],"circlet_count":0,"master_deck":["AscendersBane","Defend_G","Defend_G","Defend_G","Defend_G","Survivor","Neutralize","Underhanded Strike","Dagger Throw","Infinite Blades","Calculated Gamble","Crippling Poison+1","Dash","Blade Dance","Acrobatics","Grand Finale","Tactician+1","Tools of the Trade","Predator+1","Skewer+1","Dagger Spray+1","Calculated Gamble+1"],"relics":["Ring of the Snake","Vajra","Mercury Hourglass","Blue Candle","Astrolabe","Letter Opener","Ornamental Fan"],"acts_visited":["Exordium","TheCity"],"potions_floor_usage":[33,33],"damage_taken":[{"damage":0.0,"enemies":"Cultist","floor":1.0,"turns":4.0},{"damage":0.0,"enemies":"Small Slimes","floor":2.0,"turns":3.0},{"damage":2.0,"enemies":"Jaw Worm","floor":4.0,"turns":3.0},{"damage":4.0,"enemies":"3 Louse","floor":5.0,"turns":4.0},{"damage":8.0,"enemies":"Blue Slaver","floor":7.0,"turns":4.0},{"damage":19.0,"enemies":"Exordium Wildlife","floor":8.0,"turns":6.0},{"damage":7.0,"enemies":"3 Sentries","floor":10.0,"turns":5.0},{"damage":12.0,"enemies":"Large Slime","floor":12.0,"turns":5.0},{"damage":0.0,"enemies":"Looter","floor":13.0,"turns":3.0},{"damage":14.0,"enemies":"Hexaghost","floor":16.0,"turns":8.0},{"damage":16.0,"enemies":"Spheric Guardian","floor":18.0,"turns":4.0},{"damage":14.0,"enemies":"Shell Parasite","floor":19.0,"turns":3.0},{"damage":13.0,"enemies":"Snake Plant","floor":21.0,"turns":3.0},{"damage":20.0,"enemies":"Sentry and Sphere","floor":27.0,"turns":5.0},{"damage":0.0,"enemies":"3 Cultists","floor":31.0,"turns":3.0},{"damage":41,"enemies":"Champ","floor":33,"turns":9}],"seed_played":"-1865467939468161235","potions_obtained":[{"floor":4.0,"key":"DuplicationPotion"},{"floor":5.0,"key":"LiquidMemories"},{"floor":12.0,"key":"Poison Potion"},{"floor":16.0,"key":"EssenceOfSteel"},{"floor":19.0,"key":"FearPotion"},{"floor":31.0,"key":"SpeedPotion"}],"is_trial":false,"path_per_floor":["M","M","$","M","M","R","M","M","T","E","R","M","M","$","R","B",null,"M","M","$","M","?","T","R","?","T","M","$","$","R","M","R","B"],"character_chosen":"THE_SILENT","items_purchased":["Infinite Blades","Tactician","DistilledChaos"],"campfire_rested":3,"item_purchase_floors":[3,14,20],"current_hp_per_floor":[59,59,59,57,53,53,45,26,26,19,38,26,26,26,26,12,53,37,23,23,10,10,10,29,29,29,9,9,9,28,28,28,0,0],"gold":86,"neow_bonus":"RANDOM_COMMON_RELIC","is_daily":false,"chose_seed":false,"campfire_upgraded":3,"win_rate":0.0,"timestamp":1613816349,"path_taken":["M","M","$","M","?","R","M","M","T","E","R","?","M","$","R","BOSS","M","M","$","M","?","?","R","?","T","M","?","$","R","?","R","BOSS"],"items_purchased_type":["Card","Card","Potion"],"build_version":"2020-12-22","purchased_purges":2,"victory":false,"max_hp_per_floor":[66,66,66,66,66,66,66,66,66,66,66,66,66,66,66,66,66,66,66,66,66,66,66,66,66,66,66,66,66,66,66,66,66,66],"relic_stats":{"counters":[16,72],"Ornamental Fan":[36],"Blue Candle":[0],"Astrolabe":["Predator","Skewer","Dagger Spray"],"Letter Opener":[25],"obtain_stats":[{"Ornamental Fan":26,"Blue Candle":10,"Astrolabe":17,"Vajra":0,"Letter Opener":23,"Ring of the Snake":0,"Mercury Hourglass":9},{"Ornamental Fan":13,"Blue Candle":7,"Astrolabe":10,"Vajra":0,"Letter Opener":13,"Ring of the Snake":0,"Mercury Hourglass":6},{"Ornamental Fan":55,"Blue Candle":29,"Astrolabe":45,"Vajra":0,"Letter Opener":55,"Ring of the Snake":0,"Mercury Hourglass":24}],"Ring of the Snake":[32],"Mercury Hourglass":[139]},"card_choices":[{"not_picked":["Outmaneuver","Dodge and Roll"],"picked":"Underhanded Strike","floor":1.0},{"not_picked":["Underhanded Strike","Bouncing Flask"],"picked":"Dagger Throw","floor":2.0},{"not_picked":["Choke","Deflect"],"picked":"Calculated Gamble","floor":4.0},{"not_picked":["Deflect","Dodge and Roll"],"picked":"Crippling Poison","floor":5.0},{"not_picked":["Poisoned Stab","Cloak And Dagger"],"picked":"Dash","floor":7.0},{"not_picked":["Flechettes","Quick Slash"],"picked":"Blade Dance","floor":8.0},{"not_picked":["Poisoned Stab","Catalyst","Quick Slash"],"picked":"SKIP","floor":10.0},{"not_picked":["Outmaneuver","Distraction"],"picked":"Acrobatics","floor":12.0},{"not_picked":["Dagger Throw","Backflip"],"picked":"Grand Finale","floor":13.0},{"not_picked":["Storm of Steel","Grand Finale"],"picked":"Tools of the Trade","floor":16.0},{"not_picked":["Bane","Dagger Throw"],"picked":"Calculated Gamble","floor":18.0},{"not_picked":["Deadly Poison","Slice+1","Doppelganger"],"picked":"SKIP","floor":19.0},{"not_picked":["Flying Knee","Dagger Spray","Bane"],"picked":"SKIP","floor":21.0},{"not_picked":["Concentrate","Footwork","Infinite Blades+1"],"picked":"SKIP","floor":27.0},{"not_picked":["Sucker Punch","Outmaneuver+1","Slice"],"picked":"SKIP","floor":31.0}],"player_experience":1522472,"relics_obtained":[{"floor":9.0,"key":"Mercury Hourglass"},{"floor":10.0,"key":"Blue Candle"},{"floor":23.0,"key":"Letter Opener"},{"floor":26.0,"key":"Ornamental Fan"}],"event_choices":[{"cards_removed":["Strike_G"],"damage_healed":0.0,"max_hp_gain":0.0,"max_hp_loss":0.0,"gold_gain":0.0,"event_name":"Back to Basics","player_choice":"Elegance","floor":22.0,"gold_loss":0.0,"damage_taken":0.0},{"damage_healed":0.0,"max_hp_gain":0.0,"max_hp_loss":0.0,"gold_gain":0.0,"event_name":"Ghosts","player_choice":"Ignored","floor":25.0,"gold_loss":0.0,"damage_taken":0.0}],"is_beta":false,"boss_relics":[{"not_picked":["Busted Crown","Ring of the Serpent"],"picked":"Astrolabe"}],"items_purged_floors":[14,20],"is_endless":false,"potions_floor_spawned":[4,5,7,12,16,19,31],"killed_by":"Champ","ascension_level":20}}