{"host":"8vqkh0x3c7vpgzzm","time":1613840795,"event":{"mods":["AchievementEnabler","BaseMod","Colored Map","Colored Powertips","Curses Come First","DeckTracker","Highlight Path","Minty Spire (QoL Compilation)","Permanent Neow","Quick Restart","Random Character Mod","Rare Cards Sparkle","Relic Sorter","Relic Stats","StSLib","SuperFastMode","Unceasing Turn Reminder","egg","everything is the same but u backflip on backflip"],"gold_per_floor":[109,159,169,169,169,169,196,196,242,271,283,624,636,666,678,768,780,809,871,901,932,69,69,104,122,122,147,64,64,77,111,111,187,187,205,218,218,2,2,30,30,57,139,139,139,25,25,35,35,35],"floor_reached":51,"language":"ENG","playtime":2358,"items_purged":["Strike_G"],"score":1562,"play_id":"d3fb1079-d465-4132-a5fa-6ea502c06b89","local_time":"20210220180635","is_ascension_mode":true,"campfire_choices":[{"data":"Neutralize","floor":6,"key":"SMITH"},{"data":"Dash","floor":8,"key":"SMITH"},{"data":"Blade Dance","floor":13,"key":"SMITH"},{"data":"Poisoned Stab","floor":15,"key":"SMITH"},{"floor":23,"key":"REST"},{"data":"Envenom","floor":29,"key":"SMITH"},{"floor":32,"key":"REST"},{"data":"Wraith Form v2","floor":41,"key":"SMITH"},{"data":"Catalyst","floor":45,"key":"SMITH"},{"data":"Blade Dance","floor":47,"key":"SMITH"},{"floor":49,"key":"REST"}],"circlet_count":0,"master_deck":["AscendersBane","Strike_G","Strike_G","Strike_G","Defend_G","Defend_G","Defend_G","Defend_G","Survivor","Neutralize+1","Dash+1","Poisoned Stab+1","Dagger Throw","Blade Dance+1","Terror","Escape Plan","Envenom+1","Blade Dance","Prepared","Caltrops","Calculated Gamble","Backstab","Dodge and Roll+1","Crippling Poison","Escape Plan","Blade Dance+1","Finisher+1","Wraith Form v2+1","Catalyst+1","Blade Dance+1","Prepared","Bouncing Flask","Well Laid Plans+1","Footwork","PiercingWail","Backflip+1"],"relics":["Ring of the Snake","NeowsBlessing","Ornamental Fan","Darkstone Periapt","PreservedInsect","MawBank","Old Coin","Sozu","Meat on the Bone","Oddly Smooth Stone","TwistedFunnel","Gremlin Horn","Shovel","Toy Ornithopter","Vajra","HoveringKite","Boot","Ancient Tea Set","Bottled Lightning"],"acts_visited":["Exordium","TheCity","TheBeyond"],"potions_floor_usage":[16,16],"damage_taken":[{"damage":0,"enemies":"2 Louse","floor":1,"turns":2},{"damage":0,"enemies":"Cultist","floor":3,"turns":1},{"damage":0,"enemies":"Gremlin Nob","floor":7,"turns":1},{"damage":9,"enemies":"3 Sentries","floor":10,"turns":6},{"damage":2,"enemies":"Lagavulin","floor":12,"turns":6},{"damage":4,"enemies":"Jaw Worm","floor":14,"turns":2},{"damage":16,"enemies":"The Guardian","floor":16,"turns":11},{"damage":8,"enemies":"Chosen","floor":18,"turns":4},{"damage":19,"enemies":"Shell Parasite","floor":20,"turns":4},{"damage":15,"enemies":"Snecko","floor":21,"turns":5},{"damage":25,"enemies":"Gremlin Leader","floor":24,"turns":5},{"damage":0,"enemies":"Centurion and Healer","floor":25,"turns":4},{"damage":2,"enemies":"Book of Stabbing","floor":27,"turns":3},{"damage":6,"enemies":"Snake Plant","floor":30,"turns":3},{"damage":2,"enemies":"Slavers","floor":31,"turns":3},{"damage":9,"enemies":"Collector","floor":33,"turns":7},{"damage":0,"enemies":"Orb Walker","floor":35,"turns":2},{"damage":1,"enemies":"3 Shapes","floor":36,"turns":4},{"damage":0,"enemies":"Reptomancer","floor":40,"turns":3},{"damage":22,"enemies":"Giant Head","floor":42,"turns":6},{"damage":0,"enemies":"Jaw Worm Horde","floor":48,"turns":2},{"damage":23,"enemies":"Donu and Deca","floor":50,"turns":9}],"seed_played":"-4708083713276620543","potions_obtained":[{"floor":1,"key":"LiquidBronze"},{"floor":12,"key":"PowerPotion"}],"is_trial":false,"path_per_floor":["M","?","M","?","T","R","E","R","T","E","?","E","R","M","R","B",null,"M","?","M","M","$","R","E","M","T","E","$","R","M","E","R","B",null,"M","M","?","$","?","E","R","E","T","?","R","$","R","M","R","B",null],"character_chosen":"THE_SILENT","items_purchased":["Meat on the Bone","Calculated Gamble","Backstab","Oddly Smooth Stone","TwistedFunnel","Escape Plan","Prepared","Bouncing Flask","Well Laid Plans","Footwork","PiercingWail"],"campfire_rested":3,"item_purchase_floors":[22,22,22,22,22,28,38,38,38,46,46],"current_hp_per_floor":[59,59,59,59,59,59,59,59,59,50,50,48,48,44,44,28,57,49,43,24,9,9,28,15,27,27,37,37,37,43,41,60,51,62,62,61,61,61,61,61,61,39,39,39,39,39,39,39,57,34],"gold":35,"neow_bonus":"THREE_ENEMY_KILL","is_daily":false,"chose_seed":false,"campfire_upgraded":8,"win_rate":0.0,"timestamp":1613840795,"path_taken":["M","?","?","?","?","R","E","R","T","E","?","E","R","M","R","BOSS","M","?","?","M","$","R","E","M","T","E","?","R","M","E","R","BOSS","M","?","?","?","?","E","R","E","T","?","R","$","R","M","R","BOSS"],"items_purchased_type":["Relic","Card","Card","Relic","Relic","Card","Card","Card","Card","Card","Card"],"build_version":"2020-12-22","purchased_purges":1,"victory":true,"max_hp_per_floor":[66,66,66,66,66,66,66,66,66,66,66,66,66,66,66,66,66,66,66,66,66,66,66,66,66,66,66,66,66,66,66,66,66,66,66,66,66,66,63,63,63,63,63,63,63,63,63,63,63,63],"relic_stats":{"Darkstone Periapt":0,"Gremlin Horn":[14,14],"counters":[22,93],"HoveringKite":[13],"PreservedInsect":389,"MawBank":144,"Boot":[12],"Sozu":5,"Shovel":0,"Ornamental Fan":[344],"obtain_stats":[{"Darkstone Periapt":7,"TwistedFunnel":22,"NeowsBlessing":0,"Gremlin Horn":24,"Oddly Smooth Stone":22,"Vajra":31,"HoveringKite":34,"PreservedInsect":9,"MawBank":10,"Boot":40,"Ancient Tea Set":42,"Old Coin":12,"Sozu":17,"Shovel":26,"Ornamental Fan":5,"Bottled Lightning":43,"Toy Ornithopter":27,"Ring of the Snake":0,"Meat on the Bone":22},{"Darkstone Periapt":3,"TwistedFunnel":10,"NeowsBlessing":0,"Gremlin Horn":11,"Oddly Smooth Stone":10,"Vajra":15,"HoveringKite":16,"PreservedInsect":3,"MawBank":4,"Boot":19,"Ancient Tea Set":20,"Old Coin":5,"Sozu":7,"Shovel":12,"Ornamental Fan":2,"Bottled Lightning":20,"Toy Ornithopter":13,"Ring of the Snake":0,"Meat on the Bone":10},{"Darkstone Periapt":4,"TwistedFunnel":42,"NeowsBlessing":0,"Gremlin Horn":47,"Oddly Smooth Stone":42,"Vajra":60,"HoveringKite":67,"PreservedInsect":4,"MawBank":10,"Boot":76,"Ancient Tea Set":82,"Old Coin":16,"Sozu":29,"Shovel":51,"Ornamental Fan":3,"Bottled Lightning":82,"Toy Ornithopter":54,"Ring of the Snake":0,"Meat on the Bone":42}],"Toy Ornithopter":0,"Ring of the Snake":[44],"Meat on the Bone":48},"card_choices":[{"not_picked":["Dagger Throw","Dodge and Roll"],"picked":"Dash","floor":1},{"not_picked":["Distraction","Riddle With Holes"],"picked":"Poisoned Stab","floor":3},{"not_picked":["Finisher","Setup"],"picked":"Dagger Throw","floor":7},{"not_picked":["Dodge and Roll","Deflect"],"picked":"Blade Dance","floor":10},{"not_picked":["Grand Finale","Blade Dance"],"picked":"Terror","floor":12},{"not_picked":["Deflect","Backflip"],"picked":"Escape Plan","floor":14},{"not_picked":["Glass Knife","Doppelganger"],"picked":"Envenom","floor":16},{"not_picked":["Catalyst","Reflex+1"],"picked":"Blade Dance","floor":18},{"not_picked":["Flying Knee","Underhanded Strike"],"picked":"Prepared","floor":20},{"not_picked":["Bane+1","Terror"],"picked":"Caltrops","floor":21},{"not_picked":["All Out Attack","Dagger Throw"],"picked":"Dodge and Roll+1","floor":24},{"not_picked":["Concentrate","Dagger Throw","Deflect"],"picked":"SKIP","floor":25},{"not_picked":["Slice","Flying Knee"],"picked":"Crippling Poison","floor":27},{"not_picked":["Choke","Crippling Poison"],"picked":"Blade Dance+1","floor":30},{"not_picked":["Acrobatics","Deflect"],"picked":"Finisher+1","floor":31},{"not_picked":["Storm of Steel","Tools of the Trade"],"picked":"Wraith Form v2","floor":33},{"not_picked":["All Out Attack","Tactician"],"picked":"Catalyst","floor":35},{"not_picked":["Deadly Poison","Terror"],"picked":"Blade Dance","floor":36},{"not_picked":["Endless Agony","Dagger Spray","Setup"],"picked":"SKIP","floor":40},{"not_picked":["Dodge and Roll+1","Setup+1","All Out Attack"],"picked":"SKIP","floor":42},{"not_picked":["Dodge and Roll","Blade Dance"],"picked":"Backflip+1","floor":48}],"player_experience":585781,"relics_obtained":[{"floor":5,"key":"Ornamental Fan"},{"floor":7,"key":"Darkstone Periapt"},{"floor":9,"key":"PreservedInsect"},{"floor":10,"key":"MawBank"},{"floor":12,"key":"Old Coin"},{"floor":24,"key":"Gremlin Horn"},{"floor":26,"key":"Shovel"},{"floor":27,"key":"Toy Ornithopter"},{"floor":31,"key":"Vajra"},{"floor":40,"key":"Boot"},{"floor":42,"key":"Ancient Tea Set"},{"floor":43,"key":"Bottled Lightning"}],"event_choices":[{"damage_healed":0,"gold_gain":50,"player_choice":"Pray","damage_taken":0,"max_hp_gain":0,"max_hp_loss":0,"event_name":"Golden Shrine","floor":2,"gold_loss":0},{"damage_healed":0,"gold_gain":0,"player_choice":"Ignored","damage_taken":0,"max_hp_gain":0,"max_hp_loss":0,"event_name":"Liars Game","floor":4,"gold_loss":0},{"cards_removed":["Defend_G"],"damage_healed":0,"gold_gain":0,"player_choice":"Forget","damage_taken":0,"max_hp_gain":0,"max_hp_loss":0,"event_name":"Living Wall","floor":11,"gold_loss":0},{"damage_healed":0,"gold_gain":50,"player_choice":"Touch","damage_taken":6,"max_hp_gain":0,"max_hp_loss":0,"event_name":"FaceTrader","floor":19,"gold_loss":0},{"cards_removed":["Strike_G"],"damage_healed":0,"gold_gain":0,"player_choice":"Removed Attack","damage_taken":0,"max_hp_gain":0,"max_hp_loss":0,"event_name":"Falling","floor":37,"gold_loss":0},{"damage_healed":0,"gold_gain":0,"player_choice":"Max HP","damage_taken":0,"max_hp_gain":0,"max_hp_loss":3,"event_name":"Winding Halls","floor":39,"gold_loss":0},{"damage_healed":0,"gold_gain":0,"player_choice":"Forge","damage_taken":0,"max_hp_gain":0,"max_hp_loss":0,"event_name":"Accursed Blacksmith","floor":44,"gold_loss":0,"cards_upgraded":["Well Laid Plans"]}],"is_beta":false,"boss_relics":[{"not_picked":["Runic Pyramid","SlaversCollar"],"picked":"Sozu"},{"not_picked":["Black Star","Snecko Eye"],"picked":"HoveringKite"}],"items_purged_floors":[22],"is_endless":false,"potions_floor_spawned":[1,12,14,18,20,24,42,48],"ascension_level":17}}