{"host":"or8fr2mp0k3eluj8","time":1613838510,"event":{"mods":["AchievementEnabler","BaseMod","Colored Map","DeckTracker","Keyboard Shortcuts","Minty Spire (QoL Compilation)","StSLib","SuperFastMode","everything is the same but u backflip on backflip"],"gold_per_floor":[113,113,113,131,149,149,149,149,173,18,38,57,88,38,38,143,143,161,161,172,191,191,191],"floor_reached":22,"language":"KOR","playtime":973,"items_purged":["Strike_R"],"score":230,"play_id":"5ade0879-6469-4e07-baf1-69f84c173c29","local_time":"20210221012830","is_ascension_mode":true,"campfire_choices":[{"data":"Body Slam","floor":6,"key":"SMITH"},{"data":"Shrug It Off","floor":8,"key":"SMITH"},{"data":"Clothesline","floor":15,"key":"SMITH"}],"circlet_count":0,"master_deck":["Strike_R","Strike_R","Defend_R","Defend_R","Defend_R","Defend_R","Bash","Body Slam+1","Shrug It Off+1","Rampage","Evolve","Clothesline+1","Impervious","Shrug It Off+1"],"relics":["Burning Blood","StrikeDummy","Smiling Mask","Happy Flower","Odd Mushroom","Bag of Preparation","Empty Cage"],"acts_visited":["Exordium","TheCity"],"potions_floor_usage":[20],"damage_taken":[{"damage":5,"enemies":"Small Slimes","floor":1,"turns":3},{"damage":7,"enemies":"Jaw Worm","floor":4,"turns":3},{"damage":6,"enemies":"Cultist","floor":5,"turns":3},{"damage":21,"enemies":"The Mushroom Lair","floor":11,"turns":5},{"damage":0,"enemies":"2 Fungi Beasts","floor":12,"turns":3},{"damage":14,"enemies":"Gremlin Nob","floor":13,"turns":4},{"damage":25,"enemies":"The Guardian","floor":16,"turns":13},{"damage":22,"enemies":"Spheric Guardian","floor":18,"turns":4},{"damage":0,"enemies":"2 Thieves","floor":20,"turns":4},{"damage":39,"enemies":"Shelled Parasite and Fungi","floor":21,"turns":9},{"damage":28,"enemies":"Centurion and Healer","floor":22,"turns":3}],"seed_played":"3214463529264767301","potions_obtained":[{"floor":1,"key":"Fire Potion"},{"floor":5,"key":"ElixirPotion"},{"floor":11,"key":"Ancient Potion"},{"floor":19,"key":"Fire Potion"},{"floor":19,"key":"PowerPotion"},{"floor":21,"key":"ColorlessPotion"}],"is_trial":false,"path_per_floor":["M","?","?","M","M","R","?","R","T","$","?","M","E","$","R","B",null,"M","?","M","M","M"],"character_chosen":"IRONCLAD","items_purchased":["Happy Flower"],"campfire_rested":0,"item_purchase_floors":[10],"current_hp_per_floor":[80,55,80,79,79,79,79,79,79,79,64,70,62,62,62,43,71,55,55,61,28,0,0],"gold":191,"neow_bonus":"THREE_CARDS","is_daily":false,"chose_seed":false,"campfire_upgraded":3,"win_rate":0.0,"timestamp":1613838510,"path_taken":["M","?","?","?","M","R","?","R","T","$","?","M","E","?","R","BOSS","M","?","M","M","?"],"items_purchased_type":["Relic"],"build_version":"2020-12-22","purchased_purges":1,"victory":false,"max_hp_per_floor":[80,80,80,80,80,80,80,80,80,80,80,80,80,80,80,80,80,80,80,80,80,80,80],"card_choices":[{"not_picked":["Warcry","Metallicize"],"picked":"Body Slam","floor":0},{"not_picked":["Intimidate","Disarm"],"picked":"Shrug It Off","floor":1},{"not_picked":["Body Slam","Fire Breathing"],"picked":"Rampage","floor":4},{"not_picked":["Wild Strike","Bloodletting"],"picked":"Evolve","floor":5},{"not_picked":["Pommel Strike","Demon Form"],"picked":"Clothesline","floor":12},{"not_picked":["Heavy Blade","Hemokinesis","Armaments"],"picked":"SKIP","floor":13},{"not_picked":["Reaper","Limit Break"],"picked":"Impervious","floor":16},{"not_picked":["Pommel Strike","Shockwave+1"],"picked":"Shrug It Off+1","floor":18},{"not_picked":["Pommel Strike","Clothesline","Flex+1"],"picked":"SKIP","floor":20},{"not_picked":["Cleave","Thunderclap+1","Body Slam"],"picked":"SKIP","floor":21}],"player_experience":411404,"relics_obtained":[{"floor":9,"key":"Smiling Mask"},{"floor":11,"key":"Odd Mushroom"},{"floor":13,"key":"Bag of Preparation"}],"event_choices":[{"damage_healed":0,"gold_gain":0,"player_choice":"Success","damage_taken":25,"relics_obtained":["StrikeDummy"],"max_hp_gain":0,"max_hp_loss":0,"event_name":"Scrap Ooze","floor":2,"gold_loss":0},{"damage_healed":25,"gold_gain":0,"player_choice":"Full Heal","damage_taken":0,"max_hp_gain":0,"max_hp_loss":0,"event_name":"Wheel of Change","floor":3,"gold_loss":0},{"damage_healed":0,"gold_gain":0,"player_choice":"Ignored","damage_taken":0,"max_hp_gain":0,"max_hp_loss":0,"event_name":"Liars Game","floor":7,"gold_loss":0},{"damage_healed":0,"gold_gain":0,"player_choice":"Fought Mushrooms","damage_taken":0,"max_hp_gain":0,"max_hp_loss":0,"event_name":"Mushrooms","floor":11,"gold_loss":0},{"damage_healed":0,"gold_gain":0,"player_choice":"Got Potions","damage_taken":0,"max_hp_gain":0,"max_hp_loss":0,"event_name":"Lab","floor":19,"gold_loss":0}],"is_beta":false,"boss_relics":[{"not_picked":["Tiny House","Coffee Dripper"],"picked":"Empty Cage"}],"items_purged_floors":[14],"is_endless":false,"potions_floor_spawned":[1,5,11,13,18,21],"killed_by":"Centurion and Healer","ascension_level":5}}