{"host":"yfi73559mxreacvo","time":1613789152,"event":{"mods":["AchievementEnabler","Act Like it!","Aspiration","BaseMod","Better Third Choice","BetterRewards","Colored Map","Conspire","Evolution","GifTheSpireLib","Halation","HexUI Lib","Highlight Path","Hubris","Minty Spire (QoL Compilation)","Prisma Mod","Railgun Mod","Reliquary","Replay The Spire","StSLib","Stuff the Spire","The Dragonkin","The Florist","The Gatherer","Wandering Minibosses"],"gold_per_floor":[112,112,123,143,0,0,32,32,55,86,86,104,124,124,124,224,224,234,246,246,92,92,121,139,149,149,168,168,168,43,69,69,169,169,180,190,207,219,219,252,264,281,281,310,310,310,325,343,343,343,343,343,158,189,189],"floor_reached":56,"language":"ENG","playtime":2964,"items_purged":["theDragonkin:Strike","theDragonkin:Defend","theDragonkin:Defend","theDragonkin:Defend"],"score":1136,"play_id":"1eea0262-02d7-473c-84d3-ffe885844af4","local_time":"20210219214552","is_ascension_mode":false,"campfire_choices":[{"data":"theDragonkin:AcidArmor","floor":6,"key":"SMITH"},{"data":"theDragonkin:DeepBreath","floor":8,"key":"SMITH"},{"data":"theDragonkin:TwinBreath","floor":15,"key":"SMITH"},{"floor":28,"key":"REST"},{"floor":32,"key":"RECALL"},{"data":"theDragonkin:Detox","floor":45,"key":"SMITH"},{"data":"theDragonkin:HolyFlask","floor":49,"key":"SMITH"},{"data":"theDragonkin:MiasmicBreath","floor":52,"key":"SMITH"}],"circlet_count":0,"master_deck":["theDragonkin:Strike","theDragonkin:Strike","theDragonkin:Strike","theDragonkin:Defend","theDragonkin:HolySmite","theDragonkin:BlazingBreath","theDragonkin:PrismaticBreath+1","theDragonkin:TwinBreath+1","theDragonkin:AcidArmor+1","theDragonkin:DeepBreath+1","theDragonkin:GooGrip","theDragonkin:AcidArmor","theDragonkin:DivineBreath","theDragonkin:Detox+1","theDragonkin:MiasmicBreath","theDragonkin:AcidArmor+1","theDragonkin:MiasmicBreath+1","theDragonkin:HolyFlask+1","theDragonkin:MiasmicBreath+1"],"relics":["theDragonkin:GarnetScale","EVO:Axolotl","NeowsBlessing","TungstenRod","Boot","conspire:TopHat","Unceasing Top","aspiration:PoetsPen","Gremlin Food","Dream Catcher","halation:PrussianBluePaint","Painkiller Herb","Omamori","Meat on the Bone","Onion Ring","Akabeko"],"acts_visited":["Exordium","TheCity","TheBeyond","TheEnding"],"potions_floor_usage":[10,25,25,25,36,41,55,55],"damage_taken":[{"damage":0,"enemies":"2 Louse","floor":1,"turns":1},{"damage":0,"enemies":"Cultist","floor":3,"turns":1},{"damage":0,"enemies":"Small Slimes","floor":4,"turns":1},{"damage":0,"enemies":"Replay:BlueRogue","floor":7,"turns":7},{"damage":0,"enemies":"Lagavulin","floor":10,"turns":5},{"damage":0,"enemies":"Red Slaver","floor":12,"turns":5},{"damage":0,"enemies":"Exordium Wildlife","floor":13,"turns":4},{"damage":19,"enemies":"The Guardian","floor":16,"turns":9},{"damage":9,"enemies":"3 Byrds","floor":18,"turns":3},{"damage":21,"enemies":"Shell Parasite","floor":19,"turns":6},{"damage":23,"enemies":"conspire:SneckoGhost","floor":23,"turns":5},{"damage":10,"enemies":"Snake Plant","floor":24,"turns":4},{"damage":13,"enemies":"Centurion and Healer","floor":25,"turns":5},{"damage":6,"enemies":"Snecko","floor":27,"turns":4},{"damage":1,"enemies":"Replay:Snechameleon","floor":31,"turns":5},{"damage":8,"enemies":"Champ","floor":33,"turns":6},{"damage":0,"enemies":"Orb Walker","floor":35,"turns":3},{"damage":0,"enemies":"3 Shapes","floor":36,"turns":2},{"damage":5,"enemies":"Spire Growth","floor":37,"turns":4},{"damage":0,"enemies":"Maw","floor":38,"turns":4},{"damage":0,"enemies":"Nemesis","floor":40,"turns":3},{"damage":0,"enemies":"Jaw Worm Horde","floor":41,"turns":2},{"damage":20,"enemies":"Spire Growth","floor":42,"turns":3},{"damage":0,"enemies":"R_Hoarder","floor":44,"turns":6},{"damage":0,"enemies":"4 Shapes","floor":47,"turns":3},{"damage":0,"enemies":"3 Darklings","floor":48,"turns":3},{"damage":15,"enemies":"Replay:Hell Engine","floor":50,"turns":7},{"damage":19,"enemies":"Shield and Spear","floor":54,"turns":3},{"damage":17,"enemies":"The Heart","floor":55,"turns":5}],"seed_played":"-1401299328837329425","potions_obtained":[{"floor":1,"key":"Block Potion"},{"floor":2,"key":"LiquidMemories"},{"floor":2,"key":"EssenceOfSteel"},{"floor":16,"key":"Regen Potion"},{"floor":18,"key":"Dexterity Potion"},{"floor":25,"key":"SpeedPotion"},{"floor":27,"key":"AttackPotion"},{"floor":31,"key":"Languid Potion"},{"floor":33,"key":"Milkshake"},{"floor":36,"key":"Energy Potion"},{"floor":41,"key":"DuplicationPotion"}],"is_trial":false,"path_per_floor":["M","?","M","M","$","R","E","R","T","E","?","M","M","?","R","B",null,"M","M","T","$","?","E","M","M","T","M","R","?","$","E","R","B",null,"?","?","?","?","?","E","?","?","T","E","T","?","?","?","T","B",null,"T","T","E","B",null],"character_chosen":"THE_DRAGONKIN","items_purchased":["theDragonkin:AcidArmor","theDragonkin:MiasmicBreath","Elixir"],"campfire_rested":1,"item_purchase_floors":[5,21,53],"current_hp_per_floor":[85,85,85,85,85,85,85,85,85,85,85,85,85,85,85,66,85,76,55,55,55,55,32,22,24,24,18,43,43,43,42,42,34,85,85,85,80,80,80,80,80,60,60,60,60,69,69,69,69,54,85,85,85,66,49],"gold":189,"neow_bonus":"THREE_ENEMY_KILL","is_daily":false,"chose_seed":false,"campfire_upgraded":6,"win_rate":0.0,"timestamp":1613789152,"path_taken":["M","?","M","?","$","R","E","R","T","E","?","?","?","?","R","BOSS","M","M","?","$","?","E","M","?","T","M","R","?","$","E","R","BOSS","?","?","?","?","?","E","?","?","T","E","T","?","?","?","T","BOSS","T","T","E","BOSS"],"items_purchased_type":["Card","Card","Potion"],"build_version":"2020-12-22","purchased_purges":4,"victory":true,"max_hp_per_floor":[85,85,85,85,85,85,85,85,85,85,85,85,85,85,85,85,85,85,85,85,85,85,85,85,85,85,85,85,85,85,85,85,85,85,85,85,85,85,85,85,85,85,85,85,85,85,85,85,85,85,85,85,85,85,85],"card_choices":[{"not_picked":["theDragonkin:DivinePrayer","theDragonkin:AcidArmor"],"picked":"theDragonkin:PrismaticBreath","floor":1},{"not_picked":["theDragonkin:HeatShield","theDragonkin:Sizzle","theDragonkin:EmberSwipe"],"picked":"SKIP","floor":3},{"not_picked":["theDragonkin:HeatShield","theDragonkin:SlowBurn"],"picked":"theDragonkin:TwinBreath","floor":4},{"not_picked":["theDragonkin:AncestralSeance","theDragonkin:DivinePrayer"],"picked":"theDragonkin:DeepBreath","floor":7},{"not_picked":["theDragonkin:SandBreath","theDragonkin:LightArmor"],"picked":"theDragonkin:GooGrip","floor":10},{"not_picked":["theDragonkin:PlagueSwipe","theDragonkin:HolyWordBarrier"],"picked":"theDragonkin:DivineBreath","floor":12},{"not_picked":["theDragonkin:GoldenFlames","theDragonkin:DivineJolt","theDragonkin:ChainsOfTruth"],"picked":"SKIP","floor":13},{"not_picked":["theDragonkin:Subdue","theDragonkin:BurnAfterReading"],"picked":"theDragonkin:Detox","floor":16},{"not_picked":["theDragonkin:SandBreath","theDragonkin:HolyWordBarrier+1","theDragonkin:HeatShield"],"picked":"SKIP","floor":18},{"not_picked":["theDragonkin:FlameBreath+1","theDragonkin:CinderStorm","theDragonkin:DivineFire"],"picked":"SKIP","floor":19},{"not_picked":["theDragonkin:AcidBreath","theDragonkin:Ravage","theDragonkin:Cauterize+1"],"picked":"SKIP","floor":23},{"not_picked":["theDragonkin:HeatShield+1","theDragonkin:CorrosiveBelch","theDragonkin:AcidRain"],"picked":"SKIP","floor":24},{"not_picked":["theDragonkin:ControlledBreath","theDragonkin:SandBreath"],"picked":"theDragonkin:AcidArmor+1","floor":25},{"not_picked":["theDragonkin:DivineVision","theDragonkin:AcidArmor+1"],"picked":"theDragonkin:MiasmicBreath","floor":27},{"not_picked":["theDragonkin:VoiceofOrder","theDragonkin:GooGrip","theDragonkin:ControlledBreath"],"picked":"SKIP","floor":31},{"not_picked":["theDragonkin:FlameWard+1","theDragonkin:FlameBreath","theDragonkin:ControlledBreath+1"],"picked":"SKIP","floor":35},{"not_picked":["theDragonkin:SandBreath","theDragonkin:CorrosiveBelch+1","theDragonkin:ControlledBreath"],"picked":"SKIP","floor":36},{"not_picked":["theDragonkin:FlameWard+1","theDragonkin:AcidBreath","theDragonkin:CorrosiveBelch+1"],"picked":"SKIP","floor":37},{"not_picked":["theDragonkin:Sizzle","theDragonkin:RevelationBreath","theDragonkin:FlameBreath"],"picked":"SKIP","floor":38},{"not_picked":["theDragonkin:VoiceofOrder","theDragonkin:DeepBreath","theDragonkin:HolyWordBarrier"],"picked":"SKIP","floor":40},{"not_picked":["theDragonkin:AcidBreath+1","theDragonkin:AshBreath+1","theDragonkin:HolyFlask+1"],"picked":"SKIP","floor":41},{"not_picked":["theDragonkin:HallowedGround+1","theDragonkin:ShieldBash"],"picked":"theDragonkin:HolyFlask","floor":42},{"not_picked":["theDragonkin:TwinBreath+1","theDragonkin:DivineBreath+1","theDragonkin:DivineJolt+1"],"picked":"SKIP","floor":44},{"not_picked":["theDragonkin:HolyWordBarrier","theDragonkin:EmberSwipe","theDragonkin:BurningRage+1"],"picked":"SKIP","floor":47},{"not_picked":["theDragonkin:PrismaticBreath+1","theDragonkin:SlowBurn"],"picked":"theDragonkin:MiasmicBreath+1","floor":48},{"not_picked":["theDragonkin:ControlledBreath+1","theDragonkin:RevelationBreath","theDragonkin:SandBreath"],"picked":"SKIP","floor":54}],"player_experience":530634,"relics_obtained":[{"floor":7,"key":"TungstenRod"},{"floor":9,"key":"Boot"},{"floor":10,"key":"conspire:TopHat"},{"floor":23,"key":"Gremlin Food"},{"floor":26,"key":"Dream Catcher"},{"floor":31,"key":"halation:PrussianBluePaint"},{"floor":40,"key":"Omamori"},{"floor":43,"key":"Meat on the Bone"},{"floor":44,"key":"Onion Ring"},{"floor":54,"key":"Akabeko"}],"event_choices":[{"damage_healed":0,"gold_gain":0,"player_choice":"Got Potions","damage_taken":0,"max_hp_gain":0,"max_hp_loss":0,"event_name":"Lab","floor":2,"gold_loss":0},{"damage_healed":0,"gold_gain":0,"player_choice":"1 cards matched","damage_taken":0,"max_hp_gain":0,"max_hp_loss":0,"event_name":"Match and Keep!","floor":11,"gold_loss":0,"cards_obtained":["theDragonkin:AcidArmor"]},{"damage_healed":0,"gold_gain":0,"player_choice":"Gave Potion","damage_taken":0,"relics_obtained":["Unceasing Top"],"max_hp_gain":0,"max_hp_loss":0,"event_name":"WeMeetAgain","floor":14,"gold_loss":0},{"damage_healed":0,"gold_gain":0,"player_choice":"0 cards matched","damage_taken":0,"max_hp_gain":0,"max_hp_loss":0,"event_name":"Match and Keep!","floor":22,"gold_loss":0,"cards_obtained":[]},{"damage_healed":0,"gold_gain":0,"player_choice":"Bought 0 Potions","damage_taken":0,"max_hp_gain":0,"max_hp_loss":0,"event_name":"The Woman in Blue","floor":29,"gold_loss":0}],"is_beta":false,"boss_relics":[{"not_picked":["halation:SmartPhone","Replay:Bronze Core"],"picked":"aspiration:PoetsPen"},{"not_picked":["conspire:SeveredTorchhead","halation:Prosthetics"],"picked":"Painkiller Herb"}],"items_purged_floors":[5,21,30,53],"is_endless":false,"potions_floor_spawned":[1,3,7,16,18,25,27,31,33,36,37,41,47],"ascension_level":0}}