{"host":"hfxp6ue4pvwo3fit","time":1613788793,"event":{"mods":["AchievementEnabler","BaseMod","Colored Map","Colored Powertips","Highlight Path","Minty Spire (QoL Compilation)","Relic Stats","StSLib","SuperFastMode"],"gold_per_floor":[18,18,38,58,73,73,102,102,102,102,129,129,129,146,146,220,220,234,149,74,92,92,92],"floor_reached":22,"language":"ENG","playtime":770,"items_purged":["Strike_R"],"score":388,"play_id":"d125ed3b-6b1d-45fe-ba06-922072db17ec","local_time":"20210219203953","is_ascension_mode":true,"campfire_choices":[{"data":"Shockwave","floor":6,"key":"SMITH"},{"data":"Spot Weakness","floor":10,"key":"SMITH"},{"floor":13,"key":"REST"},{"floor":15,"key":"REST"}],"circlet_count":0,"master_deck":["AscendersBane","Strike_R","Strike_R","Strike_R","Defend_R","Defend_R","Defend_R","Defend_R","Bash","Battle Trance","Cleave","Clothesline","Barricade","Shockwave+1","Anger","Spot Weakness+1","Body Slam","Dropkick","Reaper","Spot Weakness","Second Wind","Shrug It Off"],"relics":["Burning Blood","Prayer Wheel","Sundial","Paper Frog","Darkstone Periapt","Bird Faced Urn","Bag of Marbles","Black Star","Centennial Puzzle"],"acts_visited":["Exordium","TheCity"],"potions_floor_usage":[7,16,21,22],"damage_taken":[{"damage":11,"enemies":"Jaw Worm","floor":1,"turns":6},{"damage":1,"enemies":"Cultist","floor":3,"turns":3},{"damage":9,"enemies":"Small Slimes","floor":4,"turns":4},{"damage":12,"enemies":"Blue Slaver","floor":5,"turns":5},{"damage":17,"enemies":"3 Sentries","floor":7,"turns":5},{"damage":20,"enemies":"Lagavulin","floor":11,"turns":6},{"damage":10,"enemies":"3 Louse","floor":14,"turns":3},{"damage":20,"enemies":"Hexaghost","floor":16,"turns":8},{"damage":25,"enemies":"Shell Parasite","floor":18,"turns":6},{"damage":57,"enemies":"Spheric Guardian","floor":21,"turns":7},{"damage":31,"enemies":"Centurion and Healer","floor":22,"turns":6}],"seed_played":"1572002282954175818","potions_obtained":[{"floor":3,"key":"Energy Potion"},{"floor":4,"key":"BlessingOfTheForge"},{"floor":11,"key":"Weak Potion"},{"floor":21,"key":"ColorlessPotion"}],"is_trial":false,"path_per_floor":["M","?","M","M","M","R","E","?","T","R","E","?","R","M","R","B",null,"M","?","$","M","M"],"character_chosen":"IRONCLAD","items_purchased":[],"campfire_rested":2,"item_purchase_floors":[],"current_hp_per_floor":[63,63,68,65,59,59,48,41,41,41,27,1,23,19,41,27,63,57,57,57,21,0,0],"gold":92,"neow_bonus":"ONE_RARE_RELIC","is_daily":false,"chose_seed":false,"campfire_upgraded":2,"win_rate":0.0,"timestamp":1613788793,"path_taken":["M","?","M","?","M","R","E","?","T","R","E","?","R","M","R","BOSS","M","?","$","M","M"],"items_purchased_type":[],"build_version":"2020-12-22","purchased_purges":1,"victory":false,"max_hp_per_floor":[75,75,75,75,75,75,75,75,75,75,75,75,75,75,75,75,75,75,75,75,75,75,75],"relic_stats":{"Darkstone Periapt":0,"Centennial Puzzle":[6],"counters":[11,59],"Sundial":[10],"Bird Faced Urn":[4],"Prayer Wheel":7,"Black Star":0,"obtain_stats":[{"Darkstone Periapt":9,"Centennial Puzzle":19,"Sundial":2,"Bird Faced Urn":11,"Prayer Wheel":0,"Bag of Marbles":12,"Black Star":17,"Burning Blood":0,"Paper Frog":7},{"Darkstone Periapt":5,"Centennial Puzzle":9,"Sundial":1,"Bird Faced Urn":6,"Prayer Wheel":0,"Bag of Marbles":6,"Black Star":8,"Burning Blood":0,"Paper Frog":5},{"Darkstone Periapt":23,"Centennial Puzzle":46,"Sundial":6,"Bird Faced Urn":29,"Prayer Wheel":0,"Bag of Marbles":29,"Black Star":40,"Burning Blood":0,"Paper Frog":23}],"Burning Blood":60},"card_choices":[{"not_picked":["Shrug It Off","Pummel"],"picked":"Anger","floor":1},{"not_picked":["Wild Strike","Perfected Strike"],"picked":"Battle Trance","floor":1},{"not_picked":["Searing Blow","Carnage"],"picked":"Cleave","floor":3},{"not_picked":["Feel No Pain","Sentinel"],"picked":"Clothesline","floor":3},{"not_picked":["Thunderclap","Evolve"],"picked":"Barricade","floor":4},{"not_picked":["Sever Soul","Clothesline","Ghostly Armor"],"picked":"SKIP","floor":4},{"not_picked":["Searing Blow","Dark Embrace"],"picked":"Shockwave","floor":5},{"not_picked":["Sentinel","True Grit"],"picked":"Anger","floor":5},{"not_picked":["Carnage","Feel No Pain"],"picked":"Spot Weakness","floor":7},{"not_picked":["Havoc","Blood for Blood","Searing Blow"],"picked":"SKIP","floor":11},{"not_picked":["Hemokinesis","Searing Blow"],"picked":"Body Slam","floor":14},{"not_picked":["Clash","Headbutt"],"picked":"Dropkick","floor":14},{"not_picked":["Offering","Brutality"],"picked":"Reaper","floor":16},{"not_picked":["Sword Boomerang","Twin Strike"],"picked":"Spot Weakness","floor":18},{"not_picked":["Sword Boomerang","Perfected Strike+1","Thunderclap"],"picked":"SKIP","floor":18},{"not_picked":["Sword Boomerang","Blood for Blood"],"picked":"Second Wind","floor":21},{"not_picked":["Wild Strike+1","Clash"],"picked":"Shrug It Off","floor":21}],"player_experience":522035,"relics_obtained":[{"floor":7,"key":"Paper Frog"},{"floor":9,"key":"Darkstone Periapt"},{"floor":11,"key":"Bird Faced Urn"}],"event_choices":[{"cards_removed":["Anger"],"damage_healed":0,"gold_gain":0,"player_choice":"Gave Card","damage_taken":0,"relics_obtained":["Sundial"],"max_hp_gain":0,"max_hp_loss":0,"event_name":"WeMeetAgain","floor":2,"gold_loss":0},{"cards_removed":["Strike_R"],"damage_healed":0,"gold_gain":0,"player_choice":"Card Removal","damage_taken":7,"max_hp_gain":0,"max_hp_loss":0,"event_name":"Golden Wing","floor":8,"gold_loss":0},{"damage_healed":0,"gold_gain":0,"player_choice":"Success","damage_taken":26,"relics_obtained":["Bag of Marbles"],"max_hp_gain":0,"max_hp_loss":0,"event_name":"Scrap Ooze","floor":12,"gold_loss":0},{"damage_healed":0,"gold_gain":0,"player_choice":"Obtained Relic","damage_taken":0,"relics_obtained":["Centennial Puzzle"],"max_hp_gain":0,"max_hp_loss":0,"event_name":"Addict","floor":19,"gold_loss":85}],"is_beta":false,"boss_relics":[{"not_picked":["Tiny House","Runic Cube"],"picked":"Black Star"}],"items_purged_floors":[20],"is_endless":false,"potions_floor_spawned":[3,4,5,11,14,21],"killed_by":"Centurion and Healer","ascension_level":20}}