{"host":"q0zivyteofxuwz3g","time":1613851487,"event":{"mods":["AchievementEnabler","BaseMod","Minty Spire (QoL Compilation)","StSLib"],"gold_per_floor":[109,384,73,91,18,45,56,56,56,72,89,102,113,130,130,233,233,246,171,182,108,108,108],"floor_reached":22,"language":"ENG","playtime":1273,"items_purged":[],"score":237,"play_id":"fe94f7d8-fbd7-498b-90b7-d02cd1e132ad","local_time":"20210220170447","is_ascension_mode":true,"campfire_choices":[{"data":"Streamline","floor":8,"key":"SMITH"},{"floor":15,"key":"RECALL"}],"circlet_count":0,"master_deck":["Strike_B","Strike_B","Strike_B","Strike_B","Defend_B","Defend_B","Defend_B","Defend_B","Zap","Dualcast","Streamline+1","Self Repair","Bloodletting+1","Doom and Gloom","Thunderclap","Aggregate+1","Dual Wield+1","Consume+1","Armaments+1","Metamorphosis+1"],"relics":["Cracked Core","NeowsBlessing","PreservedInsect","Membership Card","PrismaticShard","Toxic Egg 2","Black Star","Runic Capacitor"],"acts_visited":["Exordium","TheCity"],"potions_floor_usage":[7,12,16,16,16,22],"damage_taken":[{"damage":0,"enemies":"Small Slimes","floor":1,"turns":1},{"damage":0,"enemies":"Cultist","floor":4,"turns":1},{"damage":0,"enemies":"Lagavulin","floor":6,"turns":1},{"damage":0,"enemies":"Jaw Worm","floor":7,"turns":1},{"damage":14,"enemies":"Looter","floor":10,"turns":2},{"damage":0,"enemies":"Lots of Slimes","floor":11,"turns":1},{"damage":22,"enemies":"Large Slime","floor":12,"turns":6},{"damage":10,"enemies":"Blue Slaver","floor":13,"turns":3},{"damage":3,"enemies":"2 Fungi Beasts","floor":14,"turns":2},{"damage":44,"enemies":"The Guardian","floor":16,"turns":9},{"damage":6,"enemies":"Spheric Guardian","floor":18,"turns":3},{"damage":12,"enemies":"Chosen","floor":20,"turns":4},{"damage":71,"enemies":"Masked Bandits","floor":22,"turns":3}],"seed_played":"3895234797410891940","potions_obtained":[{"floor":4,"key":"Fire Potion"},{"floor":7,"key":"GamblersBrew"},{"floor":10,"key":"Strength Potion"},{"floor":11,"key":"Block Potion"},{"floor":12,"key":"Dexterity Potion"},{"floor":20,"key":"Strength Potion"}],"is_trial":false,"path_per_floor":["M","?","$","M","$","E","M","R","T","M","M","M","M","M","R","B",null,"M","?","M","$","?"],"character_chosen":"DEFECT","items_purchased":["PreservedInsect","Membership Card","PrismaticShard","Runic Capacitor"],"campfire_rested":0,"item_purchase_floors":[3,3,5,21],"current_hp_per_floor":[75,75,75,75,75,75,75,75,75,68,68,53,50,54,54,17,75,69,69,57,57,0,0],"gold":108,"neow_bonus":"THREE_ENEMY_KILL","is_daily":false,"chose_seed":false,"campfire_upgraded":1,"win_rate":0.0,"timestamp":1613851487,"path_taken":["M","?","$","M","?","E","M","R","T","M","M","M","M","M","R","BOSS","M","?","M","$","?"],"items_purchased_type":["Relic","Relic","Relic","Relic"],"build_version":"2020-12-22","purchased_purges":0,"victory":false,"max_hp_per_floor":[75,75,75,75,75,75,75,75,75,75,75,75,75,75,75,75,75,75,75,75,75,75,75],"card_choices":[{"not_picked":["Turbo","Stack"],"picked":"Streamline","floor":1},{"not_picked":["Redo","Coolheaded"],"picked":"Self Repair","floor":4},{"not_picked":["Gash","Hologram+1"],"picked":"Bloodletting+1","floor":6},{"not_picked":["Demon Form","Vengeance+1"],"picked":"Doom and Gloom","floor":7},{"not_picked":["Sucker Punch","Reprogram+1"],"picked":"Thunderclap","floor":10},{"not_picked":["Dagger Spray","Combust"],"picked":"Aggregate+1","floor":11},{"not_picked":["Body Slam","Streamline"],"picked":"Dual Wield+1","floor":12},{"not_picked":["Clash","Body Slam"],"picked":"Consume+1","floor":13},{"not_picked":["Tempest+1","Darkness+1"],"picked":"Armaments+1","floor":14},{"not_picked":["Bullet Time+1","Brilliance"],"picked":"Metamorphosis+1","floor":16},{"not_picked":["Wild Strike","Sword Boomerang","Reprogram+1"],"picked":"SKIP","floor":18},{"not_picked":["Bane+1","Dagger Spray","FlurryOfBlows"],"picked":"SKIP","floor":20}],"player_experience":171495,"relics_obtained":[{"floor":6,"key":"Toxic Egg 2"}],"event_choices":[{"damage_healed":0,"gold_gain":275,"player_choice":"Desecrate","damage_taken":0,"max_hp_gain":0,"max_hp_loss":0,"event_name":"Golden Shrine","floor":2,"gold_loss":0,"cards_obtained":["Regret"]},{"cards_removed":["Regret"],"damage_healed":0,"gold_gain":0,"player_choice":"Gave Gold","damage_taken":0,"max_hp_gain":0,"max_hp_loss":0,"event_name":"Beggar","floor":19,"gold_loss":75},{"damage_healed":0,"gold_gain":0,"player_choice":"Fought Bandits","damage_taken":0,"max_hp_gain":0,"max_hp_loss":0,"event_name":"Masked Bandits","floor":22,"gold_loss":0}],"is_beta":false,"boss_relics":[{"not_picked":["Fusion Hammer","Coffee Dripper"],"picked":"Black Star"}],"items_purged_floors":[],"is_endless":false,"potions_floor_spawned":[4,7,10,11,12,13,20],"killed_by":"Masked Bandits","ascension_level":2}}