{"host":"7108daw7adv7mxyd","time":1613855417,"event":{"mods":["BaseMod","Minty Spire (QoL Compilation)","StSLib"],"gold_per_floor":[111,111,122,47,222,222,248,248,271,346,346,346,48,74,74,176,176,189,288,340,82,82,82,112,128,152,2,2,2,35,35,35],"floor_reached":31,"language":"ENG","playtime":1114,"items_purged":["Defend_P","Defend_P","Strike_P"],"score":371,"play_id":"15348b90-83fe-49ea-8876-c04a5a9886a2","local_time":"20210220161017","is_ascension_mode":true,"campfire_choices":[{"data":"ForeignInfluence","floor":6,"key":"SMITH"},{"data":"DevaForm","floor":8,"key":"SMITH"},{"data":"Prostrate","floor":12,"key":"SMITH"},{"data":"Eruption","floor":15,"key":"SMITH"},{"floor":23,"key":"REST"}],"circlet_count":0,"master_deck":["Strike_P","Strike_P","Strike_P","Defend_P","Defend_P","Eruption+1","Vigilance","DevaForm+1","Prostrate+1","ForeignInfluence+1","EmptyBody","Collect","Vault","Consecrate","BattleHymn","Devotion","Clash+1"],"relics":["HolyWater","StrikeDummy","Juzu Bracelet","Tiny Chest","Blood Vial","MealTicket","Lantern","Enchiridion","Pocketwatch","Regal Pillow","PrismaticShard","Meat on the Bone","Matryoshka","Molten Egg 2"],"acts_visited":["Exordium","TheCity"],"potions_floor_usage":[1,7,14,14,21,30],"damage_taken":[{"damage":0,"enemies":"Cultist","floor":1,"turns":3},{"damage":0,"enemies":"2 Louse","floor":3,"turns":1},{"damage":0,"enemies":"Lagavulin","floor":7,"turns":1},{"damage":0,"enemies":"3 Sentries","floor":14,"turns":2},{"damage":45,"enemies":"Slime Boss","floor":16,"turns":10},{"damage":0,"enemies":"Spheric Guardian","floor":18,"turns":3},{"damage":5,"enemies":"Slavers","floor":24,"turns":7},{"damage":14,"enemies":"2 Thieves","floor":25,"turns":4},{"damage":61,"enemies":"Gremlin Leader","floor":30,"turns":6},{"damage":36,"enemies":"Shelled Parasite and Fungi","floor":31,"turns":2}],"seed_played":"7955476544534659927","potions_obtained":[{"floor":1,"key":"EntropicBrew"},{"floor":18,"key":"Ambrosia"},{"floor":25,"key":"StancePotion"}],"is_trial":false,"path_per_floor":["M","T","M","$","?","R","E","R","T","?","?","R","$","E","R","B",null,"M","?","T","$","?","R","E","M","T","$","?","T","E","M"],"character_chosen":"WATCHER","items_purchased":["EmptyBody","Blood Vial","Fruit Juice","BattleHymn","PrismaticShard"],"campfire_rested":1,"item_purchase_floors":[13,13,21,21,27],"current_hp_per_floor":[72,72,72,72,72,72,72,72,72,61,61,61,61,63,63,20,72,72,72,72,77,61,77,72,60,60,75,75,75,28,0,0],"gold":35,"neow_bonus":"ONE_RANDOM_RARE_CARD","is_daily":false,"chose_seed":false,"campfire_upgraded":4,"win_rate":0.0,"timestamp":1613855417,"path_taken":["M","?","M","$","?","R","E","R","T","?","?","R","$","E","R","BOSS","M","?","?","?","?","R","E","M","T","$","?","?","E","M"],"items_purchased_type":["Card","Relic","Potion","Card","Relic"],"build_version":"2020-12-22","purchased_purges":3,"victory":false,"max_hp_per_floor":[72,72,72,72,72,72,72,72,72,72,72,72,72,72,72,72,72,72,72,72,77,77,77,77,77,77,77,77,77,77,77,77],"card_choices":[{"not_picked":["ReachHeaven","FlyingSleeves"],"picked":"Prostrate","floor":1},{"not_picked":["ThirdEye","Crescendo"],"picked":"ForeignInfluence","floor":3},{"not_picked":["JustLucky","ClearTheMind","Meditate"],"picked":"SKIP","floor":7},{"not_picked":["PathToVictory","EmptyBody"],"picked":"Collect","floor":14},{"not_picked":["Wish","Omniscience"],"picked":"Vault","floor":16},{"not_picked":["Wallop","ClearTheMind"],"picked":"Consecrate","floor":18},{"not_picked":["WaveOfTheHand","JustLucky+1"],"picked":"Devotion","floor":24},{"not_picked":["LikeWater","Evaluate","TalkToTheHand"],"picked":"SKIP","floor":25},{"not_picked":["Heel Hook+1","Ghostly Armor+1"],"picked":"Clash+1","floor":30}],"player_experience":318401,"relics_obtained":[{"floor":2,"key":"StrikeDummy"},{"floor":7,"key":"Juzu Bracelet"},{"floor":9,"key":"Tiny Chest"},{"floor":14,"key":"MealTicket"},{"floor":20,"key":"Lantern"},{"floor":22,"key":"Enchiridion"},{"floor":24,"key":"Pocketwatch"},{"floor":26,"key":"Regal Pillow"},{"floor":29,"key":"Matryoshka"},{"floor":30,"key":"Molten Egg 2"}],"event_choices":[{"damage_healed":0,"gold_gain":175,"player_choice":"AGREE","damage_taken":0,"max_hp_gain":0,"max_hp_loss":0,"event_name":"Liars Game","floor":5,"gold_loss":0,"cards_obtained":["Doubt"]},{"damage_healed":0,"gold_gain":75,"player_choice":"Gather Gold","damage_taken":11,"max_hp_gain":0,"max_hp_loss":0,"event_name":"World of Goop","floor":10,"gold_loss":0},{"cards_removed":["Doubt"],"damage_healed":0,"gold_gain":0,"player_choice":"Forget","damage_taken":0,"max_hp_gain":0,"max_hp_loss":0,"event_name":"Living Wall","floor":11,"gold_loss":0},{"damage_healed":0,"gold_gain":99,"player_choice":"Stole From Cult","damage_taken":0,"max_hp_gain":0,"max_hp_loss":0,"event_name":"Nest","floor":19,"gold_loss":0},{"damage_healed":0,"gold_gain":0,"player_choice":"Obtained Book","damage_taken":16,"max_hp_gain":0,"max_hp_loss":0,"event_name":"Cursed Tome","floor":22,"gold_loss":0},{"damage_healed":0,"gold_gain":0,"player_choice":"Gave Potion","damage_taken":0,"relics_obtained":["Meat on the Bone"],"max_hp_gain":0,"max_hp_loss":0,"event_name":"WeMeetAgain","floor":28,"gold_loss":0}],"is_beta":false,"boss_relics":[{"not_picked":["Tiny House","Astrolabe"],"picked":"HolyWater"}],"items_purged_floors":[4,13,21],"is_endless":false,"potions_floor_spawned":[1,18,25],"killed_by":"Shelled Parasite and Fungi","ascension_level":3}}