{"host":"ffjrj7fisyni1ebk","time":1613840393,"event":{"mods":["2.2 Compatiblity","BaseMod","Bestiary","Colored Map","Colored Powertips","Curses Come First","Highlight Path","Keyboard Shortcuts","Minty Spire (QoL Compilation)","Relic Stats","Slay the Relics Exporter","StSLib","SuperFastMode"],"gold_per_floor":[17,17,17,38,38,59,77,77,77,77,91,110,110,126,126,252,252,273,296,0,0,0,0,0,0],"floor_reached":24,"language":"ENG","playtime":1901,"items_purged":[],"score":188,"play_id":"ab0a7d25-ec42-48a0-b6fa-8c226b8b8520","local_time":"20210220185953","is_ascension_mode":false,"campfire_choices":[{"data":"1","floor":8.0,"key":"LIFT"},{"data":"2","floor":10.0,"key":"LIFT"},{"data":"3","floor":13.0,"key":"LIFT"},{"floor":15.0,"key":"REST"},{"floor":23.0,"key":"REST"}],"circlet_count":0,"master_deck":["Strike_P","Defend_P","Defend_P","Defend_P","Defend_P","Eruption","Vigilance","CutThroughFate","PathToVictory","ForeignInfluence","ThirdEye","ThirdEye","Meditate","Devotion+1","Evaluate+1","Meditate+1","Fasting2+1","BattleHymn"],"relics":["PureWater","Girya","Golden Idol","GremlinMask","Astrolabe","Ancient Tea Set","Toolbox"],"acts_visited":["Exordium","TheCity"],"potions_floor_usage":[],"damage_taken":[{"damage":0.0,"enemies":"Jaw Worm","floor":1.0,"turns":3.0},{"damage":1.0,"enemies":"Cultist","floor":4.0,"turns":4.0},{"damage":7.0,"enemies":"Small Slimes","floor":6.0,"turns":3.0},{"damage":5.0,"enemies":"Looter","floor":7.0,"turns":3.0},{"damage":22.0,"enemies":"Gremlin Gang","floor":11.0,"turns":7.0},{"damage":2.0,"enemies":"Blue Slaver","floor":12.0,"turns":4.0},{"damage":2.0,"enemies":"Looter","floor":14.0,"turns":3.0},{"damage":26.0,"enemies":"Hexaghost","floor":16.0,"turns":10.0},{"damage":35.0,"enemies":"Shell Parasite","floor":18.0,"turns":5.0},{"damage":27.0,"enemies":"Spheric Guardian","floor":19.0,"turns":6.0},{"damage":28,"enemies":"Cultist and Chosen","floor":24,"turns":4}],"seed_played":"-6974370838319235925","potions_obtained":[{"floor":6.0,"key":"Strength Potion"},{"floor":7.0,"key":"SkillPotion"},{"floor":14.0,"key":"Weak Potion"}],"is_trial":false,"path_per_floor":["M","?","?","M","$","M","M","R","T","R","M","M","R","M","R","B",null,"M","M","$","?","?","R","M"],"character_chosen":"WATCHER","items_purchased":["Ancient Tea Set","Toolbox"],"campfire_rested":2,"item_purchase_floors":[20,20],"current_hp_per_floor":[72,67,67,66,66,59,54,54,54,54,32,30,30,28,48,22,67,32,5,5,5,5,25,0,0],"gold":0,"neow_bonus":"ONE_RARE_RELIC","is_daily":false,"chose_seed":false,"campfire_upgraded":0,"win_rate":0.0,"timestamp":1613840393,"path_taken":["M","?","?","M","$","M","M","R","T","R","M","M","R","?","R","BOSS","M","M","$","?","?","R","?"],"items_purchased_type":["Relic","Relic"],"build_version":"2020-12-22","purchased_purges":0,"victory":false,"max_hp_per_floor":[72,67,67,67,67,67,67,67,67,67,67,67,67,67,67,67,67,67,67,67,67,67,67,67,67],"relic_stats":{"counters":[11,52],"Golden Idol":56,"Astrolabe":["Evaluate","Meditate","Fasting2"],"obtain_stats":[{"Girya":0,"Golden Idol":2,"Astrolabe":17,"Toolbox":20,"GremlinMask":3,"PureWater":0,"Ancient Tea Set":20},{"Girya":0,"Golden Idol":1,"Astrolabe":8,"Toolbox":10,"GremlinMask":1,"PureWater":0,"Ancient Tea Set":10},{"Girya":0,"Golden Idol":3,"Astrolabe":37,"Toolbox":48,"GremlinMask":3,"PureWater":0,"Ancient Tea Set":48}]},"card_choices":[{"not_picked":["FollowUp","Vengeance"],"picked":"CutThroughFate","floor":1.0},{"not_picked":["Conclude","WindmillStrike"],"picked":"PathToVictory","floor":4.0},{"not_picked":["DeceiveReality","Crescendo"],"picked":"ForeignInfluence","floor":6.0},{"not_picked":["CrushJoints","SandsOfTime","Collect"],"picked":"SKIP","floor":7.0},{"not_picked":["EmptyMind","FearNoEvil"],"picked":"ThirdEye","floor":11.0},{"not_picked":["EmptyMind","BowlingBash"],"picked":"ThirdEye","floor":12.0},{"not_picked":["Protect","ThirdEye"],"picked":"Meditate","floor":14.0},{"not_picked":["DeusExMachina","Brilliance"],"picked":"Devotion","floor":16.0},{"not_picked":["EmptyBody","Tantrum"],"picked":"BattleHymn","floor":18.0},{"not_picked":["EmptyFist","InnerPeace","MentalFortress+1"],"picked":"SKIP","floor":19.0}],"player_experience":335278,"relics_obtained":[],"event_choices":[{"damage_healed":0.0,"max_hp_gain":0.0,"max_hp_loss":5.0,"gold_gain":0.0,"event_name":"Golden Idol","player_choice":"Lose Max HP","floor":2.0,"gold_loss":0.0,"damage_taken":0.0,"relics_obtained":["Golden Idol"]},{"damage_healed":0.0,"max_hp_gain":0.0,"max_hp_loss":0.0,"gold_gain":0.0,"event_name":"FaceTrader","player_choice":"Trade","floor":3.0,"gold_loss":0.0,"damage_taken":0.0,"relics_obtained":["GremlinMask"]},{"damage_healed":0.0,"max_hp_gain":0.0,"max_hp_loss":0.0,"gold_gain":0.0,"event_name":"Vampires","player_choice":"Ignored","floor":21.0,"gold_loss":0.0,"damage_taken":0.0},{"damage_healed":0.0,"max_hp_gain":0.0,"max_hp_loss":0.0,"gold_gain":0.0,"event_name":"Upgrade Shrine","player_choice":"Upgraded","floor":22.0,"gold_loss":0.0,"damage_taken":0.0,"cards_upgraded":["Devotion"]}],"is_beta":false,"boss_relics":[{"not_picked":["Philosopher\u0027s Stone","Runic Dome"],"picked":"Astrolabe"}],"items_purged_floors":[],"is_endless":false,"potions_floor_spawned":[6,7,14],"killed_by":"Cultist and Chosen","ascension_level":0}}