{"host":"suw5tyb7z6zbnnfs","time":1613782415,"event":{"mods":["AchievementEnabler","BaseMod","Colored Map","Minty Spire (QoL Compilation)"],"gold_per_floor":[109,109,124,50,62,62,89,89,114,142,142,142,142,155,155,254,254,267,366,385,385,310,342,342,342,342],"floor_reached":25,"language":"ENG","playtime":1775,"items_purged":["Defend_G"],"score":352,"play_id":"a43de063-5a22-4152-ab69-0122e69b9e25","local_time":"20210219195335","is_ascension_mode":true,"campfire_choices":[{"data":"Well Laid Plans","floor":6.0,"key":"SMITH"},{"floor":8.0,"key":"REST"},{"floor":13.0,"key":"REST"},{"data":"Noxious Fumes","floor":15.0,"key":"SMITH"},{"data":"Calculated Gamble","floor":24,"key":"SMITH"}],"circlet_count":0,"master_deck":["AscendersBane","Strike_G","Strike_G","Strike_G","Strike_G","Strike_G","Defend_G","Defend_G","Defend_G","Defend_G","Survivor","Neutralize+1","Terror","Dagger Spray","Noxious Fumes+1","Well Laid Plans+1","Leg Sweep","Calculated Gamble+1","Cloak And Dagger","Die Die Die","Dagger Throw","Crippling Poison+1","Acrobatics","Infinite Blades"],"relics":["SacredBark","Strawberry","Toy Ornithopter","Bottled Flame","Juzu Bracelet","HoveringKite","Thread and Needle"],"acts_visited":["Exordium","TheCity"],"potions_floor_usage":[23,23],"damage_taken":[{"damage":9.0,"enemies":"Jaw Worm","floor":1.0,"turns":5.0},{"damage":6.0,"enemies":"2 Louse","floor":3.0,"turns":4.0},{"damage":2.0,"enemies":"Small Slimes","floor":5.0,"turns":5.0},{"damage":29.0,"enemies":"Lagavulin","floor":7.0,"turns":7.0},{"damage":19.0,"enemies":"3 Sentries","floor":10.0,"turns":9.0},{"damage":9.0,"enemies":"Blue Slaver","floor":14.0,"turns":4.0},{"damage":17.0,"enemies":"Slime Boss","floor":16.0,"turns":13.0},{"damage":12.0,"enemies":"3 Byrds","floor":18.0,"turns":7.0},{"damage":8,"enemies":"Chosen","floor":20,"turns":6},{"damage":32,"enemies":"Slavers","floor":23,"turns":5},{"damage":31,"enemies":"Gremlin Leader","floor":25,"turns":6}],"seed_played":"-6413175046633558050","potions_obtained":[{"floor":1.0,"key":"SmokeBomb"},{"floor":7.0,"key":"GhostInAJar"},{"floor":14.0,"key":"Block Potion"},{"floor":16.0,"key":"Block Potion"},{"floor":18,"key":"Explosive Potion"},{"floor":20,"key":"Dexterity Potion"}],"is_trial":false,"path_per_floor":["M","?","M","$","M","R","E","R","T","E","?","?","R","M","R","B",null,"M","?","M","?","$","E","R","E"],"character_chosen":"THE_SILENT","items_purchased":["Noxious Fumes"],"campfire_rested":2,"item_purchase_floors":[4],"current_hp_per_floor":[54,54,48,48,46,46,24,47,47,28,10,35,58,49,49,42,68,61,61,53,53,53,31,31,0,0],"gold":342,"neow_bonus":"BOSS_RELIC","is_daily":false,"chose_seed":false,"campfire_upgraded":3,"win_rate":0.0,"timestamp":1613782415,"path_taken":["M","?","M","$","M","R","E","R","T","E","?","?","R","M","R","BOSS","M","?","M","?","$","E","R","E"],"items_purchased_type":["Card"],"build_version":"2020-12-22","purchased_purges":1,"victory":false,"max_hp_per_floor":[70,70,70,70,70,70,77,77,77,77,77,77,77,77,77,77,77,77,77,77,77,77,77,77,77,77],"card_choices":[{"not_picked":["Bouncing Flask","Deflect"],"picked":"Terror","floor":1.0},{"not_picked":["Slice","Eviscerate"],"picked":"Dagger Spray","floor":3.0},{"not_picked":["Bane","Tactician"],"picked":"Well Laid Plans","floor":5.0},{"not_picked":["Poisoned Stab","Dagger Spray"],"picked":"Leg Sweep","floor":7.0},{"not_picked":["Acrobatics","Calculated Gamble","Backflip"],"picked":"SKIP","floor":10.0},{"not_picked":["Acrobatics","Backflip"],"picked":"Calculated Gamble","floor":10.0},{"not_picked":["Doppelganger","Acrobatics"],"picked":"Cloak And Dagger","floor":14.0},{"not_picked":["Doppelganger","A Thousand Cuts"],"picked":"Die Die Die","floor":16.0},{"not_picked":["Dagger Spray","Outmaneuver"],"picked":"Dagger Throw","floor":18},{"not_picked":["Prepared","Finisher+1"],"picked":"Crippling Poison+1","floor":20},{"not_picked":["Dodge and Roll","Dagger Spray"],"picked":"Infinite Blades","floor":23}],"player_experience":952363,"relics_obtained":[{"floor":7.0,"key":"Strawberry"},{"floor":9.0,"key":"Toy Ornithopter"},{"floor":10.0,"key":"Bottled Flame"},{"floor":23,"key":"Thread and Needle"}],"event_choices":[{"damage_healed":0.0,"max_hp_gain":0.0,"max_hp_loss":0.0,"gold_gain":0.0,"event_name":"Living Wall","player_choice":"Grow","floor":2.0,"gold_loss":0.0,"damage_taken":0.0,"cards_upgraded":["Neutralize"]},{"damage_healed":0.0,"max_hp_gain":0.0,"max_hp_loss":0.0,"gold_gain":0.0,"event_name":"Scrap Ooze","player_choice":"Success","floor":11.0,"gold_loss":0.0,"damage_taken":18.0,"relics_obtained":["Juzu Bracelet"]},{"damage_healed":25.0,"max_hp_gain":0.0,"max_hp_loss":0.0,"gold_gain":0.0,"event_name":"Big Fish","player_choice":"Banana","floor":12.0,"gold_loss":0.0,"damage_taken":0.0},{"damage_healed":0,"gold_gain":99,"player_choice":"Stole From Cult","damage_taken":0,"max_hp_gain":0,"max_hp_loss":0,"event_name":"Nest","floor":19,"gold_loss":0},{"damage_healed":0,"gold_gain":0,"player_choice":"Read","damage_taken":0,"max_hp_gain":0,"max_hp_loss":0,"event_name":"The Library","floor":21,"gold_loss":0,"cards_obtained":["Acrobatics"]}],"is_beta":false,"boss_relics":[{"not_picked":["Tiny House","Ectoplasm"],"picked":"HoveringKite"}],"items_purged_floors":[22],"is_endless":false,"potions_floor_spawned":[1,7,14,16,18,20],"killed_by":"Gremlin Leader","ascension_level":11}}