{"host":"Sean","time":1613852283,"event":{"mods":["BaseMod","Block Reminder","Colored Map","Colored Powertips","Highlight Path","Minty Spire (QoL Compilation)","Permanent Neow","Relic Stats"],"gold_per_floor":[18,18,31,50,66,102,102,135,207,1,21,21,34,34,34,34,34],"floor_reached":16,"language":"ENG","playtime":1080,"items_purged":["Strike_R"],"score":174,"play_id":"51b7107f-1a0c-4fd8-a77d-f1d71491998a","local_time":"20210220201803","is_ascension_mode":true,"campfire_choices":[{"data":"Body Slam","floor":7.0,"key":"SMITH"},{"data":"Inflame","floor":15.0,"key":"SMITH"}],"circlet_count":0,"master_deck":["AscendersBane","Strike_R","Strike_R","Strike_R","Defend_R","Defend_R","Bash","Seeing Red","Body Slam+1","Disarm","Inflame+1","Clash","Shrug It Off","Feel No Pain","Pummel","Shockwave","Flame Barrier","Clothesline"],"relics":["Burning Blood","Golden Idol","Sundial","Torii","Matryoshka","Membership Card"],"acts_visited":["Exordium"],"potions_floor_usage":[],"damage_taken":[{"damage":9.0,"enemies":"Small Slimes","floor":1.0,"turns":4.0},{"damage":5.0,"enemies":"Jaw Worm","floor":3.0,"turns":3.0},{"damage":8.0,"enemies":"Cultist","floor":4.0,"turns":4.0},{"damage":22.0,"enemies":"3 Louse","floor":5.0,"turns":2.0},{"damage":34.0,"enemies":"3 Sentries","floor":6.0,"turns":9.0},{"damage":13.0,"enemies":"Lagavulin","floor":8.0,"turns":6.0},{"damage":6.0,"enemies":"Gremlin Gang","floor":11.0,"turns":5.0},{"damage":1.0,"enemies":"Exordium Thugs","floor":13.0,"turns":6.0},{"damage":47,"enemies":"Slime Boss","floor":16,"turns":10}],"seed_played":"1156109140210004765","potions_obtained":[{"floor":1.0,"key":"DistilledChaos"},{"floor":6.0,"key":"SpeedPotion"},{"floor":11.0,"key":"Ancient Potion"},{"floor":13.0,"key":"Ancient Potion"}],"is_trial":false,"path_per_floor":["M","?","M","M","M","E","R","E","T","$","M","?","M","?","R","B"],"character_chosen":"IRONCLAD","items_purchased":["Membership Card","Shockwave"],"campfire_rested":0,"item_purchase_floors":[10,10],"current_hp_per_floor":[69,69,70,68,52,24,24,17,17,17,17,17,22,46,46,0,0],"gold":34,"neow_bonus":"TRANSFORM_TWO_CARDS","is_daily":false,"chose_seed":false,"campfire_upgraded":2,"win_rate":0.0,"timestamp":1613852283,"path_taken":["M","?","M","M","M","E","R","E","T","$","M","?","?","?","R","BOSS"],"items_purchased_type":["Relic","Card"],"build_version":"2020-12-18","purchased_purges":1,"victory":false,"max_hp_per_floor":[80,74,74,74,74,74,74,74,74,74,74,74,74,74,74,74,74],"relic_stats":{"Torii":16,"counters":[9,49],"Golden Idol":31,"Sundial":[4],"obtain_stats":[{"Matryoshka":9,"Torii":8,"Golden Idol":2,"Sundial":6,"Membership Card":10,"Burning Blood":0},{"Matryoshka":6,"Torii":6,"Golden Idol":1,"Sundial":5,"Membership Card":6,"Burning Blood":0},{"Matryoshka":28,"Torii":28,"Golden Idol":4,"Sundial":22,"Membership Card":28,"Burning Blood":0}],"Burning Blood":48},"card_choices":[{"not_picked":["Warcry","Wild Strike"],"picked":"Disarm","floor":1.0},{"not_picked":["Dropkick","Anger"],"picked":"Inflame","floor":3.0},{"not_picked":["Armaments","Thunderclap"],"picked":"Clash","floor":4.0},{"not_picked":["Heavy Blade","Reckless Charge"],"picked":"Shrug It Off","floor":5.0},{"not_picked":["Iron Wave","Sever Soul"],"picked":"Feel No Pain","floor":6.0},{"not_picked":["Second Wind","Warcry"],"picked":"Pummel","floor":8.0},{"not_picked":["Rupture","Perfected Strike"],"picked":"Flame Barrier","floor":11.0},{"not_picked":["Reckless Charge","Pommel Strike"],"picked":"Clothesline","floor":13.0}],"player_experience":574878,"relics_obtained":[{"floor":6.0,"key":"Sundial"},{"floor":8.0,"key":"Torii"},{"floor":9.0,"key":"Matryoshka"}],"event_choices":[{"damage_healed":0.0,"max_hp_gain":0.0,"max_hp_loss":6.0,"gold_gain":0.0,"event_name":"Golden Idol","player_choice":"Lose Max HP","floor":2.0,"gold_loss":0.0,"damage_taken":0.0,"relics_obtained":["Golden Idol"]},{"cards_removed":["Strike_R"],"damage_healed":0.0,"max_hp_gain":0.0,"max_hp_loss":0.0,"gold_gain":0.0,"event_name":"Purifier","player_choice":"Purged","floor":12.0,"gold_loss":0.0,"damage_taken":0.0},{"damage_healed":24.0,"max_hp_gain":0.0,"max_hp_loss":0.0,"gold_gain":0.0,"event_name":"Big Fish","player_choice":"Banana","floor":14.0,"gold_loss":0.0,"damage_taken":0.0}],"is_beta":true,"boss_relics":[],"items_purged_floors":[10],"is_endless":false,"potions_floor_spawned":[1,6,11,13],"killed_by":"Slime Boss","ascension_level":11}}