{"host":"js2su9tbbk4rmjfl","time":1613820606,"event":{"mods":["AchievementEnabler","BaseMod","Block Reminder","Colored Map","Colored Powertips","Highlight Path","Minty Spire (QoL Compilation)","Relic Stats"],"gold_per_floor":[110,128,77,77,101,101,115,115,142,142,161,86,86,11,11,11,11],"floor_reached":16,"language":"ENG","playtime":698,"items_purged":["Strike_R"],"score":176,"play_id":"f056d66d-9dcc-4793-900b-a7bb133ada48","local_time":"20210220123006","is_ascension_mode":true,"campfire_choices":[{"data":"Uppercut","floor":6,"key":"SMITH"},{"data":"Seeing Red","floor":10,"key":"SMITH"},{"data":"Wild Strike","floor":13,"key":"SMITH"},{"data":"Flame Barrier","floor":15,"key":"SMITH"}],"circlet_count":0,"master_deck":["AscendersBane","Strike_R","Strike_R","Strike_R","Strike_R","Defend_R","Defend_R","Defend_R","Bash","Uppercut+1","Seeing Red+1","Wild Strike+1","Dropkick","Flame Barrier+1"],"relics":["Burning Blood","Bag of Marbles","Golden Idol","Dream Catcher","Ancient Tea Set"],"acts_visited":["Exordium"],"potions_floor_usage":[7,7],"damage_taken":[{"damage":0,"enemies":"2 Louse","floor":1,"turns":3},{"damage":4,"enemies":"Small Slimes","floor":2,"turns":3},{"damage":2,"enemies":"Jaw Worm","floor":5,"turns":4},{"damage":9,"enemies":"Exordium Wildlife","floor":7,"turns":5},{"damage":0,"enemies":"3 Louse","floor":11,"turns":2},{"damage":69,"enemies":"Slime Boss","floor":16,"turns":8}],"seed_played":"-6645265728539578279","potions_obtained":[{"floor":2,"key":"Weak Potion"},{"floor":5,"key":"SteroidPotion"}],"is_trial":false,"path_per_floor":["M","M","?","?","M","R","M","?","T","R","M","?","R","$","R","B"],"character_chosen":"IRONCLAD","items_purchased":[],"campfire_rested":0,"item_purchase_floors":[],"current_hp_per_floor":[74,75,75,68,68,68,65,60,60,60,66,66,66,66,66,0,0],"gold":11,"neow_bonus":"RANDOM_COMMON_RELIC","is_daily":false,"chose_seed":false,"campfire_upgraded":4,"win_rate":0.0,"timestamp":1613820606,"path_taken":["M","M","?","?","M","R","?","?","T","R","M","?","R","$","R","BOSS"],"items_purchased_type":[],"build_version":"2020-12-22","purchased_purges":1,"victory":false,"max_hp_per_floor":[75,75,75,68,68,68,68,68,68,68,68,68,68,68,68,68,68],"relic_stats":{"Dream Catcher":0,"counters":[6,25],"Golden Idol":12,"obtain_stats":[{"Dream Catcher":8,"Golden Idol":4,"Bag of Marbles":0,"Ancient Tea Set":9,"Burning Blood":0},{"Dream Catcher":4,"Golden Idol":2,"Bag of Marbles":0,"Ancient Tea Set":4,"Burning Blood":0},{"Dream Catcher":15,"Golden Idol":6,"Bag of Marbles":0,"Ancient Tea Set":15,"Burning Blood":0}],"Burning Blood":25},"card_choices":[{"not_picked":["True Grit","Power Through"],"picked":"Uppercut","floor":1},{"not_picked":["Wild Strike","Warcry"],"picked":"Seeing Red","floor":2},{"not_picked":["Shrug It Off","Clash"],"picked":"Wild Strike","floor":5},{"not_picked":["Evolve","Heavy Blade"],"picked":"Dropkick","floor":7},{"not_picked":["Warcry","Spot Weakness"],"picked":"Flame Barrier","floor":11}],"player_experience":876717,"relics_obtained":[{"floor":9,"key":"Ancient Tea Set"}],"event_choices":[{"damage_healed":0,"gold_gain":0,"player_choice":"Left Gold","damage_taken":0,"max_hp_gain":0,"max_hp_loss":0,"event_name":"World of Goop","floor":3,"gold_loss":51},{"damage_healed":0,"gold_gain":0,"player_choice":"Lose Max HP","damage_taken":0,"relics_obtained":["Golden Idol"],"max_hp_gain":0,"max_hp_loss":7,"event_name":"Golden Idol","floor":4,"gold_loss":0},{"damage_healed":0,"gold_gain":0,"player_choice":"Success","damage_taken":5,"relics_obtained":["Dream Catcher"],"max_hp_gain":0,"max_hp_loss":0,"event_name":"Scrap Ooze","floor":8,"gold_loss":0},{"cards_removed":["Defend_R"],"damage_healed":0,"gold_gain":0,"player_choice":"Card Removal","damage_taken":0,"max_hp_gain":0,"max_hp_loss":0,"event_name":"The Cleric","floor":12,"gold_loss":75}],"is_beta":false,"boss_relics":[],"items_purged_floors":[14],"is_endless":false,"potions_floor_spawned":[2,5],"killed_by":"Slime Boss","ascension_level":19}}