{"host":"qxeepl7ydvsgmfdb","time":1613836626,"event":{"mods":["AchievementEnabler","BaseMod","Colored Powertips","Minty Spire (QoL Compilation)","Quick Restart","slay the spire mod where everything is the same but ironclad has a cowboy hat"],"gold_per_floor":[114,114,189,189,28,61,61,76,76,87,87,87,87,87],"floor_reached":13,"language":"ENG","playtime":168,"items_purged":[],"score":204,"play_id":"e3048b34-8af4-48a7-9c3b-c410d2c2239c","local_time":"20210220105706","is_ascension_mode":true,"campfire_choices":[],"circlet_count":0,"master_deck":["AscendersBane","Strike_G","Strike_G","Strike_G","Strike_G","Strike_G","Defend_G","Defend_G","Defend_G","Defend_G","Defend_G","Survivor","Neutralize","Deadly Poison","Phantasmal Killer","Outmaneuver","Finisher","Poisoned Stab"],"relics":["Ring of the Snake","NeowsBlessing","Nunchaku","Paper Crane","Pear"],"acts_visited":["Exordium"],"potions_floor_usage":[11],"damage_taken":[{"damage":0,"enemies":"2 Louse","floor":1,"turns":1},{"damage":0,"enemies":"Small Slimes","floor":4,"turns":1},{"damage":0,"enemies":"3 Sentries","floor":6,"turns":2},{"damage":0,"enemies":"Jaw Worm","floor":8,"turns":5},{"damage":3,"enemies":"Blue Slaver","floor":10,"turns":3},{"damage":0,"enemies":"3 Louse","floor":11,"turns":1},{"damage":34,"enemies":"Gremlin Nob","floor":13,"turns":3}],"seed_played":"5281733252626331647","potions_obtained":[{"floor":1,"key":"SmokeBomb"}],"is_trial":false,"path_per_floor":["M","?","?","M","$","E","$","M","T","M","M","?","E"],"character_chosen":"THE_SILENT","items_purchased":["Phantasmal Killer"],"campfire_rested":0,"item_purchase_floors":[5],"current_hp_per_floor":[59,24,13,13,13,13,13,13,23,20,20,20,0,0],"gold":87,"neow_bonus":"THREE_ENEMY_KILL","is_daily":false,"chose_seed":false,"campfire_upgraded":0,"win_rate":0.0,"timestamp":1613836626,"path_taken":["M","?","?","M","$","E","?","?","T","M","M","?","E"],"items_purchased_type":["Card"],"build_version":"2020-12-22","purchased_purges":0,"victory":false,"max_hp_per_floor":[66,66,66,66,66,66,66,66,76,76,76,76,76,76],"card_choices":[{"not_picked":["Acrobatics","Cloak And Dagger"],"picked":"Deadly Poison","floor":1},{"not_picked":["PiercingWail","Choke","Footwork"],"picked":"SKIP","floor":4},{"not_picked":["Calculated Gamble","Backflip"],"picked":"Outmaneuver","floor":6},{"not_picked":["Prepared","Underhanded Strike"],"picked":"Finisher","floor":8},{"not_picked":["Predator","Flying Knee"],"picked":"Poisoned Stab","floor":10}],"player_experience":185562,"relics_obtained":[{"floor":6,"key":"Paper Crane"},{"floor":9,"key":"Pear"}],"event_choices":[{"damage_healed":0,"gold_gain":0,"player_choice":"Success","damage_taken":35,"relics_obtained":["Nunchaku"],"max_hp_gain":0,"max_hp_loss":0,"event_name":"Scrap Ooze","floor":2,"gold_loss":0},{"damage_healed":0,"gold_gain":75,"player_choice":"Gather Gold","damage_taken":11,"max_hp_gain":0,"max_hp_loss":0,"event_name":"World of Goop","floor":3,"gold_loss":0},{"damage_healed":0,"gold_gain":0,"player_choice":"Ignored","damage_taken":0,"max_hp_gain":0,"max_hp_loss":0,"event_name":"Shining Light","floor":12,"gold_loss":0}],"is_beta":false,"boss_relics":[],"items_purged_floors":[],"is_endless":false,"potions_floor_spawned":[1,4,11],"killed_by":"Gremlin Nob","ascension_level":17}}