{"host":"8t5dkgm85abdp22d","time":1613788485,"event":{"mods":["ATMod(阿瑾Mod)","Act Like it!","BaseMod","Colored Powertips","Conspire","Gensokyo","GungeonMod","Hallownest","Minty Spire (QoL Compilation)","MostiFishMod","Remilia（蕾米莉亚）","RumiaBox-露米娅的神秘盒子","Ryuuou龙王","StSLib","The Bug Knight","UnlockEverythingMod","Waifu the Spire","WarShipGirlsR/战舰少女R mod","Yakumo Yukari mod"],"gold_per_floor":[119,135,150,75,75,102,120,154,205,205,205],"floor_reached":10,"language":"ZHS","playtime":319,"items_purged":["Strike_R"],"score":156,"play_id":"c9cb01f7-604c-4c0a-b51e-8fa6bfb14394","local_time":"20210220103445","is_ascension_mode":true,"campfire_choices":[],"circlet_count":0,"master_deck":["AscendersBane","Strike_R","Strike_R","Strike_R","Strike_R","Defend_R","Defend_R","Defend_R","Defend_R","Bash","AT_EmpoweredMortalDraw","Shrug It Off","Hemokinesis","MostiFishMod:Chiaki+1"],"relics":["Burning Blood","AT_ATBox","DaveBox","NeowsBlessing","BrkXgEgg","SynthV:TestCard","StoneCalendar","DemoMod:LamentConfigurum","AT_MibuBalloonWealth"],"acts_visited":["Exordium"],"potions_floor_usage":[6],"damage_taken":[{"damage":0,"enemies":"Cultist","floor":1,"turns":1},{"damage":0,"enemies":"Jaw Worm","floor":2,"turns":1},{"damage":0,"enemies":"2 Louse","floor":3,"turns":1},{"damage":27,"enemies":"Gremlin Nob","floor":6,"turns":4},{"damage":10,"enemies":"Blue Slaver","floor":7,"turns":5},{"damage":33,"enemies":"Lagavulin","floor":8,"turns":7},{"damage":30,"enemies":"Gremlin Nob","floor":10,"turns":3}],"seed_played":"-5965815947633966596","potions_obtained":[{"floor":3,"key":"SteroidPotion"}],"is_trial":false,"path_per_floor":["M","M","M","$","?","E","M","E","T","E"],"character_chosen":"IRONCLAD","items_purchased":[],"campfire_rested":0,"item_purchase_floors":[],"current_hp_per_floor":[74,75,75,75,75,54,50,23,23,0,0],"gold":205,"neow_bonus":"THREE_ENEMY_KILL","is_daily":false,"chose_seed":false,"campfire_upgraded":0,"win_rate":0.0,"timestamp":1613788485,"path_taken":["M","M","M","?","?","E","M","E","T","E"],"items_purchased_type":[],"build_version":"2020-12-22","purchased_purges":1,"victory":false,"max_hp_per_floor":[75,75,75,75,75,75,75,75,75,75,75],"card_choices":[{"not_picked":["Heavy Blade","Flame Barrier","Sword Boomerang"],"picked":"SKIP","floor":1},{"not_picked":["Twin Strike","Clash","Pummel","Sword Boomerang"],"picked":"Shrug It Off","floor":2},{"not_picked":["AT_ManFootWork","Sever Soul","Metallicize","Heavy Blade","Ghostly Armor"],"picked":"SKIP","floor":3},{"not_picked":["Perfected Strike","Wild Strike","Headbutt","Armaments","MostiFishMod:Mania+1"],"picked":"SKIP","floor":6},{"not_picked":["Entrench","Wild Strike","Second Wind","Dropkick"],"picked":"Hemokinesis","floor":7},{"not_picked":["AT_ShrugMaster","Armaments","Uppercut","Heavy Blade"],"picked":"MostiFishMod:Chiaki+1","floor":8}],"player_experience":110198,"relics_obtained":[{"floor":1,"key":"SynthV:TestCard"},{"floor":6,"key":"StoneCalendar"},{"floor":8,"key":"DemoMod:LamentConfigurum"},{"floor":9,"key":"AT_MibuBalloonWealth"}],"event_choices":[{"damage_healed":0,"gold_gain":0,"player_choice":"0 cards matched","damage_taken":0,"max_hp_gain":0,"max_hp_loss":0,"event_name":"Match and Keep!","floor":5,"gold_loss":0,"cards_obtained":[]}],"is_beta":false,"boss_relics":[],"items_purged_floors":[4],"is_endless":false,"potions_floor_spawned":[3],"killed_by":"Gremlin Nob","ascension_level":20}}