{"host":"47ceihhszt3bzrh1","time":1613839198,"event":{"mods":["BaseMod","Colored Map","Minty Spire (QoL Compilation)","Permanent Neow","Quick Restart","StSLib"],"gold_per_floor":[113,113,133,52,70,100,100,435,435,466,466,476,476,476,476,572,572,586,600,296,309,309,344,344,361,361,388,388,415,415,426,426,521,521,535,281,292,138,154,154,188,201,201,129,129,156,156,176,176,176,176,176,31,64,64],"floor_reached":56,"language":"ENG","playtime":3495,"items_purged":["Strike_B","Strike_B"],"score":1437,"play_id":"6e3976d4-35d8-4425-9d40-a3d4598f3db7","local_time":"20210220113958","is_ascension_mode":true,"campfire_choices":[{"data":"Loop","floor":7,"key":"SMITH"},{"floor":13,"key":"REST"},{"data":"Coolheaded","floor":15,"key":"SMITH"},{"data":"Apotheosis","floor":24,"key":"SMITH"},{"floor":28,"key":"RECALL"},{"floor":30,"key":"REST"},{"data":"Storm","floor":32,"key":"SMITH"},{"data":"Biased Cognition","floor":45,"key":"SMITH"},{"data":"Creative AI","floor":47,"key":"SMITH"},{"data":"Capacitor","floor":49,"key":"SMITH"},{"data":"Glacier","floor":52,"key":"SMITH"}],"circlet_count":0,"master_deck":["Defend_B","Defend_B","Defend_B+1","Defend_B","Zap+1","Dualcast","Coolheaded","Ball Lightning","Loop+1","Conserve Battery","Coolheaded+1","Fission+1","Doom and Gloom","Hologram","Cold Snap","Electrodynamics","Cold Snap+1","Darkness+1","Apotheosis+1","Storm+1","Skim","Steam+1","Cold Snap+1","Capacitor+1","Biased Cognition+1","Force Field+1","Barrage+1","Glacier+1","Creative AI+1","Force Field","Force Field"],"relics":["Cracked Core","MealTicket","Old Coin","Lantern","SlaversCollar","Enchiridion","StoneCalendar","InkBottle","Regal Pillow","Mercury Hourglass","Black Star","ClockworkSouvenir","Oddly Smooth Stone","Centennial Puzzle","Pear","Pantograph","Bag of Preparation","Eternal Feather","Strawberry","Shuriken","Anchor"],"acts_visited":["Exordium","TheCity","TheBeyond","TheEnding"],"potions_floor_usage":[41,55,55,55,55,55,55],"damage_taken":[{"damage":0,"enemies":"Small Slimes","floor":1,"turns":2},{"damage":0,"enemies":"Jaw Worm","floor":3,"turns":3},{"damage":0,"enemies":"2 Louse","floor":5,"turns":3},{"damage":12,"enemies":"3 Sentries","floor":6,"turns":6},{"damage":2,"enemies":"Lagavulin","floor":8,"turns":6},{"damage":11,"enemies":"3 Sentries","floor":10,"turns":9},{"damage":8,"enemies":"Looter","floor":12,"turns":3},{"damage":0,"enemies":"Slime Boss","floor":16,"turns":5},{"damage":8,"enemies":"Shell Parasite","floor":18,"turns":4},{"damage":0,"enemies":"3 Byrds","floor":19,"turns":2},{"damage":6,"enemies":"Centurion and Healer","floor":21,"turns":5},{"damage":7,"enemies":"Book of Stabbing","floor":23,"turns":4},{"damage":4,"enemies":"Snake Plant","floor":25,"turns":3},{"damage":0,"enemies":"Gremlin Leader","floor":27,"turns":4},{"damage":15,"enemies":"Slavers","floor":29,"turns":4},{"damage":8,"enemies":"Sentry and Sphere","floor":31,"turns":4},{"damage":0,"enemies":"Champ","floor":33,"turns":9},{"damage":3,"enemies":"3 Shapes","floor":35,"turns":3},{"damage":0,"enemies":"Orb Walker","floor":37,"turns":2},{"damage":12,"enemies":"Maw","floor":39,"turns":7},{"damage":1,"enemies":"Giant Head","floor":41,"turns":7},{"damage":0,"enemies":"Spire Growth","floor":42,"turns":4},{"damage":25,"enemies":"Nemesis","floor":46,"turns":5},{"damage":8,"enemies":"3 Darklings","floor":48,"turns":4},{"damage":23,"enemies":"Donu and Deca","floor":50,"turns":6},{"damage":20,"enemies":"Shield and Spear","floor":54,"turns":4},{"damage":75,"enemies":"The Heart","floor":55,"turns":11}],"seed_played":"6751108742440266497","potions_obtained":[{"floor":6,"key":"EssenceOfSteel"},{"floor":8,"key":"SpeedPotion"},{"floor":12,"key":"GamblersBrew"},{"floor":39,"key":"Swift Potion"},{"floor":46,"key":"SteroidPotion"},{"floor":48,"key":"EntropicBrew"}],"is_trial":false,"path_per_floor":["M","?","M","$","M","E","R","E","T","E","?","M","R","?","R","B",null,"M","M","$","M","?","E","R","M","T","E","R","E","R","M","R","B",null,"M","$","M","$","M","?","E","M","T","$","R","E","R","M","R","B",null,"R","$","E","B",null],"character_chosen":"DEFECT","items_purchased":["Loop","Apotheosis","Storm","ClockworkSouvenir","Oddly Smooth Stone","Glacier","Strawberry"],"campfire_rested":2,"item_purchase_floors":[4,20,20,36,38,44,53],"current_hp_per_floor":[75,68,68,68,68,56,56,54,54,43,28,20,42,42,42,42,75,67,67,75,69,53,46,46,42,42,42,42,27,64,56,56,56,75,72,75,75,75,63,63,72,72,72,81,81,56,71,63,81,58,81,81,88,68,13],"gold":64,"neow_bonus":"UPGRADE_CARD","is_daily":false,"chose_seed":false,"campfire_upgraded":8,"win_rate":0.0,"timestamp":1613839198,"path_taken":["M","?","M","$","M","E","R","E","T","E","?","M","R","?","R","BOSS","M","M","$","M","?","E","R","M","T","E","R","E","R","M","R","BOSS","M","$","M","$","M","?","E","M","T","$","R","E","R","M","R","BOSS","R","$","E","BOSS"],"items_purchased_type":["Card","Card","Card","Relic","Relic","Card","Relic"],"build_version":"2020-12-22","purchased_purges":2,"victory":true,"max_hp_per_floor":[75,75,75,75,75,75,75,75,75,75,75,75,75,75,75,75,75,75,75,75,75,75,75,75,75,75,75,75,75,75,75,75,75,75,75,75,75,75,75,71,81,81,81,81,81,81,81,81,81,81,81,81,88,88,88],"card_choices":[{"not_picked":["Hologram","Gash"],"picked":"Coolheaded","floor":1},{"not_picked":["Lockon","Redo"],"picked":"Ball Lightning","floor":3},{"not_picked":["Sweeping Beam","Self Repair"],"picked":"Conserve Battery","floor":5},{"not_picked":["Ball Lightning","Undo"],"picked":"Coolheaded","floor":6},{"not_picked":["Gash","Cold Snap"],"picked":"Fission","floor":8},{"not_picked":["Chill","Rip and Tear"],"picked":"Doom and Gloom","floor":10},{"not_picked":["White Noise","Force Field"],"picked":"Hologram","floor":12},{"not_picked":["Biased Cognition","All For One"],"picked":"Electrodynamics","floor":16},{"not_picked":["Aggregate+1","Redo+1"],"picked":"Cold Snap+1","floor":18},{"not_picked":["Beam Cell","Compile Driver"],"picked":"Darkness+1","floor":19},{"not_picked":["Barrage+1","Hello World"],"picked":"Skim","floor":21},{"not_picked":["Barrage","Rebound","Melter"],"picked":"SKIP","floor":23},{"not_picked":["Cold Snap","Chaos"],"picked":"Steam+1","floor":25},{"not_picked":["Fusion","Redo"],"picked":"Cold Snap+1","floor":27},{"not_picked":["BootSequence","Heatsinks+1"],"picked":"Capacitor","floor":29},{"not_picked":["Heatsinks","Steam","Aggregate"],"picked":"SKIP","floor":31},{"not_picked":["Thunder Strike","Buffer"],"picked":"Biased Cognition","floor":33},{"not_picked":["Leap+1","Scrape+1"],"picked":"Force Field+1","floor":35},{"not_picked":["Coolheaded","Gash+1"],"picked":"Barrage+1","floor":37},{"not_picked":["Ball Lightning+1","BootSequence+1","Genetic Algorithm+1"],"picked":"SKIP","floor":39},{"not_picked":["Barrage","Scrape+1","Compile Driver"],"picked":"SKIP","floor":41},{"not_picked":["Ball Lightning","Compile Driver","Beam Cell+1"],"picked":"SKIP","floor":42},{"not_picked":["Double Energy","Skim+1"],"picked":"Creative AI","floor":46},{"not_picked":["Gash","Go for the Eyes"],"picked":"Force Field","floor":48},{"not_picked":["Barrage","Streamline+1"],"picked":"Force Field","floor":54}],"player_experience":17062,"relics_obtained":[{"floor":6,"key":"MealTicket"},{"floor":8,"key":"Old Coin"},{"floor":10,"key":"Lantern"},{"floor":22,"key":"Enchiridion"},{"floor":23,"key":"StoneCalendar"},{"floor":26,"key":"InkBottle"},{"floor":27,"key":"Regal Pillow"},{"floor":29,"key":"Mercury Hourglass"},{"floor":41,"key":"Centennial Puzzle"},{"floor":41,"key":"Pear"},{"floor":43,"key":"Pantograph"},{"floor":46,"key":"Bag of Preparation"},{"floor":46,"key":"Eternal Feather"},{"floor":54,"key":"Shuriken"},{"floor":54,"key":"Anchor"}],"event_choices":[{"cards_removed":["Strike_B"],"damage_healed":0,"gold_gain":0,"player_choice":"Card Removal","damage_taken":7,"max_hp_gain":0,"max_hp_loss":0,"event_name":"Golden Wing","floor":2,"gold_loss":0},{"damage_healed":0,"gold_gain":0,"player_choice":"Entered Light","damage_taken":15,"max_hp_gain":0,"max_hp_loss":0,"event_name":"Shining Light","floor":11,"gold_loss":0,"cards_upgraded":["Fission","Defend_B"]},{"damage_healed":0,"gold_gain":0,"cards_transformed":["Strike_B"],"player_choice":"Change","damage_taken":0,"max_hp_gain":0,"max_hp_loss":0,"event_name":"Living Wall","floor":14,"gold_loss":0,"cards_obtained":["Cold Snap"]},{"damage_healed":0,"gold_gain":0,"player_choice":"Obtained Book","damage_taken":16,"max_hp_gain":0,"max_hp_loss":0,"event_name":"Cursed Tome","floor":22,"gold_loss":0},{"damage_healed":0,"gold_gain":0,"player_choice":"Max HP","damage_taken":0,"max_hp_gain":0,"max_hp_loss":4,"event_name":"Winding Halls","floor":40,"gold_loss":0}],"is_beta":false,"boss_relics":[{"not_picked":["Coffee Dripper","Runic Dome"],"picked":"SlaversCollar"},{"not_picked":["Inserter","Empty Cage"],"picked":"Black Star"}],"items_purged_floors":[20,36],"is_endless":false,"potions_floor_spawned":[6,8,12,16,21,23,31,33,39,46,48],"ascension_level":1}}