{"host":"w3q5ijqu8eoknil3","time":1613862171,"event":{"mods":["AchievementEnabler","BaseMod","Block Reminder","Colored Map","Colored Powertips","Curses Come First","Dark Map","Minty Spire (QoL Compilation)","Quick Restart","Relic Stats","StSLib","ojb\u0027s Better Paths Mod","ojb\u0027s Info Mod","slay the spire mod where everything is the same but ironclad has a cowboy hat"],"gold_per_floor":[114,131,141,159,159,159,193,193,216,216,50,89,164,239,239,330,330,348,109,124,124,148,148,148,148],"floor_reached":24,"language":"ENG","playtime":667,"items_purged":["Strike_G"],"score":402,"play_id":"4dc9f688-4260-40b3-b6d9-f94ebf1d6d43","local_time":"20210220230251","is_ascension_mode":true,"campfire_choices":[{"data":"Bouncing Flask","floor":6,"key":"SMITH"},{"data":"Riddle With Holes","floor":8,"key":"SMITH"},{"floor":15,"key":"REST"},{"floor":23,"key":"REST"}],"circlet_count":0,"master_deck":["AscendersBane","Strike_G","Strike_G","Strike_G","Strike_G","Defend_G","Defend_G","Defend_G","Defend_G","Defend_G","Survivor","Neutralize","Underhanded Strike","Bouncing Flask+1","Quick Slash","Riddle With Holes+1","Skewer","Poisoned Stab","Phantasmal Killer","CurseOfTheBell","PiercingWail","Leg Sweep","Poisoned Stab"],"relics":["Ring of the Snake","NeowsBlessing","Golden Idol","Vajra","Strawberry","OrangePellets","Happy Flower","Calling Bell","MealTicket","Singing Bowl","Bird Faced Urn","Strange Spoon"],"acts_visited":["TheCity"],"potions_floor_usage":[12,18,21,24],"damage_taken":[{"damage":0,"enemies":"2 Louse","floor":1,"turns":1},{"damage":0,"enemies":"Jaw Worm","floor":2,"turns":1},{"damage":0,"enemies":"Small Slimes","floor":3,"turns":1},{"damage":8,"enemies":"2 Fungi Beasts","floor":4,"turns":3},{"damage":17,"enemies":"Lagavulin","floor":7,"turns":6},{"damage":23,"enemies":"3 Sentries","floor":12,"turns":8},{"damage":29,"enemies":"Hexaghost","floor":16,"turns":9},{"damage":30,"enemies":"2 Thieves","floor":18,"turns":4},{"damage":30,"enemies":"Shell Parasite","floor":20,"turns":6},{"damage":0,"enemies":"Cultist and Chosen","floor":21,"turns":3},{"damage":6,"enemies":"Centurion and Healer","floor":22,"turns":7},{"damage":27,"enemies":"Book of Stabbing","floor":24,"turns":5}],"seed_played":"2896621178642783159","potions_obtained":[{"floor":2,"key":"SmokeBomb"},{"floor":7,"key":"BlessingOfTheForge"},{"floor":16,"key":"LiquidBronze"},{"floor":22,"key":"Dexterity Potion"}],"is_trial":false,"path_per_floor":["M","M","M","M","?","R","E","R","T","?","$","E","?","?","R","B",null,"M","$","M","M","M","R","E"],"character_chosen":"THE_SILENT","items_purchased":["OrangePellets","Strange Spoon"],"campfire_rested":2,"item_purchase_floors":[11,19],"current_hp_per_floor":[59,59,59,51,51,51,34,34,41,46,46,23,12,12,33,4,55,25,40,10,10,4,25,0,0],"gold":148,"neow_bonus":"THREE_ENEMY_KILL","is_daily":false,"chose_seed":false,"campfire_upgraded":2,"win_rate":0.0,"timestamp":1613862171,"path_taken":["M","M","M","M","?","R","E","R","T","?","$","E","?","?","R","BOSS","M","$","M","M","M","R","E"],"items_purchased_type":["Relic","Relic"],"build_version":"2020-12-22","purchased_purges":1,"victory":false,"max_hp_per_floor":[66,66,66,66,60,60,60,60,67,72,72,72,72,72,72,72,72,72,72,72,72,72,72,72,72],"relic_stats":{"OrangePellets":[0],"Strange Spoon":[1],"Happy Flower":[11],"Singing Bowl":0,"counters":[12,54],"Golden Idol":48,"Bird Faced Urn":[0],"MealTicket":15,"obtain_stats":[{"Calling Bell":17,"OrangePellets":11,"Strange Spoon":19,"NeowsBlessing":0,"Happy Flower":12,"Singing Bowl":17,"Golden Idol":5,"Strawberry":9,"Bird Faced Urn":17,"Vajra":7,"MealTicket":17,"Ring of the Snake":0},{"Calling Bell":7,"OrangePellets":5,"Strange Spoon":8,"NeowsBlessing":0,"Happy Flower":6,"Singing Bowl":7,"Golden Idol":4,"Strawberry":5,"Bird Faced Urn":7,"Vajra":5,"MealTicket":7,"Ring of the Snake":0},{"Calling Bell":29,"OrangePellets":12,"Strange Spoon":33,"NeowsBlessing":0,"Happy Flower":20,"Singing Bowl":29,"Golden Idol":6,"Strawberry":12,"Bird Faced Urn":29,"Vajra":12,"MealTicket":29,"Ring of the Snake":0}],"Ring of the Snake":[24]},"card_choices":[{"not_picked":["Backflip","Escape Plan"],"picked":"Underhanded Strike","floor":1},{"not_picked":["Quick Slash","Poisoned Stab"],"picked":"Bouncing Flask","floor":2},{"not_picked":["Slice","Dodge and Roll"],"picked":"Quick Slash","floor":3},{"not_picked":["Reflex","Calculated Gamble"],"picked":"Riddle With Holes","floor":4},{"not_picked":["Flying Knee","Deflect"],"picked":"Skewer","floor":7},{"not_picked":["Concentrate","Bouncing Flask"],"picked":"Poisoned Stab","floor":12},{"not_picked":["Storm of Steel","Night Terror"],"picked":"Phantasmal Killer","floor":16},{"not_picked":["Underhanded Strike","Caltrops"],"picked":"PiercingWail","floor":18},{"not_picked":["Backflip","Blur"],"picked":"Leg Sweep","floor":20},{"not_picked":["Prepared+1","Slice+1"],"picked":"Poisoned Stab","floor":22}],"player_experience":1056894,"relics_obtained":[{"floor":7,"key":"Vajra"},{"floor":9,"key":"Strawberry"},{"floor":12,"key":"Happy Flower"},{"floor":17,"key":"MealTicket"},{"floor":17,"key":"Singing Bowl"},{"floor":17,"key":"Bird Faced Urn"}],"event_choices":[{"damage_healed":0,"gold_gain":0,"player_choice":"Lose Max HP","damage_taken":0,"relics_obtained":["Golden Idol"],"max_hp_gain":0,"max_hp_loss":6,"event_name":"Golden Idol","floor":5,"gold_loss":0},{"damage_healed":0,"gold_gain":0,"player_choice":"Donut","damage_taken":0,"max_hp_gain":5,"max_hp_loss":0,"event_name":"Big Fish","floor":10,"gold_loss":0},{"damage_healed":0,"gold_gain":75,"player_choice":"Gather Gold","damage_taken":11,"max_hp_gain":0,"max_hp_loss":0,"event_name":"World of Goop","floor":13,"gold_loss":0},{"damage_healed":0,"gold_gain":75,"player_choice":"Gained Gold","damage_taken":0,"max_hp_gain":0,"max_hp_loss":0,"event_name":"Golden Wing","floor":14,"gold_loss":0}],"is_beta":false,"boss_relics":[{"not_picked":["Cursed Key","HoveringKite"],"picked":"Calling Bell"}],"items_purged_floors":[19],"is_endless":false,"potions_floor_spawned":[2,7,16,22],"killed_by":"Book of Stabbing","ascension_level":19}}