{"host":"3twtdwjpiqhvvn5s","time":1613780766,"event":{"mods":["AchievementEnabler","Act Like it!","Aspiration","BaseMod","BetterRewards","Colored Map","Colored Powertips","Downfall","Duelist Mod","Friendly Minions","GifTheSpireLib","Hermit","Hubris","Infinite Spire","Jorbs\u0027s Wanderer Trilogy","Koishi","KomeijiMod","Marisa????????","Minty Spire (QoL Compilation)","Quick Restart","Rare Cards Sparkle","Replay The Spire","Shop Mod","StSLib","Td1madao Mod","The Administrix","The Animator","The Bug Knight","The Caster","The Cursed","The Disciple","The Hierophant","The Necromancer","The Poker Player","The Runesmith","The Servant 0.9.4"],"gold_per_floor":[117,129,149,159,179,209,209,219,219,235,235,235,248,248,274,21,21,21,21,21],"floor_reached":18,"language":"ENG","playtime":2407,"items_purged":[],"score":126,"play_id":"1c54ec69-b8c6-4341-8923-6a3aaab4163f","local_time":"20210219182606","daily_mods":["Green Cards","Night Terrors"],"is_ascension_mode":false,"campfire_choices":[{"floor":7,"key":"REST"},{"floor":14,"key":"REST"},{"data":"Unload","floor":17,"key":"SMITH"}],"circlet_count":0,"master_deck":["Slimebound:Strike_Slimebound","Slimebound:Strike_Slimebound","Slimebound:Strike_Slimebound","Slimebound:Tackle","Slimebound:Defend_Slimebound","Slimebound:Defend_Slimebound","Slimebound:Defend_Slimebound","Slimebound:Defend_Slimebound","Slimebound:Split","Slimebound:CorrosiveSpit","Slimebound:SamplingLick","hubris:SlightOfHand","Unload+1","Flying Knee","Flying Knee","hubris:SlightOfHand","Slimebound:SamplingLick"],"relics":["Unceasing Top","infinitespire:FocusingShard","Runesmith:AutoHammer","Juzu Bracelet","Bottled Flame"],"acts_visited":["Exordium"],"potions_floor_usage":[3,6,8,13],"damage_taken":[{"damage":4,"enemies":"Cultist","floor":1,"turns":3},{"damage":6,"enemies":"Small Slimes","floor":2,"turns":3},{"damage":0,"enemies":"2 Louse","floor":3,"turns":2},{"damage":22,"enemies":"Large Slime","floor":4,"turns":6},{"damage":4,"enemies":"Looter","floor":5,"turns":3},{"damage":26,"enemies":"Gremlin Nob","floor":6,"turns":4},{"damage":19,"enemies":"Gremlin Gang","floor":8,"turns":6},{"damage":7,"enemies":"Lots of Slimes","floor":10,"turns":4},{"damage":10,"enemies":"Large Slime","floor":13,"turns":4},{"damage":13,"enemies":"3 Sentries","floor":15,"turns":7},{"damage":45,"enemies":"The Guardian","floor":18,"turns":7}],"seed_played":"8514016451018774572","potions_obtained":[{"floor":2,"key":"AttackPotion"},{"floor":4,"key":"champ:CounterPotion"},{"floor":6,"key":"Block Potion"},{"floor":10,"key":"Toxic Potion"},{"floor":13,"key":"sneckomod:MuddlingPotion"}],"is_trial":true,"path_per_floor":["M","M","M","M","M","E","R","M","T","M","PTL","PTL","M","R","E","$","R","B"],"character_chosen":"SLIMEBOUND","items_purchased":["Bottled Flame"],"campfire_rested":2,"item_purchase_floors":[16],"current_hp_per_floor":[61,55,55,33,29,3,60,41,41,34,34,34,24,55,42,42,42,0,0,0],"gold":21,"neow_bonus":"","is_daily":false,"chose_seed":false,"campfire_upgraded":1,"win_rate":0.0,"timestamp":1613780766,"path_taken":["M","M","M","M","M","E","R","M","T","M","PTL","PTL","M","R","E","?","R","BOSS"],"items_purchased_type":["Relic"],"build_version":"2020-12-22","purchased_purges":0,"victory":false,"max_hp_per_floor":[65,65,65,65,65,65,60,60,60,60,60,60,60,55,55,55,55,55,55,55],"card_choices":[{"not_picked":["Slimebound:SplitLeeching","Slimebound:GoopSpray","Slimebound:Prepare"],"picked":"SKIP","floor":1},{"not_picked":["Bane","Acrobatics","Quick Slash"],"picked":"SKIP","floor":2},{"not_picked":["Backflip","Slimebound:Gluttony","Prepared"],"picked":"SKIP","floor":3},{"not_picked":["Quick Slash","Acrobatics"],"picked":"Slimebound:SamplingLick","floor":4},{"not_picked":["Prepared","Slimebound:ProtectTheBoss"],"picked":"hubris:SlightOfHand","floor":5},{"not_picked":["Acrobatics","hubris:Counter"],"picked":"Unload","floor":6},{"not_picked":["Slimebound:SplitLeeching","Dodge and Roll"],"picked":"Flying Knee","floor":8},{"not_picked":["Replay:Poison Smokescreen","Fluid Movement"],"picked":"Flying Knee","floor":10},{"not_picked":["Expertise","Poisoned Stab"],"picked":"hubris:SlightOfHand","floor":13},{"not_picked":["Slimebound:LivingWall","Slimebound:ItLooksTasty"],"picked":"Slimebound:SamplingLick","floor":15}],"player_experience":3269982,"relics_obtained":[{"floor":6,"key":"infinitespire:FocusingShard"},{"floor":9,"key":"Runesmith:AutoHammer"},{"floor":15,"key":"Juzu Bracelet"}],"event_choices":[],"is_beta":false,"boss_relics":[],"items_purged_floors":[],"is_endless":false,"potions_floor_spawned":[2,4,6,10,13],"killed_by":"The Guardian","ascension_level":0}}