{"host":"2i0myh7fqij2ti1z","time":1613797261,"event":{"mods":["Aspiration","BaseMod","Better Third Choice","Colored Powertips","Conspire","Evolution","FoggyMod","GifTheSpireLib","Highlight Path","Hubris","Minty Spire (QoL Compilation)","Permanent Neow","Quick Restart","Random Character Button","Random Character Mod","Replay The Spire","Shop Mod","Spicy Shops","StSLib","Stuff the Spire","Wandering Minibosses","óô»ðÖ¸ÄÏ"],"gold_per_floor":[114,114,114,1,1,34,34,74,74,74,74,109,109,148,148,273,273,288,250,349,349,299,338,413,451,451,347,347,388,437,437,437,561,561,577,577,677,474,474,474,505,505,505,269,269,269,310,368,368,368,368,368,189,227,227],"floor_reached":56,"language":"ENG","playtime":2329,"items_purged":["Replay:Undeath\u0027s Touch+1","StuffTheSpire:Incineration+1","Run Through","ReplayTheSpireMod:Strike From Hell"],"score":2469,"play_id":"b9af69eb-e86c-4315-a583-92e68cacb0e7","local_time":"20210220130101","is_ascension_mode":true,"campfire_choices":[{"data":"Eruption","floor":10,"key":"SMITH"},{"data":"Demon Form","floor":15,"key":"SMITH"},{"data":"Barricade","floor":32,"key":"SMITH"},{"data":"True Grit","floor":40,"key":"SMITH"},{"data":"Rupture","floor":49,"key":"SMITH"},{"data":"Rupture+1","floor":52,"key":"SMITH"}],"circlet_count":0,"master_deck":["AscendersBane","Twin Strike","Thunderclap","True Grit+1","Eruption+1","Brutality+1","Combust","Demon Form+1","Barricade+1","Blood for Blood+1","Hemogenesis+1","Offering+1","Madness","Madness","Rupture+2","Shockwave","ReplayUltimateDefense","Replay:Sssssssssshield","Dual Wield","ReplayTheSpireMod:Limb From Limb","Bloodletting+1"],"relics":["EVO:Axolotl","SlaversCollar","Black Star","Juzu Bracelet","hubris:Towel","Golden Idol","Membership Card","hubris:TenFootPole","Replay:Ringing Soul","ReplayTheSpireMod:Lightbulb","ReplayFunnel","hubris:FunFungus","hubris:SphereOfDissonance","StuffTheSpire:Tea","Kunai","Replay:Rubber Ducky","Astrolabe","Nilry\u0027s Codex","Bird Faced Urn","Bag of Preparation","conspire:InfiniteJournal","StuffTheSpire:HeavyRock","Bottled Tornado","BargainBundle","MealTicket","ReplayTheSpireMod:Shallot","hubris:ChampionShield","WarpedTongs","Electric Blood","wanderingMiniBosses:CarrionFlame","Replay:Wax Seal","Question Card","Iron Hammer","Lantern","aspiration:SeaSaltIceCream","Black Star","Guide Book","hubris:IronBody","hubris:Reverence","Champion Belt","conspire:DeflatedDodgeball","aspiration:AnachronicSnailShell","Calipers"],"acts_visited":["Exordium","TheCity","TheBeyond","TheEnding"],"potions_floor_usage":[6,8,12,29],"damage_taken":[{"damage":0,"enemies":"Jaw Worm","floor":1,"turns":3},{"damage":20,"enemies":"Lagavulin","floor":6,"turns":6},{"damage":11,"enemies":"Replay:BlueRogue","floor":8,"turns":5},{"damage":2,"enemies":"Lagavulin","floor":12,"turns":3},{"damage":18,"enemies":"Gremlin Nob","floor":14,"turns":3},{"damage":12,"enemies":"Hexaghost","floor":16,"turns":6},{"damage":9,"enemies":"Chosen","floor":18,"turns":3},{"damage":27,"enemies":"Book of Stabbing","floor":23,"turns":4},{"damage":12,"enemies":"conspire:Head Lice","floor":25,"turns":2},{"damage":39,"enemies":"Slavers","floor":29,"turns":2},{"damage":23,"enemies":"hubris:MusketHawk","floor":33,"turns":4},{"damage":27,"enemies":"3 Shapes","floor":35,"turns":3},{"damage":27,"enemies":"R_Hoarder","floor":41,"turns":3},{"damage":18,"enemies":"Reptomancer","floor":47,"turns":3},{"damage":11,"enemies":"2 Orb Walkers","floor":48,"turns":2},{"damage":24,"enemies":"conspire:OrnateMirror","floor":50,"turns":3},{"damage":20,"enemies":"Shield and Spear","floor":54,"turns":3},{"damage":31,"enemies":"The Heart","floor":55,"turns":5}],"seed_played":"-3208611812227675390","potions_obtained":[{"floor":1,"key":"Weak Potion"},{"floor":6,"key":"Languid Potion"},{"floor":8,"key":"AttackPotion"},{"floor":23,"key":"Fire Potion"},{"floor":33,"key":"Fire Potion"},{"floor":46,"key":"Elixir"},{"floor":46,"key":"LifebloodPotion"}],"is_trial":false,"path_per_floor":["M","?","?","$","$","E","?","E","T","R","T","E","?","E","R","B",null,"M","$","?","?","?","E","?","E","T","$","?","E","T","?","R","B",null,"M","?","?","$","?","R","E","?","T","$","?","?","E","?","R","B",null,"R","$","E","B",null],"character_chosen":"IRONCLAD","items_purchased":["Membership Card","BargainBundle","Replay:Wax Seal","Question Card","Rupture","Guide Book","Shockwave","Dual Wield","conspire:DeflatedDodgeball","ReplayTheSpireMod:Limb From Limb"],"campfire_rested":0,"item_purchase_floors":[4,27,38,38,44,44,44,53,53,53],"current_hp_per_floor":[72,72,52,52,52,35,62,51,51,51,51,54,57,42,42,38,82,74,74,77,73,76,50,49,44,44,47,50,15,18,24,24,25,84,78,81,84,99,102,102,78,78,78,96,97,100,95,100,100,112,113,113,116,115,113],"gold":227,"neow_bonus":"BOSS_RELIC","is_daily":false,"chose_seed":false,"campfire_upgraded":6,"win_rate":0.0,"timestamp":1613797261,"path_taken":["M","?","?","?","$","E","?","E","T","R","?","E","?","E","R","BOSS","M","$","?","?","?","E","?","E","T","?","?","E","?","?","R","BOSS","M","?","?","$","?","R","E","?","T","$","?","?","E","?","R","BOSS","R","$","E","BOSS"],"items_purchased_type":["Relic","Relic","Relic","Relic","Card","Relic","Card","Card","Relic","Card"],"build_version":"2020-12-22","purchased_purges":4,"victory":true,"max_hp_per_floor":[80,80,80,80,80,83,83,83,83,83,83,86,86,89,89,92,95,95,95,95,95,95,95,95,98,98,98,98,98,98,101,101,104,104,104,104,104,104,104,104,104,107,107,110,113,113,113,113,113,113,113,113,116,119,119],"card_choices":[{"not_picked":["Body Slam","Headbutt","Shrug It Off"],"picked":"SKIP","floor":1},{"not_picked":["ReplayTheSpireMod:LeadingStrike","Metallicize"],"picked":"Brutality","floor":6},{"not_picked":["Abandon","Inflame","Body Slam"],"picked":"SKIP","floor":8},{"not_picked":["Flame Barrier","Uppercut"],"picked":"Combust","floor":12},{"not_picked":["Whirlwind","Thunderclap"],"picked":"Demon Form","floor":14},{"not_picked":["Demon Form","Eclipse"],"picked":"Barricade","floor":16},{"not_picked":["Havoc+1","Heavy Blade","Armaments"],"picked":"SKIP","floor":18},{"not_picked":["Havoc+1","Heavy Blade","Armaments"],"picked":"SKIP","floor":18},{"not_picked":["Headbutt","True Grit","Sentinel"],"picked":"SKIP","floor":23},{"not_picked":["Sword Boomerang+1","Pommel Strike"],"picked":"Hemogenesis","floor":25},{"not_picked":["Massacre","Barricade","Anger"],"picked":"SKIP","floor":29},{"not_picked":["StuffTheSpire:TitanForm","Juggernaut"],"picked":"Offering","floor":33},{"not_picked":["StuffTheSpire:Incineration","StuffTheSpire:Resist+1","ReplayTheSpireMod:Strike From Hell"],"picked":"SKIP","floor":35},{"not_picked":["Iron Wave+1","Shrug It Off","hubris:CleavingFinish","Corruption"],"picked":"SKIP","floor":41},{"not_picked":["Dramatic Entrance","Replay:Sssssssssshield","Secret Technique"],"picked":"ReplayUltimateDefense","floor":45},{"not_picked":["Good Instincts","Swift Strike","Jack Of All Trades"],"picked":"Replay:Sssssssssshield","floor":45},{"not_picked":["Flex","Entrench","ReplayTheSpireMod:Stacked","Limit Break"],"picked":"SKIP","floor":47},{"not_picked":["conspire:ExplosiveBarrier+1","StuffTheSpire:Pyroclast","Hemokinesis"],"picked":"Bloodletting+1","floor":54}],"player_experience":331871,"relics_obtained":[{"floor":6,"key":"hubris:TenFootPole"},{"floor":6,"key":"Replay:Ringing Soul"},{"floor":8,"key":"ReplayTheSpireMod:Lightbulb"},{"floor":8,"key":"ReplayFunnel"},{"floor":9,"key":"hubris:FunFungus"},{"floor":12,"key":"hubris:SphereOfDissonance"},{"floor":12,"key":"StuffTheSpire:Tea"},{"floor":14,"key":"Kunai"},{"floor":14,"key":"Replay:Rubber Ducky"},{"floor":21,"key":"Nilry\u0027s Codex"},{"floor":23,"key":"Bird Faced Urn"},{"floor":23,"key":"Bag of Preparation"},{"floor":25,"key":"conspire:InfiniteJournal"},{"floor":25,"key":"StuffTheSpire:HeavyRock"},{"floor":26,"key":"Bottled Tornado"},{"floor":29,"key":"MealTicket"},{"floor":29,"key":"ReplayTheSpireMod:Shallot"},{"floor":30,"key":"hubris:ChampionShield"},{"floor":35,"key":"wanderingMiniBosses:CarrionFlame"},{"floor":41,"key":"Iron Hammer"},{"floor":41,"key":"Lantern"},{"floor":43,"key":"aspiration:SeaSaltIceCream"},{"floor":47,"key":"hubris:IronBody"},{"floor":47,"key":"hubris:Reverence"},{"floor":48,"key":"Champion Belt"},{"floor":54,"key":"aspiration:AnachronicSnailShell"},{"floor":54,"key":"Calipers"}],"event_choices":[{"damage_healed":0,"gold_gain":0,"player_choice":"Take Damage","damage_taken":20,"relics_obtained":["Golden Idol"],"max_hp_gain":0,"max_hp_loss":0,"event_name":"Golden Idol","floor":3,"gold_loss":0},{"damage_healed":27,"gold_gain":0,"player_choice":"Banana","damage_taken":0,"max_hp_gain":0,"max_hp_loss":0,"event_name":"Big Fish","floor":7,"gold_loss":0},{"damage_healed":0,"gold_gain":99,"player_choice":"Steal","damage_taken":0,"max_hp_gain":0,"max_hp_loss":0,"event_name":"betterThird:BetterNest","floor":20,"gold_loss":0},{"damage_healed":0,"gold_gain":0,"player_choice":"Obtained Book","damage_taken":16,"max_hp_gain":0,"max_hp_loss":0,"event_name":"Cursed Tome","floor":21,"gold_loss":0},{"damage_healed":0,"gold_gain":0,"player_choice":"Bet on Murderer","damage_taken":0,"max_hp_gain":0,"max_hp_loss":0,"event_name":"The Joust","floor":22,"gold_loss":50},{"damage_healed":0,"gold_gain":75,"player_choice":"Touch","damage_taken":9,"max_hp_gain":0,"max_hp_loss":0,"event_name":"FaceTrader","floor":24,"gold_loss":0},{"damage_healed":0,"gold_gain":0,"player_choice":"Rummage","damage_taken":0,"relics_obtained":["WarpedTongs"],"max_hp_gain":0,"max_hp_loss":0,"event_name":"Accursed Blacksmith","floor":31,"gold_loss":0,"cards_obtained":["Pain"]},{"damage_healed":0,"gold_gain":100,"player_choice":"Pray","damage_taken":0,"max_hp_gain":0,"max_hp_loss":0,"event_name":"Golden Shrine","floor":37,"gold_loss":0},{"cards_removed":["Pommel Strike"],"damage_healed":0,"gold_gain":0,"player_choice":"Removed Attack","damage_taken":0,"max_hp_gain":0,"max_hp_loss":0,"event_name":"Falling","floor":39,"gold_loss":0},{"damage_healed":0,"gold_gain":0,"player_choice":"Embrace Madness","damage_taken":13,"max_hp_gain":0,"max_hp_loss":0,"event_name":"Winding Halls","floor":42,"gold_loss":0,"cards_obtained":["Madness","Madness"]},{"damage_healed":0,"gold_gain":0,"player_choice":"Memory 3","damage_taken":10,"max_hp_gain":0,"max_hp_loss":0,"event_name":"SensoryStone","floor":45,"gold_loss":0},{"damage_healed":0,"gold_gain":0,"player_choice":"Got Potions","damage_taken":0,"max_hp_gain":0,"max_hp_loss":0,"event_name":"Lab","floor":46,"gold_loss":0},{"damage_healed":0,"gold_gain":0,"player_choice":"Fight","damage_taken":0,"max_hp_gain":0,"max_hp_loss":0,"event_name":"Mysterious Sphere","floor":48,"gold_loss":0}],"is_beta":false,"boss_relics":[{"not_picked":["aspiration:FutureDiary","Ooze Armor"],"picked":"Astrolabe"},{"not_picked":["aspiration:RitualDagger","Busted Crown"],"picked":"Electric Blood"}],"items_purged_floors":[19,27,38,44],"is_endless":false,"potions_floor_spawned":[1,6,8,23,33,48],"ascension_level":10}}