{"host":"oqyakm3e5m4kt4l3","time":1613779711,"event":{"mods":["2.2 Compatiblity","AchievementEnabler","BaseMod","Better Altar","Better Match","Better Note","Better Sensory Stone","Better Skull","Better Third Choice","BetterRewards","Colored Map","Colored Powertips","Minty Spire (QoL Compilation)","Permanent Neow","Quick Restart","Rare Cards Sparkle","Shop Mod","StSLib","Synergy Search"],"gold_per_floor":[116,126,301,317,143,143,174,174,174,174,174],"floor_reached":10,"language":"ENG","playtime":391,"items_purged":["Strike_R","Doubt"],"score":112,"play_id":"1b7a8bbb-a14e-464a-a8c3-d693c640af60","local_time":"20210219190831","is_ascension_mode":true,"campfire_choices":[{"data":"Armaments","floor":6,"key":"SMITH"}],"circlet_count":0,"master_deck":["AscendersBane","Strike_R","Strike_R","Strike_R","Defend_R","Defend_R","Defend_R","Defend_R","Bash","Anger","Cleave","Clothesline","Flame Barrier","Armaments+1","Seeing Red","Intimidate","Fiend Fire"],"relics":["Burning Blood","Turnip","Unceasing Top","Art of War","StrikeDummy"],"acts_visited":["Exordium"],"potions_floor_usage":[7,10],"damage_taken":[{"damage":3,"enemies":"Small Slimes","floor":1,"turns":3},{"damage":7,"enemies":"Jaw Worm","floor":2,"turns":2},{"damage":5,"enemies":"Cultist","floor":4,"turns":4},{"damage":32,"enemies":"Lagavulin","floor":7,"turns":9},{"damage":25,"enemies":"Gremlin Nob","floor":10,"turns":3}],"seed_played":"4991333398828387855","potions_obtained":[{"floor":1,"key":"BlessingOfTheForge"}],"is_trial":false,"path_per_floor":["M","M","?","M","$","R","E","?","T","E"],"character_chosen":"IRONCLAD","items_purchased":["Turnip","Anger","Cleave","Energy Potion","Seeing Red"],"campfire_rested":0,"item_purchase_floors":[0,0,0,0,5],"current_hp_per_floor":[51,50,50,51,51,51,25,25,25,0,0],"gold":174,"neow_bonus":"","is_daily":false,"chose_seed":false,"campfire_upgraded":1,"win_rate":0.0,"timestamp":1613779711,"path_taken":["M","M","?","M","$","R","E","?","T","E"],"items_purchased_type":["Relic","Card","Card","Potion","Card"],"build_version":"2020-12-22","purchased_purges":2,"victory":false,"max_hp_per_floor":[75,75,75,75,75,75,75,75,75,75,75],"card_choices":[{"not_picked":["Warcry","True Grit"],"picked":"Clothesline","floor":1},{"not_picked":["Blood for Blood","Cleave"],"picked":"Flame Barrier","floor":2},{"not_picked":["Iron Wave","Twin Strike"],"picked":"Armaments","floor":4},{"not_picked":["Perfected Strike","Sentinel"],"picked":"Intimidate","floor":7}],"player_experience":548126,"relics_obtained":[{"floor":7,"key":"Art of War"},{"floor":9,"key":"StrikeDummy"}],"event_choices":[{"damage_healed":0,"gold_gain":175,"player_choice":"AGREE","damage_taken":126,"max_hp_gain":0,"max_hp_loss":0,"event_name":"betterThird:BetterSerpent","floor":3,"gold_loss":0},{"damage_healed":0,"gold_gain":0,"cards_transformed":["Strike_R"],"player_choice":"Transformed","damage_taken":0,"max_hp_gain":0,"max_hp_loss":0,"event_name":"Transmorgrifier","floor":8,"gold_loss":0,"cards_obtained":["Fiend Fire"]}],"is_beta":false,"boss_relics":[],"items_purged_floors":[0,5],"is_endless":false,"potions_floor_spawned":[1],"killed_by":"Gremlin Nob","ascension_level":14}}