{"host":"458yrf9667pyidku","time":1613865342,"event":{"mods":["2.2 Compatiblity","Act Like it!","BaseMod","Card Forge","Clawfect","Custom Start","Downfall","Gensokyo","Hubris","Infinite Spire","Jedi Mod","Minty Spire (QoL Compilation)","Quick Restart","Replay The Spire","Shop Mod","StSLib","Synergy Search","The Construct","The Jungle","The Mystic","TheBandit"],"gold_per_floor":[110,73,84,84,98,98,133,133,133,145,145,162,162,175,175,273,273,284,300,300,310,154,168,168,178,178,195,221,221,221,221,221,235,235,330,330,342,358,376,127,127,127,127,127,127,147,147,178,127,127,127],"floor_reached":50,"language":"ENG","playtime":4584,"items_purged":[],"score":496,"play_id":"f57f0c2d-9168-4e91-bfcf-1c7d044a5b96","local_time":"20210220185542","is_ascension_mode":false,"campfire_choices":[{"data":"construct:Autoturret+1","floor":6,"key":"SMITH"},{"floor":8,"key":"REST"},{"floor":15,"key":"DIG"},{"data":"construct:Autoturret","floor":24,"key":"SMITH"},{"floor":32,"key":"REST"},{"floor":34,"key":"REST"},{"floor":42,"key":"REST"},{"floor":47,"key":"REST"}],"circlet_count":0,"master_deck":["construct:Strike_Gold","construct:Strike_Gold","construct:Strike_Gold","construct:Strike_Gold","construct:Strike_Gold","construct:Defend_Gold","construct:Defend_Gold","construct:Defend_Gold","construct:Defend_Gold","construct:AttackMode","construct:DefenseMode","construct:GuardCore+2","construct:FlameCore+2","construct:ForceCore+2","construct:BatteryCore+2","construct:Autoturret+2","construct:PanicFire+2","construct:PointDefense+2","construct:ReactiveShield","construct:ScopeCore+2","construct:Tumble+2","construct:HammerDown+2","construct:Autoturret+2","construct:Backfire+1","construct:Autoturret+1","construct:GuardCore","Specialist","construct:FlameCore"],"relics":["construct:ClockworkPhoenix","Hammer of Thor","Seething Fire","Anvil of the Gods","Regal Pillow","NlothsMask","Bag of Marbles","jedi:paperlyon","MerchantsRug","hubris:HollowSoul","Singing Bowl","SlaversCollar","Dead Branch","Blue Doll"],"acts_visited":["Exordium","Exordium","TheBeyond"],"potions_floor_usage":[21,48],"damage_taken":[{"damage":6,"enemies":"Jaw Worm","floor":1,"turns":3},{"damage":10,"enemies":"2 Louse","floor":3,"turns":3},{"damage":0,"enemies":"Cultist","floor":5,"turns":2},{"damage":8,"enemies":"Gremlin Nob","floor":7,"turns":3},{"damage":12,"enemies":"Large Slime","floor":10,"turns":4},{"damage":0,"enemies":"2 Fungi Beasts","floor":12,"turns":2},{"damage":4,"enemies":"Gremlin Gang","floor":14,"turns":3},{"damage":32,"enemies":"The Guardian","floor":16,"turns":6},{"damage":27,"enemies":"Shell Parasite","floor":18,"turns":4},{"damage":6,"enemies":"theJungle:5_Spyders","floor":19,"turns":4},{"damage":0,"enemies":"theJungle:2_Snecko_Cultists","floor":21,"turns":2},{"damage":18,"enemies":"theJungle:Snecko_Cultist_And_Trap","floor":23,"turns":3},{"damage":18,"enemies":"Snake Plant","floor":25,"turns":3},{"damage":12,"enemies":"theJungle:SlimyTreeVines","floor":27,"turns":4},{"damage":24,"enemies":"theJungle:Cassacara","floor":28,"turns":4},{"damage":19,"enemies":"theJungle:JungleHuntersEncounter","floor":33,"turns":4},{"damage":29,"enemies":"theJungle:FunGuy","floor":35,"turns":5},{"damage":23,"enemies":"3 Darklings","floor":37,"turns":5},{"damage":2,"enemies":"3 Shapes","floor":38,"turns":4},{"damage":14,"enemies":"Sphere and 2 Shapes","floor":39,"turns":4},{"damage":42,"enemies":"Jaw Worm Horde","floor":44,"turns":3},{"damage":36,"enemies":"Transient","floor":46,"turns":5},{"damage":54,"enemies":"Nemesis","floor":48,"turns":5},{"damage":0,"enemies":"4 Shapes","floor":50,"turns":1}],"seed_played":"-4144830162147661580","potions_obtained":[{"floor":1,"key":"jedi:StrikingPotion"},{"floor":5,"key":"FearPotion"},{"floor":7,"key":"EssenceOfSteel"},{"floor":14,"key":"ColorlessPotion"},{"floor":19,"key":"SkillPotion"},{"floor":21,"key":"SpeedPotion"},{"floor":46,"key":"Strength Potion"}],"is_trial":false,"path_per_floor":["M","$","M","?","M","R","E","R","T","M","?","M","?","M","R","B",null,"M","M","?","M","$","M","R","M","T","M","E","PTL","PTL","AVR","R","M","R","B",null,"M","M","M","$","?","R","AVR","M","T","M","R","E","$","M"],"character_chosen":"THE_CONSTRUCT_MOD","items_purchased":["construct:Autoturret+1","MerchantsRug","Singing Bowl","Blue Doll"],"campfire_rested":5,"item_purchase_floors":[2,22,40,49],"current_hp_per_floor":[87,87,77,82,82,82,74,98,98,86,86,86,86,82,82,50,98,71,65,98,98,98,80,80,62,62,55,31,31,31,31,75,56,98,69,98,75,73,59,59,53,98,98,56,56,22,68,14,14,20,20],"gold":127,"neow_bonus":"TEN_PERCENT_HP_BONUS","is_daily":false,"chose_seed":false,"campfire_upgraded":2,"win_rate":0.0,"timestamp":1613865342,"path_taken":["M","$","M","?","M","R","E","R","T","M","?","?","?","M","R","BOSS","M","M","?","M","$","M","R","M","T","M","E","PTL","PTL","AVR","R","?","R","BOSS","M","?","M","$","?","R","AVR","M","T","M","R","E","?","M"],"items_purchased_type":["Card","Relic","Relic","Relic"],"build_version":"2020-12-22","purchased_purges":0,"victory":false,"max_hp_per_floor":[93,93,93,98,98,98,98,98,98,98,98,98,98,98,98,98,98,98,98,98,98,98,98,98,98,98,98,98,98,98,98,98,98,98,98,98,98,98,98,98,102,102,102,102,102,104,104,104,104,20,20],"card_choices":[{"not_picked":["construct:ModeShift","construct:HeavyBolt","construct:QuickAttack"],"picked":"SKIP","floor":1},{"not_picked":["construct:Zapper","construct:Enhance","construct:ElectricArmor"],"picked":"SKIP","floor":3},{"not_picked":["construct:Impenetrable","construct:HeavyBolt","construct:UnbalancingBlast"],"picked":"SKIP","floor":5},{"not_picked":["construct:Impenetrable","construct:Reserves","construct:Anticipate"],"picked":"SKIP","floor":7},{"not_picked":["construct:Anticipate","construct:Zapper","construct:HeavyBolt"],"picked":"SKIP","floor":10},{"not_picked":["construct:Impenetrable","construct:ShiftStrike","construct:Chainstrike"],"picked":"SKIP","floor":12},{"not_picked":["construct:ShiftGuard","construct:Forcefield","construct:Versatility"],"picked":"SKIP","floor":14},{"not_picked":["construct:VentSteam","construct:SyphonStrike","construct:SuppressiveFire"],"picked":"SKIP","floor":18},{"not_picked":["construct:CripplingShot","construct:Versatility+1"],"picked":"construct:Autoturret","floor":19},{"not_picked":["construct:Missile","construct:Analyze+1","construct:PowerUp+1"],"picked":"SKIP","floor":21},{"not_picked":["construct:Anticipate","construct:MassProduction","construct:CriticalHit"],"picked":"SKIP","floor":23},{"not_picked":["construct:SweepLaser","construct:HeavyBolt"],"picked":"construct:GuardCore","floor":25},{"not_picked":["construct:SweepLaser","construct:Dampening","construct:VentSteam"],"picked":"SKIP","floor":27},{"not_picked":["construct:Analyze","construct:CripplingShot","construct:Antimatter"],"picked":"SKIP","floor":28},{"not_picked":["construct:Stasis","construct:Autoturret","construct:Failsafe"],"picked":"SKIP","floor":33},{"not_picked":["construct:ModeShift+1","construct:ReactiveShield","construct:ElectricArmor"],"picked":"SKIP","floor":37},{"not_picked":["construct:BatteryAcid+1","construct:Analyze","construct:FocusedBeam"],"picked":"SKIP","floor":38},{"not_picked":["construct:OmegaCannon+1","construct:Boost","construct:ShiftStrike+1"],"picked":"SKIP","floor":39},{"not_picked":["jedi:forcepull","PanicButton"],"picked":"Specialist","floor":41},{"not_picked":["Poisoned Strike","ReplayTheSpireMod:Uncanny Aura","Enlightenment"],"picked":"Singing Bowl","floor":41},{"not_picked":["Secret Weapon","Magnetism","Crow Ritual"],"picked":"Singing Bowl","floor":41},{"not_picked":["construct:SweepLaser","construct:Boost","construct:Electrocute+1"],"picked":"SKIP","floor":44},{"not_picked":["construct:Anticipate","construct:Reinforce+1","construct:ShiftGuard"],"picked":"Singing Bowl","floor":46},{"not_picked":["construct:OmegaCannon+1","construct:ScrapCannon"],"picked":"construct:FlameCore","floor":48}],"player_experience":477283,"relics_obtained":[{"floor":7,"key":"Regal Pillow"},{"floor":9,"key":"Mercury Hourglass"},{"floor":15,"key":"Bag of Marbles"},{"floor":28,"key":"PreservedInsect"},{"floor":48,"key":"Dead Branch"}],"event_choices":[{"damage_healed":0,"gold_gain":0,"player_choice":"Donut","damage_taken":0,"max_hp_gain":5,"max_hp_loss":0,"event_name":"Big Fish","floor":4,"gold_loss":0},{"damage_healed":0,"gold_gain":0,"player_choice":"Trade","damage_taken":0,"relics_obtained":["NlothsMask"],"max_hp_gain":0,"max_hp_loss":0,"event_name":"FaceTrader","floor":11,"gold_loss":0},{"cards_removed":["construct:Synchronize"],"damage_healed":33,"gold_gain":0,"player_choice":"Offered Uncommon","damage_taken":0,"max_hp_gain":0,"max_hp_loss":0,"event_name":"Bonfire Elementals","floor":20,"gold_loss":0},{"damage_healed":0,"gold_gain":0,"player_choice":"Memory 3","damage_taken":10,"max_hp_gain":0,"max_hp_loss":0,"event_name":"SensoryStone","floor":41,"gold_loss":0}],"is_beta":false,"boss_relics":[{"not_picked":["Runic Pyramid","hubris:RunicObelisk"],"picked":"jedi:paperlyon"},{"not_picked":["Fusion Hammer","Replay:Fungal Core","Astrolabe"]}],"items_purged_floors":[],"is_endless":false,"potions_floor_spawned":[1,5,7,14,19,21,23,28,38,46],"killed_by":"4 Shapes","ascension_level":0}}