{"host":"hf83sijwe64ts2lm","time":1613785596,"event":{"mods":["2.2 Compatiblity","BaseMod","Better Altar","Better Match","Better Note","Better Sensory Stone","Better Skull","Better Third Choice","Colored Map","Colored Powertips","Highlight Path","Hubris","Infinite Spire","Minty Spire (QoL Compilation)","Quick Restart","Rare Cards Sparkle","Relic Stats","Reliquary","Replay The Spire","Shop Mod","Spicy Shops","Spire Arcade","StSLib","Thieving Mod"],"gold_per_floor":[109,109,129,129,129,129,144,157,181,309,83,97,97,110,110,207,257,275,36,36,56,70,70,101,101,101,130,9,20,20,20,20,20,20],"floor_reached":33,"language":"ENG","playtime":843,"items_purged":[],"score":449,"play_id":"e4eeecce-870e-4a8b-8fa8-7d8a7cafc4d4","local_time":"20210219204636","is_ascension_mode":true,"campfire_choices":[{"floor":6.0,"key":"RECALL"},{"data":"ReplayTheSpireMod:Calculation Training","floor":13.0,"key":"SMITH"},{"floor":15.0,"key":"REST"},{"floor":23,"key":"REST"},{"floor":25,"key":"REST"},{"floor":32,"key":"REST"}],"circlet_count":0,"master_deck":["Echo Form+1","Strike_B+1","Strike_B+1","Strike_B","Strike_B","Defend_B","Defend_B","Defend_B","Defend_B","Zap","Dualcast","Enlightenment","Rip and Tear","Conserve Battery","Auto Shields","Genetic Algorithm","ReplayTheSpireMod:Calculation Training","ReplayTheSpireMod:Calculation Training+1","Gash","Ball Lightning+1","Ball Lightning+1","Conserve Battery+1","Self Repair+1","Barrage","Chrysalis","Enlightenment+1","FTL+1","Echo Form","Ball Lightning","Stack","Melter","Echo Form","Loop","Ball Lightning","Streamline+1","Redo+1","ReplayTheSpireMod:Calculation Training+1","infinitespire:UltimateForm"],"relics":["Cracked Core","hubris:Icosahedron","Gremlin Food","Geode","hubris:BallOfYels","Prayer Wheel","Prayer Wheel","Tiny House","Matryoshka","The Courier","Mirror","Tiny Chest","DataDisk","Mummified Hand"],"acts_visited":["Exordium","TheCity"],"potions_floor_usage":[16,18,18,22,24,27,29],"damage_taken":[{"damage":3.0,"enemies":"2 Louse","floor":1.0,"turns":4.0},{"damage":9.0,"enemies":"Jaw Worm","floor":3.0,"turns":3.0},{"damage":0.0,"enemies":"Cultist","floor":7.0,"turns":4.0},{"damage":0.0,"enemies":"3 Louse","floor":8.0,"turns":2.0},{"damage":11.0,"enemies":"Lagavulin","floor":10.0,"turns":6.0},{"damage":14.0,"enemies":"Red Slaver","floor":12.0,"turns":2.0},{"damage":23.0,"enemies":"Exordium Wildlife","floor":14.0,"turns":3.0},{"damage":51,"enemies":"Fading Forest","floor":16,"turns":11},{"damage":7,"enemies":"2 Thieves","floor":18,"turns":4},{"damage":5,"enemies":"3 Byrds","floor":21,"turns":4},{"damage":20,"enemies":"Cultist and Chosen","floor":22,"turns":5},{"damage":38,"enemies":"Gremlin Leader","floor":24,"turns":7},{"damage":66,"enemies":"Book of Stabbing","floor":27,"turns":5},{"damage":18,"enemies":"Snake Plant","floor":29,"turns":5},{"damage":56,"enemies":"Collector","floor":33,"turns":3}],"seed_played":"2793278908603669533","potions_obtained":[{"floor":1.0,"key":"AttackPotion"},{"floor":7.0,"key":"Weak Potion"},{"floor":10.0,"key":"Venom Potion"},{"floor":14.0,"key":"Swift Potion"},{"floor":16,"key":"Explosive Potion"},{"floor":17,"key":"Ancient Potion"},{"floor":21,"key":"ColorlessPotion"},{"floor":22,"key":"PowerPotion"},{"floor":24,"key":"AttackPotion"},{"floor":27,"key":"SteroidPotion"}],"is_trial":false,"path_per_floor":["M","?","M","?","?","R","M","M","T","E","$","M","R","M","R","B",null,"M","$","?","M","M","R","E","R","T","E","$","M","AVR","?","R","B"],"character_chosen":"DEFECT","items_purchased":["hubris:BallOfYels","Swift Strike","Barrage","Chrysalis","DataDisk"],"campfire_rested":4,"item_purchase_floors":[11,11,19,19,28],"current_hp_per_floor":[65,70,61,61,61,61,61,61,61,50,50,66,66,43,67,24,71,64,64,64,66,60,85,61,85,85,39,39,31,31,31,56,0,0],"gold":20,"neow_bonus":"RANDOM_COLORLESS","is_daily":false,"chose_seed":false,"campfire_upgraded":1,"win_rate":0.0,"timestamp":1613785596,"path_taken":["M","?","M","?","?","R","M","M","T","E","$","?","R","M","R","BOSS","M","$","?","M","M","R","E","R","T","E","$","?","AVR","?","R","BOSS"],"items_purchased_type":["Relic","Card","Card","Card","Relic"],"build_version":"2020-12-22","purchased_purges":0,"victory":false,"max_hp_per_floor":[75,80,80,80,80,80,80,80,80,80,80,80,80,80,80,80,85,85,85,85,85,85,85,85,85,85,85,85,85,85,85,85,85,85],"relic_stats":{"counters":[15,68],"Mummified Hand":[1],"Prayer Wheel":4,"Tiny Chest":0,"obtain_stats":[{"Gremlin Food":9,"hubris:BallOfYels":11,"Tiny House":17,"The Courier":26,"Geode":10,"DataDisk":28,"hubris:Icosahedron":4,"Matryoshka":24,"Mummified Hand":30,"Prayer Wheel":16,"Tiny Chest":27,"Cracked Core":0,"Mirror":26},{"Gremlin Food":4,"hubris:BallOfYels":5,"Tiny House":8,"The Courier":12,"Geode":5,"DataDisk":13,"hubris:Icosahedron":2,"Matryoshka":12,"Mummified Hand":14,"Prayer Wheel":8,"Tiny Chest":13,"Cracked Core":0,"Mirror":12},{"Gremlin Food":13,"hubris:BallOfYels":19,"Tiny House":35,"The Courier":55,"Geode":19,"DataDisk":60,"hubris:Icosahedron":7,"Matryoshka":55,"Mummified Hand":65,"Prayer Wheel":33,"Tiny Chest":60,"Cracked Core":0,"Mirror":55}]},"card_choices":[{"not_picked":["Replay:BasicMightCard","Panacea"],"picked":"Enlightenment","floor":0.0},{"not_picked":["Rebound","Recycle"],"picked":"Rip and Tear","floor":1.0},{"not_picked":["Auto Shields","Barrage"],"picked":"Conserve Battery","floor":3.0},{"not_picked":["Blizzard","Redo"],"picked":"Auto Shields","floor":7.0},{"not_picked":["Coolheaded","Barrage"],"picked":"Genetic Algorithm","floor":8.0},{"not_picked":["Compile Driver","Gash"],"picked":"ReplayTheSpireMod:Calculation Training","floor":10.0},{"not_picked":["Gash","Barrage"],"picked":"ReplayTheSpireMod:Calculation Training","floor":12.0},{"not_picked":["Multi-Cast","Sweeping Beam"],"picked":"Gash","floor":14.0},{"not_picked":["Reprogram","Barrage"],"picked":"Ball Lightning","floor":17},{"not_picked":["Barrage","Go for the Eyes+1"],"picked":"Ball Lightning+1","floor":18},{"not_picked":["ReplayTheSpireMod:Reroute Power+1","Cold Snap"],"picked":"Conserve Battery","floor":18},{"not_picked":["Leap","Sweeping Beam"],"picked":"Self Repair","floor":18},{"not_picked":["Stack","Time Bomb"],"picked":"FTL+1","floor":21},{"not_picked":["Beam Cell","Compile Driver+1"],"picked":"Echo Form","floor":21},{"not_picked":["Genetic Algorithm","Beam Cell"],"picked":"Ball Lightning","floor":21},{"not_picked":["Leap","Steam"],"picked":"Stack","floor":22},{"not_picked":["Stack","BasicCrystalCard+1"],"picked":"Melter","floor":22},{"not_picked":["BasicCrystalCard","Panic Button+1"],"picked":"Echo Form","floor":22},{"not_picked":["Rip and Tear","Gash"],"picked":"Loop","floor":24},{"not_picked":["Stack","Conserve Battery"],"picked":"Ball Lightning","floor":27},{"not_picked":["Turbo","Compile Driver+1"],"picked":"Streamline+1","floor":29},{"not_picked":["Turbo","Leap"],"picked":"Redo+1","floor":29},{"not_picked":["Recycle","Barrage+1"],"picked":"ReplayTheSpireMod:Calculation Training+1","floor":29}],"player_experience":185020,"relics_obtained":[{"floor":9.0,"key":"Gremlin Food"},{"floor":10.0,"key":"Geode"},{"floor":24,"key":"Matryoshka"},{"floor":26,"key":"The Courier"},{"floor":26,"key":"Mirror"},{"floor":27,"key":"Tiny Chest"}],"event_choices":[{"damage_healed":0.0,"max_hp_gain":5.0,"max_hp_loss":0.0,"gold_gain":0.0,"event_name":"Big Fish","player_choice":"Donut","floor":2.0,"gold_loss":0.0,"damage_taken":0.0},{"damage_healed":0.0,"max_hp_gain":0.0,"max_hp_loss":0.0,"gold_gain":0.0,"event_name":"Upgrade Shrine","player_choice":"Upgraded","floor":5.0,"gold_loss":0.0,"damage_taken":0.0,"cards_upgraded":["Echo Form"]},{"damage_healed":0,"gold_gain":0,"cards_transformed":["Swift Strike"],"player_choice":"Transformed","damage_taken":0,"max_hp_gain":0,"max_hp_loss":0,"event_name":"Transmorgrifier","floor":20,"gold_loss":0,"cards_obtained":["Enlightenment"]},{"damage_healed":0,"gold_gain":0,"player_choice":"Forge","damage_taken":0,"max_hp_gain":0,"max_hp_loss":0,"event_name":"Accursed Blacksmith","floor":31,"gold_loss":0,"cards_upgraded":["Enlightenment"]}],"is_beta":false,"boss_relics":[{"not_picked":["Replay:Drink Me","Honey Jar"],"picked":"Tiny House"}],"items_purged_floors":[],"is_endless":false,"potions_floor_spawned":[1,7,10,14,16,21,22,24,27],"killed_by":"Collector","ascension_level":8}}