{"host":"tod","time":1613825344,"event":{"mods":["ATMod(∞¢Ë™Mod)","AchievementEnabler","Act Like it!","BaseMod","CapriCore","Energized Spire","Highlight Path","Lobotomy","Marisa£®ÏF”Í°°ƒß¿Ì…≥£©","Minty Spire (QoL Compilation)","Quick Restart","Reimu£®≤©¿ˆ¡È√Œ£©","Relic Filter Mod","Relic Stats","Remilia£®¿Ÿ√◊¿Ú—«£©","Replay The Spire","Shop Mod","StSLib","The Cursed","The Immortal","Yakumo Yukari mod","Youmu£®ªÍ∆«—˝√Œ£©"],"gold_per_floor":[18,35,35,52,70,70,86,111,111,111,121,46,46,46,46,46,46],"floor_reached":16,"language":"ZHS","playtime":776,"items_purged":["Defend_R"],"score":204,"play_id":"2d9ab6d2-3dfd-407a-84a0-ec3a32f7ec29","local_time":"20210220204904","is_ascension_mode":true,"campfire_choices":[{"data":"ReplayTheSpireMod:Necrogeddon","floor":6,"key":"SMITH"},{"data":"Pot Of Greed","floor":10,"key":"SMITH"},{"floor":13,"key":"REST"},{"data":"Pot Of Greed","floor":15,"key":"SMITH"}],"circlet_count":0,"master_deck":["AscendersBane","Strike_R","Strike_R","Strike_R","Strike_R","Defend_R","Defend_R","Defend_R","Bash","ReplayTheSpireMod:Necrogeddon+1","AT_DiedThrough","Second Wind","Battle Trance","Second Wind","Wild Strike","Pot Of Greed+1","Pot Of Greed+1","Wild Strike"],"relics":["Burning Blood","AT_ATBox","Grinning Jar"],"acts_visited":["Exordium"],"potions_floor_usage":[5,16,16],"damage_taken":[{"damage":21,"enemies":"Jaw Worm","floor":1,"turns":5},{"damage":6,"enemies":"Cultist","floor":2,"turns":3},{"damage":12,"enemies":"2 Louse","floor":4,"turns":3},{"damage":25,"enemies":"Looter","floor":5,"turns":4},{"damage":2,"enemies":"2 Fungi Beasts","floor":7,"turns":4},{"damage":24,"enemies":"Lagavulin","floor":8,"turns":5},{"damage":0,"enemies":"Exordium Wildlife","floor":11,"turns":2},{"damage":73,"enemies":"Fading Forest","floor":16,"turns":13}],"seed_played":"5701414521486257665","potions_obtained":[{"floor":2,"key":"BloodPotion"},{"floor":4,"key":"Energy Potion"},{"floor":5,"key":"Adrenaline Potion"},{"floor":7,"key":"ElixirPotion"}],"is_trial":false,"path_per_floor":["M","M","?","M","M","R","M","E","T","R","M","$","R","?","R","B"],"character_chosen":"IRONCLAD","items_purchased":[],"campfire_rested":1,"item_purchase_floors":[],"current_hp_per_floor":[53,53,53,47,43,43,47,29,29,29,35,35,57,57,57,18,18],"gold":46,"neow_bonus":"RANDOM_COLORLESS_2","is_daily":false,"chose_seed":false,"campfire_upgraded":3,"win_rate":0.0,"timestamp":1613825344,"path_taken":["M","M","?","?","M","R","M","E","T","R","M","$","R","?","R","BOSS"],"items_purchased_type":[],"build_version":"2020-12-18","purchased_purges":1,"victory":false,"max_hp_per_floor":[75,75,75,75,75,75,75,75,75,75,75,75,75,75,75,75,75],"relic_stats":{"counters":[8,39],"obtain_stats":[{"AT_ATBox":0,"Grinning Jar":8,"Burning Blood":0},{"AT_ATBox":0,"Grinning Jar":6,"Burning Blood":0},{"AT_ATBox":0,"Grinning Jar":24,"Burning Blood":0}],"Burning Blood":42},"card_choices":[{"not_picked":["Secret Technique","HandOfGreed"],"picked":"ReplayTheSpireMod:Necrogeddon","floor":0},{"not_picked":["Flex","Armaments"],"picked":"Second Wind","floor":1},{"not_picked":["Havoc","Rage"],"picked":"Battle Trance","floor":2},{"not_picked":["Body Slam","Havoc","Rupture"],"picked":"SKIP","floor":4},{"not_picked":["Body Slam","Havoc","Rupture"],"picked":"SKIP","floor":4},{"not_picked":["Battle Trance","True Grit"],"picked":"Second Wind","floor":5},{"not_picked":["Anger","Warcry"],"picked":"Wild Strike","floor":7},{"not_picked":["Hemokinesis","Feed"],"picked":"Wild Strike","floor":8},{"not_picked":["Iron Wave","AT_GerminateFire","Twin Strike"],"picked":"SKIP","floor":11}],"player_experience":414583,"relics_obtained":[{"floor":8,"key":"Grinning Jar"}],"event_choices":[{"cards_removed":["Strike_R"],"damage_healed":0,"gold_gain":0,"player_choice":"Offered Basic","damage_taken":0,"max_hp_gain":0,"max_hp_loss":0,"event_name":"Bonfire Elementals","floor":3,"gold_loss":0},{"damage_healed":0,"gold_gain":0,"player_choice":"0 cards matched","damage_taken":0,"max_hp_gain":0,"max_hp_loss":0,"event_name":"Match and Keep!","floor":14,"gold_loss":0,"cards_obtained":[]}],"is_beta":true,"boss_relics":[],"items_purged_floors":[12],"is_endless":false,"potions_floor_spawned":[2,4,5,7],"killed_by":"Fading Forest","ascension_level":20}}