{"host":"2j7k79oxv8es4yqd","time":1613814486,"event":{"mods":["BaseMod","Emptier Cage","Minty Spire (QoL Compilation)","Permanent Neow","Ryuuou¡˙Õı","StSLib"],"gold_per_floor":[110,110,110,130,130,158,158,178,202,213,225,241,266,280,280,280,280],"floor_reached":16,"language":"ZHT","playtime":680,"items_purged":[],"score":154,"play_id":"9b5a478c-78ad-4246-acbb-54c6651ac587","local_time":"20210220174806","is_ascension_mode":true,"campfire_choices":[{"data":"Footwork","floor":7,"key":"SMITH"},{"data":"Expertise","floor":15,"key":"SMITH"}],"circlet_count":0,"master_deck":["Strike_G","Strike_G","Strike_G","Strike_G","Defend_G+1","Defend_G","Defend_G+1","Defend_G+1","Defend_G","Survivor","Neutralize","Riddle With Holes","Blur+1","Footwork+1","Catalyst","Escape Plan","Expertise+1","Predator","After Image","Backflip"],"relics":["Sozu","War Paint","PreservedInsect","Toy Ornithopter"],"acts_visited":["Exordium"],"potions_floor_usage":[],"damage_taken":[{"damage":0,"enemies":"2 Louse","floor":1,"turns":3},{"damage":0,"enemies":"Cultist","floor":4,"turns":4},{"damage":16,"enemies":"3 Sentries","floor":6,"turns":12},{"damage":0,"enemies":"Small Slimes","floor":8,"turns":3},{"damage":0,"enemies":"Red Slaver","floor":10,"turns":5},{"damage":11,"enemies":"Looter","floor":11,"turns":4},{"damage":8,"enemies":"Exordium Thugs","floor":12,"turns":10},{"damage":13,"enemies":"Lagavulin","floor":13,"turns":9},{"damage":0,"enemies":"Gremlin Gang","floor":14,"turns":7},{"damage":11,"enemies":"Slime Boss","floor":16,"turns":6}],"seed_played":"6215537779642133308","potions_obtained":[],"is_trial":false,"path_per_floor":["M","?","?","M","?","E","R","M","T","M","M","M","E","M","R","B"],"character_chosen":"THE_SILENT","items_purchased":[],"campfire_rested":0,"item_purchase_floors":[],"current_hp_per_floor":[63,49,49,49,49,33,33,33,33,33,22,14,1,1,1,0,0],"gold":280,"neow_bonus":"BOSS_RELIC","is_daily":false,"chose_seed":false,"campfire_upgraded":2,"win_rate":0.0,"timestamp":1613814486,"path_taken":["M","?","?","?","?","E","R","M","T","M","?","M","E","M","R","BOSS"],"items_purchased_type":[],"build_version":"2020-12-22","purchased_purges":0,"victory":false,"max_hp_per_floor":[70,70,70,70,70,70,70,70,70,70,70,70,70,70,70,70,70],"card_choices":[{"not_picked":["Dagger Throw","Setup"],"picked":"Riddle With Holes","floor":1},{"not_picked":["Skewer","Slice"],"picked":"Blur","floor":4},{"not_picked":["Dodge and Roll","Sucker Punch"],"picked":"Footwork","floor":6},{"not_picked":["Endless Agony","Setup"],"picked":"Catalyst","floor":8},{"not_picked":["Prepared","Bouncing Flask"],"picked":"Escape Plan","floor":10},{"not_picked":["Crippling Poison","Dagger Spray"],"picked":"Expertise","floor":11},{"not_picked":["Backstab","Deadly Poison"],"picked":"Predator","floor":12},{"not_picked":["Deflect","Outmaneuver"],"picked":"After Image","floor":13},{"not_picked":["Acrobatics","Concentrate"],"picked":"Backflip","floor":14}],"player_experience":589695,"relics_obtained":[{"floor":6,"key":"War Paint"},{"floor":9,"key":"PreservedInsect"},{"floor":13,"key":"Toy Ornithopter"}],"event_choices":[{"damage_healed":0,"gold_gain":0,"player_choice":"Entered Light","damage_taken":14,"max_hp_gain":0,"max_hp_loss":0,"event_name":"Shining Light","floor":2,"gold_loss":0,"cards_upgraded":["Defend_G","Defend_G"]},{"cards_removed":["Strike_G"],"damage_healed":0,"gold_gain":0,"player_choice":"Offered Basic","damage_taken":0,"max_hp_gain":0,"max_hp_loss":0,"event_name":"Bonfire Elementals","floor":3,"gold_loss":0},{"damage_healed":0,"gold_gain":0,"player_choice":"Got Potions","damage_taken":0,"max_hp_gain":0,"max_hp_loss":0,"event_name":"Lab","floor":5,"gold_loss":0}],"is_beta":false,"boss_relics":[],"items_purged_floors":[],"is_endless":false,"potions_floor_spawned":[1,4,8,10,13],"killed_by":"Slime Boss","ascension_level":7}}