{"host":"guzbs4v8630hpsy6","time":1613805819,"event":{"mods":["2.2 Compatiblity","AchievementEnabler","BaseMod","Minty Spire (QoL Compilation)","Relic Stats","ojb\u0027s Info Mod"],"gold_per_floor":[20,38,138,149,164,193,42,42,42,55,55,84,84,102,102,206,206,217,317,328,338,355,387,387,417,417,448,548,548,548,575,575,575,575],"floor_reached":33,"language":"ENG","playtime":1616,"items_purged":[],"score":558,"play_id":"2025f73e-7f7e-47d0-b0e2-ab7c49787de8","local_time":"20210220152339","is_ascension_mode":true,"campfire_choices":[{"data":"Twin Strike","floor":8.0,"key":"SMITH"},{"data":"Disarm","floor":15.0,"key":"SMITH"},{"floor":24.0,"key":"REST"},{"floor":29.0,"key":"REST"},{"floor":32.0,"key":"RECALL"}],"circlet_count":0,"master_deck":["AscendersBane","Strike_R","Strike_R","Strike_R","Strike_R","Defend_R","Defend_R","Defend_R","Defend_R","Bash","Anger","Clothesline","Twin Strike+1","Cleave","Disarm+1","Whirlwind+1","Feed","Thunderclap","Havoc+1","Shrug It Off","Battle Trance+1","Armaments","Evolve","Power Through+1","Impervious"],"relics":["Burning Blood","Champion Belt","Art of War","ClockworkSouvenir","Pen Nib","Eternal Feather","Fusion Hammer","Tiny Chest","Bag of Marbles","Magic Flower","Boot","Turnip","Gremlin Horn","WingedGreaves"],"acts_visited":["Exordium","TheCity"],"potions_floor_usage":[33],"damage_taken":[{"damage":1.0,"enemies":"Cultist","floor":1.0,"turns":3.0},{"damage":9.0,"enemies":"Jaw Worm","floor":2.0,"turns":4.0},{"damage":0.0,"enemies":"Small Slimes","floor":4.0,"turns":3.0},{"damage":3.0,"enemies":"Looter","floor":5.0,"turns":3.0},{"damage":12.0,"enemies":"Gremlin Nob","floor":6.0,"turns":3.0},{"damage":9.0,"enemies":"Lots of Slimes","floor":10.0,"turns":3.0},{"damage":20.0,"enemies":"3 Sentries","floor":12.0,"turns":5.0},{"damage":1.0,"enemies":"Blue Slaver","floor":14.0,"turns":2.0},{"damage":43.0,"enemies":"The Guardian","floor":16.0,"turns":13.0},{"damage":21.0,"enemies":"Shell Parasite","floor":18.0,"turns":6.0},{"damage":6.0,"enemies":"Spheric Guardian","floor":20.0,"turns":3.0},{"damage":10.0,"enemies":"Snecko","floor":21.0,"turns":3.0},{"damage":9.0,"enemies":"Snake Plant","floor":22.0,"turns":5.0},{"damage":34.0,"enemies":"Slavers","floor":23.0,"turns":2.0},{"damage":30.0,"enemies":"Gremlin Leader","floor":25.0,"turns":7.0},{"damage":21.0,"enemies":"Slavers","floor":27.0,"turns":5.0},{"damage":6.0,"enemies":"Colosseum Slavers","floor":28.0,"turns":2.0},{"damage":17.0,"enemies":"Colosseum Nobs","floor":28.0,"turns":4.0},{"damage":0.0,"enemies":"Gremlin Leader","floor":31.0,"turns":7.0},{"damage":144,"enemies":"Champ","floor":33,"turns":18}],"seed_played":"3679762720281046401","potions_obtained":[{"floor":1.0,"key":"AttackPotion"},{"floor":4.0,"key":"AttackPotion"},{"floor":5.0,"key":"AttackPotion"},{"floor":6.0,"key":"Fire Potion"},{"floor":12.0,"key":"Regen Potion"},{"floor":20.0,"key":"Strength Potion"},{"floor":21.0,"key":"ElixirPotion"},{"floor":27.0,"key":"GamblersBrew"},{"floor":31.0,"key":"BloodPotion"}],"is_trial":false,"path_per_floor":["M","M","?","M","M","E","$","R","T","M","?","E","?","M","R","B",null,"M","?","M","M","M","E","R","E","T","E","?","R","?","E","R","B"],"character_chosen":"IRONCLAD","items_purchased":["ClockworkSouvenir"],"campfire_rested":2,"item_purchase_floors":[7],"current_hp_per_floor":[77,74,74,80,80,74,74,74,74,71,64,50,50,55,64,27,67,55,55,55,51,51,23,60,36,36,24,24,62,62,71,86,0,0],"gold":575,"neow_bonus":"ONE_RARE_RELIC","is_daily":false,"chose_seed":false,"campfire_upgraded":2,"win_rate":0.0,"timestamp":1613805819,"path_taken":["M","M","?","M","M","E","?","R","T","M","?","E","?","M","R","BOSS","M","?","?","M","M","E","R","E","T","E","?","R","?","E","R","BOSS"],"items_purchased_type":["Relic"],"build_version":"2020-12-22","purchased_purges":0,"victory":false,"max_hp_per_floor":[80,80,80,80,80,80,80,80,80,80,80,80,80,80,80,80,80,83,83,83,83,86,86,86,86,86,86,89,89,89,89,89,89,89],"relic_stats":{"Gremlin Horn":[5,5],"counters":[20,101],"Magic Flower":[23],"Eternal Feather":48,"Tiny Chest":0,"Pen Nib":[17],"Turnip":[6],"Art of War":[4],"Champion Belt":[51],"Boot":[17],"obtain_stats":[{"Gremlin Horn":28,"Magic Flower":26,"Eternal Feather":12,"Pen Nib":9,"Boot":27,"Burning Blood":0,"ClockworkSouvenir":7,"Tiny Chest":23,"Fusion Hammer":17,"Turnip":28,"WingedGreaves":31,"Art of War":6,"Bag of Marbles":25,"Champion Belt":0},{"Gremlin Horn":18,"Magic Flower":15,"Eternal Feather":7,"Pen Nib":5,"Boot":16,"Burning Blood":0,"ClockworkSouvenir":5,"Tiny Chest":14,"Fusion Hammer":9,"Turnip":18,"WingedGreaves":19,"Art of War":5,"Bag of Marbles":15,"Champion Belt":0},{"Gremlin Horn":76,"Magic Flower":65,"Eternal Feather":24,"Pen Nib":16,"Boot":70,"Burning Blood":0,"ClockworkSouvenir":16,"Tiny Chest":58,"Fusion Hammer":39,"Turnip":76,"WingedGreaves":83,"Art of War":16,"Bag of Marbles":65,"Champion Belt":0}],"Burning Blood":123},"card_choices":[{"not_picked":["Clothesline","Searing Blow"],"picked":"Anger","floor":1.0},{"not_picked":["Sever Soul","Fire Breathing","Cleave"],"picked":"SKIP","floor":2.0},{"not_picked":["Havoc","Barricade"],"picked":"Clothesline","floor":4.0},{"not_picked":["Cleave","Shrug It Off"],"picked":"Twin Strike","floor":5.0},{"not_picked":["Dual Wield","Flex"],"picked":"Cleave","floor":6.0},{"not_picked":["Clash","Armaments"],"picked":"Disarm","floor":10.0},{"not_picked":["Clash","Heavy Blade"],"picked":"Whirlwind","floor":12.0},{"not_picked":["Whirlwind","Clothesline","Headbutt"],"picked":"SKIP","floor":14.0},{"not_picked":["Immolate","Brutality"],"picked":"Feed","floor":16.0},{"not_picked":["True Grit","Havoc+1"],"picked":"Thunderclap","floor":18.0},{"not_picked":["Metallicize","Rampage","Whirlwind"],"picked":"SKIP","floor":20.0},{"not_picked":["Clash","Warcry"],"picked":"Havoc+1","floor":21.0},{"not_picked":["Warcry","Heavy Blade"],"picked":"Shrug It Off","floor":22.0},{"not_picked":["Sword Boomerang","True Grit+1"],"picked":"Battle Trance+1","floor":23.0},{"not_picked":["True Grit","Pommel Strike"],"picked":"Armaments","floor":25.0},{"not_picked":["Heavy Blade+1","Clothesline"],"picked":"Evolve","floor":27.0},{"not_picked":["Berserk","Sever Soul"],"picked":"Power Through+1","floor":28.0},{"not_picked":["Anger","Perfected Strike"],"picked":"Impervious","floor":31.0}],"player_experience":670111,"relics_obtained":[{"floor":6.0,"key":"Art of War"},{"floor":9.0,"key":"Pen Nib"},{"floor":12.0,"key":"Eternal Feather"},{"floor":23.0,"key":"Tiny Chest"},{"floor":25.0,"key":"Bag of Marbles"},{"floor":26.0,"key":"Magic Flower"},{"floor":27.0,"key":"Boot"},{"floor":28.0,"key":"Turnip"},{"floor":28.0,"key":"Gremlin Horn"},{"floor":31.0,"key":"WingedGreaves"}],"event_choices":[{"damage_healed":0.0,"max_hp_gain":0.0,"max_hp_loss":0.0,"gold_gain":100.0,"event_name":"Golden Shrine","player_choice":"Pray","floor":3.0,"gold_loss":0.0,"damage_taken":0.0},{"cards_removed":["Strike_R"],"damage_healed":0.0,"max_hp_gain":0.0,"max_hp_loss":0.0,"gold_gain":0.0,"event_name":"Golden Wing","player_choice":"Card Removal","floor":11.0,"gold_loss":0.0,"damage_taken":7.0},{"damage_healed":0.0,"max_hp_gain":0.0,"max_hp_loss":0.0,"gold_gain":0.0,"event_name":"Living Wall","player_choice":"Grow","floor":13.0,"gold_loss":0.0,"damage_taken":0.0,"cards_upgraded":["Whirlwind"]},{"damage_healed":0.0,"max_hp_gain":0.0,"max_hp_loss":0.0,"gold_gain":100.0,"event_name":"Golden Shrine","player_choice":"Pray","floor":19.0,"gold_loss":0.0,"damage_taken":0.0},{"damage_healed":0.0,"max_hp_gain":0.0,"max_hp_loss":0.0,"gold_gain":0.0,"event_name":"Colosseum","player_choice":"Fight","floor":28.0,"gold_loss":0.0,"damage_taken":0.0},{"damage_healed":0.0,"max_hp_gain":0.0,"max_hp_loss":0.0,"gold_gain":0.0,"event_name":"Colosseum","player_choice":"Fought Nobs","floor":28.0,"gold_loss":0.0,"damage_taken":0.0},{"damage_healed":0.0,"max_hp_gain":0.0,"max_hp_loss":0.0,"gold_gain":0.0,"event_name":"The Mausoleum","player_choice":"Ignored","floor":30.0,"gold_loss":0.0,"damage_taken":0.0}],"is_beta":false,"boss_relics":[{"not_picked":["Busted Crown","Runic Cube"],"picked":"Fusion Hammer"}],"items_purged_floors":[],"is_endless":false,"potions_floor_spawned":[1,4,5,6,12,20,21,27,31],"killed_by":"Champ","ascension_level":11}}