{"host":"9pdg8buogrkk8pz5","time":1613779766,"event":{"mods":["AchievementEnabler","Bard","BaseMod","Downfall","Hermit","JesterMod","Mad Scientist","Minty Spire (QoL Compilation)","StSLib","The Cursed","The Disciple","The Necromancer","The Poker Player","The Runesmith","The Servant 0.9.4"],"gold_per_floor":[116,116,133,233,233,264,1,1,1,19,19,94,112,0,0,100,150,170,189,104,64,64,64,92,92,92,92,103,103,130,144,144,144,144],"floor_reached":33,"language":"ENG","playtime":2351,"items_purged":[],"score":386,"play_id":"cd8b68a7-c053-44db-bf40-904b47fd9d7c","local_time":"20210219190926","is_ascension_mode":false,"campfire_choices":[{"floor":8,"key":"REST"},{"data":"TheCursedMod:ReleasedKnowledge","floor":11,"key":"SMITH"},{"floor":15,"key":"REST"},{"data":"TheCursedMod:CursedBlade","floor":23,"key":"SMITH"},{"floor":25,"key":"REST"},{"floor":32,"key":"REST"}],"circlet_count":0,"master_deck":["TheCursedMod:Strike_TheCursed","TheCursedMod:Strike_TheCursed","TheCursedMod:Strike_TheCursed","TheCursedMod:Strike_TheCursed+1","TheCursedMod:Defend_TheCursed","TheCursedMod:Defend_TheCursed","TheCursedMod:Defend_TheCursed","TheCursedMod:Defend_TheCursed","TheCursedMod:CursedWand","TheCursedMod:CleanUpWorkshop","TheCursedMod:Dregs","TheCursedMod:CircleOfFlame+1","TheCursedMod:Stigma","CurseOfTheBell","CurseOfTheBell","Decay","Doubt","TheCursedMod:CursedBlade+1","Dramatic Entrance","TheCursedMod:StingEye","TheCursedMod:ReleasedKnowledge+1","TheCursedMod:Hemoplague","TheCursedMod:SoulCrush","TheCursedMod:DarkBarrier","TheCursedMod:SpitefulStrike","TheCursedMod:SaltUponWound+1","TheCursedMod:CircleOfBlood","TheCursedMod:Hemoplague","TheCursedMod:Stigma","TheCursedMod:CircleOfCorruption+1","downfall:Bewildered","TheCursedMod:Hemoplague","TheCursedMod:SpreadPlague"],"relics":["TheCursedMod:BlackMagic101","downfall:ExtraCursedBell","Lantern","Runesmith:Nanobots","Calipers","Ornamental Fan","InkBottle","Membership Card","Meat on the Bone","Medical Kit","Tiny House","MealTicket","PreservedInsect","CaptainsWheel","sneckomod:BabySnecko","Tiny Chest"],"acts_visited":["Exordium","TheCity"],"potions_floor_usage":[24,31,33,33],"damage_taken":[{"damage":2,"enemies":"Small Slimes","floor":1,"turns":7},{"damage":11,"enemies":"Jaw Worm","floor":3,"turns":3},{"damage":26,"enemies":"Gremlin Nob","floor":6,"turns":4},{"damage":0,"enemies":"2 Louse","floor":10,"turns":2},{"damage":0,"enemies":"Exordium Thugs","floor":13,"turns":3},{"damage":68,"enemies":"Hexaghost","floor":16,"turns":9},{"damage":13,"enemies":"Chosen","floor":18,"turns":5},{"damage":13,"enemies":"2 Thieves","floor":19,"turns":3},{"damage":40,"enemies":"Book of Stabbing","floor":24,"turns":5},{"damage":22,"enemies":"3 Cultists","floor":28,"turns":4},{"damage":8,"enemies":"Sentry and Sphere","floor":31,"turns":3},{"damage":94,"enemies":"Collector","floor":33,"turns":9}],"seed_played":"-3127682075439448969","potions_obtained":[{"floor":1,"key":"DuplicationPotion"},{"floor":10,"key":"Energy Potion"},{"floor":16,"key":"CultistPotion"},{"floor":17,"key":"Guardian:BlockOnCardUsePotion"},{"floor":19,"key":"DistilledChaos"},{"floor":28,"key":"TheCursedMod:DregsPotion"}],"is_trial":false,"path_per_floor":["M","?","M","?","?","E","$","R","T","M","R","?","M","$","R","B",null,"M","M","?","$","?","R","E","R","T","?","M","?","T","M","R","B"],"character_chosen":"THE_CURSED","items_purchased":["Dramatic Entrance","Membership Card","TheCursedMod:StingEye","Medical Kit","TheCursedMod:SoulCrush","TheCursedMod:Hemoplague"],"campfire_rested":4,"item_purchase_floors":[7,7,7,14,14,21],"current_hp_per_floor":[80,80,69,74,71,45,45,71,71,71,71,60,60,60,86,30,92,79,66,66,81,81,81,47,74,74,74,58,58,58,52,79,0,0],"gold":144,"neow_bonus":"TEN_PERCENT_HP_BONUS","is_daily":false,"chose_seed":false,"campfire_upgraded":2,"win_rate":0.0,"timestamp":1613779766,"path_taken":["M","?","M","?","?","E","$","R","T","M","R","?","M","?","R","BOSS","M","M","?","$","?","R","E","R","T","?","M","?","?","M","R","BOSS"],"items_purchased_type":["Card","Relic","Card","Relic","Card","Card"],"build_version":"2020-12-22","purchased_purges":0,"victory":false,"max_hp_per_floor":[82,82,82,87,87,87,87,87,87,87,87,87,87,87,87,87,92,92,92,92,92,92,92,92,92,92,92,92,92,92,92,92,92,92],"card_choices":[{"not_picked":["TheCursedMod:ReleasedKnowledge","TheCursedMod:TacticalStrike"],"picked":"TheCursedMod:CircleOfFlame","floor":1},{"not_picked":["TheCursedMod:VitalStrike","TheCursedMod:BlessingInDisguise"],"picked":"TheCursedMod:Stigma","floor":3},{"not_picked":["TheCursedMod:TacticalStrike","TheCursedMod:RavingStaff"],"picked":"TheCursedMod:CursedBlade","floor":6},{"not_picked":["TheCursedMod:Stigma","TheCursedMod:Torture"],"picked":"TheCursedMod:ReleasedKnowledge","floor":10},{"not_picked":["TheCursedMod:CircleOfWindfury","TheCursedMod:Obscuration"],"picked":"TheCursedMod:Hemoplague","floor":13},{"not_picked":["TheCursedMod:Neurasthenia","TheCursedMod:CollectTribute"],"picked":"TheCursedMod:DarkBarrier","floor":16},{"not_picked":["TheCursedMod:SoulCrush","TheCursedMod:Stretching"],"picked":"TheCursedMod:SpitefulStrike","floor":17},{"not_picked":["TheCursedMod:CursedMace","TheCursedMod:Hemoplague"],"picked":"TheCursedMod:SaltUponWound+1","floor":18},{"not_picked":["TheCursedMod:TacticalStrike","TheCursedMod:SoulCrush"],"picked":"TheCursedMod:CircleOfBlood","floor":19},{"not_picked":["TheCursedMod:HellsGateOpen","TheCursedMod:RavingStaff+1"],"picked":"TheCursedMod:CircleOfCorruption+1","floor":24},{"not_picked":["TheCursedMod:SpitefulStrike+1","TheCursedMod:Evocation+1"],"picked":"TheCursedMod:Hemoplague","floor":28},{"not_picked":["TheCursedMod:CircleOfCorruption","TheCursedMod:Obscuration"],"picked":"TheCursedMod:SpreadPlague","floor":31}],"player_experience":69059,"relics_obtained":[{"floor":4,"key":"Lantern"},{"floor":4,"key":"Runesmith:Nanobots"},{"floor":4,"key":"Calipers"},{"floor":6,"key":"InkBottle"},{"floor":9,"key":"Meat on the Bone"},{"floor":24,"key":"PreservedInsect"},{"floor":26,"key":"CaptainsWheel"},{"floor":30,"key":"Tiny Chest"}],"event_choices":[{"damage_healed":0,"gold_gain":0,"player_choice":"Grow","damage_taken":0,"max_hp_gain":0,"max_hp_loss":0,"event_name":"Living Wall","floor":2,"gold_loss":0,"cards_upgraded":["TheCursedMod:CircleOfFlame"]},{"damage_healed":0,"gold_gain":0,"player_choice":"Success","damage_taken":3,"relics_obtained":["Ornamental Fan"],"max_hp_gain":0,"max_hp_loss":0,"event_name":"Scrap Ooze","floor":5,"gold_loss":0},{"damage_healed":0,"gold_gain":75,"player_choice":"Gather Gold","damage_taken":11,"max_hp_gain":0,"max_hp_loss":0,"event_name":"World of Goop","floor":12,"gold_loss":0},{"damage_healed":0,"gold_gain":0,"player_choice":"Obtained Relic","damage_taken":0,"relics_obtained":["MealTicket"],"max_hp_gain":0,"max_hp_loss":0,"event_name":"Addict","floor":20,"gold_loss":85},{"damage_healed":0,"gold_gain":0,"player_choice":"Read","damage_taken":0,"max_hp_gain":0,"max_hp_loss":0,"event_name":"The Library","floor":22,"gold_loss":0,"cards_obtained":["TheCursedMod:Stigma"]},{"damage_healed":0,"gold_gain":0,"player_choice":"Ignored","damage_taken":0,"max_hp_gain":0,"max_hp_loss":0,"event_name":"Beggar","floor":29,"gold_loss":0}],"is_beta":false,"boss_relics":[{"not_picked":["Sozu","Busted Crown"],"picked":"Tiny House"}],"items_purged_floors":[],"is_endless":false,"potions_floor_spawned":[1,10,16,19,28],"killed_by":"Collector","ascension_level":0}}