{"host":"u7lm8z2rvb4dg2oo","time":1613794679,"event":{"mods":["AchievementEnabler","BaseMod","Bestiary","Block Reminder","Colored Map","Colored Powertips","Curses Come First","DeckTracker","Googly Eyes","Highlight Path","Minty Spire (QoL Compilation)","Quick Restart","StSLib"],"gold_per_floor":[109,127,138,155,174,174,205,220,220,220,220,220],"floor_reached":11,"language":"ENG","playtime":756,"items_purged":[],"score":142,"play_id":"fda01ff6-5871-49af-9f0e-b65aa2ed7a13","local_time":"20210219231759","is_ascension_mode":true,"campfire_choices":[{"floor":6.0,"key":"REST"},{"floor":10.0,"key":"REST"}],"circlet_count":0,"master_deck":["AscendersBane","Strike_G","Strike_G","Strike_G","Strike_G","Strike_G","Defend_G","Defend_G","Defend_G","Defend_G","Defend_G","Survivor","Neutralize","Footwork","Poisoned Stab","Bouncing Flask","Crippling Poison","Bane","Flechettes","PiercingWail"],"relics":["Ring of the Snake","Pen Nib","Shovel","Gremlin Horn"],"acts_visited":["Exordium"],"potions_floor_usage":[],"damage_taken":[{"damage":1.0,"enemies":"2 Louse","floor":1.0,"turns":4.0},{"damage":0.0,"enemies":"Small Slimes","floor":2.0,"turns":5.0},{"damage":0.0,"enemies":"Cultist","floor":3.0,"turns":4.0},{"damage":24.0,"enemies":"Large Slime","floor":4.0,"turns":10.0},{"damage":12.0,"enemies":"Lots of Slimes","floor":5.0,"turns":4.0},{"damage":17.0,"enemies":"3 Sentries","floor":7.0,"turns":7.0},{"damage":18.0,"enemies":"3 Louse","floor":8.0,"turns":3.0},{"damage":34,"enemies":"Gremlin Nob","floor":11,"turns":5}],"seed_played":"3125016230081665509","potions_obtained":[{"floor":2.0,"key":"Swift Potion"},{"floor":5.0,"key":"DuplicationPotion"},{"floor":7.0,"key":"LiquidBronze"},{"floor":8.0,"key":"Fruit Juice"}],"is_trial":false,"path_per_floor":["M","M","M","M","M","R","E","M","T","R","E"],"character_chosen":"THE_SILENT","items_purchased":[],"campfire_rested":2,"item_purchase_floors":[],"current_hp_per_floor":[58,58,58,34,22,41,24,11,11,32,0,0],"gold":220,"neow_bonus":"RANDOM_COMMON_RELIC","is_daily":false,"chose_seed":false,"campfire_upgraded":0,"win_rate":0.0,"timestamp":1613794679,"path_taken":["M","M","M","M","M","R","E","M","T","R","E"],"items_purchased_type":[],"build_version":"2020-12-22","purchased_purges":0,"victory":false,"max_hp_per_floor":[66,66,66,66,66,66,66,71,71,71,71,71],"card_choices":[{"not_picked":["Poisoned Stab","Outmaneuver"],"picked":"Footwork","floor":1.0},{"not_picked":["Expertise","Outmaneuver"],"picked":"Poisoned Stab","floor":2.0},{"not_picked":["Setup","Caltrops"],"picked":"Bouncing Flask","floor":3.0},{"not_picked":["Poisoned Stab","Deadly Poison"],"picked":"Crippling Poison","floor":4.0},{"not_picked":["Predator","Choke"],"picked":"Bane","floor":5.0},{"not_picked":["Crippling Poison","Accuracy"],"picked":"Flechettes","floor":7.0},{"not_picked":["Outmaneuver","Quick Slash"],"picked":"PiercingWail","floor":8.0}],"player_experience":742564,"relics_obtained":[{"floor":7.0,"key":"Shovel"},{"floor":9.0,"key":"Gremlin Horn"}],"event_choices":[],"is_beta":false,"boss_relics":[],"items_purged_floors":[],"is_endless":false,"potions_floor_spawned":[2,5,7,8],"killed_by":"Gremlin Nob","ascension_level":17}}