{"host":"3jpcvpprzj9sjffh","time":1613812409,"event":{"mods":["AchievementEnabler","BaseMod","Colored Map","Minty Spire (QoL Compilation)","Rare Cards Sparkle","SuperFastMode","everything is the same but u backflip on backflip"],"gold_per_floor":[110,33,33,46,64,103,103,122,147,147,181,63,104,120,120,248,248,273,298,298,319,57,57,92,92,92,106,124,124,145,169,169,169,169],"floor_reached":33,"language":"KOR","playtime":1228,"items_purged":[],"score":289,"play_id":"17fa0974-9166-4028-923d-c141e5832bca","local_time":"20210220181329","is_ascension_mode":false,"campfire_choices":[{"floor":7,"key":"REST"},{"data":"Shockwave","floor":10,"key":"SMITH"},{"floor":15,"key":"REST"},{"floor":23,"key":"REST"},{"floor":25,"key":"REST"},{"floor":29,"key":"REST"},{"floor":32,"key":"REST"}],"circlet_count":0,"master_deck":["Strike_R","Strike_R","Strike_R","Strike_R","Strike_R","Defend_R","Defend_R","Defend_R","Defend_R","Bash","Perfected Strike","Inflame","Rampage","Fire Breathing","Heavy Blade","Uppercut","Shockwave+1","Flex","Evolve","Enlightenment+1","Feel No Pain","Flame Barrier","Offering","Shrug It Off","Power Through","Sword Boomerang+1","Body Slam","Armaments+1","Disarm+1","Pommel Strike+1","Immolate","Searing Blow+1","Twin Strike"],"relics":["Burning Blood","Regal Pillow","Golden Idol","Dream Catcher","Omamori","Ancient Tea Set","Mark of Pain","Toxic Egg 2","Question Card","Blood Vial"],"acts_visited":["Exordium","TheCity"],"potions_floor_usage":[14,14,16,33],"damage_taken":[{"damage":8,"enemies":"Small Slimes","floor":1,"turns":3},{"damage":6,"enemies":"Jaw Worm","floor":4,"turns":3},{"damage":0,"enemies":"Cultist","floor":5,"turns":2},{"damage":32,"enemies":"Gremlin Nob","floor":6,"turns":4},{"damage":8,"enemies":"Large Slime","floor":8,"turns":5},{"damage":13,"enemies":"Lagavulin","floor":11,"turns":4},{"damage":49,"enemies":"3 Sentries","floor":13,"turns":6},{"damage":12,"enemies":"3 Louse","floor":14,"turns":2},{"damage":38,"enemies":"The Guardian","floor":16,"turns":11},{"damage":31,"enemies":"Spheric Guardian","floor":18,"turns":4},{"damage":16,"enemies":"2 Thieves","floor":19,"turns":4},{"damage":32,"enemies":"Centurion and Healer","floor":21,"turns":6},{"damage":38,"enemies":"Book of Stabbing","floor":24,"turns":6},{"damage":15,"enemies":"Snake Plant","floor":27,"turns":3},{"damage":35,"enemies":"3 Cultists","floor":28,"turns":6},{"damage":8,"enemies":"Cultist and Chosen","floor":30,"turns":5},{"damage":16,"enemies":"Centurion and Healer","floor":31,"turns":6},{"damage":77,"enemies":"Collector","floor":33,"turns":6}],"seed_played":"4162987159425441964","potions_obtained":[{"floor":4,"key":"Fire Potion"},{"floor":11,"key":"Strength Potion"},{"floor":13,"key":"BloodPotion"},{"floor":16,"key":"Dexterity Potion"},{"floor":19,"key":"ElixirPotion"},{"floor":27,"key":"LiquidMemories"},{"floor":30,"key":"DuplicationPotion"}],"is_trial":false,"path_per_floor":["M","$","?","M","M","E","R","M","T","R","E","$","E","M","R","B",null,"M","M","?","M","$","R","E","R","T","M","M","R","M","M","R","B"],"character_chosen":"IRONCLAD","items_purchased":["Inflame","Evolve","Enlightenment","Toxic Egg 2"],"campfire_rested":6,"item_purchase_floors":[2,12,12,22],"current_hp_per_floor":[78,78,74,74,74,48,74,72,72,72,65,65,22,30,67,35,74,49,39,39,13,13,50,18,55,55,48,21,58,58,50,74,0,0],"gold":169,"neow_bonus":"RANDOM_COMMON_RELIC","is_daily":false,"chose_seed":false,"campfire_upgraded":1,"win_rate":0.0,"timestamp":1613812409,"path_taken":["M","$","?","M","M","E","R","M","T","R","E","$","E","M","R","BOSS","M","M","?","M","$","R","E","R","T","?","M","R","M","M","R","BOSS"],"items_purchased_type":["Card","Card","Card","Relic"],"build_version":"2020-12-22","purchased_purges":0,"victory":false,"max_hp_per_floor":[80,80,74,74,74,74,74,74,74,74,74,74,74,74,74,74,74,74,74,74,74,74,74,74,74,74,74,74,74,74,74,74,74,74],"card_choices":[{"not_picked":["Wild Strike","Twin Strike"],"picked":"Perfected Strike","floor":1},{"not_picked":["True Grit","Headbutt"],"picked":"Rampage","floor":4},{"not_picked":["Havoc","Iron Wave"],"picked":"Fire Breathing","floor":5},{"not_picked":["Juggernaut","Dropkick"],"picked":"Heavy Blade","floor":6},{"not_picked":["Headbutt","True Grit"],"picked":"Uppercut","floor":7},{"not_picked":["Twin Strike","Headbutt"],"picked":"Shockwave","floor":8},{"not_picked":["Bloodletting","Wild Strike"],"picked":"Flex","floor":11},{"not_picked":["Iron Wave","Sword Boomerang"],"picked":"Feel No Pain","floor":13},{"not_picked":["Flex","Inflame"],"picked":"Flame Barrier","floor":14},{"not_picked":["Bludgeon","Exhume"],"picked":"Offering","floor":16},{"not_picked":["Body Slam","Hemokinesis+1"],"picked":"Shrug It Off","floor":18},{"not_picked":["Sever Soul+1","Warcry+1"],"picked":"Power Through","floor":19},{"not_picked":["Anger+1","Headbutt"],"picked":"Sword Boomerang+1","floor":21},{"not_picked":["Pommel Strike+1","Twin Strike"],"picked":"Body Slam","floor":23},{"not_picked":["Cleave","Feed","Uppercut"],"picked":"SKIP","floor":24},{"not_picked":["Sword Boomerang+1","Heavy Blade+1","Thunderclap"],"picked":"Armaments+1","floor":25},{"not_picked":["Reckless Charge","Flex+1","Headbutt"],"picked":"Disarm+1","floor":27},{"not_picked":["Heavy Blade","Havoc+1","Sever Soul","Infernal Blade+1"],"picked":"SKIP","floor":28},{"not_picked":["Dual Wield+1","Warcry+1","Clothesline+1"],"picked":"Pommel Strike+1","floor":29},{"not_picked":["Heavy Blade","Sever Soul","Shrug It Off+1"],"picked":"Immolate","floor":30},{"not_picked":["Inflame","Anger","Twin Strike"],"picked":"Searing Blow+1","floor":31},{"not_picked":["Hemokinesis","Flex+1","Shrug It Off+1"],"picked":"Twin Strike","floor":32}],"player_experience":343085,"relics_obtained":[{"floor":6,"key":"Dream Catcher"},{"floor":11,"key":"Omamori"},{"floor":13,"key":"Ancient Tea Set"},{"floor":24,"key":"Question Card"},{"floor":26,"key":"Blood Vial"}],"event_choices":[{"damage_healed":0,"gold_gain":0,"player_choice":"Lose Max HP","damage_taken":0,"relics_obtained":["Golden Idol"],"max_hp_gain":0,"max_hp_loss":6,"event_name":"Golden Idol","floor":3,"gold_loss":0},{"damage_healed":0,"gold_gain":0,"player_choice":"Upgraded","damage_taken":0,"max_hp_gain":0,"max_hp_loss":0,"event_name":"Upgrade Shrine","floor":20,"gold_loss":0,"cards_upgraded":["Enlightenment"]}],"is_beta":false,"boss_relics":[{"not_picked":["Velvet Choker","Busted Crown"],"picked":"Mark of Pain"}],"items_purged_floors":[],"is_endless":false,"potions_floor_spawned":[4,11,13,16,19,27,30],"killed_by":"Collector","ascension_level":0}}