{"host":"l2lylj0omvglf5x0","time":1613820454,"event":{"mods":["2.2 Compatiblity","BaseMod","Bestiary","Block Reminder","Colored Map","Colored Powertips","Curses Come First","Highlight Path","Keyboard Shortcuts","Minty Spire (QoL Compilation)","Relic Sorter","Relic Stats","Slay the Relics Exporter","StSLib","SuperFastMode"],"gold_per_floor":[114,134,154,154,79,79,154,181,204,204,230,242,268,268,268,373,373,392,392,411,311,17,48,48,48,127,152,152,179,27,42,42,141,141,153,170,170,187,187,219,219,245,245,245,277,31,42,74,74,74],"floor_reached":51,"language":"ENG","playtime":1900,"items_purged":["Strike_R","Strike_R"],"score":1289,"play_id":"34bdd39f-f60b-49e3-a860-6ca52aa3892d","local_time":"20210220122734","is_ascension_mode":true,"campfire_choices":[{"data":"Sword Boomerang","floor":6,"key":"SMITH"},{"data":"Bash","floor":10,"key":"SMITH"},{"data":"Pummel","floor":15,"key":"SMITH"},{"data":"Rupture","floor":24,"key":"SMITH"},{"data":"Feed","floor":32,"key":"SMITH"},{"data":"Metallicize","floor":41,"key":"SMITH"},{"data":"Shockwave","floor":49,"key":"SMITH"}],"circlet_count":0,"master_deck":["AscendersBane","Defend_R","Defend_R","Defend_R","Defend_R","Bash+1","Spot Weakness","Sword Boomerang+1","Pummel+1","Iron Wave","Cleave","Shrug It Off","Reaper","Brutality+1","Thunderclap+1","Rupture+1","Feed+1","Dual Wield+1","Pummel","Impervious","Rupture+1","Metallicize+1","Writhe","True Grit+1","Disarm+1","Armaments+1","Doubt","Shockwave+1","Hemokinesis+1"],"relics":["Burning Blood","NeowsBlessing","Happy Flower","Vajra","White Beast Statue","Charon\u0027s Ashes","Cursed Key","Omamori","Akabeko","Pantograph","Blood Vial","Du-Vu Doll","Orichalcum","SlaversCollar","Incense Burner","Smiling Mask","Frozen Egg 2","Meat on the Bone","Mummified Hand","Pocketwatch"],"acts_visited":["Exordium","TheCity","TheBeyond"],"potions_floor_usage":[8,8,12,13,16,18,20,23,23,29,33,36,42,45,47,47,47,50,50],"damage_taken":[{"damage":0,"enemies":"Cultist","floor":1,"turns":1},{"damage":0,"enemies":"Small Slimes","floor":2,"turns":1},{"damage":0,"enemies":"2 Louse","floor":3,"turns":1},{"damage":5,"enemies":"3 Sentries","floor":8,"turns":3},{"damage":10,"enemies":"Gremlin Nob","floor":11,"turns":3},{"damage":0,"enemies":"2 Fungi Beasts","floor":12,"turns":1},{"damage":11,"enemies":"Lagavulin","floor":13,"turns":5},{"damage":32,"enemies":"The Guardian","floor":16,"turns":9},{"damage":12,"enemies":"Chosen","floor":18,"turns":3},{"damage":0,"enemies":"Spheric Guardian","floor":20,"turns":3},{"damage":15,"enemies":"Slavers","floor":23,"turns":3},{"damage":28,"enemies":"Gremlin Leader","floor":29,"turns":5},{"damage":14,"enemies":"Snake Plant","floor":31,"turns":3},{"damage":25,"enemies":"Automaton","floor":33,"turns":6},{"damage":17,"enemies":"3 Darklings","floor":35,"turns":3},{"damage":16,"enemies":"3 Shapes","floor":36,"turns":3},{"damage":66,"enemies":"Transient","floor":38,"turns":5},{"damage":34,"enemies":"Giant Head","floor":40,"turns":7},{"damage":33,"enemies":"Nemesis","floor":42,"turns":7},{"damage":9,"enemies":"Giant Head","floor":45,"turns":5},{"damage":23,"enemies":"Maw","floor":47,"turns":7},{"damage":39,"enemies":"Reptomancer","floor":48,"turns":3},{"damage":64,"enemies":"Awakened One","floor":50,"turns":12}],"seed_played":"-8300658046190910945","potions_obtained":[{"floor":1,"key":"DuplicationPotion"},{"floor":3,"key":"AttackPotion"},{"floor":8,"key":"BloodPotion"},{"floor":11,"key":"AttackPotion"},{"floor":12,"key":"BlessingOfTheForge"},{"floor":13,"key":"PowerPotion"},{"floor":16,"key":"SteroidPotion"},{"floor":18,"key":"Strength Potion"},{"floor":20,"key":"PowerPotion"},{"floor":23,"key":"SkillPotion"},{"floor":29,"key":"DistilledChaos"},{"floor":31,"key":"LiquidBronze"},{"floor":33,"key":"FearPotion"},{"floor":35,"key":"DistilledChaos"},{"floor":36,"key":"Ancient Potion"},{"floor":42,"key":"Swift Potion"},{"floor":45,"key":"EntropicBrew"},{"floor":47,"key":"FearPotion"},{"floor":48,"key":"Energy Potion"}],"is_trial":false,"path_per_floor":["M","M","M","?","$","R","?","E","T","R","E","M","E","?","R","B",null,"M","?","M","$","$","E","R","?","T","T","?","E","$","M","R","B",null,"M","M","?","M","?","E","R","E","T","?","E","$","M","E","R","B",null],"character_chosen":"IRONCLAD","items_purchased":["Rupture","Feed","Omamori","Orichalcum","Mummified Hand"],"campfire_rested":0,"item_purchase_floors":[22,22,22,30,46],"current_hp_per_floor":[78,80,80,73,73,73,62,63,63,63,59,65,60,60,60,50,73,80,80,80,80,80,74,74,74,74,74,74,70,70,67,67,93,93,86,95,101,68,68,69,69,48,48,48,82,82,99,72,72,75],"gold":74,"neow_bonus":"THREE_ENEMY_KILL","is_daily":false,"chose_seed":false,"campfire_upgraded":7,"win_rate":0.0,"timestamp":1613820454,"path_taken":["M","M","?","?","$","R","?","E","T","R","E","M","E","?","R","BOSS","M","?","?","?","$","E","R","?","T","?","?","E","$","M","R","BOSS","M","M","?","M","?","E","R","E","T","?","E","$","M","E","R","BOSS"],"items_purchased_type":["Card","Card","Relic","Relic","Relic"],"build_version":"2020-12-22","purchased_purges":2,"victory":true,"max_hp_per_floor":[80,80,80,80,80,80,80,80,80,80,80,80,80,80,80,80,80,80,80,80,80,80,83,83,83,83,83,83,86,86,89,89,93,93,97,101,101,101,101,101,101,105,105,105,109,109,113,117,117,117],"relic_stats":{"Happy Flower":[31],"counters":[23,99],"Charon\u0027s Ashes":[250],"Orichalcum":[90],"Cursed Key":3,"Smiling Mask":0,"Burning Blood":120,"Blood Vial":20,"Mummified Hand":[17],"Pantograph":45,"obtain_stats":[{"NeowsBlessing":0,"Happy Flower":8,"Vajra":9,"Charon\u0027s Ashes":13,"Omamori":22,"Incense Burner":40,"Orichalcum":30,"Frozen Egg 2":43,"Cursed Key":17,"Smiling Mask":42,"Burning Blood":0,"White Beast Statue":11,"Akabeko":23,"Blood Vial":27,"Du-Vu Doll":29,"SlaversCollar":34,"Mummified Hand":46,"Pantograph":26,"Meat on the Bone":45,"Pocketwatch":48},{"NeowsBlessing":0,"Happy Flower":4,"Vajra":4,"Charon\u0027s Ashes":7,"Omamori":10,"Incense Burner":18,"Orichalcum":12,"Frozen Egg 2":19,"Cursed Key":8,"Smiling Mask":19,"Burning Blood":0,"White Beast Statue":5,"Akabeko":11,"Blood Vial":11,"Du-Vu Doll":12,"SlaversCollar":14,"Mummified Hand":20,"Pantograph":11,"Meat on the Bone":20,"Pocketwatch":22},{"NeowsBlessing":0,"Happy Flower":6,"Vajra":6,"Charon\u0027s Ashes":15,"Omamori":30,"Incense Burner":65,"Orichalcum":38,"Frozen Egg 2":72,"Cursed Key":24,"Smiling Mask":72,"Burning Blood":0,"White Beast Statue":9,"Akabeko":33,"Blood Vial":33,"Du-Vu Doll":38,"SlaversCollar":47,"Mummified Hand":77,"Pantograph":33,"Meat on the Bone":77,"Pocketwatch":87}],"Meat on the Bone":0,"Pocketwatch":[6]},"card_choices":[{"not_picked":["Perfected Strike","Dropkick"],"picked":"Spot Weakness","floor":1},{"not_picked":["Iron Wave","Thunderclap"],"picked":"Sword Boomerang","floor":2},{"not_picked":["Anger","Shrug It Off"],"picked":"Pummel","floor":3},{"not_picked":["Flex","Sentinel"],"picked":"Iron Wave","floor":8},{"not_picked":["True Grit","Pummel"],"picked":"Cleave","floor":11},{"not_picked":["Anger","Sword Boomerang"],"picked":"Shrug It Off","floor":12},{"not_picked":["Havoc","Twin Strike"],"picked":"Reaper","floor":13},{"not_picked":["Bludgeon","Juggernaut"],"picked":"Brutality","floor":16},{"not_picked":["Twin Strike","Dark Embrace"],"picked":"Thunderclap+1","floor":18},{"not_picked":["True Grit","Sword Boomerang"],"picked":"Seeing Red","floor":20},{"not_picked":["Clothesline","Wild Strike+1"],"picked":"Dual Wield+1","floor":23},{"not_picked":["Cleave","Anger","Body Slam"],"picked":"SKIP","floor":29},{"not_picked":["Feel No Pain","Whirlwind"],"picked":"Pummel","floor":31},{"not_picked":["Brutality","Reaper"],"picked":"Impervious","floor":33},{"not_picked":["True Grit","Battle Trance+1"],"picked":"Rupture+1","floor":35},{"not_picked":["Burning Pact","Disarm+1"],"picked":"Metallicize","floor":36},{"not_picked":["Spot Weakness","Reckless Charge"],"picked":"True Grit+1","floor":38},{"not_picked":["Wild Strike","Body Slam+1"],"picked":"Disarm+1","floor":40},{"not_picked":["Combust+1","Demon Form"],"picked":"Armaments+1","floor":42},{"not_picked":["Headbutt+1","Twin Strike"],"picked":"Shockwave","floor":45},{"not_picked":["Body Slam","Armaments+1","Wild Strike"],"picked":"SKIP","floor":47},{"not_picked":["Thunderclap+1","Iron Wave+1"],"picked":"Hemokinesis+1","floor":48}],"player_experience":1001990,"relics_obtained":[{"floor":8,"key":"Happy Flower"},{"floor":9,"key":"Vajra"},{"floor":11,"key":"White Beast Statue"},{"floor":13,"key":"Charon\u0027s Ashes"},{"floor":23,"key":"Akabeko"},{"floor":26,"key":"Pantograph"},{"floor":27,"key":"Blood Vial"},{"floor":29,"key":"Du-Vu Doll"},{"floor":40,"key":"Incense Burner"},{"floor":42,"key":"Smiling Mask"},{"floor":43,"key":"Frozen Egg 2"},{"floor":45,"key":"Meat on the Bone"},{"floor":48,"key":"Pocketwatch"}],"event_choices":[{"cards_removed":["Strike_R"],"damage_healed":0,"gold_gain":0,"player_choice":"Card Removal","damage_taken":7,"max_hp_gain":0,"max_hp_loss":0,"event_name":"Golden Wing","floor":4,"gold_loss":0},{"damage_healed":0,"gold_gain":75,"player_choice":"Gather Gold","damage_taken":11,"max_hp_gain":0,"max_hp_loss":0,"event_name":"World of Goop","floor":7,"gold_loss":0},{"damage_healed":0,"gold_gain":0,"player_choice":"Ignored","damage_taken":0,"max_hp_gain":0,"max_hp_loss":0,"event_name":"Liars Game","floor":14,"gold_loss":0},{"cards_removed":["Strike_R"],"damage_healed":0,"gold_gain":0,"player_choice":"Offered Basic","damage_taken":0,"max_hp_gain":0,"max_hp_loss":0,"event_name":"Bonfire Elementals","floor":19,"gold_loss":0},{"cards_removed":["Strike_R"],"damage_healed":0,"gold_gain":0,"player_choice":"Elegance","damage_taken":0,"max_hp_gain":0,"max_hp_loss":0,"event_name":"Back to Basics","floor":25,"gold_loss":0},{"damage_healed":0,"gold_gain":0,"player_choice":"Forge","damage_taken":0,"max_hp_gain":0,"max_hp_loss":0,"event_name":"Accursed Blacksmith","floor":28,"gold_loss":0,"cards_upgraded":["Brutality"]},{"damage_healed":25,"gold_gain":0,"player_choice":"Writhe","damage_taken":0,"max_hp_gain":0,"max_hp_loss":0,"event_name":"Winding Halls","floor":37,"gold_loss":0,"cards_obtained":["Writhe"]},{"cards_removed":["Seeing Red"],"damage_healed":0,"gold_gain":0,"player_choice":"Removed Skill","damage_taken":0,"max_hp_gain":0,"max_hp_loss":0,"event_name":"Falling","floor":39,"gold_loss":0},{"damage_healed":0,"gold_gain":0,"player_choice":"Ignored","damage_taken":0,"max_hp_gain":0,"max_hp_loss":0,"event_name":"Tomb of Lord Red Mask","floor":44,"gold_loss":0}],"is_beta":false,"boss_relics":[{"not_picked":["Pandora\u0027s Box","Coffee Dripper"],"picked":"Cursed Key"},{"not_picked":["Tiny House","Black Blood"],"picked":"SlaversCollar"}],"items_purged_floors":[5,21],"is_endless":false,"potions_floor_spawned":[1,3,8,11,12,13,16,18,20,23,29,31,33,35,36,38,40,42,45,47,48],"ascension_level":11}}