{"host":"3kvzrqphghcx5kvo","time":1613793706,"event":{"mods":["AchievementEnabler","BaseMod","Colored Map","Colored Powertips","Downfall","GifTheSpireLib","Minty Spire (QoL Compilation)","Quick Restart","Rare Cards Sparkle","Relic Stats","StSLib","Unceasing Turn Reminder","everything is the same but u backflip on backflip"],"gold_per_floor":[113,113,133,58,58,58,71,71,149,161,176,210,210,228,228,305,305,316,336,355,367,367,367],"floor_reached":22,"language":"ENG","playtime":2330,"items_purged":[],"score":380,"play_id":"f4933a2b-3d93-4ac6-8a49-1d998b3fbc1c","local_time":"20210219200146","is_ascension_mode":true,"campfire_choices":[{"data":"Worship","floor":6.0,"key":"SMITH"},{"data":"ReachHeaven","floor":8.0,"key":"SMITH"},{"data":"Eruption","floor":13.0,"key":"SMITH"},{"data":"CrushJoints","floor":15.0,"key":"SMITH"}],"circlet_count":0,"master_deck":["AscendersBane","Strike_P","Strike_P","Defend_P","Defend_P","Defend_P","Eruption+1","Vigilance","Worship+1","ReachHeaven+1","Vault","CrushJoints+1","Vault","BattleHymn"],"relics":["Sozu","Kunai","Strawberry","Black Star"],"acts_visited":["Exordium","TheCity"],"potions_floor_usage":[],"damage_taken":[{"damage":0.0,"enemies":"Jaw Worm","floor":1.0,"turns":5.0},{"damage":1.0,"enemies":"Small Slimes","floor":3.0,"turns":4.0},{"damage":0.0,"enemies":"Cultist","floor":7.0,"turns":4.0},{"damage":3.0,"enemies":"Blue Slaver","floor":10.0,"turns":4.0},{"damage":0.0,"enemies":"Large Slime","floor":11.0,"turns":3.0},{"damage":25.0,"enemies":"3 Sentries","floor":12.0,"turns":7.0},{"damage":5.0,"enemies":"Gremlin Gang","floor":14.0,"turns":3.0},{"damage":20.0,"enemies":"Hexaghost","floor":16.0,"turns":9.0},{"damage":6.0,"enemies":"3 Byrds","floor":18.0,"turns":4.0},{"damage":31.0,"enemies":"2 Thieves","floor":19.0,"turns":5.0},{"damage":0,"enemies":"Snecko","floor":20,"turns":4},{"damage":10,"enemies":"3 Cultists","floor":21,"turns":6},{"damage":13,"enemies":"Centurion and Healer","floor":22,"turns":1}],"seed_played":"1978234362838685908","potions_obtained":[],"is_trial":false,"path_per_floor":["M","?","M","?","?","R","M","R","T","M","M","E","R","M","R","B",null,"M","M","M","M","M"],"character_chosen":"WATCHER","items_purchased":[],"campfire_rested":0,"item_purchase_floors":[],"current_hp_per_floor":[61,54,53,53,53,53,53,53,53,50,50,32,32,27,27,7,58,52,21,21,11,0,0],"gold":367,"neow_bonus":"BOSS_RELIC","is_daily":false,"chose_seed":false,"campfire_upgraded":4,"win_rate":0.0,"timestamp":1613793706,"path_taken":["M","?","M","?","?","R","M","R","T","M","M","E","R","M","R","BOSS","M","M","M","M","?"],"items_purchased_type":[],"build_version":"2020-12-22","purchased_purges":0,"victory":false,"max_hp_per_floor":[68,68,68,68,68,68,68,68,68,68,68,75,75,75,75,75,75,75,75,75,75,75,75],"relic_stats":{"Sozu":5,"counters":[13,59],"Black Star":0,"Kunai":[4],"obtain_stats":[{"Sozu":0,"Strawberry":12,"Black Star":17,"Kunai":9,"PureWater":0},{"Sozu":0,"Strawberry":6,"Black Star":8,"Kunai":3,"PureWater":0},{"Sozu":0,"Strawberry":27,"Black Star":39,"Kunai":13,"PureWater":0}]},"card_choices":[{"not_picked":["LikeWater","ThirdEye"],"picked":"Worship","floor":1.0},{"not_picked":["WaveOfTheHand","EmptyBody","SashWhip"],"picked":"SKIP","floor":3.0},{"not_picked":["EmptyFist","Protect"],"picked":"ReachHeaven","floor":7.0},{"not_picked":["Vengeance","FearNoEvil","Conclude"],"picked":"SKIP","floor":10.0},{"not_picked":["ClearTheMind","Sanctity","Consecrate"],"picked":"SKIP","floor":11.0},{"not_picked":["Prostrate","Halt"],"picked":"Vault","floor":12.0},{"not_picked":["ForeignInfluence","InnerPeace"],"picked":"CrushJoints","floor":14.0},{"not_picked":["Omniscience","DeusExMachina"],"picked":"Vault","floor":16.0},{"not_picked":["Conclude","CutThroughFate","Protect"],"picked":"SKIP","floor":18.0},{"not_picked":["FearNoEvil","ClearTheMind","Nirvana"],"picked":"SKIP","floor":19.0},{"not_picked":["SashWhip","Worship"],"picked":"BattleHymn","floor":20},{"not_picked":["PathToVictory+1","Crescendo+1","JustLucky"],"picked":"SKIP","floor":21}],"player_experience":1271936,"relics_obtained":[{"floor":9.0,"key":"Kunai"},{"floor":12.0,"key":"Strawberry"}],"event_choices":[{"cards_removed":["Defend_P"],"damage_healed":0.0,"max_hp_gain":0.0,"max_hp_loss":0.0,"gold_gain":0.0,"event_name":"Golden Wing","player_choice":"Card Removal","floor":2.0,"gold_loss":0.0,"damage_taken":7.0},{"cards_removed":["Strike_P"],"damage_healed":0.0,"max_hp_gain":0.0,"max_hp_loss":0.0,"gold_gain":0.0,"event_name":"The Cleric","player_choice":"Card Removal","floor":4.0,"gold_loss":75.0,"damage_taken":0.0},{"cards_removed":["Strike_P"],"damage_healed":0.0,"max_hp_gain":0.0,"max_hp_loss":0.0,"gold_gain":0.0,"event_name":"Bonfire Elementals","player_choice":"Offered Basic","floor":5.0,"gold_loss":0.0,"damage_taken":0.0}],"is_beta":false,"boss_relics":[{"not_picked":["Calling Bell","Snecko Eye"],"picked":"Black Star"}],"items_purged_floors":[],"is_endless":false,"potions_floor_spawned":[1,7,12,19,21],"killed_by":"Centurion and Healer","ascension_level":20}}