{"host":"dkr0dog13pegamnp","time":1613835236,"event":{"mods":["AchievementEnabler","BaseMod","Minty Spire (QoL Compilation)","Rare Cards Sparkle","StSLib","SuperFastMode","everything is the same but u backflip on backflip"],"gold_per_floor":[109,22,22,122,138,170,185,185,185,218,218,235,254,274,274,274,274],"floor_reached":16,"language":"KOR","playtime":420,"items_purged":[],"score":215,"play_id":"89bc7ea9-4a35-488e-91d1-64e8f8d9b9f5","local_time":"20210221003356","is_ascension_mode":true,"campfire_choices":[{"data":"Deadly Poison","floor":8,"key":"SMITH"},{"floor":15,"key":"REST"}],"circlet_count":0,"master_deck":["AscendersBane","Strike_G","Strike_G","Strike_G","Strike_G","Strike_G","Defend_G","Defend_G","Defend_G","Defend_G","Defend_G","Survivor","Neutralize","Deadly Poison+1","Adrenaline","Backflip","PiercingWail"],"relics":["Ring of the Snake","NeowsBlessing","Pantograph","Art of War","Question Card","HornCleat"],"acts_visited":["Exordium"],"potions_floor_usage":[10,11,16,16],"damage_taken":[{"damage":0,"enemies":"2 Louse","floor":1,"turns":1},{"damage":0,"enemies":"Cultist","floor":5,"turns":1},{"damage":0,"enemies":"Lagavulin","floor":6,"turns":1},{"damage":5,"enemies":"Small Slimes","floor":7,"turns":5},{"damage":52,"enemies":"3 Sentries","floor":10,"turns":13},{"damage":0,"enemies":"Gremlin Gang","floor":11,"turns":1},{"damage":8,"enemies":"Exordium Thugs","floor":12,"turns":5},{"damage":0,"enemies":"2 Fungi Beasts","floor":13,"turns":4},{"damage":0,"enemies":"Blue Slaver","floor":14,"turns":4},{"damage":62,"enemies":"Slime Boss","floor":16,"turns":12}],"seed_played":"-3537791462110298733","potions_obtained":[{"floor":6,"key":"Regen Potion"},{"floor":7,"key":"SmokeBomb"},{"floor":10,"key":"Ancient Potion"},{"floor":12,"key":"Dexterity Potion"}],"is_trial":false,"path_per_floor":["M","?","$","?","M","E","M","R","T","E","M","M","M","M","R","B"],"character_chosen":"THE_SILENT","items_purchased":[],"campfire_rested":1,"item_purchase_floors":[],"current_hp_per_floor":[63,63,63,63,63,63,58,58,58,21,21,13,13,13,34,0,0],"gold":274,"neow_bonus":"THREE_ENEMY_KILL","is_daily":false,"chose_seed":false,"campfire_upgraded":1,"win_rate":0.0,"timestamp":1613835236,"path_taken":["M","?","?","?","M","E","M","R","T","E","M","M","M","?","R","BOSS"],"items_purchased_type":[],"build_version":"2020-12-22","purchased_purges":0,"victory":false,"max_hp_per_floor":[70,70,70,70,70,70,70,70,70,70,70,70,70,70,70,70,70],"card_choices":[{"not_picked":["Dodge and Roll","Terror","Dagger Throw"],"picked":"SKIP","floor":1},{"not_picked":["Slice","All Out Attack","Choke"],"picked":"SKIP","floor":5},{"not_picked":["Underhanded Strike","Dagger Throw"],"picked":"Deadly Poison","floor":6},{"not_picked":["Slice","Cloak And Dagger","Leg Sweep"],"picked":"SKIP","floor":7},{"not_picked":["A Thousand Cuts","Outmaneuver","Sucker Punch"],"picked":"Adrenaline","floor":10},{"not_picked":["Leg Sweep","Dagger Spray","Cloak And Dagger"],"picked":"Backflip","floor":12},{"not_picked":["Predator","PiercingWail","Heel Hook","Cloak And Dagger"],"picked":"SKIP","floor":13},{"not_picked":["Endless Agony","Expertise","Slice"],"picked":"PiercingWail","floor":14}],"player_experience":75357,"relics_obtained":[{"floor":6,"key":"Art of War"},{"floor":9,"key":"Question Card"},{"floor":10,"key":"HornCleat"}],"event_choices":[{"damage_healed":0,"gold_gain":0,"player_choice":"Paid Gold","damage_taken":0,"relics_obtained":["Pantograph"],"max_hp_gain":0,"max_hp_loss":0,"event_name":"WeMeetAgain","floor":2,"gold_loss":87},{"damage_healed":0,"gold_gain":100,"player_choice":"Pray","damage_taken":0,"max_hp_gain":0,"max_hp_loss":0,"event_name":"Golden Shrine","floor":4,"gold_loss":0}],"is_beta":false,"boss_relics":[],"items_purged_floors":[],"is_endless":false,"potions_floor_spawned":[6,7,10,12],"killed_by":"Slime Boss","ascension_level":11}}