{"host":"Vegetablebread","time":1613860131,"event":{"mods":["BaseMod","Bestiary","Downfall","Minty Spire (QoL Compilation)","Relic Stats","StSLib"],"gold_per_floor":[99,114,125,144,155,185,236,266,288,300,331,443,469,29,45,140,140,140,151,163,23,33,52,52,63,63,48,48,48,66,81,98,200,200,200,42,42,42,42,53,53,66,80,115,129,129,129,129],"floor_reached":46,"language":"ENG","playtime":6615,"items_purged":["Guardian:Defend_Guardian","Pain"],"score":505,"play_id":"50059831-fe36-4cb2-ab7b-446096848ec6","local_time":"20210220142851","is_ascension_mode":false,"campfire_choices":[{"data":"Guardian:Strike_Guardian","floor":1,"key":"SMITH"},{"data":"Guardian:TimeCapacitor","floor":18,"key":"SMITH"},{"data":"Guardian:Planning","floor":26,"key":"SMITH"},{"data":"Guardian:PiercingHide","floor":29,"key":"SMITH"},{"data":"Guardian:ConstructionForm","floor":35,"key":"SMITH"}],"circlet_count":0,"master_deck":["Guardian:Strike_Guardian+1","Guardian:Defend_Guardian","Guardian:CurlUp","Guardian:TwinSlam","Guardian:Planning+1","Guardian:Recover","Guardian:TimeBomb","Guardian:TimeSifter+1","Guardian:ChargeCore","Guardian:ChargeCore","Guardian:DecasProtection","Guardian:Planning","Guardian:TimeCapacitor+1","Guardian:AncientConstruct+1","Guardian:StasisStrike+1","Guardian:Emergency+1","Guardian:PiercingHide+1","Guardian:BronzeOrb","Guardian:ConstructionForm+1","CurseOfTheBell","Guardian:Suspension","Guardian:FloatingOrbs+1","Guardian:ConstructionForm"],"relics":["Guardian:ModeShifter","Kunai","Juzu Bracelet","MawBank","downfall:ShatteredFragment","FossilizedHelix","Happy Flower","Astrolabe","Bottled Flame","Calling Bell","Bag of Preparation","Blue Candle","StoneCalendar","Frozen Eye","Molten Egg 2","Pantograph","Medical Kit"],"acts_visited":["Exordium","TheCity","TheBeyond"],"potions_floor_usage":[6,9,16,16,19,43,46],"damage_taken":[{"damage":5,"enemies":"Small Slimes","floor":2,"turns":4},{"damage":0,"enemies":"2 Louse","floor":3,"turns":3},{"damage":1,"enemies":"Jaw Worm","floor":4,"turns":3},{"damage":16,"enemies":"Lots of Slimes","floor":5,"turns":4},{"damage":0,"enemies":"Lagavulin","floor":6,"turns":7},{"damage":4,"enemies":"3 Louse","floor":9,"turns":3},{"damage":2,"enemies":"2 Fungi Beasts","floor":11,"turns":5},{"damage":6,"enemies":"downfall:Heads","floor":12,"turns":6},{"damage":10,"enemies":"downfall:LooterAlt","floor":13,"turns":3},{"damage":0,"enemies":"downfall:FleeingMerchant","floor":14,"turns":4},{"damage":0,"enemies":"Blue Slaver","floor":15,"turns":4},{"damage":13,"enemies":"IC_STATUS_ARCHETYPE","floor":16,"turns":12},{"damage":7,"enemies":"downfall:LooterAlt2","floor":19,"turns":5},{"damage":5,"enemies":"Chosen","floor":20,"turns":6},{"damage":6,"enemies":"downfall:FleeingMerchant","floor":21,"turns":4},{"damage":0,"enemies":"3 Cultists","floor":22,"turns":5},{"damage":6,"enemies":"Shelled Parasite and Fungi","floor":23,"turns":5},{"damage":3,"enemies":"Chosen and Byrds","floor":25,"turns":5},{"damage":4,"enemies":"downfall:FleeingMerchant","floor":27,"turns":4},{"damage":12,"enemies":"3 Cultists","floor":30,"turns":4},{"damage":8,"enemies":"Snecko","floor":31,"turns":4},{"damage":8,"enemies":"Centurion and Healer","floor":32,"turns":5},{"damage":7,"enemies":"WA_ARCHETYPE_CALM","floor":33,"turns":8},{"damage":15,"enemies":"downfall:FleeingMerchant","floor":36,"turns":4},{"damage":7,"enemies":"3 Shapes","floor":40,"turns":5},{"damage":25,"enemies":"Orb Walker","floor":42,"turns":4},{"damage":19,"enemies":"Jaw Worm Horde","floor":43,"turns":5},{"damage":0,"enemies":"downfall:FleeingMerchant","floor":44,"turns":1},{"damage":14,"enemies":"3 Darklings","floor":45,"turns":7},{"damage":21,"enemies":"2 Orb Walkers","floor":46,"turns":3}],"seed_played":"-1299087689023828420","potions_obtained":[{"floor":2,"key":"hexamod:SoulburnPotion"},{"floor":4,"key":"BlessingOfTheForge"},{"floor":6,"key":"AttackPotion"},{"floor":11,"key":"SpeedPotion"},{"floor":13,"key":"DuplicationPotion"},{"floor":15,"key":"champ:CounterPotion"},{"floor":16,"key":"Slimebound:ThreeZeroPotion"},{"floor":20,"key":"FearPotion"},{"floor":22,"key":"Slimebound:ThreeZeroPotion"},{"floor":25,"key":"Dexterity Potion"},{"floor":32,"key":"champ:CounterPotion"},{"floor":43,"key":"champ:CounterPotion"},{"floor":45,"key":"Guardian:BlockOnCardUsePotion"}],"is_trial":false,"path_per_floor":["R","M","M","M","M","E","T","?","M","?","M","?","M","$","M","B",null,"R","M","M","$","M","M","T","M","R","$","?","R","M","M","M","B",null,"R","$","?","?","T","M","T","M","M","$","M","?"],"character_chosen":"GUARDIAN","items_purchased":["FossilizedHelix","Happy Flower","Guardian:PiercingHide","Frozen Eye","Medical Kit","Guardian:BlockOnCardUsePotion"],"campfire_rested":0,"item_purchase_floors":[14,14,21,36,44,44],"current_hp_per_floor":[88,83,83,82,66,66,66,66,62,38,36,30,20,20,20,7,88,88,81,76,70,70,64,64,61,61,57,57,57,45,37,29,22,88,88,73,86,86,86,79,79,54,35,35,21,0,0,0],"gold":129,"neow_bonus":"TEN_PERCENT_HP_BONUS","is_daily":false,"chose_seed":false,"campfire_upgraded":5,"win_rate":0.0,"timestamp":1613860131,"path_taken":["R","M","M","M","M","E","T","?","M","?","M","?","M","?","M","BOSS","R","M","M","?","M","M","T","M","R","$","?","R","M","M","M","BOSS","R","$","?","?","?","M","T","M","M","$","M","?"],"items_purchased_type":["Relic","Relic","Card","Relic","Relic","Potion"],"build_version":"2020-12-18","purchased_purges":2,"victory":false,"max_hp_per_floor":[88,88,88,88,88,88,88,88,88,88,88,88,88,88,88,88,88,88,88,88,88,88,88,88,88,88,88,88,88,88,88,88,88,88,88,88,101,101,101,101,101,101,101,101,101,101,101,101],"relic_stats":{"Happy Flower":[33],"counters":[30,138],"Astrolabe":["Guardian:Gem_Lightblue","Guardian:AncientConstruct","Guardian:StasisStrike"],"Blue Candle":[3],"Pantograph":0,"StoneCalendar":[0],"Juzu Bracelet":0,"Bag of Preparation":[14],"Kunai":[63],"MawBank":72,"Medical Kit":[2],"obtain_stats":[{"downfall:ShatteredFragment":10,"Happy Flower":14,"Astrolabe":17,"Blue Candle":34,"Guardian:ModeShifter":0,"StoneCalendar":34,"Juzu Bracelet":7,"Bag of Preparation":34,"MawBank":8,"Medical Kit":44,"Calling Bell":34,"Frozen Eye":36,"Bottled Flame":24,"Pantograph":41,"Molten Egg 2":39,"Kunai":6,"FossilizedHelix":14},{"downfall:ShatteredFragment":6,"Happy Flower":10,"Astrolabe":12,"Blue Candle":23,"Guardian:ModeShifter":0,"StoneCalendar":23,"Juzu Bracelet":5,"Bag of Preparation":23,"MawBank":5,"Medical Kit":28,"Calling Bell":23,"Frozen Eye":24,"Bottled Flame":17,"Pantograph":25,"Molten Egg 2":24,"Kunai":5,"FossilizedHelix":10},{"downfall:ShatteredFragment":23,"Happy Flower":40,"Astrolabe":56,"Blue Candle":109,"Guardian:ModeShifter":0,"StoneCalendar":109,"Juzu Bracelet":20,"Bag of Preparation":109,"MawBank":20,"Medical Kit":128,"Calling Bell":109,"Frozen Eye":113,"Bottled Flame":79,"Pantograph":118,"Molten Egg 2":113,"Kunai":20,"FossilizedHelix":40}]},"card_choices":[{"not_picked":["Guardian:TemporalShield","Guardian:PiercingHide"],"picked":"Guardian:Planning","floor":2},{"not_picked":["Guardian:ShieldCharger","Guardian:TemporalShield"],"picked":"Guardian:Recover","floor":3},{"not_picked":["Guardian:PrismaticBarrier","Guardian:Gem_Green"],"picked":"Guardian:TimeBomb","floor":4},{"not_picked":["Guardian:Emergency","Guardian:TemporalShield"],"picked":"Guardian:TimeSifter","floor":5},{"not_picked":["Guardian:PolyBeam","Guardian:Gem_Crimson"],"picked":"Guardian:ChargeCore","floor":6},{"not_picked":["Guardian:Gem_Red","Guardian:CrystalBeam"],"picked":"Guardian:ChargeCore","floor":9},{"not_picked":["Guardian:PolyBeam","Guardian:Gem_Green"],"picked":"Guardian:DecasProtection","floor":11},{"not_picked":["Guardian:Gem_Lightblue","Guardian:VentSteam"],"picked":"Guardian:Gem_Cyan","floor":12},{"not_picked":["Guardian:HyperBeam_Guardian","Guardian:ShieldCharger"],"picked":"Guardian:Planning","floor":13},{"not_picked":["Guardian:HyperBeam_Guardian","Guardian:PrimingBeam","Guardian:PrismaticBeam"],"picked":"SKIP","floor":14},{"not_picked":["Guardian:MultiBeam","Guardian:WalkerClaw"],"picked":"Guardian:TimeCapacitor","floor":15},{"not_picked":["Guardian:ExploitGems","Guardian:HyperBeam_Guardian"],"picked":"Guardian:Gem_Synthetic","floor":16},{"not_picked":["Guardian:ChargeCore","Guardian:RollAttack"],"picked":"Guardian:Gem_Yellow","floor":19},{"not_picked":["Guardian:TemporalShield","Guardian:Gem_Lightblue","Guardian:PrimingBeam"],"picked":"SKIP","floor":20},{"not_picked":["Guardian:SpikerProtocol","Guardian:CrystalBeam"],"picked":"Guardian:Emergency+1","floor":21},{"not_picked":["Guardian:TemporalShield","Guardian:Gem_Lightblue"],"picked":"Guardian:Gem_Synthetic","floor":22},{"not_picked":["Guardian:VentSteam+1","Guardian:Recover","Guardian:FloatingOrbs"],"picked":"SKIP","floor":23},{"not_picked":["Guardian:TemporalStrike","Guardian:ShieldCharger","Guardian:DecasProtection"],"picked":"SKIP","floor":25},{"not_picked":["Guardian:SphericShield","Guardian:Gem_Lightblue","Guardian:ShieldCharger"],"picked":"SKIP","floor":27},{"not_picked":["Guardian:Gem_Red","Guardian:PrismaticBarrier","Guardian:VentSteam+1"],"picked":"SKIP","floor":30},{"not_picked":["Guardian:Gem_Cyan","Guardian:TemporalStrike","Guardian:Recover"],"picked":"SKIP","floor":31},{"not_picked":["Guardian:Reroute","Guardian:RefractedBeam+1"],"picked":"Guardian:BronzeOrb","floor":32},{"not_picked":["Guardian:Gem_Orange","Guardian:StasisStrike"],"picked":"Guardian:ConstructionForm","floor":33},{"not_picked":["Guardian:TemporalStrike","Guardian:Gem_Cyan","Guardian:TemporalShield"],"picked":"SKIP","floor":36},{"not_picked":["Guardian:TemporalStrike+1","Guardian:Gem_White","Guardian:TemporalShield"],"picked":"SKIP","floor":40},{"not_picked":["Guardian:DecasProtection+1","Guardian:BodySlam+1"],"picked":"Guardian:Suspension","floor":42},{"not_picked":["Guardian:GuardianWhirl+1","Guardian:VentSteam+1","Guardian:Suspension+1"],"picked":"SKIP","floor":43},{"not_picked":["Guardian:ShieldCharger","Guardian:Gem_Lightblue"],"picked":"Guardian:FloatingOrbs+1","floor":44},{"not_picked":["Guardian:ChargeCore+1","Guardian:DonusPower+1"],"picked":"Guardian:ConstructionForm","floor":45}],"player_experience":10598037,"relics_obtained":[{"floor":6,"key":"Kunai"},{"floor":7,"key":"Juzu Bracelet"},{"floor":24,"key":"Bottled Flame"},{"floor":34,"key":"Bag of Preparation"},{"floor":34,"key":"Blue Candle"},{"floor":34,"key":"StoneCalendar"},{"floor":39,"key":"Molten Egg 2"},{"floor":41,"key":"Pantograph"}],"event_choices":[{"damage_healed":0,"gold_gain":0,"player_choice":"Fight","damage_taken":0,"max_hp_gain":0,"max_hp_loss":0,"event_name":"Mysterious Sphere","floor":46,"gold_loss":0}],"is_beta":true,"boss_relics":[{"not_picked":["Coffee Dripper","bronze:MakeshiftBattery"],"picked":"Astrolabe"},{"not_picked":["Pandora\u0027s Box","Guardian:StasisSlotReductionRelic"],"picked":"Calling Bell"}],"items_purged_floors":[21,44],"is_endless":false,"potions_floor_spawned":[2,4,6,11,13,15,16,20,22,25,30,32,43,45],"killed_by":"2 Orb Walkers","ascension_level":0}}