{"host":"p20682arl12z5m5p","time":1613791978,"event":{"mods":["AchievementEnabler","BaseMod","Colored Map","Highlight Path","Minty Spire (QoL Compilation)","Permanent Neow","Relic Stats","StSLib"],"gold_per_floor":[113,129,146,158,5,34,34,34,58,58,58,68,88,113,113,113,113],"floor_reached":16,"language":"ENG","playtime":874,"items_purged":[],"score":179,"play_id":"8fe7419b-905e-4f71-924b-4db163007fe5","local_time":"20210219203258","is_ascension_mode":true,"campfire_choices":[{"floor":7.0,"key":"REST"},{"floor":11.0,"key":"REST"},{"floor":15,"key":"REST"}],"circlet_count":0,"master_deck":["AscendersBane","Strike_G","Strike_G","Strike_G+1","Strike_G","Strike_G","Defend_G","Defend_G","Defend_G","Defend_G","Defend_G","Survivor","Neutralize+1","Caltrops","PiercingWail","Sucker Punch","Deadly Poison","Riddle With Holes","Caltrops","Dodge and Roll"],"relics":["Ring of the Snake","CaptainsWheel","Toy Ornithopter","Tiny Chest","Centennial Puzzle","Potion Belt"],"acts_visited":["Exordium"],"potions_floor_usage":[14],"damage_taken":[{"damage":10.0,"enemies":"Cultist","floor":1.0,"turns":6.0},{"damage":1.0,"enemies":"2 Louse","floor":2.0,"turns":3.0},{"damage":3.0,"enemies":"Small Slimes","floor":3.0,"turns":5.0},{"damage":6.0,"enemies":"Exordium Wildlife","floor":4.0,"turns":5.0},{"damage":42.0,"enemies":"3 Sentries","floor":6.0,"turns":11.0},{"damage":4.0,"enemies":"Blue Slaver","floor":12.0,"turns":4.0},{"damage":6,"enemies":"Looter","floor":13,"turns":4},{"damage":14,"enemies":"Lagavulin","floor":14,"turns":8},{"damage":36,"enemies":"The Guardian","floor":16,"turns":8}],"seed_played":"5335618621287160196","potions_obtained":[{"floor":1.0,"key":"SkillPotion"},{"floor":3.0,"key":"FearPotion"},{"floor":12,"key":"Dexterity Potion"}],"is_trial":false,"path_per_floor":["M","M","M","M","$","E","R","?","T","?","R","M","M","E","R","B"],"character_chosen":"THE_SILENT","items_purchased":["Toy Ornithopter"],"campfire_rested":3,"item_purchase_floors":[5],"current_hp_per_floor":[53,52,49,43,43,6,27,13,13,13,34,30,24,15,36,0,0],"gold":113,"neow_bonus":"ONE_RARE_RELIC","is_daily":false,"chose_seed":false,"campfire_upgraded":0,"win_rate":0.0,"timestamp":1613791978,"path_taken":["M","M","?","M","$","E","R","?","T","?","R","M","?","E","R","BOSS"],"items_purchased_type":["Relic"],"build_version":"2020-12-22","purchased_purges":0,"victory":false,"max_hp_per_floor":[70,70,70,70,70,70,70,70,70,70,70,70,70,70,70,70,70],"relic_stats":{"Centennial Puzzle":[12],"counters":[9,54],"Tiny Chest":0,"obtain_stats":[{"Potion Belt":14,"CaptainsWheel":0,"Centennial Puzzle":9,"Tiny Chest":6,"Toy Ornithopter":5,"Ring of the Snake":0},{"Potion Belt":8,"CaptainsWheel":0,"Centennial Puzzle":5,"Tiny Chest":5,"Toy Ornithopter":4,"Ring of the Snake":0},{"Potion Belt":46,"CaptainsWheel":0,"Centennial Puzzle":30,"Tiny Chest":30,"Toy Ornithopter":19,"Ring of the Snake":0}],"Toy Ornithopter":10,"Ring of the Snake":[18]},"card_choices":[{"not_picked":["Footwork","Prepared"],"picked":"Caltrops","floor":1.0},{"not_picked":["Concentrate","Dodge and Roll"],"picked":"PiercingWail","floor":2.0},{"not_picked":["Dodge and Roll","Slice"],"picked":"Sucker Punch","floor":3.0},{"not_picked":["Cloak And Dagger","Blur","Backflip"],"picked":"SKIP","floor":4.0},{"not_picked":["Predator","Slice"],"picked":"Deadly Poison","floor":6.0},{"not_picked":["Predator","Cloak And Dagger"],"picked":"Riddle With Holes","floor":12},{"not_picked":["Footwork","Quick Slash"],"picked":"Caltrops","floor":13},{"not_picked":["Blade Dance","Poisoned Stab"],"picked":"Dodge and Roll","floor":14}],"player_experience":674692,"relics_obtained":[{"floor":6.0,"key":"Tiny Chest"},{"floor":9.0,"key":"Centennial Puzzle"},{"floor":14,"key":"Potion Belt"}],"event_choices":[{"damage_healed":0.0,"max_hp_gain":0.0,"max_hp_loss":0.0,"gold_gain":0.0,"event_name":"Shining Light","player_choice":"Entered Light","floor":8.0,"gold_loss":0.0,"damage_taken":14.0,"cards_upgraded":["Neutralize","Strike_G"]},{"cards_removed":["Shame"],"damage_healed":0.0,"max_hp_gain":0.0,"max_hp_loss":0.0,"gold_gain":0.0,"event_name":"Wheel of Change","player_choice":"Card Removal","floor":10.0,"gold_loss":0.0,"damage_taken":0.0}],"is_beta":false,"boss_relics":[],"items_purged_floors":[],"is_endless":false,"potions_floor_spawned":[1,3,4,12],"killed_by":"The Guardian","ascension_level":12}}