{"host":"kh6fvhxn285ncg0o","time":1613790992,"event":{"mods":["Act Like it!","BaseMod","Colored Map","Friendly Minions","Keyboard Shortcuts","Minty Spire (QoL Compilation)","Quick Restart","Relic Stats","StSLib","SuperFastMode","UnlockEverythingMod"],"gold_per_floor":[15,25,25,25,25,59,79,120,120,163,196,208,238,266,278,386,398,425,121,121,121,121],"floor_reached":21,"language":"KOR","playtime":435,"items_purged":["Strike_R"],"score":398,"play_id":"56e57d09-f64b-4d73-855d-b2de67b4b489","local_time":"20210220121632","is_ascension_mode":true,"campfire_choices":[{"data":"Uppercut","floor":12,"key":"SMITH"},{"data":"Seeing Red","floor":15,"key":"SMITH"}],"circlet_count":0,"master_deck":["AscendersBane","Strike_R","Strike_R","Strike_R","Strike_R","Defend_R","Defend_R","Defend_R","Defend_R","Bash","Bludgeon+1","Uppercut+1","Dark Embrace","Seeing Red+1","Immolate","Ghostly Armor","Burning Pact+1","Intimidate","Evolve"],"relics":["Burning Blood","Bloody Idol","Regal Pillow","Sundial","Akabeko","MawBank","Black Star","Orrery"],"acts_visited":["Exordium","TheCity"],"potions_floor_usage":[6,16,21,21],"damage_taken":[{"damage":10,"enemies":"Small Slimes","floor":1,"turns":4},{"damage":0,"enemies":"Jaw Worm","floor":2,"turns":5},{"damage":6,"enemies":"Gremlin Nob","floor":6,"turns":3},{"damage":6,"enemies":"2 Louse","floor":7,"turns":3},{"damage":20,"enemies":"Lagavulin","floor":8,"turns":4},{"damage":6,"enemies":"Gremlin Nob","floor":10,"turns":3},{"damage":0,"enemies":"Blue Slaver","floor":11,"turns":1},{"damage":6,"enemies":"3 Louse","floor":13,"turns":4},{"damage":20,"enemies":"Exordium Thugs","floor":14,"turns":7},{"damage":38,"enemies":"The Guardian","floor":16,"turns":8},{"damage":28,"enemies":"2 Thieves","floor":18,"turns":3},{"damage":54,"enemies":"3 Byrds","floor":21,"turns":5}],"seed_played":"-7807582651009272991","potions_obtained":[{"floor":1,"key":"FairyPotion"},{"floor":2,"key":"Swift Potion"},{"floor":8,"key":"Swift Potion"},{"floor":13,"key":"Fruit Juice"},{"floor":18,"key":"PowerPotion"}],"is_trial":false,"path_per_floor":["M","M","?","?","?","E","M","E","T","E","M","R","M","M","R","B",null,"M","$","?","M"],"character_chosen":"IRONCLAD","items_purchased":["Orrery","Evolve"],"campfire_rested":0,"item_purchase_floors":[19,19],"current_hp_per_floor":[64,70,68,73,73,73,73,59,59,59,65,65,65,51,51,19,60,38,38,38,0,0],"gold":121,"neow_bonus":"THREE_RARE_CARDS","is_daily":false,"chose_seed":false,"campfire_upgraded":2,"win_rate":0.0,"timestamp":1613790992,"path_taken":["M","M","?","?","?","E","?","E","T","E","M","R","M","M","R","BOSS","M","$","?","M"],"items_purchased_type":["Relic","Card"],"build_version":"2020-12-22","purchased_purges":1,"victory":false,"max_hp_per_floor":[75,75,68,73,73,73,73,73,73,73,73,73,73,73,73,73,73,73,73,73,78,78],"relic_stats":{"Regal Pillow":0,"counters":[12,50],"Sundial":[6],"Bloody Idol":0,"Black Star":0,"MawBank":108,"obtain_stats":[{"Regal Pillow":6,"Golden Idol":3,"Sundial":8,"Bloody Idol":20,"Orrery":19,"Black Star":17,"MawBank":10,"Burning Blood":0,"Akabeko":9},{"Regal Pillow":3,"Golden Idol":2,"Sundial":5,"Bloody Idol":11,"Orrery":11,"Black Star":10,"MawBank":6,"Burning Blood":0,"Akabeko":5},{"Regal Pillow":12,"Golden Idol":9,"Sundial":19,"Bloody Idol":45,"Orrery":45,"Black Star":42,"MawBank":22,"Burning Blood":0,"Akabeko":19}],"Burning Blood":66},"card_choices":[{"not_picked":["Impervious","Corruption"],"picked":"Bludgeon","floor":0},{"not_picked":["Warcry","Clothesline"],"picked":"Uppercut","floor":2},{"not_picked":["Flex","Body Slam"],"picked":"Dark Embrace","floor":8},{"not_picked":["Cleave","Warcry","Anger"],"picked":"SKIP","floor":10},{"not_picked":["Headbutt","Twin Strike"],"picked":"Seeing Red","floor":11},{"not_picked":["Wild Strike","Heavy Blade","Bludgeon"],"picked":"SKIP","floor":14},{"not_picked":["Juggernaut","Corruption"],"picked":"Immolate","floor":16},{"not_picked":["Clash","Sentinel"],"picked":"Ghostly Armor","floor":18},{"not_picked":["Cleave","Perfected Strike+1"],"picked":"Burning Pact+1","floor":19},{"not_picked":["Armaments","Bloodletting"],"picked":"Intimidate","floor":19}],"player_experience":1478387,"relics_obtained":[{"floor":6,"key":"Regal Pillow"},{"floor":8,"key":"Sundial"},{"floor":9,"key":"Akabeko"},{"floor":10,"key":"MawBank"}],"event_choices":[{"damage_healed":0,"gold_gain":0,"player_choice":"Lose Max HP","damage_taken":0,"relics_obtained":["Golden Idol"],"max_hp_gain":0,"max_hp_loss":7,"event_name":"Golden Idol","floor":3,"gold_loss":0},{"damage_healed":0,"gold_gain":0,"player_choice":"Donut","damage_taken":0,"max_hp_gain":5,"max_hp_loss":0,"event_name":"Big Fish","floor":4,"gold_loss":0},{"damage_healed":0,"gold_gain":0,"player_choice":"Grow","damage_taken":0,"max_hp_gain":0,"max_hp_loss":0,"event_name":"Living Wall","floor":5,"gold_loss":0,"cards_upgraded":["Bludgeon"]},{"damage_healed":0,"gold_gain":0,"player_choice":"Gave Idol","damage_taken":0,"relics_obtained":["Bloody Idol"],"max_hp_gain":0,"max_hp_loss":0,"event_name":"Forgotten Altar","floor":20,"relics_lost":["Golden Idol"],"gold_loss":0}],"is_beta":false,"boss_relics":[{"not_picked":["Calling Bell","SacredBark"],"picked":"Black Star"}],"items_purged_floors":[19],"is_endless":false,"potions_floor_spawned":[1,2,8,13,18],"killed_by":"3 Byrds","ascension_level":20}}