{"host":"ijtyqc57s6c9mbij","time":1613800799,"event":{"mods":["BaseMod","Colored Map","Downfall","Minty Spire (QoL Compilation)","StSLib"],"gold_per_floor":[99,109,559,6,6,6,33,18,18,18,28,28,45,61,71,71,71,71],"floor_reached":16,"language":"ENG","playtime":1081,"items_purged":["downfall:Icky"],"score":104,"play_id":"3fb4cbe7-22cf-4ef7-8b97-1217d9524b43","local_time":"20210219215959","is_ascension_mode":true,"campfire_choices":[{"data":"champ:SetATrap","floor":1,"key":"SMITH"},{"data":"champ:BerserkerStyle","floor":6,"key":"SMITH"}],"circlet_count":0,"master_deck":["champ:Execute","champ:Taunt","champ:SetATrap+1","champ:Encircle","champ:DeathBlow","champ:RageSigil","champ:EnchantCrown","champ:SteelEdge","champ:StrikeOfGenius","champ:IronFortress","champ:StanceDance","downfall:Icky","downfall:Icky","champ:CrownThrow","champ:BerserkerStyle+1","champ:ShieldSlam","The Bomb","champ:RecklessLeap","champ:GutPunch","champ:DefensiveShout","champ:PreemptiveStrike","champ:ShieldWall","champ:Circumvent"],"relics":["Pandora\u0027s Box","MealTicket","Centennial Puzzle","SsserpentHead"],"acts_visited":["Exordium"],"potions_floor_usage":[16],"damage_taken":[{"damage":27,"enemies":"Small Slimes","floor":2,"turns":3},{"damage":10,"enemies":"downfall:FleeingMerchant","floor":4,"turns":4},{"damage":19,"enemies":"downfall:FleeingMerchant","floor":8,"turns":4},{"damage":3,"enemies":"Jaw Worm","floor":11,"turns":4},{"damage":0,"enemies":"Cultist","floor":12,"turns":1},{"damage":26,"enemies":"3 Louse","floor":13,"turns":3},{"damage":49,"enemies":"Large Slime","floor":14,"turns":4},{"damage":40,"enemies":"Red Slaver","floor":15,"turns":3},{"damage":40,"enemies":"DF_ARCHETYPE_STREAMLINE","floor":16,"turns":4}],"seed_played":"6635097174361355644","potions_obtained":[{"floor":2,"key":"Dexterity Potion"},{"floor":13,"key":"DistilledChaos"}],"is_trial":false,"path_per_floor":["R","M","?","$","?","R","T","$","?","?","M","M","M","M","M","B"],"character_chosen":"THE_CHAMP","items_purchased":["champ:BerserkerStyle","champ:ShieldSlam","MealTicket","The Bomb"],"campfire_rested":0,"item_purchase_floors":[4,4,4,4],"current_hp_per_floor":[90,78,78,78,78,78,78,88,63,63,60,60,58,58,35,0,0,0],"gold":71,"neow_bonus":"BOSS_RELIC","is_daily":false,"chose_seed":false,"campfire_upgraded":2,"win_rate":0.0,"timestamp":1613800799,"path_taken":["R","M","?","$","?","R","T","?","?","?","M","M","M","M","M","BOSS"],"items_purchased_type":["Card","Card","Relic","Card"],"build_version":"2020-12-22","purchased_purges":1,"victory":false,"max_hp_per_floor":[90,90,90,90,90,90,90,90,90,90,90,90,90,90,90,90,90,90],"card_choices":[{"not_picked":["champ:Haymaker","champ:SkillfulDodge"],"picked":"champ:StanceDance","floor":2},{"not_picked":["champ:DancingMaster","champ:SetATrap"],"picked":"champ:CrownThrow","floor":4},{"not_picked":["champ:ShieldSigil","champ:SteelEdge"],"picked":"champ:RecklessLeap","floor":8},{"not_picked":["champ:Parry","champ:ShieldSigil"],"picked":"champ:GutPunch","floor":11},{"not_picked":["champ:RapidStrikes","champ:EnragedBash"],"picked":"champ:DefensiveShout","floor":12},{"not_picked":["champ:CrownThrow","champ:ShieldSigil"],"picked":"champ:PreemptiveStrike","floor":13},{"not_picked":["champ:FancyFootwork","champ:EnragedBash"],"picked":"champ:ShieldWall","floor":14},{"not_picked":["champ:PreciseThrust","champ:FlashCut"],"picked":"champ:Circumvent","floor":15}],"player_experience":1007026,"relics_obtained":[],"event_choices":[{"damage_healed":0,"gold_gain":0,"player_choice":"Success","damage_taken":25,"relics_obtained":["Centennial Puzzle"],"max_hp_gain":0,"max_hp_loss":0,"event_name":"Scrap Ooze","floor":9,"gold_loss":0},{"damage_healed":0,"gold_gain":0,"player_choice":"Trade","damage_taken":0,"relics_obtained":["SsserpentHead"],"max_hp_gain":0,"max_hp_loss":0,"event_name":"FaceTrader","floor":10,"gold_loss":0}],"is_beta":false,"boss_relics":[],"items_purged_floors":[4],"is_endless":false,"potions_floor_spawned":[2,13],"killed_by":"DF_ARCHETYPE_STREAMLINE","ascension_level":3}}