{"host":"ssbj2e5691x5ub3h","time":1613859831,"event":{"mods":["BaseMod","Downfall","Minty Spire (QoL Compilation)","Quick Restart","StSLib","SuperFastMode"],"gold_per_floor":[99,111,129,147,147,322,322,333,346,370,384,403,416,416,431,534,534,534,534,534,550,562,572,572,587,47,47,66,91,91,91,108,209,209,209,222,171,171,501,501,528,543,571,571,587,599,616,616,630,630],"floor_reached":51,"language":"ENG","playtime":4796,"items_purged":["Guardian:Defend_Guardian"],"score":772,"play_id":"394bc323-3a22-4d30-a567-8a84ce34484c","local_time":"20210220202351","is_ascension_mode":false,"campfire_choices":[{"data":"Guardian:TwinSlam","floor":1,"key":"SMITH"},{"data":"Guardian:StasisStrike","floor":18,"key":"SMITH"},{"data":"Guardian:SpikerProtocol","floor":27,"key":"SMITH"},{"data":"Guardian:BodySlam","floor":30,"key":"SMITH"},{"data":"Guardian:BaubleBeam","floor":35,"key":"SMITH"},{"data":"Guardian:PiercingHide","floor":40,"key":"SMITH"},{"data":"Guardian:RevengeProtocol","floor":44,"key":"SMITH"}],"circlet_count":0,"master_deck":["Guardian:Defend_Guardian","Guardian:Defend_Guardian","Guardian:Defend_Guardian+1","Guardian:CurlUp+1","Guardian:TwinSlam+1","Guardian:Reroute+1","Guardian:Planning","Guardian:Suspension+1","Guardian:PiercingHide","Guardian:StasisStrike+1","Guardian:TemporalStrike+1","Guardian:TemporalStrike+1","Guardian:PiercingHide+1","Guardian:VentSteam","Guardian:SpikerProtocol+1","Guardian:BodySlam+1","Slimebound:Tackle+1","Slimebound:Tackle+1","Slimebound:Tackle+1","Guardian:BodySlam+1","Guardian:BaubleBeam+1","Guardian:StasisStrike+1","Guardian:PiercingHide+1","Guardian:ShieldSpikes+1","Guardian:RevengeProtocol+1","Guardian:Harden+1","Guardian:Gem_Red"],"relics":["Guardian:ModeShifterPlus","Happy Flower","War Paint","Bag of Marbles","Calipers","Anchor","Question Card","bronze:MakeshiftBattery","Whetstone","Juzu Bracelet"],"acts_visited":["Exordium","TheCity","TheBeyond"],"potions_floor_usage":[16,16,25,29,33,50],"damage_taken":[{"damage":6,"enemies":"Jaw Worm","floor":2,"turns":4},{"damage":1,"enemies":"2 Louse","floor":3,"turns":3},{"damage":1,"enemies":"Cultist","floor":4,"turns":3},{"damage":11,"enemies":"3 Louse","floor":8,"turns":5},{"damage":7,"enemies":"Blue Slaver","floor":9,"turns":3},{"damage":3,"enemies":"Red Slaver","floor":11,"turns":5},{"damage":6,"enemies":"downfall:LooterAlt","floor":12,"turns":6},{"damage":1,"enemies":"3 Louse","floor":13,"turns":4},{"damage":18,"enemies":"Exordium Thugs","floor":15,"turns":8},{"damage":23,"enemies":"SI_SHIV_ARCHETYPE","floor":16,"turns":17},{"damage":0,"enemies":"Chosen","floor":19,"turns":1},{"damage":0,"enemies":"Shell Parasite","floor":21,"turns":5},{"damage":4,"enemies":"Centurion and Healer","floor":22,"turns":7},{"damage":0,"enemies":"Shelled Parasite and Fungi","floor":23,"turns":5},{"damage":0,"enemies":"Snecko","floor":25,"turns":6},{"damage":0,"enemies":"downfall:FleeingMerchant","floor":26,"turns":4},{"damage":0,"enemies":"3 Cultists","floor":28,"turns":4},{"damage":0,"enemies":"Book of Stabbing","floor":29,"turns":4},{"damage":0,"enemies":"Snake Plant","floor":32,"turns":2},{"damage":0,"enemies":"IC_MUSHROOM_ARCHETYPE","floor":33,"turns":5},{"damage":0,"enemies":"3 Darklings","floor":36,"turns":3},{"damage":0,"enemies":"downfall:FleeingMerchant","floor":37,"turns":4},{"damage":0,"enemies":"downfall:FleeingMerchant","floor":39,"turns":2},{"damage":0,"enemies":"Orb Walker","floor":42,"turns":1},{"damage":0,"enemies":"Nemesis","floor":43,"turns":5},{"damage":0,"enemies":"Jaw Worm Horde","floor":45,"turns":3},{"damage":7,"enemies":"Writhing Mass","floor":46,"turns":3},{"damage":0,"enemies":"Spire Growth","floor":47,"turns":3},{"damage":0,"enemies":"Sphere and 2 Shapes","floor":49,"turns":3},{"damage":71,"enemies":"WA_ARCHETYPE_DIVINITY","floor":50,"turns":11}],"seed_played":"7015648583013913188","potions_obtained":[{"floor":2,"key":"Slimebound:ThreeZeroPotion"},{"floor":8,"key":"Weak Potion"},{"floor":15,"key":"Guardian:DefensiveModePotion"},{"floor":16,"key":"Ancient Potion"},{"floor":23,"key":"BlessingOfTheForge"},{"floor":28,"key":"ColorlessPotion"},{"floor":33,"key":"PowerPotion"},{"floor":42,"key":"Strength Potion"},{"floor":45,"key":"LiquidBronze"}],"is_trial":false,"path_per_floor":["R","M","M","M","?","?","T","M","M","T","M","M","M","?","M","B",null,"R","M","?","M","M","M","T","M","$","R","M","E","R","?","M","B",null,"R","M","$","?","$","R","T","M","E","R","M","M","M","?","M","B",null],"character_chosen":"GUARDIAN","items_purchased":["Calipers","Anchor","Guardian:Gem_Fragmented"],"campfire_rested":0,"item_purchase_floors":[26,26,37],"current_hp_per_floor":[88,82,81,80,80,80,80,69,62,62,59,53,52,52,34,11,88,88,88,80,80,76,76,76,76,76,76,76,76,76,76,76,76,88,88,88,88,88,88,88,88,88,88,88,88,81,81,81,81,10],"gold":630,"neow_bonus":"TEN_PERCENT_HP_BONUS","is_daily":false,"chose_seed":false,"campfire_upgraded":7,"win_rate":0.0,"timestamp":1613859831,"path_taken":["R","M","M","M","?","?","T","M","M","?","M","?","M","?","M","BOSS","R","M","?","M","?","M","T","M","$","R","M","E","R","?","M","BOSS","R","M","$","?","?","R","T","M","E","R","M","M","M","?","M","BOSS"],"items_purchased_type":["Relic","Relic","Card"],"build_version":"2020-12-22","purchased_purges":1,"victory":true,"max_hp_per_floor":[88,88,88,88,88,88,88,88,88,88,88,88,88,88,88,88,88,88,88,88,88,88,88,88,88,88,88,88,88,88,88,88,88,88,88,88,88,88,88,88,88,88,88,88,88,88,88,88,88,88],"card_choices":[{"not_picked":["Guardian:SpikerProtocol","Guardian:RollAttack"],"picked":"Guardian:Gem_Purple","floor":2},{"not_picked":["Guardian:Gem_Green","Guardian:Planning"],"picked":"Guardian:Gem_Lightblue","floor":3},{"not_picked":["Guardian:CrystalBeam","Guardian:TimeBomb"],"picked":"Guardian:Reroute","floor":4},{"not_picked":["Guardian:GuardianWhirl","Guardian:WalkerClaw"],"picked":"Guardian:Gem_Lightblue","floor":8},{"not_picked":["Guardian:BodySlam","Guardian:Gem_Lightblue"],"picked":"Guardian:Gem_Cyan","floor":9},{"not_picked":["Guardian:Reroute","Guardian:Recover"],"picked":"Guardian:Planning","floor":11},{"not_picked":["Guardian:Clone","Guardian:RollAttack"],"picked":"Guardian:Suspension","floor":12},{"not_picked":["Guardian:SpikerProtocol","Guardian:Gem_Cyan"],"picked":"Guardian:PiercingHide","floor":13},{"not_picked":["Guardian:Suspension","Guardian:Gem_Lightblue"],"picked":"Guardian:Gem_Fragmented","floor":15},{"not_picked":["Guardian:StasisField","Guardian:ExploitGems"],"picked":"Guardian:StasisStrike","floor":16},{"not_picked":["Guardian:Gem_Purple","Guardian:VentSteam"],"picked":"Guardian:Gem_Red","floor":19},{"not_picked":["Guardian:WalkerClaw","Guardian:VentSteam"],"picked":"Guardian:TemporalStrike","floor":21},{"not_picked":["Guardian:Recover","Guardian:CrystalBeam"],"picked":"Guardian:TemporalStrike+1","floor":22},{"not_picked":["Guardian:Suspension","Guardian:PrimingBeam+1"],"picked":"Guardian:PiercingHide","floor":23},{"not_picked":["Guardian:BronzeOrb","Guardian:SentryBeam"],"picked":"Guardian:VentSteam","floor":25},{"not_picked":["Guardian:PrimingBeam","Guardian:RefractedBeam+1"],"picked":"Guardian:SpikerProtocol","floor":26},{"not_picked":["Guardian:CrystalBeam","Guardian:TimeBomb+1"],"picked":"Guardian:Gem_Green","floor":28},{"not_picked":["Guardian:MultiBeam","Guardian:RollAttack"],"picked":"Guardian:BodySlam","floor":29},{"not_picked":["Guardian:Reroute","Guardian:Gem_Lightblue","Guardian:GuardianWhirl+1"],"picked":"Guardian:BodySlam+1","floor":32},{"not_picked":["Guardian:TimeSifter","Guardian:StasisField","Guardian:ExploitGems"],"picked":"Guardian:BaubleBeam","floor":33},{"not_picked":["Guardian:ChargeCore+1","Guardian:ShieldCharger+1","Guardian:Suspension+1"],"picked":"Guardian:Gem_Purple","floor":36},{"not_picked":["Guardian:Harden","Guardian:MultiBeam+1","Guardian:Gem_Fragmented"],"picked":"Guardian:Gem_Blue","floor":37},{"not_picked":["Guardian:VentSteam","Guardian:Reroute","Guardian:Gem_Fragmented"],"picked":"Guardian:PiercingHide+1","floor":39},{"not_picked":["Guardian:Preprogram","Guardian:DecasProtection+1","Guardian:Emergency"],"picked":"Guardian:ShieldSpikes+1","floor":42},{"not_picked":["Guardian:TimeBomb+1","Guardian:Gem_Purple","Guardian:Clone+1"],"picked":"Guardian:RevengeProtocol","floor":43},{"not_picked":["Guardian:TimeBomb","Guardian:Planning+1","Guardian:Reroute+1","Guardian:Harden"],"picked":"SKIP","floor":45},{"not_picked":["Guardian:ShieldCharger+1","Guardian:VentSteam+1","Guardian:GuardianWhirl+1"],"picked":"Guardian:Harden+1","floor":46},{"not_picked":["Guardian:Preprogram+1","Guardian:ChargeCore+1","Guardian:Gem_Red"],"picked":"Guardian:Gem_Blue","floor":47},{"not_picked":["Guardian:ShieldSpikes+1","Guardian:FastForward","Guardian:Incinerate+1"],"picked":"Guardian:Gem_Red","floor":49}],"player_experience":143228,"relics_obtained":[{"floor":7,"key":"Happy Flower"},{"floor":10,"key":"War Paint"},{"floor":24,"key":"Bag of Marbles"},{"floor":29,"key":"Question Card"},{"floor":41,"key":"Whetstone"},{"floor":43,"key":"Juzu Bracelet"}],"event_choices":[],"is_beta":false,"boss_relics":[{"not_picked":["Busted Crown","Philosopher\u0027s Stone"],"picked":"Guardian:ModeShifterPlus"},{"not_picked":["Fusion Hammer","Sozu"],"picked":"bronze:MakeshiftBattery"}],"items_purged_floors":[26],"is_endless":false,"potions_floor_spawned":[2,8,15,16,23,28,33,42,45,46,47],"ascension_level":0}}