{"host":"cd7awanv0x2msn9z","time":1613842928,"event":{"mods":["BaseMod","Downfall","Minty Spire (QoL Compilation)","Replay The Spire","StSLib","SuperFastMode"],"gold_per_floor":[118,118,118,118,139,139,157,157,157],"floor_reached":8,"language":"ZHS","playtime":155,"items_purged":[],"score":48,"play_id":"86eaeff0-6a2d-4b41-b469-ffda3bf77be5","local_time":"20210221014208","is_ascension_mode":true,"campfire_choices":[{"data":"Bullet Time","floor":6,"key":"SMITH"}],"circlet_count":0,"master_deck":["Strike_G","Strike_G","Strike_G","Strike_G","Strike_G","Defend_G","Defend_G+1","Defend_G","Defend_G","Defend_G","Survivor","Neutralize","Clumsy","Bullet Time+1","Poisoned Stab+1","Pain"],"relics":["Ring of the Snake","Golden Idol","WarpedTongs"],"acts_visited":["Exordium"],"potions_floor_usage":[8,8],"damage_taken":[{"damage":2,"enemies":"Small Slimes","floor":1,"turns":4},{"damage":11,"enemies":"Jaw Worm","floor":5,"turns":3},{"damage":4,"enemies":"2 Louse","floor":7,"turns":2},{"damage":22,"enemies":"3 Sentries","floor":8,"turns":4}],"seed_played":"673425175724827080","potions_obtained":[{"floor":1,"key":"Languid Potion"},{"floor":7,"key":"champ:CounterPotion"}],"is_trial":false,"path_per_floor":["M","?","?","?","M","R","M","E"],"character_chosen":"THE_SILENT","items_purchased":[],"campfire_rested":0,"item_purchase_floors":[],"current_hp_per_floor":[68,54,37,37,26,26,22,0,0],"gold":157,"neow_bonus":"THREE_RARE_CARDS","is_daily":false,"chose_seed":false,"campfire_upgraded":1,"win_rate":0.0,"timestamp":1613842928,"path_taken":["M","?","?","?","?","R","M","E"],"items_purchased_type":[],"build_version":"2020-12-22","purchased_purges":0,"victory":false,"max_hp_per_floor":[70,70,70,70,70,70,70,70,70],"card_choices":[{"not_picked":["Replay:Bag of Tricks","Wraith Form v2"],"picked":"Bullet Time","floor":0},{"not_picked":["Sucker Punch","Deadly Poison"],"picked":"Poisoned Stab","floor":1},{"not_picked":["Dagger Spray","Blur","Flying Knee"],"picked":"SKIP","floor":5},{"not_picked":["ReplayTheSpireMod:Tripwire","Eviscerate","Flying Knee"],"picked":"SKIP","floor":7}],"player_experience":90388,"relics_obtained":[],"event_choices":[{"damage_healed":0,"gold_gain":0,"player_choice":"Entered Light","damage_taken":14,"max_hp_gain":0,"max_hp_loss":0,"event_name":"Shining Light","floor":2,"gold_loss":0,"cards_upgraded":["Poisoned Stab","Defend_G"]},{"damage_healed":0,"gold_gain":0,"player_choice":"Take Damage","damage_taken":17,"relics_obtained":["Golden Idol"],"max_hp_gain":0,"max_hp_loss":0,"event_name":"Golden Idol","floor":3,"gold_loss":0},{"damage_healed":0,"gold_gain":0,"player_choice":"Rummage","damage_taken":0,"relics_obtained":["WarpedTongs"],"max_hp_gain":0,"max_hp_loss":0,"event_name":"Accursed Blacksmith","floor":4,"gold_loss":0,"cards_obtained":["Pain"]}],"is_beta":false,"boss_relics":[],"items_purged_floors":[],"is_endless":false,"potions_floor_spawned":[1,7],"killed_by":"3 Sentries","ascension_level":1}}