{"host":"en4narc5947t7k9n","time":1613814249,"event":{"mods":["AchievementEnabler","BaseMod","Colored Map","Minty Spire (QoL Compilation)","SuperFastMode"],"gold_per_floor":[216,226,226,237,251,251,270,270,270,270,282,357,307,341,341,441,441,454,81,6,17,17,17,37,37,108,108,121,140,62,62,62,62,62],"floor_reached":33,"language":"KOR","playtime":1886,"items_purged":["Strike_R"],"score":247,"play_id":"3ad0f189-1089-4976-acb4-95b1eeea28f2","local_time":"20210220184409","is_ascension_mode":false,"campfire_choices":[{"floor":6,"key":"RECALL"},{"data":"Flame Barrier","floor":8,"key":"SMITH"},{"data":"Seeing Red","floor":15,"key":"SMITH"},{"data":"Feed","floor":23,"key":"SMITH"},{"data":"Reaper","floor":25,"key":"SMITH"},{"data":"Infernal Blade","floor":32,"key":"SMITH"}],"circlet_count":0,"master_deck":["Strike_R+1","Defend_R+1","Defend_R+1","Defend_R+1","Bash+1","Flame Barrier+1","Shrug It Off","Battle Trance","Disarm","Warcry","Seeing Red+1","Burning Pact","Reaper+1","Havoc+1","Feed+1","Fire Breathing","Cleave","Shrug It Off+1","Berserk","Infernal Blade+1","Blood for Blood","Reaper"],"relics":["Burning Blood","Vajra","Coffee Dripper","Oddly Smooth Stone","Mummified Hand"],"acts_visited":["Exordium","TheCity"],"potions_floor_usage":[14,16,16,21,28],"damage_taken":[{"damage":2.0,"enemies":"Small Slimes","floor":1.0,"turns":4.0},{"damage":0.0,"enemies":"Jaw Worm","floor":2.0,"turns":7.0},{"damage":0.0,"enemies":"2 Louse","floor":4.0,"turns":3.0},{"damage":3,"enemies":"Exordium Wildlife","floor":5,"turns":6},{"damage":7,"enemies":"3 Louse","floor":7,"turns":6},{"damage":1,"enemies":"Large Slime","floor":11,"turns":8},{"damage":20,"enemies":"3 Sentries","floor":14,"turns":7},{"damage":35,"enemies":"Hexaghost","floor":16,"turns":16},{"damage":0,"enemies":"3 Byrds","floor":18,"turns":3},{"damage":0,"enemies":"Chosen","floor":21,"turns":6},{"damage":29,"enemies":"Sentry and Sphere","floor":24,"turns":10},{"damage":15,"enemies":"Centurion and Healer","floor":28,"turns":8},{"damage":25,"enemies":"Cultist and Chosen","floor":29,"turns":5},{"damage":75,"enemies":"Champ","floor":33,"turns":12}],"seed_played":"2695811754966598531","potions_obtained":[{"floor":1.0,"key":"EssenceOfSteel"},{"floor":2.0,"key":"Swift Potion"},{"floor":5,"key":"PowerPotion"},{"floor":16,"key":"Swift Potion"},{"floor":24,"key":"DistilledChaos"}],"is_trial":false,"path_per_floor":["M","M","?","M","M","R","M","R","T","?","M","?","?","E","R","B",null,"M","$","?","M","$","R","M","R","T","?","M","M","$","?","R","B"],"character_chosen":"IRONCLAD","items_purchased":["Oddly Smooth Stone","Feed","Infernal Blade"],"campfire_rested":0,"item_purchase_floors":[19,19,30],"current_hp_per_floor":[80,80,64,70,73,73,72,72,72,72,77,66,66,52,52,23,80,80,80,80,80,80,80,57,57,57,57,54,41,41,41,41,0,0],"gold":62,"neow_bonus":"HUNDRED_GOLD","is_daily":false,"chose_seed":false,"campfire_upgraded":5,"win_rate":0.0,"timestamp":1613814249,"path_taken":["M","M","?","M","M","R","M","R","T","?","M","?","?","E","R","BOSS","M","$","?","M","$","R","M","R","T","?","M","M","?","?","R","BOSS"],"items_purchased_type":["Relic","Card","Card"],"build_version":"2020-12-22","purchased_purges":1,"victory":false,"max_hp_per_floor":[80,80,80,80,80,80,80,80,80,80,80,80,80,80,80,80,80,80,80,80,80,80,80,80,80,80,80,80,80,80,80,80,80,80],"card_choices":[{"not_picked":["Wild Strike","Thunderclap"],"picked":"Flame Barrier","floor":1.0},{"not_picked":["Clothesline","Metallicize"],"picked":"Shrug It Off","floor":2.0},{"not_picked":["Blood for Blood","Perfected Strike"],"picked":"Battle Trance","floor":4.0},{"not_picked":["True Grit","Sword Boomerang"],"picked":"Disarm","floor":5},{"not_picked":["Wild Strike","Perfected Strike"],"picked":"Warcry","floor":7},{"not_picked":["Sword Boomerang","Iron Wave"],"picked":"Seeing Red","floor":11},{"not_picked":["Shrug It Off","Pommel Strike"],"picked":"Burning Pact","floor":14},{"not_picked":["Double Tap","Immolate"],"picked":"Reaper","floor":16},{"not_picked":["Cleave","Sentinel"],"picked":"Havoc+1","floor":18},{"not_picked":["Disarm","Seeing Red"],"picked":"Fire Breathing","floor":21},{"not_picked":["Twin Strike","Shrug It Off"],"picked":"Cleave","floor":24},{"not_picked":["Body Slam","Headbutt"],"picked":"Shrug It Off+1","floor":28},{"not_picked":["Perfected Strike+1","Cleave+1"],"picked":"Berserk","floor":29}],"player_experience":99464,"relics_obtained":[{"floor":14,"key":"Vajra"},{"floor":26,"key":"Mummified Hand"}],"event_choices":[{"damage_healed":0.0,"max_hp_gain":0.0,"max_hp_loss":0.0,"gold_gain":0.0,"event_name":"Shining Light","player_choice":"Entered Light","floor":3.0,"gold_loss":0.0,"damage_taken":16.0,"cards_upgraded":["Defend_R","Bash"]},{"damage_healed":0,"gold_gain":0,"player_choice":"Ignored","damage_taken":0,"max_hp_gain":0,"max_hp_loss":0,"event_name":"Liars Game","floor":10,"gold_loss":0},{"damage_healed":0,"gold_gain":75,"player_choice":"Gather Gold","damage_taken":11,"max_hp_gain":0,"max_hp_loss":0,"event_name":"World of Goop","floor":12,"gold_loss":0},{"cards_removed":["Strike_R"],"damage_healed":0,"gold_gain":0,"player_choice":"Card Removal","damage_taken":0,"max_hp_gain":0,"max_hp_loss":0,"event_name":"The Cleric","floor":13,"gold_loss":50},{"cards_removed":["Strike_R"],"damage_healed":0,"gold_gain":0,"player_choice":"Gave Gold","damage_taken":0,"max_hp_gain":0,"max_hp_loss":0,"event_name":"Beggar","floor":20,"gold_loss":75},{"damage_healed":0,"gold_gain":0,"player_choice":"Simplicity","damage_taken":0,"max_hp_gain":0,"max_hp_loss":0,"event_name":"Back to Basics","floor":27,"gold_loss":0,"cards_upgraded":["Strike_R","Strike_R","Defend_R","Defend_R","Defend_R"]},{"damage_healed":0,"gold_gain":0,"cards_transformed":["Strike_R","Defend_R"],"player_choice":"Became Test Subject","damage_taken":0,"max_hp_gain":0,"max_hp_loss":0,"event_name":"Drug Dealer","floor":31,"gold_loss":0,"cards_obtained":["Blood for Blood","Reaper"]}],"is_beta":false,"boss_relics":[{"not_picked":["Black Star","SlaversCollar"],"picked":"Coffee Dripper"}],"items_purged_floors":[19],"is_endless":false,"potions_floor_spawned":[1,2,5,16,24],"killed_by":"Champ","ascension_level":0}}