{"host":"hemqwg9ve6welna9","time":1613789515,"event":{"mods":["2.2 Compatiblity","AchievementEnabler","Act Like it!","BaseMod","Beaked The Cultist","Bestiary","Better Match","Better Note","Better Third Choice","BetterRewards","Conspire","Curses Come First","Dio Mod","Downfall","Gremlin Mod","Hermit","Highlight Path","Hubris","Melee Mod","Minty Spire (QoL Compilation)","Permanent Neow","Potionbrewer","Quick Restart","Rare Cards Sparkle","Relic Stats","Reliquary","Robot Space Explorer","Ruina","SOS???????","Shop Mod","StSLib","SuperFastMode","Td1madao Mod","The Bug Knight","The Cursed","The Disciple","The Forsaken","The Hierophant","The Jungle","The Marked","The Runesmith","The Senshi","The Servant 0.9.4","The Wild Card","TheBandit","TheVacant","UnlockEverythingMod","everything is the same but u backflip on backflip"],"gold_per_floor":[118,131,131,131,143,143,157,157,204,104,153,183,158,189,189,292,292,307,327,254,254,254,254,285,285,285,315,115,115,115],"floor_reached":29,"language":"ENG","playtime":3227,"items_purged":[],"score":267,"play_id":"0c18ee4c-a305-40de-a768-00d5f88175db","local_time":"20210219205155","is_ascension_mode":false,"campfire_choices":[{"data":"Cooling Song","floor":6.0,"key":"SMITH"},{"data":"Provocative","floor":8.0,"key":"SMITH"},{"floor":15.0,"key":"REST"},{"data":"Moon Tear","floor":23.0,"key":"SMITH"},{"floor":25.0,"key":"RECALL"}],"circlet_count":0,"master_deck":["Knight Kick","Chip","Machining+1","Oblique Hack","Preloading","Cooling Song+1","Ghostly","Twin Teeth","Resistance","Black Contract","Optimization","Paralysis","Ruin Defend","Backup","Moon Tear+1","Floating Swing Kick","Black Warm Hole","Preparedness","Floating Even","Here Defend Chip+1","Energy Supply+1","Reflection Mechanism","ruina:SwordSharpened","Machining","Black Hand+1","Fixing","hubris:DuctTapeCard"],"relics":["Apod","conspire:TopHat","hubris:OldNail","reliquary:Aerogel","hubris:Spice","Pandora\u0027s Box","Akabeko","Gremlin Horn","hubris:DuctTape","conspire:TreasureMap"],"acts_visited":["Exordium","Exordium"],"potions_floor_usage":[],"damage_taken":[{"damage":7.0,"enemies":"Jaw Worm","floor":1.0,"turns":5.0},{"damage":0.0,"enemies":"2 Louse","floor":2.0,"turns":2.0},{"damage":5.0,"enemies":"Small Slimes","floor":5.0,"turns":4.0},{"damage":11.0,"enemies":"Exordium Thugs","floor":7.0,"turns":7.0},{"damage":14.0,"enemies":"Gremlin Nob","floor":12.0,"turns":5.0},{"damage":14.0,"enemies":"Lagavulin","floor":14.0,"turns":6.0},{"damage":10.0,"enemies":"Slime Boss","floor":16.0,"turns":8.0},{"damage":15.0,"enemies":"ruina:2_Scarecrows","floor":18.0,"turns":4.0},{"damage":12.0,"enemies":"ruina:3_Bats","floor":19.0,"turns":4.0},{"damage":29.0,"enemies":"ruina:Mountain","floor":24.0,"turns":8.0},{"damage":20.0,"enemies":"ruina:RoadHome","floor":27.0,"turns":6.0},{"damage":0,"enemies":"ruina:QueenOfHate","floor":29,"turns":1}],"seed_played":"-4616918678293717053","potions_obtained":[{"floor":1.0,"key":"Block Potion"},{"floor":14.0,"key":"SkillPotion"},{"floor":19.0,"key":"GamblersBrew"},{"floor":27.0,"key":"potionbrewer:QuicksilverPotion"}],"is_trial":false,"path_per_floor":["M","M","?","?","M","R","M","R","T","?","T","E","$","E","R","B",null,"M","M","$","?","?","R","E","R","T","E","$","M"],"character_chosen":"TD1MADAO_CLASS","items_purchased":["Machining","Resistance","Reflection Mechanism","Fixing","conspire:TreasureMap"],"campfire_rested":1,"item_purchase_floors":[0,13,20,28,28],"current_hp_per_floor":[63,63,51,51,46,46,35,35,35,35,35,21,21,15,38,28,78,63,51,51,51,51,51,22,22,22,2,2,2,2],"gold":115,"neow_bonus":"","is_daily":false,"chose_seed":false,"campfire_upgraded":3,"win_rate":0.0,"timestamp":1613789515,"path_taken":["M","M","?","?","M","R","M","R","T","?","?","E","?","E","R","BOSS","M","M","$","?","?","R","E","R","T","E","?","M"],"items_purchased_type":["Card","Card","Card","Card","Relic"],"build_version":"2020-12-22","purchased_purges":0,"victory":false,"max_hp_per_floor":[70,70,70,70,70,70,70,70,70,70,70,70,70,78,78,78,78,78,78,78,72,72,72,72,72,72,72,72,72,72],"relic_stats":{"Gremlin Horn":[1,1],"counters":[22,112],"Pandora\u0027s Box":["Paralysis","Ruin Defend","Backup","Moon Tear","Floating Swing Kick","Black Warm Hole","Preparedness","Floating Even"],"obtain_stats":[{"Potion Belt":8,"conspire:TreasureMap":28,"Gremlin Horn":26,"hubris:DuctTape":27,"Golden Idol":7,"reliquary:Aerogel":12,"potionbrewer:AlchemistFlask":6,"reliquary:WeakTea":9,"hubris:Towel":9,"conspire:TopHat":3,"Akabeko":24,"Frozen Eye":18,"hubris:Spice":14,"Pandora\u0027s Box":17,"hubris:BundleOfHerbs":7,"Bag of Marbles":0,"hubris:TenFootPole":2,"Apod":0,"Bottled Lightning":10,"hubris:OldNail":11},{"Potion Belt":8,"conspire:TreasureMap":21,"Gremlin Horn":20,"hubris:DuctTape":21,"Golden Idol":7,"reliquary:Aerogel":15,"potionbrewer:AlchemistFlask":4,"reliquary:WeakTea":8,"hubris:Towel":4,"conspire:TopHat":12,"Akabeko":20,"Frozen Eye":17,"hubris:Spice":16,"Pandora\u0027s Box":17,"hubris:BundleOfHerbs":4,"Bag of Marbles":0,"hubris:TenFootPole":6,"Apod":0,"Bottled Lightning":8,"hubris:OldNail":14},{"Potion Belt":40,"conspire:TreasureMap":111,"Gremlin Horn":105,"hubris:DuctTape":111,"Golden Idol":32,"reliquary:Aerogel":75,"potionbrewer:AlchemistFlask":21,"reliquary:WeakTea":40,"hubris:Towel":21,"conspire:TopHat":59,"Akabeko":105,"Frozen Eye":89,"hubris:Spice":81,"Pandora\u0027s Box":89,"hubris:BundleOfHerbs":21,"Bag of Marbles":0,"hubris:TenFootPole":28,"Apod":0,"Bottled Lightning":40,"hubris:OldNail":70}]},"card_choices":[{"not_picked":["Coercion","Light Attack"],"picked":"Oblique Hack","floor":1.0},{"not_picked":["Fixing","Coercion"],"picked":"Preloading","floor":2.0},{"not_picked":["Fire Blade","Sudden Beat"],"picked":"Cooling Song","floor":5.0},{"not_picked":["Awareness","Resistance"],"picked":"Provocative","floor":7.0},{"not_picked":["Fixing","Gravity Defend"],"picked":"Twin Teeth","floor":12.0},{"not_picked":["Winding Magic","Light Attack"],"picked":"Black Contract","floor":14.0},{"not_picked":["Format All Data","Memory Alloy"],"picked":"Optimization","floor":16.0},{"not_picked":["Black Execution+1","Cursed Blade+1"],"picked":"Here Defend Chip+1","floor":18.0},{"not_picked":["Oblique Hack","Fixing"],"picked":"Energy Supply+1","floor":19.0},{"not_picked":["ruina:Nihil","ruina:HomingInstinct"],"picked":"ruina:SwordSharpened","floor":21.0},{"not_picked":["Break Into","Here Defend Chip"],"picked":"Machining","floor":24.0},{"not_picked":["Fire Blade","Floating Swing Kick+1"],"picked":"Black Hand+1","floor":27.0}],"player_experience":19309,"relics_obtained":[{"floor":11.0,"key":"hubris:OldNail"},{"floor":12.0,"key":"reliquary:Aerogel"},{"floor":14.0,"key":"hubris:Spice"},{"floor":24.0,"key":"Akabeko"},{"floor":26.0,"key":"Gremlin Horn"},{"floor":27.0,"key":"hubris:DuctTape"}],"event_choices":[{"damage_healed":0.0,"max_hp_gain":0.0,"max_hp_loss":0.0,"gold_gain":0.0,"event_name":"Living Wall","player_choice":"Grow","floor":4.0,"gold_loss":0.0,"damage_taken":0.0,"cards_upgraded":["Machining"]},{"damage_healed":0.0,"max_hp_gain":0.0,"max_hp_loss":0.0,"gold_gain":0.0,"event_name":"conspire:LoneGhost","player_choice":"Argue","floor":10.0,"gold_loss":0.0,"damage_taken":0.0}],"is_beta":false,"boss_relics":[{"not_picked":["hubris:Spice","Fusion Hammer"],"picked":"Pandora\u0027s Box"}],"items_purged_floors":[],"is_endless":false,"potions_floor_spawned":[1,14,19,27],"killed_by":"ruina:QueenOfHate","ascension_level":0}}