{"host":"nv1rw0372aj1kj6e","time":1613816829,"event":{"mods":["AchievementEnabler","BaseMod","Minty Spire (QoL Compilation)","Rare Cards Sparkle","Replay The Spire","StSLib","everything is the same but u backflip on backflip"],"gold_per_floor":[312,312,325,250,250,250,289,152,152,152,176,176,200,200,200,200,200],"floor_reached":16,"language":"ENG","playtime":1071,"items_purged":["Defend_G"],"score":137,"play_id":"94adf2c6-dbb5-49db-aef2-d77fc5db5224","local_time":"20210220112709","is_ascension_mode":true,"campfire_choices":[{"floor":6,"key":"REST"},{"floor":10,"key":"REST"},{"data":"Neutralize","floor":12,"key":"SMITH"},{"data":"Cloak And Dagger","floor":15,"key":"SMITH"}],"circlet_count":0,"master_deck":["Strike_G","Strike_G","Strike_G","Strike_G","Defend_G","Defend_G","Defend_G","Defend_G","Survivor","Neutralize+1","Blade Dance","Cloak And Dagger+1","Leg Sweep+1","Fluid Movement","Blade Dance"],"relics":["Ring of the Snake","Old Coin","Golden Idol","InkBottle","Eternal Feather"],"acts_visited":["Exordium"],"potions_floor_usage":[13,16],"damage_taken":[{"damage":11,"enemies":"Jaw Worm","floor":1,"turns":6},{"damage":0,"enemies":"Small Slimes","floor":3,"turns":4},{"damage":48,"enemies":"Gremlin Nob","floor":7,"turns":6},{"damage":2,"enemies":"2 Louse","floor":11,"turns":3},{"damage":0,"enemies":"Exordium Thugs","floor":13,"turns":8},{"damage":43,"enemies":"Hexaghost","floor":16,"turns":18}],"seed_played":"-963164412611019597","potions_obtained":[{"floor":3,"key":"Milkshake"},{"floor":7,"key":"Dexterity Potion"},{"floor":11,"key":"Block Potion"},{"floor":13,"key":"Weak Potion"}],"is_trial":false,"path_per_floor":["M","?","M","$","?","R","E","$","T","R","M","R","M","?","R","B"],"character_chosen":"THE_SILENT","items_purchased":["Leg Sweep+1","Fluid Movement"],"campfire_rested":2,"item_purchase_floors":[8,8],"current_hp_per_floor":[52,35,35,35,28,49,1,1,1,28,26,32,32,32,41,0,0],"gold":200,"neow_bonus":"ONE_RARE_RELIC","is_daily":false,"chose_seed":false,"campfire_upgraded":2,"win_rate":0.0,"timestamp":1613816829,"path_taken":["M","?","M","$","?","R","E","?","T","R","M","R","?","?","R","BOSS"],"items_purchased_type":["Card","Card"],"build_version":"2020-12-22","purchased_purges":1,"victory":false,"max_hp_per_floor":[70,70,70,70,70,70,70,70,70,70,70,70,70,70,70,70,70],"card_choices":[{"not_picked":["Dagger Spray","Prepared"],"picked":"Blade Dance","floor":1},{"not_picked":["Masterful Stab","Tactician","Deadly Poison"],"picked":"SKIP","floor":3},{"not_picked":["Setup","Deflect"],"picked":"Cloak And Dagger","floor":7},{"not_picked":["Underhanded Strike","Poisoned Stab","Dagger Spray"],"picked":"SKIP","floor":11},{"not_picked":["Prepared","Deadly Poison"],"picked":"Blade Dance","floor":13}],"player_experience":213991,"relics_obtained":[{"floor":7,"key":"InkBottle"},{"floor":9,"key":"Eternal Feather"}],"event_choices":[{"damage_healed":0,"gold_gain":0,"player_choice":"Take Damage","damage_taken":17,"relics_obtained":["Golden Idol"],"max_hp_gain":0,"max_hp_loss":0,"event_name":"Golden Idol","floor":2,"gold_loss":0},{"cards_removed":["Strike_G"],"damage_healed":0,"gold_gain":0,"player_choice":"Card Removal","damage_taken":7,"max_hp_gain":0,"max_hp_loss":0,"event_name":"Golden Wing","floor":5,"gold_loss":0},{"damage_healed":0,"gold_gain":0,"player_choice":"Ignored","damage_taken":0,"max_hp_gain":0,"max_hp_loss":0,"event_name":"Liars Game","floor":14,"gold_loss":0}],"is_beta":false,"boss_relics":[],"items_purged_floors":[4],"is_endless":false,"potions_floor_spawned":[3,7,11,13],"killed_by":"Hexaghost","ascension_level":8}}