{"host":"35igpbicnxdwoo63","time":1613824764,"event":{"mods":["AchievementEnabler","BaseMod","CapriCore","Lobotomy","Minty Spire (QoL Compilation)","StSLib","SuperFastMode"],"gold_per_floor":[117,20,39,39,120,151,167,179,179,197,167,186,186,186,186,186,186],"floor_reached":16,"language":"KOR","playtime":914,"items_purged":["Strike_R"],"score":102,"play_id":"2ca49381-5d07-4d6e-b3bf-8d714e9d7c8c","local_time":"20210220213924","is_ascension_mode":false,"campfire_choices":[{"floor":13,"key":"REST"},{"data":"Flex","floor":15,"key":"SMITH"}],"circlet_count":0,"master_deck":["Strike_R","Strike_R","Strike_R","Defend_R","Defend_R","Defend_R","Defend_R","Bash","UniverseFragment","Shrug It Off","GreedKing","Cleave","Porccubus","Twin Strike","Scorched","Wellcheers","Flex+1","Dual Wield","OSAHOGD","OldLady","Sword Boomerang","Cleave"],"relics":["Burning Blood","CogitoBucket","Mummified Hand","Sundial","MealTicket","FleshIdol"],"acts_visited":["Exordium"],"potions_floor_usage":[10,10],"damage_taken":[{"damage":5,"enemies":"2 Louse","floor":1,"turns":4},{"damage":2,"enemies":"Jaw Worm","floor":3,"turns":4},{"damage":22,"enemies":"Lagavulin","floor":6,"turns":9},{"damage":2,"enemies":"Cultist","floor":7,"turns":4},{"damage":0,"enemies":"2 Fungi Beasts","floor":8,"turns":3},{"damage":21,"enemies":"Large Slime","floor":10,"turns":11},{"damage":56,"enemies":"Looter","floor":11,"turns":5},{"damage":9,"enemies":"3 Louse","floor":12,"turns":2},{"damage":78,"enemies":"The Guardian","floor":16,"turns":11}],"seed_played":"223930970597393548","potions_obtained":[{"floor":3,"key":"LiquidBronze"},{"floor":8,"key":"SkillPotion"},{"floor":10,"key":"Swift Potion"}],"is_trial":false,"path_per_floor":["M","$","M","?","T","E","M","M","T","M","M","M","R","?","R","B"],"character_chosen":"IRONCLAD","items_purchased":["Shrug It Off"],"campfire_rested":1,"item_purchase_floors":[2],"current_hp_per_floor":[80,80,80,80,80,64,68,74,74,65,15,12,36,36,36,0,0],"gold":186,"neow_bonus":"","is_daily":false,"chose_seed":false,"campfire_upgraded":1,"win_rate":0.0,"timestamp":1613824764,"path_taken":["M","$","M","?","?","E","?","M","T","M","M","?","R","?","R","BOSS"],"items_purchased_type":["Card"],"build_version":"2020-12-22","purchased_purges":1,"victory":false,"max_hp_per_floor":[80,80,80,80,80,80,80,80,80,80,80,80,80,80,80,80,80],"card_choices":[{"not_picked":["VoidDream","BigBird"],"picked":"UniverseFragment","floor":1},{"not_picked":["Wild Strike","Body Slam","Anger"],"picked":"SKIP","floor":1},{"not_picked":["Laetitia","OSAHOGD"],"picked":"GreedKing","floor":3},{"not_picked":["Hemokinesis","Heavy Blade"],"picked":"Cleave","floor":3},{"not_picked":["VoidDream","Wellcheers"],"picked":"Porccubus","floor":6},{"not_picked":["Second Wind","Uppercut"],"picked":"Twin Strike","floor":6},{"not_picked":["Murderer","PunishingBird"],"picked":"Scorched","floor":7},{"not_picked":["Wild Strike","Headbutt","Iron Wave"],"picked":"SKIP","floor":7},{"not_picked":["CrumblingArmor","Murderer"],"picked":"Wellcheers","floor":8},{"not_picked":["Feel No Pain","Iron Wave"],"picked":"Flex","floor":8},{"not_picked":["Bludgeon","Heavy Blade"],"picked":"Dual Wield","floor":10},{"not_picked":["CrumblingArmor","ShyLook"],"picked":"OSAHOGD","floor":10},{"not_picked":["Variant","WhitesApple"],"picked":"OldLady","floor":11},{"not_picked":["Twin Strike","Anger"],"picked":"Sword Boomerang","floor":11},{"not_picked":["BigBird","LaLuna","ShyLook"],"picked":"Singing Bowl","floor":12},{"not_picked":["Thunderclap","Body Slam"],"picked":"Cleave","floor":12}],"player_experience":137085,"relics_obtained":[{"floor":5,"key":"Mummified Hand"},{"floor":6,"key":"Sundial"},{"floor":9,"key":"MealTicket"}],"event_choices":[{"cards_removed":["Strike_R"],"damage_healed":0,"gold_gain":0,"player_choice":"Forget","damage_taken":0,"max_hp_gain":0,"max_hp_loss":0,"event_name":"Living Wall","floor":4,"gold_loss":0},{"damage_healed":0,"gold_gain":0,"player_choice":"Ignored","damage_taken":0,"max_hp_gain":0,"max_hp_loss":0,"event_name":"Liars Game","floor":14,"gold_loss":0}],"is_beta":false,"boss_relics":[],"items_purged_floors":[2],"is_endless":false,"potions_floor_spawned":[3,8,10],"killed_by":"The Guardian","ascension_level":0}}