{"host":"4gr5irrdjh39ysed","time":1613784327,"event":{"mods":["AchievementEnabler","BaseMod","Colored Map","Downfall","Hermit","Minty Spire (QoL Compilation)","Random Character Button","StSLib","The Construct","The Cursed","The Disciple","The Hierophant","The Mystic","The Necromancer","The Runesmith"],"gold_per_floor":[99,117,127,144,244,256,256,270,301,301,313,313,330,368,393,505,505,305,329,358,367,74,112,112,12,35,59,88,88,312,338,357,471,471,471,533,554,264,293,302,375,400,423,106,150,171,171,214,239,239,239,276,75,75,75,75],"floor_reached":57,"language":"ENG","playtime":3482,"items_purged":["Regret","hexamod:Defend","hexamod:Defend","hexamod:Strike","hexamod:Strike"],"score":1465,"play_id":"c3fec791-537f-4f43-ba7b-d165b0fac2d4","local_time":"20210219182527","is_ascension_mode":true,"campfire_choices":[{"floor":1,"key":"RECALL"},{"data":"hexamod:ApocalypseNow","floor":18,"key":"SMITH"},{"data":"hexamod:UnleashSpirits","floor":25,"key":"SMITH"},{"data":"hexamod:SearingWound","floor":35,"key":"SMITH"},{"data":"hexamod:FlameSwitch","floor":47,"key":"SMITH"},{"data":"hexamod:VolcanoVisage","floor":54,"key":"SMITH"}],"circlet_count":0,"master_deck":["hexamod:Strike+1","hexamod:Strike+1","hexamod:Sear","hexamod:Float","hexamod:BacktrackSmack","hexamod:HeatMetal","hexamod:GhostOfSpirePast+1","hexamod:AdvancingGuard","hexamod:Toasty","hexamod:Again+1","hexamod:NightmareStrike","hexamod:UnleashSpirits+1","hexamod:SpectralSpark","hexamod:FlamesFromBeyond","hexamod:ApocalypticArmor","hexamod:SuperheatedStrike","hexamod:ApocalypseNow+1","hexamod:NecessarySacrifice+1","hexamod:RecurringNightmare","hexamod:GhostflameInferno","hexamod:HeatCrush","hexamod:HeatCrush","hexamod:SpectersWail","hexamod:RadiantFlame","hexamod:DynamicBlow","hexamod:StepThrough+1","hexamod:RecurringNightmare+1","hexamod:SearingWound+1","hexamod:PhantomFireball+1","hexamod:RainOfEmbers+1","hexamod:FlameSwitch+1","hexamod:GhostLash","hexamod:SpectralSpark+1","hexamod:SearingWound+1","hexamod:EmpoweredFlame","hexamod:FlamesFromBeyond+1","hexamod:FlamesFromBeyond+1","hexamod:SkipABeat+1","hexamod:SoulSteal+1","hexamod:Again+1","hexamod:VolcanoVisage+1","hexamod:EmpoweredFlame"],"relics":["expansioncontent:StudyCardRelic","construct:BoolHorns","Turnip","downfall:ShatteredFragment","CeramicFish","Coffee Dripper","downfall:HeartBlessingRed","downfall:HeartBlessingGreen","Tiny Chest","Darkstone Periapt","downfall:HeartBlessingBlue","Enchiridion","Akabeko","SlaversCollar","Ice Cream","construct:FoamFinger","Nunchaku","PreservedInsect","Runesmith:Locket","War Paint","Strawberry"],"acts_visited":["Exordium","TheCity","TheBeyond","TheEnding"],"potions_floor_usage":[9,14,16,20,22,27,30,33,37,48,50,55,56,56],"damage_taken":[{"damage":14,"enemies":"2 Louse","floor":2,"turns":2},{"damage":15,"enemies":"Small Slimes","floor":3,"turns":3},{"damage":0,"enemies":"Cultist","floor":4,"turns":3},{"damage":38,"enemies":"downfall:Heads","floor":5,"turns":5},{"damage":27,"enemies":"Large Slime","floor":6,"turns":5},{"damage":22,"enemies":"Exordium Thugs","floor":8,"turns":5},{"damage":20,"enemies":"Gremlin Nob","floor":9,"turns":4},{"damage":13,"enemies":"Blue Slaver","floor":11,"turns":2},{"damage":12,"enemies":"2 Fungi Beasts","floor":13,"turns":3},{"damage":10,"enemies":"3 Sentries","floor":14,"turns":4},{"damage":14,"enemies":"Red Slaver","floor":15,"turns":2},{"damage":9,"enemies":"WA_ARCHETYPE_RETAIN","floor":16,"turns":4},{"damage":6,"enemies":"Chosen","floor":19,"turns":3},{"damage":15,"enemies":"Shell Parasite","floor":20,"turns":3},{"damage":12,"enemies":"downfall:FleeingMerchant","floor":22,"turns":4},{"damage":23,"enemies":"Book of Stabbing","floor":23,"turns":3},{"damage":3,"enemies":"3 Cultists","floor":26,"turns":3},{"damage":24,"enemies":"Chosen and Byrds","floor":27,"turns":3},{"damage":4,"enemies":"Snecko","floor":28,"turns":3},{"damage":8,"enemies":"downfall:FleeingMerchant","floor":30,"turns":3},{"damage":35,"enemies":"Centurion and Healer","floor":32,"turns":5},{"damage":76,"enemies":"SI_MIRROR_ARCHETYPE","floor":33,"turns":7},{"damage":51,"enemies":"2 Orb Walkers","floor":36,"turns":4},{"damage":24,"enemies":"3 Darklings","floor":37,"turns":3},{"damage":29,"enemies":"3 Shapes","floor":39,"turns":3},{"damage":0,"enemies":"Maw","floor":42,"turns":4},{"damage":10,"enemies":"Giant Head","floor":45,"turns":4},{"damage":19,"enemies":"Sphere and 2 Shapes","floor":46,"turns":3},{"damage":10,"enemies":"Nemesis","floor":48,"turns":3},{"damage":56,"enemies":"4 Shapes","floor":49,"turns":3},{"damage":42,"enemies":"DF_ARCHETYPE_ORBS","floor":50,"turns":3},{"damage":49,"enemies":"downfall:CharBossMerchant","floor":52,"turns":5},{"damage":160,"enemies":"downfall:NeowBoss","floor":55,"turns":11},{"damage":155,"enemies":"downfall:NeowBossFinal","floor":56,"turns":6}],"seed_played":"3011267432060076295","potions_obtained":[{"floor":3,"key":"champ:CounterPotion"},{"floor":6,"key":"Ancient Potion"},{"floor":8,"key":"Energy Potion"},{"floor":9,"key":"LiquidMemories"},{"floor":15,"key":"Fruit Juice"},{"floor":19,"key":"SkillPotion"},{"floor":23,"key":"sneckomod:MuddlingPotion"},{"floor":28,"key":"GamblersBrew"},{"floor":32,"key":"Energy Potion"},{"floor":33,"key":"hexamod:DoubleChargePotion"},{"floor":36,"key":"Slimebound:ThreeZeroPotion"},{"floor":42,"key":"CultistPotion"},{"floor":49,"key":"Swift Potion"},{"floor":52,"key":"LiquidMemories"}],"is_trial":false,"path_per_floor":["R","M","M","M","?","M","T","M","E","?","M","?","M","E","M","B",null,"R","M","M","?","$","E","T","R","M","M","M","?","$","T","M","B",null,"R","?","M","$","M","?","T","M","T","$","E","M","R","E","M","B",null,"E","$","R","B","B",null],"character_chosen":"THE_SPIRIT","items_purchased":["Tiny Chest","hexamod:HeatCrush","hexamod:FlameSwitch","hexamod:GhostLash","hexamod:FlamesFromBeyond","PreservedInsect","hexamod:EmpoweredFlame"],"campfire_rested":0,"item_purchase_floors":[22,22,38,38,44,44,53],"current_hp_per_floor":[2070,2056,2041,2041,2003,1976,1976,1954,1934,1934,1921,1900,1888,1878,1864,1860,2075,2075,2069,2054,2054,2042,2019,2019,2029,2026,2002,1998,1982,1974,1974,1939,1863,2085,2085,2034,2010,2010,1981,1981,1981,1981,1981,1981,1971,1952,1952,1942,1886,1844,2085,2043,2043,2043,1883,1728],"gold":75,"neow_bonus":"BOSS_RELIC","is_daily":false,"chose_seed":false,"campfire_upgraded":5,"win_rate":0.0,"timestamp":1613784327,"path_taken":["R","M","M","M","?","M","T","M","E","?","M","?","M","E","M","BOSS","R","M","M","?","$","E","T","R","M","?","M","?","?","?","M","BOSS","R","?","M","$","M","?","T","?","?","$","E","M","R","E","M","BOSS","E","$","R","BOSS","BOSS"],"items_purchased_type":["Relic","Card","Card","Card","Card","Relic","Card"],"build_version":"2020-12-22","purchased_purges":5,"victory":true,"max_hp_per_floor":[2070,2070,2070,2070,2070,2070,2070,2070,2070,2070,2070,2070,2070,2070,2070,2075,2075,2075,2075,2075,2075,2075,2075,2075,2085,2085,2085,2085,2085,2085,2085,2085,2085,2085,2085,2085,2085,2085,2085,2085,2085,2085,2085,2085,2085,2085,2085,2085,2085,2085,2085,2092,2092,2092,2092,2092],"card_choices":[{"not_picked":["hexamod:NightmareStrike","hexamod:InspiringFlames"],"picked":"hexamod:BacktrackSmack","floor":2},{"not_picked":["hexamod:ShieldOfDarkness","hexamod:PowerFromBeyond"],"picked":"hexamod:HeatMetal","floor":3},{"not_picked":["hexamod:SuperheatedStrike","hexamod:SkipABeat"],"picked":"hexamod:GhostOfSpirePast","floor":4},{"not_picked":["hexamod:HauntingEcho","hexamod:GhostLash"],"picked":"hexamod:Toasty","floor":5},{"not_picked":["hexamod:HeatMetal","hexamod:Firestarter"],"picked":"hexamod:Again","floor":6},{"not_picked":["hexamod:ShieldOfDarkness","hexamod:BurningTouch"],"picked":"hexamod:NightmareStrike","floor":8},{"not_picked":["hexamod:NightmareGuise","hexamod:ThermalTransfer"],"picked":"hexamod:UnleashSpirits","floor":9},{"not_picked":["hexamod:NightmareGuise","hexamod:ShieldOfDarkness"],"picked":"hexamod:SpectralSpark","floor":11},{"not_picked":["hexamod:FourthSeal","hexamod:InspiringFlames"],"picked":"hexamod:FlamesFromBeyond","floor":13},{"not_picked":["hexamod:GhostLash","hexamod:Rewind"],"picked":"hexamod:ApocalypticArmor","floor":14},{"not_picked":["hexamod:SpectersWail","hexamod:ThirdSeal"],"picked":"hexamod:SuperheatedStrike","floor":15},{"not_picked":["hexamod:ParanormalForm","hexamod:VolcanoVisage"],"picked":"hexamod:ApocalypseNow","floor":16},{"not_picked":["hexamod:SkipABeat","hexamod:FlamesFromBeyond"],"picked":"hexamod:NecessarySacrifice","floor":19},{"not_picked":["hexamod:ThermalTransfer+1","hexamod:GhostOfSpireFuture"],"picked":"hexamod:RecurringNightmare","floor":20},{"not_picked":["hexamod:Incineration","hexamod:FirstSeal"],"picked":"hexamod:GhostflameInferno","floor":22},{"not_picked":["hexamod:FirstSeal","hexamod:Hexaguard+1"],"picked":"hexamod:HeatCrush","floor":23},{"not_picked":["hexamod:HeatMetal","hexamod:ThermalTransfer+1"],"picked":"hexamod:SpectersWail","floor":26},{"not_picked":["hexamod:HeatShield+1","hexamod:FastForward+1"],"picked":"hexamod:RadiantFlame","floor":27},{"not_picked":["hexamod:SpectersWail","hexamod:ThermalTransfer"],"picked":"hexamod:DynamicBlow","floor":28},{"not_picked":["hexamod:ThermalTransfer+1","hexamod:HeatShield+1"],"picked":"hexamod:StepThrough+1","floor":30},{"not_picked":["hexamod:HeatMetal+1","hexamod:FourthSeal"],"picked":"hexamod:RecurringNightmare+1","floor":32},{"not_picked":["hexamod:TurnItUp","hexamod:Toasty"],"picked":"hexamod:SearingWound","floor":33},{"not_picked":["hexamod:HauntingEcho+1","hexamod:SecondSeal"],"picked":"hexamod:PhantomFireball+1","floor":36},{"not_picked":["hexamod:Firestarter","hexamod:NightmareGuise"],"picked":"hexamod:RainOfEmbers+1","floor":37},{"not_picked":["hexamod:RadiantFlame","hexamod:GhostLash"],"picked":"hexamod:SpectralSpark+1","floor":39},{"not_picked":["hexamod:FirstSeal","hexamod:GhostLash"],"picked":"hexamod:EmpoweredFlame","floor":42},{"not_picked":["hexamod:AdvancingGuard","hexamod:HauntingEcho"],"picked":"hexamod:FlamesFromBeyond+1","floor":45},{"not_picked":["hexamod:ThirdSeal","hexamod:SuperheatedStrike+1"],"picked":"hexamod:SkipABeat+1","floor":46},{"not_picked":["hexamod:HeatMetal+1","hexamod:ApocalypticArmor"],"picked":"hexamod:SoulSteal+1","floor":48},{"not_picked":["hexamod:FlamesFromBeyond+1","hexamod:BacktrackSmack"],"picked":"hexamod:Again+1","floor":49},{"not_picked":["hexamod:SuperheatedStrike+1","hexamod:ExtraCrispy"],"picked":"hexamod:VolcanoVisage","floor":52}],"player_experience":377148,"relics_obtained":[{"floor":7,"key":"construct:BoolHorns"},{"floor":9,"key":"Turnip"},{"floor":14,"key":"CeramicFish"},{"floor":23,"key":"Darkstone Periapt"},{"floor":29,"key":"Enchiridion"},{"floor":31,"key":"Akabeko"},{"floor":36,"key":"Ice Cream"},{"floor":41,"key":"construct:FoamFinger"},{"floor":43,"key":"Nunchaku"},{"floor":45,"key":"Runesmith:Locket"},{"floor":48,"key":"War Paint"},{"floor":52,"key":"Strawberry"}],"event_choices":[{"damage_healed":0,"gold_gain":0,"player_choice":"Fight","damage_taken":0,"max_hp_gain":0,"max_hp_loss":0,"event_name":"Mysterious Sphere","floor":36,"gold_loss":0}],"is_beta":false,"boss_relics":[{"not_picked":["Snecko Eye","Philosopher\u0027s Stone"],"picked":"Coffee Dripper"},{"not_picked":["Runic Pyramid","Empty Cage"],"picked":"SlaversCollar"}],"items_purged_floors":[22,30,38,44,53],"is_endless":false,"potions_floor_spawned":[3,6,8,9,11,15,19,23,28,32,33,36,42,46,49,52],"ascension_level":3}}