{"host":"p0hktren06injwdf","time":1613813908,"event":{"mods":["AchievementEnabler","BaseMod","Colored Map","DeckTracker","Minty Spire (QoL Compilation)","Permanent Neow","StSLib","SuperFastMode"],"gold_per_floor":[116,127,127,137,137,137,166,166,239,266,278,278,353,376,376,463,517,543,204,251,166,166,201,27,47,47,47,86,126,168,208,208,316,316,346,246,246,121,158,193,205,251,263,325,187,187,219,254,254,254,254,254,254,122,175,175],"floor_reached":57,"language":"KOR","playtime":1825,"items_purged":["CrushJoints","EmptyBody","FollowUp","SpiritShield"],"score":2895,"play_id":"a7295898-e6b2-4919-9220-6f2104106476","local_time":"20210220183828","is_ascension_mode":true,"campfire_choices":[{"data":"FlurryOfBlows","floor":6.0,"key":"SMITH"},{"data":"SignatureMove","floor":8.0,"key":"SMITH"},{"data":"EmptyFist","floor":12.0,"key":"SMITH"},{"data":"Evaluate","floor":15.0,"key":"SMITH"},{"data":"Adaptation","floor":27.0,"key":"SMITH"},{"data":"MentalFortress","floor":32.0,"key":"SMITH"},{"data":"Vault","floor":41.0,"key":"SMITH"},{"floor":46.0,"key":"RECALL"},{"floor":49.0,"key":"REST"},{"data":"TalkToTheHand","floor":53.0,"key":"SMITH"}],"circlet_count":0,"master_deck":["AscendersBane","Eruption+1","Vigilance+1","Evaluate+1","FlurryOfBlows+1","SignatureMove+1","EmptyFist+1","Vault+1","Wireheading","ClearTheMind","Wallop","HandOfGreed","MentalFortress+1","TalkToTheHand+1","Adaptation+1","InnerPeace","TalkToTheHand","MentalFortress","Scrawl","Adaptation+1"],"relics":["PureWater","Oddly Smooth Stone","Kunai","Lantern","CeramicFish","Pandora\u0027s Box","Nunchaku","Toy Ornithopter","Potion Belt","Shuriken","Akabeko","VioletLotus","MawBank","Singing Bowl","Eternal Feather"],"acts_visited":["Exordium","TheCity","TheBeyond","TheEnding"],"potions_floor_usage":[56,56,56],"damage_taken":[{"damage":2.0,"enemies":"Jaw Worm","floor":1.0,"turns":4.0},{"damage":0.0,"enemies":"2 Louse","floor":2.0,"turns":3.0},{"damage":0.0,"enemies":"Small Slimes","floor":4.0,"turns":2.0},{"damage":0.0,"enemies":"Gremlin Nob","floor":7.0,"turns":3.0},{"damage":3.0,"enemies":"3 Sentries","floor":10.0,"turns":3.0},{"damage":0.0,"enemies":"Exordium Wildlife","floor":11.0,"turns":2.0},{"damage":13.0,"enemies":"Hexaghost","floor":16.0,"turns":7.0},{"damage":0.0,"enemies":"Shell Parasite","floor":18.0,"turns":3.0},{"damage":0.0,"enemies":"Spheric Guardian","floor":20.0,"turns":4.0},{"damage":0.0,"enemies":"Slavers","floor":23.0,"turns":5.0},{"damage":12.0,"enemies":"Snake Plant","floor":25.0,"turns":4.0},{"damage":15.0,"enemies":"Centurion and Healer","floor":28.0,"turns":4.0},{"damage":3.0,"enemies":"Sentry and Sphere","floor":29.0,"turns":4.0},{"damage":6.0,"enemies":"Book of Stabbing","floor":30.0,"turns":4.0},{"damage":1.0,"enemies":"Snecko","floor":31.0,"turns":5.0},{"damage":2.0,"enemies":"Champ","floor":33.0,"turns":10.0},{"damage":0.0,"enemies":"3 Shapes","floor":35.0,"turns":3.0},{"damage":3.0,"enemies":"3 Darklings","floor":39.0,"turns":7.0},{"damage":0.0,"enemies":"Giant Head","floor":40.0,"turns":7.0},{"damage":0.0,"enemies":"Spire Growth","floor":42.0,"turns":4.0},{"damage":0.0,"enemies":"Sphere and 2 Shapes","floor":44.0,"turns":5.0},{"damage":8.0,"enemies":"3 Darklings","floor":47.0,"turns":5.0},{"damage":32.0,"enemies":"Nemesis","floor":48.0,"turns":10.0},{"damage":36.0,"enemies":"Time Eater","floor":50.0,"turns":12.0},{"damage":7.0,"enemies":"Donu and Deca","floor":51.0,"turns":7.0},{"damage":43.0,"enemies":"Shield and Spear","floor":55.0,"turns":7.0},{"damage":22,"enemies":"The Heart","floor":56,"turns":8}],"seed_played":"-8197647353240607283","potions_obtained":[{"floor":1.0,"key":"BottledMiracle"},{"floor":2.0,"key":"SneckoOil"},{"floor":7.0,"key":"Ancient Potion"},{"floor":16.0,"key":"Strength Potion"},{"floor":23.0,"key":"LiquidMemories"},{"floor":29.0,"key":"Fruit Juice"},{"floor":31.0,"key":"Swift Potion"},{"floor":40.0,"key":"Dexterity Potion"},{"floor":48.0,"key":"SkillPotion"}],"is_trial":false,"path_per_floor":["M","M","?","M","?","R","E","R","T","E","M","R","?","T","R","B",null,"M","$","M","?","?","E","$","M","T","R","M","M","E","M","R","B",null,"M","$","?","$","M","E","R","M","T","M","$","R","M","E","R","B","B",null,"R","$","E","B",null],"character_chosen":"WATCHER","items_purchased":["HandOfGreed","Nunchaku","Adaptation","InnerPeace","LiquidBronze","Weak Potion"],"campfire_rested":1,"item_purchase_floors":[19,19,24,24,54,54],"current_hp_per_floor":[59,59,59,59,40,40,40,40,40,37,37,37,26,26,26,13,50,50,50,50,50,50,50,50,38,38,38,23,30,29,28,28,26,57,57,57,57,57,54,54,54,54,54,54,54,54,46,21,40,14,12,53,53,53,12,5],"gold":175,"neow_bonus":"REMOVE_TWO","is_daily":false,"chose_seed":false,"campfire_upgraded":8,"win_rate":0.0,"timestamp":1613813908,"path_taken":["M","M","?","M","?","R","E","R","T","E","M","R","?","?","R","BOSS","M","$","M","?","?","E","?","M","T","R","?","M","E","M","R","BOSS","M","$","?","$","M","E","R","M","T","M","$","R","M","E","R","BOSS","BOSS","R","$","E","BOSS"],"items_purchased_type":["Card","Relic","Card","Card","Potion","Potion"],"build_version":"2020-12-22","purchased_purges":4,"victory":true,"max_hp_per_floor":[62,62,62,62,62,62,62,62,62,62,62,62,62,62,62,62,62,62,62,62,62,62,62,62,62,62,62,62,67,67,67,67,67,67,67,67,64,64,64,64,64,64,64,64,64,64,64,66,66,66,66,66,66,66,68,68],"card_choices":[{"not_picked":["Weave","PathToVictory"],"picked":"Evaluate","floor":1.0},{"not_picked":["Fasting2","EmptyFist"],"picked":"FlurryOfBlows","floor":2.0},{"not_picked":["Prostrate","EmptyBody","SpiritShield"],"picked":"SKIP","floor":4.0},{"not_picked":["JustLucky","DeceiveReality"],"picked":"SignatureMove","floor":7.0},{"not_picked":["CutThroughFate","Weave"],"picked":"EmptyFist","floor":10.0},{"not_picked":["FollowUp","WaveOfTheHand","LikeWater"],"picked":"SKIP","floor":11.0},{"not_picked":["DevaForm","Establishment"],"picked":"SpiritShield","floor":16.0},{"not_picked":["Meditate","WheelKick"],"picked":"Wallop","floor":18.0},{"not_picked":["BowlingBash","SashWhip"],"picked":"MentalFortress","floor":20.0},{"not_picked":["FollowUp","FlyingSleeves"],"picked":"TalkToTheHand","floor":23.0},{"not_picked":["Crescendo","ThirdEye","Evaluate"],"picked":"SKIP","floor":25.0},{"not_picked":["InnerPeace","EmptyBody","Protect"],"picked":"SKIP","floor":28.0},{"not_picked":["Conclude","ConjureBlade","WreathOfFlame"],"picked":"SKIP","floor":29.0},{"not_picked":["WindmillStrike","CrushJoints"],"picked":"TalkToTheHand","floor":30.0},{"not_picked":["Crescendo","BowlingBash"],"picked":"MentalFortress","floor":31.0},{"not_picked":["Devotion","Blasphemy"],"picked":"Scrawl","floor":33.0},{"not_picked":["JustLucky+1","Halt","BowlingBash"],"picked":"SKIP","floor":35.0},{"not_picked":["FearNoEvil","CrushJoints","Ragnarok"],"picked":"SKIP","floor":39.0},{"not_picked":["Nirvana","Protect"],"picked":"Adaptation+1","floor":40.0},{"not_picked":["TalkToTheHand+1","Vengeance+1","Sanctity"],"picked":"SKIP","floor":42.0},{"not_picked":["PathToVictory","ClearTheMind","Collect+1"],"picked":"SKIP","floor":44.0},{"not_picked":["Wireheading","ThirdEye+1","Crescendo"],"picked":"SKIP","floor":47.0},{"not_picked":["Evaluate","Judgement","Protect"],"picked":"Singing Bowl","floor":48.0},{"not_picked":["EmptyBody+1","CrushJoints","Perseverance"],"picked":"Singing Bowl","floor":55.0}],"player_experience":1093806,"relics_obtained":[{"floor":7.0,"key":"Oddly Smooth Stone"},{"floor":9.0,"key":"Kunai"},{"floor":10.0,"key":"Lantern"},{"floor":14.0,"key":"CeramicFish"},{"floor":23.0,"key":"Potion Belt"},{"floor":26.0,"key":"Shuriken"},{"floor":30.0,"key":"Akabeko"},{"floor":40.0,"key":"MawBank"},{"floor":48.0,"key":"Singing Bowl"},{"floor":55.0,"key":"Eternal Feather"}],"event_choices":[{"damage_healed":0.0,"max_hp_gain":0.0,"max_hp_loss":0.0,"gold_gain":0.0,"event_name":"Living Wall","player_choice":"Grow","floor":3.0,"gold_loss":0.0,"damage_taken":0.0,"cards_upgraded":["Eruption"]},{"damage_healed":0.0,"max_hp_gain":0.0,"max_hp_loss":0.0,"gold_gain":0.0,"event_name":"Shining Light","player_choice":"Entered Light","floor":5.0,"gold_loss":0.0,"damage_taken":19.0,"cards_upgraded":["Vigilance","Defend_P"]},{"damage_healed":0.0,"max_hp_gain":0.0,"max_hp_loss":0.0,"gold_gain":75.0,"event_name":"World of Goop","player_choice":"Gather Gold","floor":13.0,"gold_loss":0.0,"damage_taken":11.0},{"damage_healed":0.0,"max_hp_gain":0.0,"max_hp_loss":0.0,"gold_gain":0.0,"event_name":"Addict","player_choice":"Obtained Relic","floor":21.0,"gold_loss":85.0,"damage_taken":0.0,"relics_obtained":["Toy Ornithopter"]},{"damage_healed":0.0,"max_hp_gain":0.0,"max_hp_loss":0.0,"gold_gain":0.0,"event_name":"Cursed Tome","player_choice":"Ignored","floor":22.0,"gold_loss":0.0,"damage_taken":0.0},{"damage_healed":0.0,"max_hp_gain":0.0,"max_hp_loss":3.0,"gold_gain":0.0,"event_name":"Winding Halls","player_choice":"Max HP","floor":37.0,"gold_loss":0.0,"damage_taken":0.0}],"is_beta":false,"boss_relics":[{"not_picked":["Velvet Choker","Tiny House"],"picked":"Pandora\u0027s Box"},{"not_picked":["Busted Crown","Runic Pyramid"],"picked":"VioletLotus"}],"items_purged_floors":[24,36,38,45],"is_endless":false,"potions_floor_spawned":[1,2,7,16,20,23,29,31,40,42,47,48],"ascension_level":20}}