{"host":"ffjrj7fisyni1ebk","time":1613827455,"event":{"mods":["2.2 Compatiblity","BaseMod","Bestiary","Colored Map","Colored Powertips","Curses Come First","Highlight Path","Keyboard Shortcuts","Minty Spire (QoL Compilation)","Relic Stats","Slay the Relics Exporter","StSLib","SuperFastMode"],"gold_per_floor":[113,113,129,404,418,447,457,20,20,30,50,81,81,256,256,256,256],"floor_reached":16,"language":"ENG","playtime":684,"items_purged":[],"score":137,"play_id":"690cdba5-a0cd-46d1-9371-53231e3d62b2","local_time":"20210220152415","is_ascension_mode":false,"campfire_choices":[{"floor":13,"key":"REST"},{"floor":15,"key":"REST"}],"circlet_count":0,"master_deck":["Strike_P","Strike_P","Strike_P","Strike_P","Defend_P+1","Defend_P","Defend_P","Defend_P","Eruption","Vigilance+1","Prostrate","ThirdEye","Regret","EmptyFist","FearNoEvil","Prostrate","Judgement","PathToVictory","Weave","DevaForm","Doubt"],"relics":["Fusion Hammer","Ornamental Fan","Peace Pipe","White Beast Statue"],"acts_visited":["Exordium"],"potions_floor_usage":[12],"damage_taken":[{"damage":0.0,"enemies":"Jaw Worm","floor":1.0,"turns":3.0},{"damage":0.0,"enemies":"Small Slimes","floor":3.0,"turns":3.0},{"damage":2.0,"enemies":"Cultist","floor":5.0,"turns":4.0},{"damage":44.0,"enemies":"3 Sentries","floor":6.0,"turns":7.0},{"damage":2.0,"enemies":"Large Slime","floor":7.0,"turns":4.0},{"damage":0.0,"enemies":"Exordium Wildlife","floor":10.0,"turns":2.0},{"damage":1.0,"enemies":"Looter","floor":11.0,"turns":3.0},{"damage":0,"enemies":"Gremlin Nob","floor":12,"turns":2},{"damage":53,"enemies":"The Guardian","floor":16,"turns":12}],"seed_played":"8220538948568332106","potions_obtained":[{"floor":1.0,"key":"ColorlessPotion"},{"floor":7.0,"key":"Explosive Potion"},{"floor":10.0,"key":"DistilledChaos"}],"is_trial":false,"path_per_floor":["M","?","M","?","M","E","M","$","T","M","M","E","R","?","R","B"],"character_chosen":"WATCHER","items_purchased":["Judgement","Peace Pipe"],"campfire_rested":2,"item_purchase_floors":[8,8],"current_hp_per_floor":[72,58,58,58,56,12,10,10,10,10,9,9,30,30,51,0,0],"gold":256,"neow_bonus":"BOSS_RELIC","is_daily":false,"chose_seed":false,"campfire_upgraded":0,"win_rate":0.0,"timestamp":1613827455,"path_taken":["M","?","M","?","?","E","M","$","T","M","M","E","R","?","R","BOSS"],"items_purchased_type":["Card","Relic"],"build_version":"2020-12-22","purchased_purges":0,"victory":false,"max_hp_per_floor":[72,72,72,72,72,72,72,72,72,72,72,72,72,72,72,72,72],"relic_stats":{"Peace Pipe":0,"counters":[9,40],"Ornamental Fan":[32],"obtain_stats":[{"Peace Pipe":8,"Ornamental Fan":6,"Fusion Hammer":0,"PureWater":0,"White Beast Statue":12},{"Peace Pipe":5,"Ornamental Fan":4,"Fusion Hammer":0,"PureWater":0,"White Beast Statue":8},{"Peace Pipe":21,"Ornamental Fan":17,"Fusion Hammer":0,"PureWater":0,"White Beast Statue":28}]},"card_choices":[{"not_picked":["Weave","PathToVictory"],"picked":"Prostrate","floor":1.0},{"not_picked":["EmptyFist","BowlingBash"],"picked":"ThirdEye","floor":3.0},{"not_picked":["Evaluate","FlurryOfBlows"],"picked":"EmptyFist","floor":5.0},{"not_picked":["BowlingBash","CrushJoints"],"picked":"FearNoEvil","floor":6.0},{"not_picked":["Crescendo","WheelKick"],"picked":"Prostrate","floor":7.0},{"not_picked":["CrushJoints","Perseverance"],"picked":"PathToVictory","floor":10.0},{"not_picked":["FlurryOfBlows","BattleHymn"],"picked":"Weave","floor":11.0},{"not_picked":["EmptyBody","Crescendo"],"picked":"DevaForm","floor":12}],"player_experience":328224,"relics_obtained":[{"floor":6.0,"key":"Ornamental Fan"},{"floor":12,"key":"White Beast Statue"}],"event_choices":[{"damage_healed":0.0,"max_hp_gain":0.0,"max_hp_loss":0.0,"gold_gain":0.0,"event_name":"Shining Light","player_choice":"Entered Light","floor":2.0,"gold_loss":0.0,"damage_taken":14.0,"cards_upgraded":["Defend_P","Vigilance"]},{"damage_healed":0.0,"max_hp_gain":0.0,"max_hp_loss":0.0,"gold_gain":275.0,"event_name":"Golden Shrine","player_choice":"Desecrate","floor":4.0,"gold_loss":0.0,"damage_taken":0.0,"cards_obtained":["Regret"]},{"damage_healed":0,"gold_gain":175,"player_choice":"AGREE","damage_taken":0,"max_hp_gain":0,"max_hp_loss":0,"event_name":"Liars Game","floor":14,"gold_loss":0,"cards_obtained":["Doubt"]}],"is_beta":false,"boss_relics":[],"items_purged_floors":[],"is_endless":false,"potions_floor_spawned":[1,7,10],"killed_by":"The Guardian","ascension_level":0}}