{"host":"6r341r9cz00j2qc1","time":1613791728,"event":{"mods":["BaseMod","Better Third Choice","Downfall","Hermit","Lobotomy","LobotomyExtend","Minty Spire (QoL Compilation)","Replay The Spire","Shop Mod","StSLib"],"gold_per_floor":[117,117,117,137,137,171,171,202,202,202,202,202,214,214,214,342,342,357,378,128,43,57,57,90,90,116,139,64,84,133,147,147,276,276,292,307,307,232,253,253,268,112,162,162,162,162,6,39,39,39,39],"floor_reached":52,"language":"ENG","playtime":4303,"items_purged":["Defend_P"],"score":713,"play_id":"95ba43e1-199a-4caf-9497-9197e492cf09","local_time":"20210220042848","is_ascension_mode":false,"campfire_choices":[{"data":"Eruption","floor":7,"key":"SMITH"},{"data":"TalkToTheHand","floor":10,"key":"SMITH"},{"floor":12,"key":"REST"},{"data":"Perseverance","floor":15,"key":"SMITH"},{"data":"Magnetism","floor":23,"key":"SMITH"},{"floor":25,"key":"REST"},{"floor":32,"key":"REST"},{"floor":40,"key":"REST"},{"data":"Devotion","floor":44,"key":"SMITH"},{"floor":49,"key":"REST"}],"circlet_count":0,"master_deck":["Strike_P","Strike_P","Defend_P+1","Defend_P","Eruption+1","Vigilance","DeusExMachina","Perseverance+1","Consecrate","TalkToTheHand+1","EmptyBody","Injury","DeusExMachina","TalkToTheHand","TalkToTheHand+1","Magnetism+1","Collect+1","EmptyMind","Consecrate+1","Devotion+1","Prostrate+1","DeusExMachina+1","Prostrate+1","Madness","Madness"],"relics":["PureWater","LetterFromLob","TungstenRod","Lantern","Dead Branch","Golden Idol","ChewingGum","Letter Opener","Gremlin Food","Bronze Scales","SlaversCollar","Dream Catcher","Bag of Preparation","ReplayTheSpireMod:TigerMarble","Durian"],"acts_visited":["Exordium","TheCity","TheBeyond"],"potions_floor_usage":[1,6,6,16,22,24,33,33,36,50,50,50],"damage_taken":[{"damage":0,"enemies":"2 Louse","floor":1,"turns":2},{"damage":5,"enemies":"Small Slimes","floor":4,"turns":3},{"damage":1,"enemies":"Lagavulin","floor":6,"turns":5},{"damage":24,"enemies":"3 Sentries","floor":8,"turns":6},{"damage":0,"enemies":"Cultist","floor":13,"turns":3},{"damage":2,"enemies":"The Guardian","floor":16,"turns":12},{"damage":0,"enemies":"3 Byrds","floor":18,"turns":6},{"damage":19,"enemies":"2 Thieves","floor":19,"turns":3},{"damage":9,"enemies":"Snake Plant","floor":22,"turns":4},{"damage":0,"enemies":"Snecko","floor":24,"turns":4},{"damage":1,"enemies":"Shelled Parasite and Fungi","floor":27,"turns":4},{"damage":1,"enemies":"Centurion and Healer","floor":29,"turns":3},{"damage":11,"enemies":"Snecko","floor":31,"turns":4},{"damage":0,"enemies":"Champ","floor":33,"turns":5},{"damage":1,"enemies":"Orb Walker","floor":35,"turns":3},{"damage":7,"enemies":"3 Shapes","floor":36,"turns":2},{"damage":5,"enemies":"Sphere and 2 Shapes","floor":39,"turns":2},{"damage":0,"enemies":"3 Darklings","floor":41,"turns":2},{"damage":1,"enemies":"Reptomancer","floor":48,"turns":4},{"damage":42,"enemies":"Time Eater","floor":50,"turns":8}],"seed_played":"5885109761914473215","potions_obtained":[{"floor":1,"key":"EntropicBrew"},{"floor":6,"key":"Weak Potion"},{"floor":16,"key":"FearPotion"},{"floor":19,"key":"Reflective Coating"},{"floor":27,"key":"ColorlessPotion"},{"floor":33,"key":"BlessingOfTheForge"},{"floor":35,"key":"Weak Potion"},{"floor":36,"key":"ColorlessPotion"}],"is_trial":false,"path_per_floor":["M","?","?","M","?","E","R","E","T","R","M","R","M","?","R","B",null,"M","M","$","?","M","R","M","R","T","M","?","M","T","M","R","B",null,"M","M","?","$","M","R","M","$","T","R","?","?","$","E","R","B",null,null],"character_chosen":"WATCHER","items_purchased":["TalkToTheHand","Magnetism","Dream Catcher","ReplayTheSpireMod:TigerMarble"],"campfire_rested":5,"item_purchase_floors":[20,20,42,47],"current_hp_per_floor":[72,72,72,67,67,66,66,42,42,42,42,63,63,63,63,61,72,72,53,53,53,44,44,44,65,65,64,64,63,63,52,72,72,72,71,64,64,64,59,72,72,72,72,72,64,72,72,76,77,35,35],"gold":39,"neow_bonus":"ONE_RANDOM_RARE_CARD","is_daily":false,"chose_seed":false,"campfire_upgraded":5,"win_rate":0.0,"timestamp":1613791728,"path_taken":["M","?","?","M","?","E","R","E","T","R","M","R","?","?","R","BOSS","M","M","$","?","M","R","M","R","T","M","?","M","?","M","R","BOSS","M","M","?","$","?","R","M","?","T","R","?","?","$","E","R","BOSS"],"items_purchased_type":["Card","Card","Relic","Relic"],"build_version":"2020-12-22","purchased_purges":1,"victory":true,"max_hp_per_floor":[72,72,72,72,72,72,72,72,72,72,72,72,72,72,72,72,72,72,72,72,72,72,72,72,72,72,72,72,72,72,72,72,72,72,72,72,72,72,72,72,72,72,72,72,72,72,72,77,77,77,77],"card_choices":[{"not_picked":["Replay:Vibes","JustLucky"],"picked":"Perseverance","floor":1},{"not_picked":["CarveReality","EmptyBody"],"picked":"Consecrate","floor":4},{"not_picked":["BattleHymn","SashWhip","JustLucky"],"picked":"SKIP","floor":6},{"not_picked":["Omniscience","ThirdEye"],"picked":"TalkToTheHand","floor":8},{"not_picked":["FlurryOfBlows","Protect"],"picked":"EmptyBody","floor":13},{"not_picked":["Replay:AllIn","Brilliance"],"picked":"DeusExMachina","floor":16},{"not_picked":["JustLucky","Replay:ManipulateFuture","Protect"],"picked":"SKIP","floor":18},{"not_picked":["Replay:BluntJabs","Replay:Battleflow","Meditate"],"picked":"SKIP","floor":19},{"not_picked":["MentalFortress","ClearTheMind"],"picked":"Collect+1","floor":22},{"not_picked":["WreathOfFlame+1","CrushJoints","InnerPeace"],"picked":"SKIP","floor":24},{"not_picked":["JustLucky","BowlingBash+1","Replay:BluntJabs"],"picked":"SKIP","floor":27},{"not_picked":["Replay:BluntJabs","PathToVictory"],"picked":"EmptyMind","floor":29},{"not_picked":["Omniscience","Evaluate"],"picked":"Consecrate+1","floor":31},{"not_picked":["Wish","Brilliance"],"picked":"Devotion","floor":33},{"not_picked":["BowlingBash","CrushJoints+1","Halt"],"picked":"SKIP","floor":35},{"not_picked":["Evaluate+1","FlyingSleeves+1"],"picked":"Prostrate+1","floor":36},{"not_picked":["Prostrate","Weave+1","PathToVictory"],"picked":"SKIP","floor":39},{"not_picked":["BowlingBash","Sanctity+1"],"picked":"Prostrate+1","floor":41},{"not_picked":["Replay:Cycle+1","Protect+1","Consecrate"],"picked":"SKIP","floor":48}],"player_experience":529442,"relics_obtained":[{"floor":1,"key":"LetterFromLob"},{"floor":6,"key":"TungstenRod"},{"floor":8,"key":"Lantern"},{"floor":9,"key":"Dead Branch"},{"floor":26,"key":"Gremlin Food"},{"floor":30,"key":"Bronze Scales"},{"floor":43,"key":"Bag of Preparation"},{"floor":48,"key":"Durian"}],"event_choices":[{"cards_removed":["Strike_P"],"damage_healed":0,"gold_gain":0,"player_choice":"Offered Basic","damage_taken":0,"max_hp_gain":0,"max_hp_loss":0,"event_name":"Bonfire Elementals","floor":5,"gold_loss":0},{"damage_healed":0,"gold_gain":0,"player_choice":"Take Wound","damage_taken":0,"relics_obtained":["Golden Idol"],"max_hp_gain":0,"max_hp_loss":0,"event_name":"Golden Idol","floor":14,"gold_loss":0,"cards_obtained":["Injury"]},{"damage_healed":0,"gold_gain":0,"player_choice":"Obtained Relic","damage_taken":0,"relics_obtained":["Letter Opener"],"max_hp_gain":0,"max_hp_loss":0,"event_name":"Addict","floor":21,"gold_loss":85},{"cards_removed":["Strike_P"],"damage_healed":0,"gold_gain":0,"player_choice":"Gave Gold","damage_taken":0,"max_hp_gain":0,"max_hp_loss":0,"event_name":"Beggar","floor":28,"gold_loss":75},{"damage_healed":0,"gold_gain":0,"player_choice":"Copied","damage_taken":0,"max_hp_gain":0,"max_hp_loss":0,"event_name":"Duplicator","floor":37,"gold_loss":0,"cards_obtained":["DeusExMachina"]},{"damage_healed":0,"gold_gain":0,"player_choice":"Embrace Madness","damage_taken":9,"max_hp_gain":0,"max_hp_loss":0,"event_name":"Winding Halls","floor":45,"gold_loss":0,"cards_obtained":["Madness","Madness"]}],"is_beta":false,"boss_relics":[{"not_picked":["Abe\u0027s Treasure","Velvet Choker"],"picked":"ChewingGum"},{"not_picked":["Fusion Hammer","Busted Crown"],"picked":"SlaversCollar"}],"items_purged_floors":[38],"is_endless":false,"potions_floor_spawned":[1,6,16,19,27,29,31,33,35,36,39],"ascension_level":0}}