{"host":"2ty4h143nj8vwezc","time":1613859900,"event":{"mods":["BaseMod","Colored Map","Googly Eyes","Highlight Path","Minty Spire (QoL Compilation)","Quick Restart","StSLib"],"gold_per_floor":[113,22,40,55,55,55,80,80,80,115,115,115,131,144,144,217,217,236,202,87,87,0,0,11,11,66,86,86,86],"floor_reached":28,"language":"ENG","playtime":10536,"items_purged":["Strike_B"],"score":388,"play_id":"2651c7f7-67a6-4426-b37d-8532c4e307d0","local_time":"20210220172500","is_ascension_mode":true,"campfire_choices":[{"data":"Loop","floor":6.0,"key":"SMITH"},{"floor":11.0,"key":"REST"},{"floor":15.0,"key":"REST"},{"floor":23,"key":"REST"},{"floor":25,"key":"REST"}],"circlet_count":0,"master_deck":["AscendersBane","Strike_B+1","Strike_B+1","Strike_B+1","Defend_B+1","Defend_B+1","Defend_B+1","Zap","Dualcast","Cold Snap","Hologram","Loop+1","Doom and Gloom","Force Field","Leap","Buffer","Glacier","Core Surge","Go for the Eyes","Defragment","Hello World","Recycle"],"relics":["Cracked Core","NeowsBlessing","Letter Opener","Mummified Hand","Oddly Smooth Stone","Darkstone Periapt","Gremlin Horn","Black Star","MealTicket"],"acts_visited":["Exordium","TheCity"],"potions_floor_usage":[27,28],"damage_taken":[{"damage":0.0,"enemies":"Cultist","floor":1.0,"turns":1.0},{"damage":0.0,"enemies":"Jaw Worm","floor":3.0,"turns":1.0},{"damage":0.0,"enemies":"Small Slimes","floor":4.0,"turns":1.0},{"damage":35.0,"enemies":"3 Sentries","floor":7.0,"turns":4.0},{"damage":15.0,"enemies":"Gremlin Nob","floor":10.0,"turns":5.0},{"damage":12.0,"enemies":"Gremlin Gang","floor":13.0,"turns":4.0},{"damage":1.0,"enemies":"Red Slaver","floor":14.0,"turns":4.0},{"damage":10.0,"enemies":"The Guardian","floor":16.0,"turns":12.0},{"damage":20.0,"enemies":"Shell Parasite","floor":18.0,"turns":8.0},{"damage":14.0,"enemies":"2 Thieves","floor":19.0,"turns":5.0},{"damage":14,"enemies":"3 Cultists","floor":24,"turns":7},{"damage":11,"enemies":"Centurion and Healer","floor":27,"turns":11},{"damage":49,"enemies":"Slavers","floor":28,"turns":4}],"seed_played":"3539487025984591645","potions_obtained":[{"floor":3.0,"key":"Energy Potion"},{"floor":7.0,"key":"SpeedPotion"},{"floor":13.0,"key":"Explosive Potion"},{"floor":24,"key":"Fruit Juice"},{"floor":27,"key":"SneckoOil"}],"is_trial":false,"path_per_floor":["M","$","M","M","?","R","E","T","T","E","R","?","M","M","R","B",null,"M","M","$","?","?","R","M","R","T","M","E"],"character_chosen":"DEFECT","items_purchased":["Hologram","Loop","Hello World"],"campfire_rested":4,"item_purchase_floors":[2,2,20],"current_hp_per_floor":[64,64,64,64,52,52,17,17,17,2,23,23,11,10,31,21,59,39,25,25,25,25,46,32,53,53,47,0,0],"gold":86,"neow_bonus":"THREE_ENEMY_KILL","is_daily":false,"chose_seed":false,"campfire_upgraded":1,"win_rate":0.0,"timestamp":1613859900,"path_taken":["M","$","?","M","?","R","E","?","T","E","R","?","M","M","R","BOSS","M","?","?","?","?","R","M","R","T","M","E"],"items_purchased_type":["Card","Card","Card"],"build_version":"2020-12-22","purchased_purges":1,"victory":false,"max_hp_per_floor":[71,71,71,71,71,71,71,71,71,71,71,71,71,71,71,71,71,71,71,71,71,71,71,71,71,71,76,76,76],"card_choices":[{"not_picked":["Steam","Skim"],"picked":"Cold Snap","floor":1.0},{"not_picked":["Static Discharge","Beam Cell"],"picked":"Doom and Gloom","floor":3.0},{"not_picked":["Rebound","Sweeping Beam","Barrage"],"picked":"SKIP","floor":4.0},{"not_picked":["Compile Driver","Rebound"],"picked":"Force Field","floor":7.0},{"not_picked":["Beam Cell","Ball Lightning"],"picked":"Leap","floor":10.0},{"not_picked":["Beam Cell","Coolheaded"],"picked":"Buffer","floor":13.0},{"not_picked":["Stack","Go for the Eyes"],"picked":"Glacier","floor":14.0},{"not_picked":["All For One","Hyperbeam"],"picked":"Core Surge","floor":16.0},{"not_picked":["Ball Lightning","Darkness"],"picked":"Go for the Eyes","floor":18.0},{"not_picked":["Go for the Eyes","Ball Lightning+1"],"picked":"Defragment","floor":19.0},{"not_picked":["Streamline","Hello World"],"picked":"Recycle","floor":24},{"not_picked":["Ball Lightning","Beam Cell","Coolheaded"],"picked":"SKIP","floor":27}],"player_experience":454287,"relics_obtained":[{"floor":7.0,"key":"Mummified Hand"},{"floor":8.0,"key":"Oddly Smooth Stone"},{"floor":9.0,"key":"Darkstone Periapt"},{"floor":10.0,"key":"Gremlin Horn"},{"floor":26,"key":"MealTicket"}],"event_choices":[{"damage_healed":0.0,"max_hp_gain":0.0,"max_hp_loss":0.0,"gold_gain":0.0,"event_name":"Scrap Ooze","player_choice":"Success","floor":5.0,"gold_loss":0.0,"damage_taken":12.0,"relics_obtained":["Letter Opener"]},{"cards_removed":["Defend_B"],"damage_healed":0.0,"max_hp_gain":0.0,"max_hp_loss":0.0,"gold_gain":0.0,"event_name":"Bonfire Elementals","player_choice":"Offered Basic","floor":12.0,"gold_loss":0.0,"damage_taken":0.0},{"damage_healed":0.0,"max_hp_gain":0.0,"max_hp_loss":0.0,"gold_gain":0.0,"event_name":"Back to Basics","player_choice":"Simplicity","floor":21.0,"gold_loss":0.0,"damage_taken":0.0,"cards_upgraded":["Strike_B","Strike_B","Strike_B","Defend_B","Defend_B","Defend_B"]},{"damage_healed":0,"gold_gain":0,"player_choice":"Paid Fearfully","damage_taken":0,"max_hp_gain":0,"max_hp_loss":0,"event_name":"Masked Bandits","floor":22,"gold_loss":87}],"is_beta":false,"boss_relics":[{"not_picked":["Fusion Hammer","Empty Cage"],"picked":"Black Star"}],"items_purged_floors":[20],"is_endless":false,"potions_floor_spawned":[3,7,13,24,27],"killed_by":"Slavers","ascension_level":14}}