{"host":"yebg0tvsspzw2mo9","time":1613845903,"event":{"mods":["AchievementEnabler","BaseMod","Downfall","Friendly Minions","Marisa????????","Minty Spire (QoL Compilation)","StSLib"],"gold_per_floor":[118,20,37,37,37,73,73,73,73],"floor_reached":8,"language":"ENG","playtime":180,"items_purged":[],"score":95,"play_id":"ee5c5cda-e93e-4321-8d4e-97cdb6c3a88e","local_time":"20210220133143","is_ascension_mode":true,"campfire_choices":[{"data":"DC","floor":7,"key":"SMITH"}],"circlet_count":0,"master_deck":["Strike_MRS","Strike_MRS","Strike_MRS","Strike_MRS","Defend_MRS","Defend_MRS","Defend_MRS","Defend_MRS","MasterSpark","UpSweep","WitchLeyline","DC+1","DarkMatter"],"relics":["MiniHakkero","NeowsBlessing","Golden Idol","Bag of Preparation"],"acts_visited":["Exordium"],"potions_floor_usage":[],"damage_taken":[{"damage":0,"enemies":"2 Louse","floor":1,"turns":1},{"damage":0,"enemies":"Jaw Worm","floor":3,"turns":1},{"damage":0,"enemies":"Gremlin Nob","floor":6,"turns":1},{"damage":10,"enemies":"3 Sentries","floor":8,"turns":2}],"seed_played":"-6514457527013586974","potions_obtained":[],"is_trial":false,"path_per_floor":["M","$","M","?","?","E","R","E"],"character_chosen":"MARISA","items_purchased":["FairyPotion"],"campfire_rested":0,"item_purchase_floors":[2],"current_hp_per_floor":[75,75,75,69,69,69,69,59,59],"gold":73,"neow_bonus":"THREE_ENEMY_KILL","is_daily":false,"chose_seed":false,"campfire_upgraded":1,"win_rate":0.0,"timestamp":1613845903,"path_taken":["M","$","M","?","?","E","R","E"],"items_purchased_type":["Potion"],"build_version":"2020-12-22","purchased_purges":0,"victory":false,"max_hp_per_floor":[75,75,75,69,69,69,69,69,69],"card_choices":[{"not_picked":["MysteriousBeam","EnergyRecoil"],"picked":"WitchLeyline","floor":1},{"not_picked":["Occultation","MysteriousBeam"],"picked":"DC","floor":3},{"not_picked":["DC","EnergyRecoil"],"picked":"DarkMatter","floor":6}],"player_experience":517236,"relics_obtained":[{"floor":6,"key":"Bag of Preparation"}],"event_choices":[{"damage_healed":0,"gold_gain":0,"player_choice":"Lose Max HP","damage_taken":0,"relics_obtained":["Golden Idol"],"max_hp_gain":0,"max_hp_loss":6,"event_name":"Golden Idol","floor":4,"gold_loss":0},{"damage_healed":0,"gold_gain":0,"player_choice":"Ignored","damage_taken":0,"max_hp_gain":0,"max_hp_loss":0,"event_name":"Liars Game","floor":5,"gold_loss":0}],"is_beta":false,"boss_relics":[],"items_purged_floors":[],"is_endless":false,"potions_floor_spawned":[],"killed_by":"3 Sentries","ascension_level":4}}