{"host":"ox77rn1xcurm2t5a","time":1613779435,"event":{"mods":["2.2 Compatiblity","AchievementEnabler","Act Like it!","Aspiration","BaseMod","Best Route Mod","Better Match","Better Note","Better Sensory Stone","Block Reminder","Colored Map","Colored Powertips","Conjunction","Conspire","Custom Start","Energized Spire","GifTheSpireLib","Gold Saver","Gremlin Skip","Halation","Highlight Path","Hubris","Infinite Spire","Minty Spire (QoL Compilation)","Pale of the Ancients","Quick Restart","Reliquary","Replay The Spire","Reworked Bosses","ShortenTheSpire","Spire Exporter","StSLib","Stuff the Spire","Wandering Minibosses"],"gold_per_floor":[1681,1066,1080,1093,1093,1093,1121,1121,1121,728,778,778,268,318,318,433,433,454,483,483,507,535,535,545,545,545,580,580,136,191,228,228,337,337,372,406,406,434,16,60,60,100,100,131,162,216,216,249,249,271,271,271,17,71,83,83],"floor_reached":55,"language":"ENG","playtime":1766,"items_purged":["Defend_R","Decay","Strike_R","Defend_R"],"score":1346,"play_id":"f6794c9d-4382-4b45-9ac3-6b977765e0b2","local_time":"20210220020355","is_ascension_mode":true,"campfire_choices":[{"floor":6.0,"key":"RECALL"},{"data":"Bash","floor":12,"key":"SMITH"},{"data":"Demon Form","floor":15,"key":"SMITH"},{"data":"Limit Break","floor":23,"key":"SMITH"},{"floor":25,"key":"REST"},{"floor":28,"key":"REST"},{"data":"Pot Of Greed","floor":32,"key":"SMITH"},{"data":"Pot Of Greed","floor":47,"key":"SMITH"},{"data":"Pot Of Greed","floor":49,"key":"SMITH"},{"data":"infinitespire:Gouge","floor":52,"key":"SMITH"}],"circlet_count":0,"master_deck":["Strike_R","Strike_R","Strike_R+1","Strike_R","Defend_R","Defend_R+1","Bash+1","Twin Strike+1","Bandage Up+1","Cleave","Cleave","Demon Form+1","Headbutt","Sadistic Nature","Pot Of Greed+1","Pot Of Greed+1","Pommel Strike","Limit Break+1","Anger+1","Inflame+1","Perfected Strike+1","Clash","Heavy Blade","Offering","Pot Of Greed+1","Thunderclap","infinitespire:Gouge+1","Conjunction:Offense+1","Conjunction:Defense","Perfected Strike+1","Armaments+1","Pommel Strike+1","Clash+1","Clash+1"],"relics":["Burning Blood","Simple Rune","halation:QuantumPhysicsTextbook","Replay:Bandana","StuffTheSpire:Gunfinga","Guide Book","reliquary:Sideboard","reliquary:RoseTintedGlasses","ReplayTheSpireMod:TigerMarble","Grinning Jar","infinitespire:Lucky Rock","reliquary:PorcupineQuills","Toy Ornithopter","Mercury Hourglass","infinitespire:Eraser","hubris:ChampionShield","energizedSpire:OgreHead","Red Skull","infinitespire:BottledMercury","halation:Jellyphish","PreservedInsect","Molten Egg 2","hubris:CrystalStatue","ReplayTheSpireMod:Spearhead","ReplayFunnel","conspire:SlowCooker"],"acts_visited":["Exordium","TheCity","TheBeyond","TheEnding"],"potions_floor_usage":[7,7,14,19,21,24,27,30,31,31,44,46,48,54],"damage_taken":[{"damage":7.0,"enemies":"conspire:RoseBush","floor":1.0,"turns":4.0},{"damage":0.0,"enemies":"Small Slimes","floor":3.0,"turns":3.0},{"damage":6.0,"enemies":"infinitespire:Voidling","floor":4.0,"turns":3.0},{"damage":32,"enemies":"3 Sentries","floor":7,"turns":5},{"damage":45,"enemies":"Replay:BlueRogue","floor":11,"turns":5},{"damage":25,"enemies":"3 Sentries","floor":14,"turns":4},{"damage":0,"enemies":"Slime Boss","floor":16,"turns":5},{"damage":17,"enemies":"conspire:FuzzyDice","floor":18,"turns":5},{"damage":5,"enemies":"Spheric Guardian","floor":19,"turns":5},{"damage":32,"enemies":"conspire:HollyBat","floor":21,"turns":6},{"damage":41,"enemies":"Snake Plant","floor":22,"turns":3},{"damage":22,"enemies":"Snecko","floor":24,"turns":6},{"damage":30,"enemies":"Replay:Snechameleon","floor":27,"turns":4},{"damage":0,"enemies":"conspire:Head Lice","floor":30,"turns":6},{"damage":32,"enemies":"Book of Stabbing","floor":31,"turns":4},{"damage":50,"enemies":"conspire:MysteriousRune","floor":33,"turns":5},{"damage":24,"enemies":"3 Darklings","floor":35,"turns":4},{"damage":13,"enemies":"3 Shapes","floor":36,"turns":4},{"damage":37,"enemies":"Sphere and 2 Shapes","floor":38,"turns":4},{"damage":19,"enemies":"Nemesis","floor":40,"turns":3},{"damage":18,"enemies":"Giant Head","floor":42,"turns":5},{"damage":17,"enemies":"4 Shapes","floor":44,"turns":3},{"damage":6,"enemies":"Maw","floor":45,"turns":2},{"damage":6,"enemies":"Nemesis","floor":46,"turns":3},{"damage":11,"enemies":"Spire Growth","floor":48,"turns":2},{"damage":45,"enemies":"bossMod:newShapes","floor":50,"turns":5},{"damage":86,"enemies":"Shield and Spear","floor":54,"turns":4},{"damage":2,"enemies":"The Heart","floor":55,"turns":1}],"seed_played":"6732223661231535556","potions_obtained":[{"floor":1.0,"key":"ColorlessPotion"},{"floor":4.0,"key":"Conjunction:LightningMarble"},{"floor":11,"key":"DuplicationPotion"},{"floor":18,"key":"Block Potion"},{"floor":19,"key":"Toxic Potion"},{"floor":22,"key":"Dexterity Potion"},{"floor":24,"key":"SkillPotion"},{"floor":42,"key":"Weak Potion"},{"floor":44,"key":"Milkshake"},{"floor":45,"key":"SkillPotion"},{"floor":46,"key":"LiquidMemories"}],"is_trial":false,"path_per_floor":["M","$","M","M","?","R","E","?","T","$","E","R","$","E","R","B",null,"M","M","AVR","M","M","R","M","R","T","E","R","$","E","E","R","B",null,"M","M","?","M","$","E","AVR","E","T","M","M","E","R","M","R","B",null,"R","$","E","B"],"character_chosen":"IRONCLAD","items_purchased":["Simple Rune","halation:QuantumPhysicsTextbook","Bandage Up","StuffTheSpire:Gunfinga","Guide Book","reliquary:RoseTintedGlasses","ReplayTheSpireMod:TigerMarble","Headbutt","Sadistic Nature","Mercury Hourglass","Perfected Strike","PowerPotion","Strength Potion","Swift Potion","Red Skull","Clash","FairyPotion","Clash+1","ReplayTheSpireMod:Spearhead","Regen Potion"],"campfire_rested":2,"item_purchase_floors":[2,2,2,10,10,13,13,13,13,29,29,29,29,29,39,39,39,53,53,53],"current_hp_per_floor":[71,71,80,80,80,80,56,56,56,56,23,23,23,11,11,23,67,62,69,69,49,20,20,10,34,34,16,40,40,57,47,47,9,63,51,50,50,25,25,12,12,30,30,30,36,47,47,53,53,20,66,66,66,9,7,7],"gold":83,"neow_bonus":"HUNDRED_GOLD","is_daily":false,"chose_seed":false,"campfire_upgraded":7,"win_rate":0.0,"timestamp":1613779435,"path_taken":["M","$","M","M","?","R","E","?","T","$","E","R","$","E","R","BOSS","M","M","AVR","M","M","R","M","R","T","E","R","$","E","E","R","BOSS","M","?","?","M","$","E","AVR","E","T","M","M","E","R","?","R","BOSS","R","$","E","BOSS"],"items_purchased_type":["Relic","Relic","Card","Relic","Relic","Relic","Relic","Card","Card","Relic","Card","Potion","Potion","Potion","Relic","Card","Potion","Card","Relic","Potion"],"build_version":"2020-12-22","purchased_purges":4,"victory":false,"max_hp_per_floor":[80,80,80,80,80,80,80,80,80,80,80,80,80,81,81,81,81,81,81,81,81,81,81,81,81,81,81,81,81,81,81,81,81,81,81,81,81,81,81,81,81,81,81,81,81,81,81,81,81,81,81,81,81,81,81,81],"card_choices":[{"not_picked":["Blood for Blood","Life Link"],"picked":"Twin Strike","floor":1.0},{"not_picked":["Flex","Clothesline"],"picked":"Cleave","floor":3.0},{"not_picked":["ReplayTheSpireMod:Strike From Hell","ReplayTheSpireMod:Muscle Training"],"picked":"Cleave","floor":4.0},{"not_picked":["Clothesline","Flex","True Grit"],"picked":"SKIP","floor":7},{"not_picked":["conspire:Charge","Wild Strike"],"picked":"Demon Form","floor":11},{"not_picked":["StuffTheSpire:Slingshot","Twin Strike","StuffTheSpire:Incineration"],"picked":"SKIP","floor":14},{"not_picked":["Offering","conspire:Purge"],"picked":"Limit Break","floor":16},{"not_picked":["Sever Soul","Wild Strike"],"picked":"Pommel Strike","floor":18},{"not_picked":["Armaments","ReplayTheSpireMod:Strike From Hell","Rampage"],"picked":"SKIP","floor":19},{"not_picked":["Armaments","ReplayTheSpireMod:Strike From Hell","Rampage"],"picked":"SKIP","floor":19},{"not_picked":["Flex","Burning Pact"],"picked":"Inflame+1","floor":21},{"not_picked":["Iron Wave+1","Combust"],"picked":"Anger+1","floor":22},{"not_picked":["Headbutt","ReplayTheSpireMod:Stacked","Iron Wave"],"picked":"SKIP","floor":24},{"not_picked":["ReplayTheSpireMod:Stacked","hubris:StunningStrike","hubris:SharpeningStone"],"picked":"SKIP","floor":27},{"not_picked":["ReplayTheSpireMod:Strike From Hell","Run Through","StuffTheSpire:BloodClot+1"],"picked":"SKIP","floor":30},{"not_picked":["Infernal Blade","Havoc"],"picked":"Heavy Blade","floor":31},{"not_picked":["Barricade","Brutality"],"picked":"Offering","floor":33},{"not_picked":["StuffTheSpire:Slingshot","Dark Embrace+1","Wild Strike"],"picked":"SKIP","floor":35},{"not_picked":["Warcry+1","ReplayTheSpireMod:Corrosion Curse","Body Slam+1"],"picked":"SKIP","floor":36},{"not_picked":["Power Through","Clothesline"],"picked":"Thunderclap","floor":38},{"not_picked":["Wild Strike","Life Link+1","StuffTheSpire:Pyroclast+1"],"picked":"SKIP","floor":40},{"not_picked":["StuffTheSpire:TitanForm","Run Through"],"picked":"Perfected Strike+1","floor":42},{"not_picked":["hubris:SharpeningStone+1","Iron Wave+1"],"picked":"Armaments+1","floor":44},{"not_picked":["Second Wind+1","True Grit"],"picked":"Clash+1","floor":45},{"not_picked":["ReplayTheSpireMod:Strike From Hell+1","Fire Breathing+1","ReplayReversal"],"picked":"SKIP","floor":46},{"not_picked":["hubris:CleavingFinish+1","Shrug It Off+1"],"picked":"Pommel Strike+1","floor":48},{"not_picked":["StuffTheSpire:Resist+1","Second Wind+1"],"picked":"Shockwave","floor":54}],"player_experience":3202206,"relics_obtained":[{"floor":7,"key":"Replay:Bandana"},{"floor":11,"key":"reliquary:Sideboard"},{"floor":14,"key":"Grinning Jar"},{"floor":26,"key":"reliquary:PorcupineQuills"},{"floor":27,"key":"Toy Ornithopter"},{"floor":30,"key":"infinitespire:Eraser"},{"floor":31,"key":"hubris:ChampionShield"},{"floor":40,"key":"infinitespire:BottledMercury"},{"floor":42,"key":"PreservedInsect"},{"floor":43,"key":"Molten Egg 2"},{"floor":46,"key":"hubris:CrystalStatue"},{"floor":54,"key":"ReplayFunnel"}],"event_choices":[{"damage_healed":0.0,"max_hp_gain":0.0,"max_hp_loss":0.0,"gold_gain":1.0,"event_name":"betterStone:BetterStone","player_choice":"1","floor":5.0,"gold_loss":0.0,"damage_taken":0.0},{"damage_healed":0,"gold_gain":0,"player_choice":"Cursed","damage_taken":0,"max_hp_gain":0,"max_hp_loss":0,"event_name":"Wheel of Change","floor":8,"gold_loss":0,"cards_obtained":["Decay"]},{"damage_healed":0,"gold_gain":0,"player_choice":"Upgraded","damage_taken":0,"max_hp_gain":0,"max_hp_loss":0,"event_name":"Upgrade Shrine","floor":37,"gold_loss":0,"cards_upgraded":["Perfected Strike"]}],"is_beta":false,"boss_relics":[{"not_picked":["aspiration:RitualDagger","energizedSpire:DecayingSkull","Busted Crown"]},{"not_picked":["energizedSpire:HugeHouse","aspiration:RunicSpoon"],"picked":"energizedSpire:OgreHead"}],"items_purged_floors":[2,10,20,39],"is_endless":false,"potions_floor_spawned":[1,4,11,18,19,22,24,42,44,45,46],"killed_by":"The Heart","ascension_level":8}}