{"host":"dmtlrev5pkc1867p","time":1613822243,"event":{"mods":["AchievementEnabler","BaseMod","Colored Map","Colored Powertips","Downfall","Hermit","Highlight Path","Hubris","Infinite Spire","Marisa¡]Ãú«B¡@Å]²z¨F¡^","Minty Spire (QoL Compilation)","Permanent Neow","Quick Restart","Rare Cards Sparkle","Relic Sorter","Relic Stats","Replay The Spire","Shop Mod","StSLib","SuperFastMode","The Construct","The Cursed","The Mystic","The Necromancer","The Poker Player","The Runesmith","The Servant 0.9.4"],"gold_per_floor":[99,116,101,113,113,563,616,616,644,344,358,374,374,374,374,374,374],"floor_reached":16,"language":"ZHS","playtime":708,"items_purged":[],"score":252,"play_id":"ceff4a85-2248-456d-a2db-a50264dd4173","local_time":"20210220195723","is_ascension_mode":true,"campfire_choices":[{"floor":1.0,"key":"RECALL"},{"floor":10.0,"key":"REST"},{"floor":15,"key":"REST"}],"circlet_count":0,"master_deck":["AscendersBane","TheCursedMod:Strike_TheCursed+1","TheCursedMod:Strike_TheCursed","TheCursedMod:Strike_TheCursed","TheCursedMod:Defend_TheCursed","TheCursedMod:Defend_TheCursed+1","TheCursedMod:Defend_TheCursed","TheCursedMod:Defend_TheCursed","TheCursedMod:CursedWand","TheCursedMod:CleanUpWorkshop","TheCursedMod:Dregs","Bandage Up","TheCursedMod:WearCloak","TheCursedMod:CursedAmulet","TheCursedMod:ManaBullet","downfall:Icky","downfall:Icky","downfall:Icky","TheCursedMod:ReleasedStrength","TheCursedMod:BloodBarrier","TheCursedMod:FleshFromBone"],"relics":["TheCursedMod:BlackMagic101","hubris:Icosahedron","Gremlin Food","downfall:HeartBlessingBlue","downfall:HeartBlessingGreen","downfall:HeartBlessingRed","downfall:BrokenWingStatue"],"acts_visited":["Exordium"],"potions_floor_usage":[16],"damage_taken":[{"damage":1.0,"enemies":"Cultist","floor":2.0,"turns":4.0},{"damage":0.0,"enemies":"downfall:FleeingMerchant","floor":3.0,"turns":4.0},{"damage":2.0,"enemies":"2 Louse","floor":4.0,"turns":4.0},{"damage":63.0,"enemies":"3 Sentries","floor":9.0,"turns":23.0},{"damage":0.0,"enemies":"Small Slimes","floor":11.0,"turns":5.0},{"damage":10.0,"enemies":"2 Fungi Beasts","floor":12.0,"turns":5.0},{"damage":104,"enemies":"WA_ARCHETYPE_RETAIN","floor":16,"turns":15}],"seed_played":"8072929815565478629","potions_obtained":[{"floor":2.0,"key":"Block Potion"},{"floor":9.0,"key":"Explosive Potion"},{"floor":12.0,"key":"Regen Potion"}],"is_trial":false,"path_per_floor":["R","M","$","M","?","?","T","?","E","R","M","M","?","?","R","B"],"character_chosen":"THE_CURSED","items_purchased":[],"campfire_rested":2,"item_purchase_floors":[],"current_hp_per_floor":[68,71,75,75,75,75,75,75,16,51,55,49,49,74,85,0,0],"gold":374,"neow_bonus":"RANDOM_COLORLESS","is_daily":false,"chose_seed":false,"campfire_upgraded":0,"win_rate":0.0,"timestamp":1613822243,"path_taken":["R","M","$","?","?","?","T","?","E","R","M","M","?","?","R","BOSS"],"items_purchased_type":[],"build_version":"2020-12-22","purchased_purges":0,"victory":false,"max_hp_per_floor":[75,75,75,75,75,75,75,75,75,85,85,85,85,85,85,85,85],"relic_stats":{"counters":[7,60],"obtain_stats":[{"Gremlin Food":9,"TheCursedMod:BlackMagic101":0,"hubris:Icosahedron":8,"downfall:BrokenWingStatue":13,"downfall:HeartBlessingRed":10,"downfall:HeartBlessingBlue":10,"downfall:HeartBlessingGreen":10},{"Gremlin Food":4,"TheCursedMod:BlackMagic101":0,"hubris:Icosahedron":3,"downfall:BrokenWingStatue":6,"downfall:HeartBlessingRed":4,"downfall:HeartBlessingBlue":4,"downfall:HeartBlessingGreen":4},{"Gremlin Food":35,"TheCursedMod:BlackMagic101":0,"hubris:Icosahedron":12,"downfall:BrokenWingStatue":45,"downfall:HeartBlessingRed":35,"downfall:HeartBlessingBlue":35,"downfall:HeartBlessingGreen":35}]},"card_choices":[{"not_picked":["ReplayTheSpireMod:Uncanny Aura","Blind"],"picked":"Bandage Up","floor":0.0},{"not_picked":["TheCursedMod:Torture","TheCursedMod:CursedMace"],"picked":"TheCursedMod:WearCloak","floor":2.0},{"not_picked":["TheCursedMod:Stretching","TheCursedMod:SmokeScreen"],"picked":"TheCursedMod:CursedAmulet","floor":3.0},{"not_picked":["TheCursedMod:CursedMace","TheCursedMod:BlessingInDisguise"],"picked":"TheCursedMod:ManaBullet","floor":4.0},{"not_picked":["TheCursedMod:Mangle","TheCursedMod:ShockAndAwe"],"picked":"TheCursedMod:ReleasedStrength","floor":9.0},{"not_picked":["TheCursedMod:WearCloak","TheCursedMod:CircleOfCorruption"],"picked":"TheCursedMod:BloodBarrier","floor":11.0},{"not_picked":["TheCursedMod:Stigma","TheCursedMod:SmokeScreen"],"picked":"TheCursedMod:FleshFromBone","floor":12.0}],"player_experience":746524,"relics_obtained":[{"floor":9.0,"key":"Gremlin Food"}],"event_choices":[],"is_beta":false,"boss_relics":[],"items_purged_floors":[],"is_endless":false,"potions_floor_spawned":[2,9,12],"killed_by":"WA_ARCHETYPE_RETAIN","ascension_level":11}}