{"host":"mydft8i2zzydgggw","time":1613810129,"event":{"mods":["AchievementEnabler","BaseMod","Colored Map","Colored Powertips","DeckTracker","Keyboard Shortcuts","Minty Spire (QoL Compilation)","Rare Cards Sparkle","Relic Stats","StSLib","SuperFastMode","Together in Spire","everything is the same but u backflip on backflip"],"gold_per_floor":[114,130,142,157,157,157,176,176,223,234,250,263,263,279,279,279,279],"floor_reached":16,"language":"KOR","playtime":383,"items_purged":[],"score":162,"play_id":"e5b26cd7-b210-4ea8-bc76-d1366c08d3d5","local_time":"20210220173529","is_ascension_mode":true,"campfire_choices":[{"data":"Doppelganger","floor":6,"key":"SMITH"},{"data":"Adrenaline","floor":13,"key":"SMITH"},{"data":"Neutralize","floor":15,"key":"SMITH"}],"circlet_count":0,"master_deck":["AscendersBane","Strike_G","Strike_G","Strike_G","Strike_G","Defend_G","Defend_G","Defend_G","Defend_G","Defend_G","Survivor","Neutralize+1","Doppelganger+1","Dagger Spray","Backflip","Adrenaline+1","Escape Plan","Blade Dance","Tactician","Heel Hook"],"relics":["Ring of the Snake","PreservedInsect"],"acts_visited":["Exordium"],"potions_floor_usage":[4,10,16,16],"damage_taken":[{"damage":0,"enemies":"Jaw Worm","floor":1,"turns":6},{"damage":0,"enemies":"2 Louse","floor":2,"turns":3},{"damage":0,"enemies":"Cultist","floor":3,"turns":4},{"damage":18,"enemies":"Gremlin Gang","floor":4,"turns":4},{"damage":0,"enemies":"Red Slaver","floor":7,"turns":4},{"damage":0,"enemies":"Large Slime","floor":10,"turns":5},{"damage":1,"enemies":"2 Fungi Beasts","floor":11,"turns":4},{"damage":4,"enemies":"Exordium Thugs","floor":12,"turns":4},{"damage":0,"enemies":"Exordium Wildlife","floor":14,"turns":3},{"damage":42,"enemies":"The Guardian","floor":16,"turns":18}],"seed_played":"7297321498134451580","potions_obtained":[{"floor":3,"key":"LiquidBronze"},{"floor":7,"key":"Explosive Potion"},{"floor":10,"key":"Explosive Potion"},{"floor":12,"key":"Swift Potion"}],"is_trial":false,"path_per_floor":["M","M","M","M","?","R","M","?","T","M","M","M","R","M","R","B"],"character_chosen":"THE_SILENT","items_purchased":[],"campfire_rested":0,"item_purchase_floors":[],"current_hp_per_floor":[63,63,63,45,45,45,45,45,45,45,44,40,40,40,40,0,0],"gold":279,"neow_bonus":"THREE_RARE_CARDS","is_daily":false,"chose_seed":false,"campfire_upgraded":3,"win_rate":0.0,"timestamp":1613810129,"path_taken":["M","M","M","M","?","R","M","?","T","M","?","M","R","M","R","BOSS"],"items_purchased_type":[],"build_version":"2020-12-22","purchased_purges":0,"victory":false,"max_hp_per_floor":[63,63,63,63,63,63,63,63,63,63,63,63,63,63,63,63,63],"relic_stats":{"counters":[10,55],"PreservedInsect":0,"obtain_stats":[{"PreservedInsect":9,"Ring of the Snake":0},{"PreservedInsect":5,"Ring of the Snake":0},{"PreservedInsect":21,"Ring of the Snake":0}],"Ring of the Snake":[20]},"card_choices":[{"not_picked":["Glass Knife","Tools of the Trade"],"picked":"Doppelganger","floor":0},{"not_picked":["Blade Dance","Prepared"],"picked":"Dagger Spray","floor":1},{"not_picked":["Slice","Deadly Poison"],"picked":"Backflip","floor":2},{"not_picked":["Quick Slash","PiercingWail","Infinite Blades"],"picked":"SKIP","floor":3},{"not_picked":["Backflip","Slice"],"picked":"Adrenaline","floor":4},{"not_picked":["Outmaneuver","Bouncing Flask"],"picked":"Escape Plan","floor":7},{"not_picked":["Poisoned Stab","Dodge and Roll","Leg Sweep"],"picked":"SKIP","floor":10},{"not_picked":["Dagger Throw","Unload"],"picked":"Blade Dance","floor":11},{"not_picked":["Dodge and Roll","Noxious Fumes"],"picked":"Tactician","floor":12},{"not_picked":["Poisoned Stab","Flying Knee"],"picked":"Heel Hook","floor":14}],"player_experience":295613,"relics_obtained":[{"floor":9,"key":"PreservedInsect"}],"event_choices":[{"damage_healed":0,"gold_gain":0,"player_choice":"Ignored","damage_taken":0,"max_hp_gain":0,"max_hp_loss":0,"event_name":"Liars Game","floor":5,"gold_loss":0},{"cards_removed":["Strike_G"],"damage_healed":0,"gold_gain":0,"player_choice":"Purged","damage_taken":0,"max_hp_gain":0,"max_hp_loss":0,"event_name":"Purifier","floor":8,"gold_loss":0}],"is_beta":false,"boss_relics":[],"items_purged_floors":[],"is_endless":false,"potions_floor_spawned":[3,7,10,12],"killed_by":"The Guardian","ascension_level":13}}