{"host":"d54lcqy5t45er8jx","time":1613811379,"event":{"mods":["2.2 Compatiblity","BaseMod","CapriCore","Colored Powertips","Defuse TimeMaze Blight","Friendly Minions","Hermit","Hubris","Infinite Spire","KinomotoSakuraMod(ÙÊñýÜâ?)","Marisa£¨Ùöéë¡¡Øª×âÞÞ£©","Minty Spire (QoL Compilation)","Quick Restart","Railgun Mod","Rare Cards Sparkle","Relic Stats","Remilia£¨?Ú·×é?£©","StSLib","The Alterego","The Animator","The Cursed","The Immortal","The Servant 0.9.4","WarShipGirlsR/??á´Ò³R mod","Yakumo Yukari mod","Yohane!","Yuri Mod"],"gold_per_floor":[110,123,136,147,158,128,128],"floor_reached":6,"language":"ENG","playtime":1669,"items_purged":[],"score":40,"play_id":"55202e44-5dcd-4a41-aca9-2149af42334d","local_time":"20210220175619","is_ascension_mode":false,"campfire_choices":[],"circlet_count":0,"master_deck":["ScarletDream+1","alterego_mod:Strike","alterego_mod:Strike","alterego_mod:Strike","alterego_mod:Strike","alterego_mod:Defend","alterego_mod:Defend","alterego_mod:Defend","alterego_mod:Defend","alterego_mod:Impale","alterego_mod:BigMeatyClaws","alterego_mod:BrynhildrsRune","alterego_mod:BiFurious","alterego_mod:Crossover","alterego_mod:Birthday","alterego_mod:AlterEgo"],"relics":["alterego_mod:MasochisticConstitution"],"acts_visited":["Exordium"],"potions_floor_usage":[6,6],"damage_taken":[{"damage":7,"enemies":"2 Louse","floor":1,"turns":4},{"damage":6,"enemies":"Small Slimes","floor":2,"turns":3},{"damage":18,"enemies":"Jaw Worm","floor":3,"turns":3},{"damage":7,"enemies":"Looter","floor":4,"turns":3},{"damage":18,"enemies":"Large Slime","floor":5,"turns":5},{"damage":56,"enemies":"Gremlin Nob","floor":6,"turns":4}],"seed_played":"-117259320760345271","potions_obtained":[{"floor":2,"key":"PowerPotion"},{"floor":3,"key":"BlessingOfTheForge"},{"floor":4,"key":"Dexterity Potion"}],"is_trial":false,"path_per_floor":["M","M","M","M","M","E"],"character_chosen":"The_Alterego","items_purchased":[],"campfire_rested":0,"item_purchase_floors":[],"current_hp_per_floor":[78,79,62,65,50,0,0],"gold":128,"neow_bonus":"TEN_PERCENT_HP_BONUS","is_daily":false,"chose_seed":false,"campfire_upgraded":0,"win_rate":0.0,"timestamp":1613811379,"path_taken":["M","M","M","M","M","E"],"items_purchased_type":[],"build_version":"2020-12-22","purchased_purges":0,"victory":false,"max_hp_per_floor":[78,79,80,81,82,82,82],"relic_stats":{"counters":[6,22],"obtain_stats":[{"alterego_mod:MasochisticConstitution":0},{"alterego_mod:MasochisticConstitution":0},{"alterego_mod:MasochisticConstitution":0}]},"card_choices":[{"not_picked":["alterego_mod:Skirt","alterego_mod:1TonWallop"],"picked":"alterego_mod:BiFurious","floor":1},{"not_picked":["alterego_mod:Cycle","alterego_mod:BoobPocket"],"picked":"alterego_mod:Crossover","floor":2},{"not_picked":["alterego_mod:PerceptionDisorder","alterego_mod:TrashNCrash"],"picked":"alterego_mod:Birthday","floor":3},{"not_picked":["alterego_mod:Jiggle","alterego_mod:1TonWallop"],"picked":"alterego_mod:AlterEgo","floor":4},{"not_picked":["alterego_mod:Crossover","alterego_mod:Undulate","alterego_mod:Valentines"],"picked":"SKIP","floor":5}],"player_experience":1001030,"relics_obtained":[],"event_choices":[],"is_beta":false,"boss_relics":[],"items_purged_floors":[],"is_endless":false,"potions_floor_spawned":[2,3,4],"killed_by":"Gremlin Nob","ascension_level":0}}