{"host":"7cp3z5w0tcrrm8ys","time":1613811111,"event":{"mods":["AchievementEnabler","BaseMod","DeckTracker","Minty Spire (QoL Compilation)","StSLib","SuperFastMode"],"gold_per_floor":[118,118,130,143,143,143,170,186,212,224,224,224,58,69,69,143,143,161,111,125,142,13,13,24,24,24,40,59,59,84,101,101,173,173,183,21,41,60,0,0,13,13,37,37,37],"floor_reached":44,"language":"KOR","playtime":1677,"items_purged":["Strike_R"],"score":868,"play_id":"f1af4fde-db7e-4a6d-809d-8f2d9c613726","local_time":"20210220175151","is_ascension_mode":true,"campfire_choices":[{"data":"Carnage","floor":6,"key":"SMITH"},{"floor":11,"key":"REST"},{"data":"Shrug It Off","floor":15,"key":"SMITH"},{"floor":23,"key":"REST"},{"floor":25,"key":"REST"},{"floor":29,"key":"REST"},{"floor":32,"key":"REST"},{"floor":40,"key":"REST"},{"floor":42,"key":"REST"}],"circlet_count":0,"master_deck":["AscendersBane","Bash+1","Wild Strike","Shrug It Off+1","Carnage+1","Dropkick","Second Wind+1","Combust+1","Shrug It Off","Feed","Battle Trance","Power Through+1","Intimidate","Clothesline+1","Impervious","Dual Wield+1","Thunderclap+1","Exhume","Battle Trance","Barricade","Reaper","Barricade","Offering","Shrug It Off","Pommel Strike","Double Tap","True Grit+1","Dropkick","Fiend Fire"],"relics":["Burning Blood","Nunchaku","Dream Catcher","Centennial Puzzle","TheAbacus","Fusion Hammer","Blue Candle","Akabeko","Pandora\u0027s Box","Orrery","Red Mask","Bag of Preparation"],"acts_visited":["Exordium","TheCity","TheBeyond"],"potions_floor_usage":[7,7,8,16,24,28,30,33,35],"damage_taken":[{"damage":0,"enemies":"2 Louse","floor":1,"turns":3},{"damage":0,"enemies":"Jaw Worm","floor":3,"turns":3},{"damage":0,"enemies":"Small Slimes","floor":4,"turns":2},{"damage":29,"enemies":"Lagavulin","floor":7,"turns":6},{"damage":0,"enemies":"2 Fungi Beasts","floor":8,"turns":2},{"damage":6,"enemies":"Looter","floor":10,"turns":2},{"damage":8,"enemies":"Exordium Thugs","floor":14,"turns":4},{"damage":33,"enemies":"The Guardian","floor":16,"turns":9},{"damage":13,"enemies":"Spheric Guardian","floor":18,"turns":5},{"damage":8,"enemies":"Chosen","floor":20,"turns":4},{"damage":11,"enemies":"Snecko","floor":21,"turns":5},{"damage":41,"enemies":"Cultist and Chosen","floor":24,"turns":7},{"damage":7,"enemies":"Snake Plant","floor":27,"turns":6},{"damage":11,"enemies":"3 Cultists","floor":28,"turns":5},{"damage":21,"enemies":"Book of Stabbing","floor":30,"turns":6},{"damage":14,"enemies":"Sentry and Sphere","floor":31,"turns":4},{"damage":32,"enemies":"Automaton","floor":33,"turns":9},{"damage":19,"enemies":"3 Shapes","floor":35,"turns":6},{"damage":11,"enemies":"Orb Walker","floor":37,"turns":2},{"damage":17,"enemies":"3 Darklings","floor":38,"turns":6},{"damage":21,"enemies":"Jaw Worm Horde","floor":41,"turns":5},{"damage":92,"enemies":"Giant Head","floor":44,"turns":9}],"seed_played":"4260737649922105293","potions_obtained":[{"floor":3,"key":"Block Potion"},{"floor":4,"key":"AttackPotion"},{"floor":7,"key":"BlessingOfTheForge"},{"floor":10,"key":"SneckoOil"},{"floor":24,"key":"Swift Potion"},{"floor":27,"key":"DistilledChaos"},{"floor":28,"key":"GamblersBrew"},{"floor":31,"key":"ColorlessPotion"},{"floor":37,"key":"Ancient Potion"}],"is_trial":false,"path_per_floor":["M","?","M","M","?","R","E","M","T","M","R","?","$","M","R","B",null,"M","?","M","M","$","R","M","R","T","M","M","R","E","M","R","B",null,"M","$","M","M","?","R","M","R","T","E"],"character_chosen":"IRONCLAD","items_purchased":["TheAbacus","BloodPotion","Orrery"],"campfire_rested":7,"item_purchase_floors":[13,22,36],"current_hp_per_floor":[74,51,57,63,45,45,22,28,28,28,50,43,43,41,41,14,60,53,53,51,46,46,68,48,70,70,69,64,75,60,52,74,51,71,67,67,62,55,55,79,67,84,84,0,0],"gold":37,"neow_bonus":"THREE_CARDS","is_daily":false,"chose_seed":false,"campfire_upgraded":2,"win_rate":0.0,"timestamp":1613811111,"path_taken":["M","?","M","M","?","R","E","M","T","M","R","?","$","M","R","BOSS","M","?","M","M","$","R","M","R","T","M","M","R","E","?","R","BOSS","M","$","M","M","?","R","M","R","T","E"],"items_purchased_type":["Relic","Potion","Relic"],"build_version":"2020-12-22","purchased_purges":1,"victory":false,"max_hp_per_floor":[75,75,75,75,75,75,75,75,75,75,75,75,75,75,75,75,75,75,75,75,75,75,75,75,75,75,75,75,75,75,75,75,78,78,81,81,81,81,81,81,84,84,84,84,84],"card_choices":[{"not_picked":["Heavy Blade","Clash"],"picked":"Wild Strike","floor":0},{"not_picked":["Warcry","Ghostly Armor"],"picked":"Shrug It Off","floor":1},{"not_picked":["Spot Weakness","Clothesline"],"picked":"Carnage","floor":3},{"not_picked":["Clothesline","Burning Pact","Twin Strike"],"picked":"SKIP","floor":4},{"not_picked":["Pummel","Sword Boomerang"],"picked":"Dropkick","floor":7},{"not_picked":["Wild Strike","Havoc"],"picked":"Second Wind","floor":8},{"not_picked":["Spot Weakness","Iron Wave"],"picked":"Combust","floor":10},{"not_picked":["Second Wind","Headbutt"],"picked":"Shrug It Off","floor":11},{"not_picked":["Pommel Strike","Headbutt","Clothesline"],"picked":"SKIP","floor":14},{"not_picked":["Bludgeon","Demon Form"],"picked":"Feed","floor":16},{"not_picked":["Headbutt","Anger"],"picked":"Battle Trance","floor":18},{"not_picked":["Pommel Strike","Clash"],"picked":"Power Through+1","floor":20},{"not_picked":["Twin Strike","Sword Boomerang","Pommel Strike"],"picked":"SKIP","floor":21},{"not_picked":["Bloodletting","Iron Wave"],"picked":"Intimidate","floor":23},{"not_picked":["Rampage","Whirlwind"],"picked":"Clothesline+1","floor":24},{"not_picked":["Pommel Strike","Thunderclap"],"picked":"Impervious","floor":25},{"not_picked":["Heavy Blade","True Grit","Searing Blow"],"picked":"SKIP","floor":27},{"not_picked":["Perfected Strike","Thunderclap","Pommel Strike"],"picked":"SKIP","floor":28},{"not_picked":["Metallicize","Clothesline"],"picked":"Dual Wield+1","floor":29},{"not_picked":["Wild Strike","Headbutt"],"picked":"Thunderclap+1","floor":30},{"not_picked":["Perfected Strike","Second Wind"],"picked":"Exhume","floor":31},{"not_picked":["Thunderclap","Flex"],"picked":"Battle Trance","floor":32},{"not_picked":["Cleave","Pommel Strike"],"picked":"True Grit+1","floor":35},{"not_picked":["Fiend Fire","Blood for Blood"],"picked":"Dropkick","floor":36},{"not_picked":["Iron Wave","Spot Weakness","Warcry"],"picked":"SKIP","floor":37},{"not_picked":["Headbutt","Battle Trance+1","Anger"],"picked":"SKIP","floor":38},{"not_picked":["Headbutt+1","Thunderclap"],"picked":"Fiend Fire","floor":41}],"player_experience":829902,"relics_obtained":[{"floor":7,"key":"Dream Catcher"},{"floor":9,"key":"Centennial Puzzle"},{"floor":26,"key":"Blue Candle"},{"floor":30,"key":"Akabeko"},{"floor":43,"key":"Bag of Preparation"}],"event_choices":[{"damage_healed":0,"gold_gain":0,"player_choice":"Entered Light","damage_taken":23,"max_hp_gain":0,"max_hp_loss":0,"event_name":"Shining Light","floor":2,"gold_loss":0,"cards_upgraded":["Defend_R","Bash"]},{"damage_healed":0,"gold_gain":0,"player_choice":"Success","damage_taken":18,"relics_obtained":["Nunchaku"],"max_hp_gain":0,"max_hp_loss":0,"event_name":"Scrap Ooze","floor":5,"gold_loss":0},{"cards_removed":["Strike_R"],"damage_healed":0,"gold_gain":0,"player_choice":"Card Removal","damage_taken":7,"max_hp_gain":0,"max_hp_loss":0,"event_name":"Golden Wing","floor":12,"gold_loss":0},{"damage_healed":0,"gold_gain":0,"player_choice":"Upgraded Two","damage_taken":0,"max_hp_gain":0,"max_hp_loss":0,"event_name":"Designer","floor":19,"gold_loss":50,"cards_upgraded":["Combust","Second Wind"]},{"damage_healed":0,"gold_gain":0,"player_choice":"Paid","damage_taken":0,"relics_obtained":["Red Mask"],"max_hp_gain":0,"max_hp_loss":0,"event_name":"Tomb of Lord Red Mask","floor":39,"gold_loss":60}],"is_beta":false,"boss_relics":[{"not_picked":["Philosopher\u0027s Stone","Sozu"],"picked":"Fusion Hammer"},{"not_picked":["Velvet Choker","Black Blood"],"picked":"Pandora\u0027s Box"}],"items_purged_floors":[22],"is_endless":false,"potions_floor_spawned":[3,4,7,10,24,27,28,31,37],"killed_by":"Giant Head","ascension_level":20}}