{"host":"uhi6g4fgvyietct9","time":1613838966,"event":{"mods":["AchievementEnabler","BaseMod","Colored Map","Colored Powertips","Minty Spire (QoL Compilation)","StSLib","SuperFastMode"],"gold_per_floor":[110,36,36,36,50,93,93,129,129,153,177,221,4,34,34,160,223,247,262,114,114,114,114,152,42,42,57,78,78,78],"floor_reached":29,"language":"KOR","playtime":1491,"items_purged":["Strike_G","Strike_G"],"score":443,"play_id":"6c75dfe3-b0e3-4bdd-b51d-e7c99403edfa","local_time":"20210221013606","is_ascension_mode":true,"campfire_choices":[{"data":"Noxious Fumes","floor":7.0,"key":"SMITH"},{"floor":15.0,"key":"REST"},{"data":"1","floor":23.0,"key":"LIFT"}],"circlet_count":0,"master_deck":["AscendersBane","Strike_G","Strike_G","Strike_G","Defend_G","Defend_G","Defend_G","Defend_G","Defend_G","Survivor","Neutralize","Backstab","Noxious Fumes+1","Blade Dance","Tools of the Trade","Reflex","Poisoned Stab","Well Laid Plans","Slice+1","After Image","Acrobatics","Deflect","Deflect","Distraction+1"],"relics":["Ring of the Snake","NeowsBlessing","Golden Idol","Girya","Tiny Chest","The Specimen","Ginger","Membership Card","Oddly Smooth Stone","Tiny House","Vajra","CaptainsWheel","The Courier","Mummified Hand","Orichalcum"],"acts_visited":["Exordium","TheCity"],"potions_floor_usage":[28,29],"damage_taken":[{"damage":0.0,"enemies":"Jaw Worm","floor":1.0,"turns":1.0},{"damage":0.0,"enemies":"2 Louse","floor":5.0,"turns":1.0},{"damage":0.0,"enemies":"Lagavulin","floor":6.0,"turns":1.0},{"damage":5.0,"enemies":"3 Sentries","floor":8.0,"turns":5.0},{"damage":0.0,"enemies":"Cultist","floor":10.0,"turns":3.0},{"damage":5.0,"enemies":"Gremlin Gang","floor":11.0,"turns":5.0},{"damage":28.0,"enemies":"Lagavulin","floor":12.0,"turns":7.0},{"damage":18.0,"enemies":"Slime Boss","floor":16.0,"turns":8.0},{"damage":0.0,"enemies":"Chosen","floor":18.0,"turns":4.0},{"damage":20.0,"enemies":"Shell Parasite","floor":19.0,"turns":8.0},{"damage":16.0,"enemies":"Gremlin Leader","floor":24.0,"turns":6.0},{"damage":18.0,"enemies":"Snake Plant","floor":27.0,"turns":5.0},{"damage":6,"enemies":"Sentry and Sphere","floor":28,"turns":5},{"damage":9,"enemies":"Book of Stabbing","floor":29,"turns":1}],"seed_played":"7926063813941712193","potions_obtained":[{"floor":1.0,"key":"ColorlessPotion"},{"floor":6.0,"key":"AttackPotion"},{"floor":12.0,"key":"AttackPotion"},{"floor":16.0,"key":"Strength Potion"},{"floor":17.0,"key":"CunningPotion"},{"floor":18.0,"key":"ColorlessPotion"},{"floor":27.0,"key":"Strength Potion"},{"floor":28,"key":"SteroidPotion"}],"is_trial":false,"path_per_floor":["M","$","?","?","M","E","R","E","T","M","M","E","$","?","R","B",null,"M","M","$","?","T","R","E","?","T","M","M","E"],"character_chosen":"THE_SILENT","items_purchased":["Noxious Fumes","Membership Card","Slice","Vajra","PowerPotion"],"campfire_rested":1,"item_purchase_floors":[2,13,13,20,20],"current_hp_per_floor":[63,63,63,63,63,63,63,58,58,58,53,25,25,25,46,28,65,65,45,45,45,45,45,29,29,29,11,5,0,0],"gold":78,"neow_bonus":"THREE_ENEMY_KILL","is_daily":false,"chose_seed":false,"campfire_upgraded":1,"win_rate":0.0,"timestamp":1613838966,"path_taken":["M","$","?","?","?","E","R","E","T","M","?","E","$","?","R","BOSS","M","M","$","?","?","R","E","?","T","M","?","E"],"items_purchased_type":["Card","Relic","Card","Relic","Potion"],"build_version":"2020-12-22","purchased_purges":2,"victory":false,"max_hp_per_floor":[70,70,70,70,70,70,70,70,70,70,70,70,70,70,70,70,75,75,75,75,75,75,75,75,75,75,75,75,75,75],"card_choices":[{"not_picked":["Well Laid Plans","Backflip"],"picked":"Backstab","floor":1.0},{"not_picked":["Deadly Poison","Riddle With Holes","Outmaneuver"],"picked":"SKIP","floor":5.0},{"not_picked":["Bane","Concentrate"],"picked":"Blade Dance","floor":6.0},{"not_picked":["Caltrops","Slice"],"picked":"Tools of the Trade","floor":8.0},{"not_picked":["Crippling Poison","Poisoned Stab"],"picked":"Reflex","floor":10.0},{"not_picked":["Dagger Throw","Riddle With Holes"],"picked":"Poisoned Stab","floor":11.0},{"not_picked":["Setup","Expertise"],"picked":"Well Laid Plans","floor":12.0},{"not_picked":["Unload","Night Terror"],"picked":"After Image","floor":16.0},{"not_picked":["Flying Knee","Dagger Spray"],"picked":"Acrobatics","floor":17.0},{"not_picked":["Slice","Endless Agony"],"picked":"Deflect","floor":18.0},{"not_picked":["Heel Hook","Catalyst","Acrobatics"],"picked":"SKIP","floor":19.0},{"not_picked":["Night Terror","Sucker Punch+1","Expertise+1"],"picked":"SKIP","floor":24.0},{"not_picked":["Underhanded Strike","Crippling Poison"],"picked":"Deflect","floor":27.0},{"not_picked":["Acrobatics","Choke+1"],"picked":"Distraction+1","floor":28}],"player_experience":607085,"relics_obtained":[{"floor":6.0,"key":"Girya"},{"floor":8.0,"key":"Tiny Chest"},{"floor":9.0,"key":"The Specimen"},{"floor":12.0,"key":"Ginger"},{"floor":22.0,"key":"CaptainsWheel"},{"floor":24.0,"key":"The Courier"},{"floor":26.0,"key":"Orichalcum"}],"event_choices":[{"damage_healed":0.0,"max_hp_gain":0.0,"max_hp_loss":0.0,"gold_gain":0.0,"event_name":"Golden Idol","player_choice":"Take Wound","floor":3.0,"gold_loss":0.0,"damage_taken":0.0,"relics_obtained":["Golden Idol"],"cards_obtained":["Injury"]},{"cards_removed":["Injury"],"damage_healed":0.0,"max_hp_gain":0.0,"max_hp_loss":0.0,"gold_gain":0.0,"event_name":"Purifier","player_choice":"Purged","floor":4.0,"gold_loss":0.0,"damage_taken":0.0},{"damage_healed":0.0,"max_hp_gain":0.0,"max_hp_loss":0.0,"gold_gain":30.0,"event_name":"Dead Adventurer","player_choice":"Searched \u00273\u0027 times","floor":14.0,"gold_loss":0.0,"damage_taken":0.0,"relics_obtained":["Oddly Smooth Stone"]},{"damage_healed":0.0,"max_hp_gain":0.0,"max_hp_loss":0.0,"gold_gain":0.0,"event_name":"Ghosts","player_choice":"Ignored","floor":21.0,"gold_loss":0.0,"damage_taken":0.0},{"damage_healed":0.0,"max_hp_gain":0.0,"max_hp_loss":0.0,"gold_gain":0.0,"event_name":"WeMeetAgain","player_choice":"Paid Gold","floor":25.0,"gold_loss":110.0,"damage_taken":0.0,"relics_obtained":["Mummified Hand"]}],"is_beta":false,"boss_relics":[{"not_picked":["SlaversCollar","Pandora\u0027s Box"],"picked":"Tiny House"}],"items_purged_floors":[13,20],"is_endless":false,"potions_floor_spawned":[1,6,12,16,18,27,28],"killed_by":"Book of Stabbing","ascension_level":11}}