{"host":"2se5dq1do2gp0x9k","time":1613800820,"event":{"mods":["AchievementEnabler","BaseMod","Block Reminder","Colored Map","Colored Powertips","Minty Spire (QoL Compilation)","Relic Stats","StSLib","SuperFastMode"],"gold_per_floor":[18,18,118,130,72,72,87,106,106,106,106,134,134,164,164,242,242,260,175,25,39,54,54,54],"floor_reached":23,"language":"ENG","playtime":726,"items_purged":["Strike_B"],"score":398,"play_id":"5e285547-43d5-4d06-8e6b-2e1c23db262a","local_time":"20210219220020","is_ascension_mode":true,"campfire_choices":[{"data":"Hologram","floor":6,"key":"SMITH"},{"data":"Secret Technique","floor":10,"key":"SMITH"},{"floor":13,"key":"REST"},{"data":"Defragment","floor":15,"key":"SMITH"}],"circlet_count":0,"master_deck":["AscendersBane","Defend_B","Defend_B","Defend_B","Zap","Dualcast","Secret Technique+1","Conserve Battery","Hologram+1","Rebound","Rebound","Chill","Defragment+1","Rainbow","Glacier+1","Skim+1","Electrodynamics+1","Loop","FTL"],"relics":["Cracked Core","DataDisk","Mercury Hourglass","Tiny Chest","Astrolabe","FossilizedHelix"],"acts_visited":["Exordium","TheCity"],"potions_floor_usage":[12,12,23,23],"damage_taken":[{"damage":9,"enemies":"Small Slimes","floor":1,"turns":3},{"damage":1,"enemies":"Cultist","floor":4,"turns":3},{"damage":5,"enemies":"2 Louse","floor":7,"turns":3},{"damage":22,"enemies":"Exordium Thugs","floor":8,"turns":4},{"damage":12,"enemies":"Gremlin Nob","floor":12,"turns":3},{"damage":4,"enemies":"3 Sentries","floor":14,"turns":7},{"damage":9,"enemies":"The Guardian","floor":16,"turns":13},{"damage":16,"enemies":"Spheric Guardian","floor":18,"turns":5},{"damage":0,"enemies":"2 Thieves","floor":21,"turns":4},{"damage":0,"enemies":"Chosen and Byrds","floor":22,"turns":3},{"damage":44,"enemies":"Book of Stabbing","floor":23,"turns":5}],"seed_played":"1109705619908211889","potions_obtained":[{"floor":1,"key":"DistilledChaos"},{"floor":8,"key":"DistilledChaos"},{"floor":12,"key":"DistilledChaos"},{"floor":16,"key":"SteroidPotion"}],"is_trial":false,"path_per_floor":["M","$","?","M","$","R","M","M","T","R","?","E","R","E","R","B",null,"M","?","$","M","M","E"],"character_chosen":"DEFECT","items_purchased":["Hologram","Loop"],"campfire_rested":1,"item_purchase_floors":[5,20],"current_hp_per_floor":[55,55,55,54,54,54,49,27,27,27,27,15,36,32,32,23,59,43,43,43,43,43,0,0],"gold":54,"neow_bonus":"RANDOM_COLORLESS_2","is_daily":false,"chose_seed":false,"campfire_upgraded":3,"win_rate":0.0,"timestamp":1613800820,"path_taken":["M","$","?","M","$","R","?","M","T","R","?","E","R","E","R","BOSS","M","?","$","M","M","E"],"items_purchased_type":["Card","Card"],"build_version":"2020-12-22","purchased_purges":1,"victory":false,"max_hp_per_floor":[71,71,71,71,71,71,71,71,71,71,71,71,71,71,71,71,71,71,71,71,71,71,71,71],"relic_stats":{"counters":[11,52],"Astrolabe":["Glacier","Skim","Electrodynamics"],"Tiny Chest":0,"obtain_stats":[{"DataDisk":9,"Astrolabe":17,"Tiny Chest":14,"Cracked Core":0,"FossilizedHelix":19,"Mercury Hourglass":12},{"DataDisk":4,"Astrolabe":7,"Tiny Chest":6,"Cracked Core":0,"FossilizedHelix":8,"Mercury Hourglass":5},{"DataDisk":13,"Astrolabe":35,"Tiny Chest":22,"Cracked Core":0,"FossilizedHelix":40,"Mercury Hourglass":16}],"Mercury Hourglass":[118]},"card_choices":[{"not_picked":["Secret Weapon","Violence"],"picked":"Secret Technique","floor":0},{"not_picked":["Storm","Loop"],"picked":"Conserve Battery","floor":1},{"not_picked":["Barrage","Force Field","Redo"],"picked":"SKIP","floor":4},{"not_picked":["Auto Shields","Turbo"],"picked":"Rebound","floor":7},{"not_picked":["BootSequence","Thunder Strike"],"picked":"Rebound","floor":8},{"not_picked":["Sweeping Beam","Turbo"],"picked":"Chill","floor":12},{"not_picked":["Reprogram","Genetic Algorithm"],"picked":"Defragment","floor":14},{"not_picked":["Machine Learning","Meteor Strike"],"picked":"Rainbow","floor":16},{"not_picked":["Stack","Beam Cell","Lockon"],"picked":"SKIP","floor":18},{"not_picked":["Turbo","Beam Cell"],"picked":"FTL","floor":21},{"not_picked":["Gash","Go for the Eyes","Hologram"],"picked":"SKIP","floor":22}],"player_experience":4084948,"relics_obtained":[{"floor":9,"key":"DataDisk"},{"floor":12,"key":"Mercury Hourglass"},{"floor":14,"key":"Tiny Chest"}],"event_choices":[{"damage_healed":0,"gold_gain":100,"player_choice":"Gold","damage_taken":0,"max_hp_gain":0,"max_hp_loss":0,"event_name":"Wheel of Change","floor":3,"gold_loss":0},{"cards_removed":["Defend_B"],"damage_healed":0,"gold_gain":0,"player_choice":"Purged","damage_taken":0,"max_hp_gain":0,"max_hp_loss":0,"event_name":"Purifier","floor":11,"gold_loss":0},{"damage_healed":0,"gold_gain":0,"player_choice":"Obtained Relic","damage_taken":0,"relics_obtained":["FossilizedHelix"],"max_hp_gain":0,"max_hp_loss":0,"event_name":"Addict","floor":19,"gold_loss":85}],"is_beta":false,"boss_relics":[{"not_picked":["Nuclear Battery","SacredBark"],"picked":"Astrolabe"}],"items_purged_floors":[20],"is_endless":false,"potions_floor_spawned":[1,8,12,16,18],"killed_by":"Book of Stabbing","ascension_level":20}}