{"host":"y13mj1mxwnd5xx1x","time":1613779936,"event":{"mods":["AchievementEnabler","BaseMod","Minty Spire (QoL Compilation)"],"gold_per_floor":[117,117,181,231,356,356,385,397,435,522,565,577,393,232,232,332,332,343,393,443,461,266,298,311,340,340,358,391,406,416,238,238,340,340,353,403,453,522,539,539,573,583,583,597,597,610,239,270,270,270],"floor_reached":51,"language":"ENG","playtime":5961,"items_purged":["Strike_R","Strike_R","Defend_R+1"],"score":964,"play_id":"2df9c1b3-c853-4d76-a7f7-b01884b0a032","local_time":"20210219181216","is_ascension_mode":true,"campfire_choices":[{"data":"Armaments","floor":6,"key":"SMITH"},{"data":"Body Slam","floor":8,"key":"SMITH"},{"floor":12,"key":"REST"},{"data":"Limit Break","floor":15,"key":"SMITH"},{"floor":32,"key":"REST"},{"data":"Shockwave","floor":40,"key":"SMITH"},{"floor":45,"key":"REST"},{"data":"Battle Trance","floor":49,"key":"SMITH"}],"circlet_count":0,"master_deck":["Strike_R+1","Defend_R+1","Defend_R+1","Defend_R+1","Bash","Armaments+1","Body Slam+1","Headbutt","Clothesline","Pommel Strike","Limit Break+1","Inflame","Feed","Sword Boomerang","Corruption","Battle Trance+1","Heavy Blade","True Grit","True Grit","Rage","Shockwave+1","Sword Boomerang+1","Flame Barrier+1","Offering","Shrug It Off+1","Whirlwind+1","Rupture","Uppercut","Shrug It Off+1"],"relics":["Burning Blood","NeowsBlessing","SsserpentHead","Ancient Tea Set","MawBank","Dream Catcher","Odd Mushroom","PreservedInsect","Membership Card","Orichalcum","Busted Crown","Bag of Preparation","Bottled Tornado","Gambling Chip","Pantograph","Prayer Wheel","Lantern","Snecko Eye","Ice Cream","Magic Flower","TheAbacus","Sundial","Eternal Feather","Mango"],"acts_visited":["Exordium","TheCity","TheBeyond"],"potions_floor_usage":[23,28,30,30,33,50],"damage_taken":[{"damage":0,"enemies":"2 Louse","floor":1,"turns":1},{"damage":0,"enemies":"Cultist","floor":3,"turns":1},{"damage":0,"enemies":"Lagavulin","floor":7,"turns":1},{"damage":19,"enemies":"The Mushroom Lair","floor":10,"turns":4},{"damage":37,"enemies":"3 Sentries","floor":11,"turns":9},{"damage":19,"enemies":"Hexaghost","floor":16,"turns":9},{"damage":33,"enemies":"Shell Parasite","floor":18,"turns":5},{"damage":12,"enemies":"2 Thieves","floor":21,"turns":4},{"damage":14,"enemies":"Slavers","floor":23,"turns":2},{"damage":10,"enemies":"Snecko","floor":24,"turns":3},{"damage":0,"enemies":"Gremlin Leader","floor":25,"turns":4},{"damage":20,"enemies":"Centurion and Healer","floor":27,"turns":4},{"damage":28,"enemies":"Book of Stabbing","floor":28,"turns":4},{"damage":6,"enemies":"Snake Plant","floor":29,"turns":4},{"damage":0,"enemies":"Shelled Parasite and Fungi","floor":30,"turns":3},{"damage":74,"enemies":"Automaton","floor":33,"turns":7},{"damage":16,"enemies":"3 Darklings","floor":35,"turns":3},{"damage":12,"enemies":"3 Shapes","floor":38,"turns":2},{"damage":6,"enemies":"Writhing Mass","floor":39,"turns":3},{"damage":14,"enemies":"Nemesis","floor":41,"turns":5},{"damage":27,"enemies":"Sphere and 2 Shapes","floor":42,"turns":5},{"damage":23,"enemies":"Spire Growth","floor":44,"turns":4},{"damage":6,"enemies":"Jaw Worm Horde","floor":46,"turns":2},{"damage":24,"enemies":"Reptomancer","floor":48,"turns":4},{"damage":43,"enemies":"Time Eater","floor":50,"turns":9}],"seed_played":"3661514252602343338","potions_obtained":[{"floor":1,"key":"SpeedPotion"},{"floor":7,"key":"AttackPotion"},{"floor":16,"key":"FairyPotion"},{"floor":23,"key":"LiquidMemories"},{"floor":29,"key":"Strength Potion"},{"floor":38,"key":"ElixirPotion"},{"floor":41,"key":"BlessingOfTheForge"},{"floor":48,"key":"Fire Potion"}],"is_trial":false,"path_per_floor":["M","?","M","T","?","R","E","R","T","?","E","R","$","$","R","B",null,"M","?","?","M","$","E","M","E","T","M","E","M","M","$","R","B",null,"M","?","?","M","M","R","E","M","T","M","R","M","$","E","R","B",null],"character_chosen":"IRONCLAD","items_purchased":["Membership Card","PowerPotion","Combust","Inflame","Orichalcum","Heavy Blade","Bag of Preparation","Bottled Tornado","True Grit","LiquidMemories","EssenceOfSteel","Shockwave","Rupture","TheAbacus","Sundial","Eternal Feather","DuplicationPotion","Uppercut"],"campfire_rested":3,"item_purchase_floors":[13,13,13,14,14,22,22,22,22,31,31,31,47,47,47,47,47,47],"current_hp_per_floor":[80,80,80,80,69,69,75,75,75,62,31,55,55,55,55,42,80,56,56,56,50,50,42,38,44,44,30,8,8,18,18,44,35,90,83,83,83,80,80,80,75,57,57,48,79,87,87,91,106,91],"gold":270,"neow_bonus":"THREE_ENEMY_KILL","is_daily":false,"chose_seed":false,"campfire_upgraded":5,"win_rate":0.0,"timestamp":1613779936,"path_taken":["M","?","?","?","?","R","E","R","T","?","E","R","?","$","R","BOSS","M","?","?","M","?","E","M","E","T","M","E","M","M","$","R","BOSS","M","?","?","?","M","R","E","M","T","M","R","M","?","E","R","BOSS"],"items_purchased_type":["Relic","Potion","Card","Card","Relic","Card","Relic","Relic","Card","Potion","Potion","Card","Card","Relic","Relic","Relic","Potion","Card"],"build_version":"2020-12-22","purchased_purges":3,"victory":true,"max_hp_per_floor":[80,80,80,80,80,80,80,80,80,80,80,80,80,80,80,80,80,83,83,83,83,83,83,83,83,83,83,83,83,87,87,87,90,90,93,93,93,96,96,96,99,102,102,105,105,108,108,125,125,125],"card_choices":[{"not_picked":["Heavy Blade","Dropkick"],"picked":"Armaments","floor":1},{"not_picked":["Perfected Strike","Armaments"],"picked":"Body Slam","floor":3},{"not_picked":["Armaments","Burning Pact"],"picked":"Headbutt","floor":7},{"not_picked":["Reckless Charge","Power Through"],"picked":"Clothesline","floor":10},{"not_picked":["Flex","Wild Strike"],"picked":"Pommel Strike","floor":11},{"not_picked":["Flex","Dropkick"],"picked":"Limit Break","floor":12},{"not_picked":["Demon Form","Bludgeon"],"picked":"Feed","floor":16},{"not_picked":["Perfected Strike"],"picked":"SKIP","floor":18},{"not_picked":[],"picked":"Battle Trance","floor":21},{"not_picked":[],"picked":"True Grit","floor":23},{"not_picked":["True Grit"],"picked":"SKIP","floor":24},{"not_picked":["True Grit"],"picked":"SKIP","floor":25},{"not_picked":["Headbutt"],"picked":"SKIP","floor":27},{"not_picked":["Flex+1"],"picked":"SKIP","floor":27},{"not_picked":["Sword Boomerang"],"picked":"SKIP","floor":28},{"not_picked":["Iron Wave+1"],"picked":"SKIP","floor":29},{"not_picked":["Sword Boomerang"],"picked":"SKIP","floor":29},{"not_picked":[],"picked":"Rage","floor":30},{"not_picked":["Sever Soul"],"picked":"SKIP","floor":30},{"not_picked":[],"picked":"Sword Boomerang+1","floor":32},{"not_picked":[],"picked":"Flame Barrier+1","floor":35},{"not_picked":["Armaments"],"picked":"SKIP","floor":35},{"not_picked":["Combust"],"picked":"SKIP","floor":38},{"not_picked":["Pommel Strike+1"],"picked":"SKIP","floor":38},{"not_picked":["Fire Breathing"],"picked":"SKIP","floor":39},{"not_picked":["Havoc"],"picked":"SKIP","floor":39},{"not_picked":["Bloodletting"],"picked":"SKIP","floor":41},{"not_picked":[],"picked":"Shrug It Off+1","floor":42},{"not_picked":["Sword Boomerang"],"picked":"SKIP","floor":42},{"not_picked":["Warcry+1"],"picked":"SKIP","floor":44},{"not_picked":["Sever Soul+1"],"picked":"SKIP","floor":44},{"not_picked":[],"picked":"Whirlwind+1","floor":46},{"not_picked":["Flex+1"],"picked":"SKIP","floor":46},{"not_picked":[],"picked":"Shrug It Off+1","floor":48}],"player_experience":167803,"relics_obtained":[{"floor":4,"key":"Ancient Tea Set"},{"floor":7,"key":"MawBank"},{"floor":9,"key":"Dream Catcher"},{"floor":10,"key":"Odd Mushroom"},{"floor":11,"key":"PreservedInsect"},{"floor":23,"key":"Gambling Chip"},{"floor":25,"key":"Pantograph"},{"floor":26,"key":"Prayer Wheel"},{"floor":28,"key":"Lantern"},{"floor":41,"key":"Ice Cream"},{"floor":43,"key":"Magic Flower"},{"floor":48,"key":"Mango"}],"event_choices":[{"damage_healed":0,"gold_gain":0,"player_choice":"Trade","damage_taken":0,"relics_obtained":["SsserpentHead"],"max_hp_gain":0,"max_hp_loss":0,"event_name":"FaceTrader","floor":2,"gold_loss":0},{"damage_healed":0,"gold_gain":75,"player_choice":"Gather Gold","damage_taken":11,"max_hp_gain":0,"max_hp_loss":0,"event_name":"World of Goop","floor":5,"gold_loss":0},{"damage_healed":0,"gold_gain":0,"player_choice":"Fought Mushrooms","damage_taken":0,"max_hp_gain":0,"max_hp_loss":0,"event_name":"Mushrooms","floor":10,"gold_loss":0},{"damage_healed":0,"gold_gain":0,"cards_transformed":["Strike_R","Strike_R"],"player_choice":"Became Test Subject","damage_taken":0,"max_hp_gain":0,"max_hp_loss":0,"event_name":"Drug Dealer","floor":19,"gold_loss":0,"cards_obtained":["Sword Boomerang","Corruption"]},{"damage_healed":0,"gold_gain":0,"player_choice":"Simplicity","damage_taken":0,"max_hp_gain":0,"max_hp_loss":0,"event_name":"Back to Basics","floor":20,"gold_loss":0,"cards_upgraded":["Strike_R","Defend_R","Defend_R","Defend_R","Defend_R"]},{"cards_removed":["Combust"],"damage_healed":0,"gold_gain":0,"player_choice":"Removed Power","damage_taken":0,"max_hp_gain":0,"max_hp_loss":0,"event_name":"Falling","floor":36,"gold_loss":0},{"damage_healed":0,"gold_gain":0,"player_choice":"1 cards matched","damage_taken":0,"max_hp_gain":0,"max_hp_loss":0,"event_name":"Match and Keep!","floor":37,"gold_loss":0,"cards_obtained":["Offering"]}],"is_beta":false,"boss_relics":[{"not_picked":["Runic Cube","Runic Pyramid"],"picked":"Busted Crown"},{"not_picked":["Black Blood","SlaversCollar"],"picked":"Snecko Eye"}],"items_purged_floors":[13,14,31],"is_endless":false,"potions_floor_spawned":[1,7,16,23,24,29,38,41,44,48],"ascension_level":3}}