{"host":"dl909bjyolgrn2uw","time":1613854092,"event":{"mods":["2.2 Compatiblity","BaseMod","Bestiary","Better Altar","Better Note","Better Sensory Stone","Better Skull","Better Vampires","Better-Laid Plans","Colored Powertips","Curses Come First","Disable Question Mark Monsters","Displayed Cursed Tome","Emptier Cage","Minty Spire (QoL Compilation)","Morshu Shopkeeper","Permanent Neow","Quick Restart","Rare Cards Sparkle","Relic Stats","Shop Mod","Spicy Shops","StSLib","SuperFastMode","Transform Curses"],"gold_per_floor":[119,134,54,69,69,69,94,94,119,138,165,181,194,211,211,286,286,301,313,20,20,36,36,49,77,147,182,182,201,201,214,214,292,292,305,316,332,72,82,115,115,140,140,166,180,180,215,227,227,247],"floor_reached":51,"language":"ENG","playtime":3218,"items_purged":["Strike_R","Strike_R"],"score":1680,"play_id":"1abb3efa-0cff-473d-a24d-32d97d1ade83","local_time":"20210220144812","is_ascension_mode":true,"campfire_choices":[{"data":"Bash","floor":6,"key":"SMITH"},{"data":"Fire Breathing","floor":15,"key":"SMITH"},{"data":"Immolate","floor":23,"key":"SMITH"},{"data":"Feel No Pain","floor":28,"key":"SMITH"},{"data":"Clothesline","floor":32,"key":"SMITH"},{"data":"Bludgeon","floor":41,"key":"SMITH"},{"data":"Flame Barrier","floor":49,"key":"SMITH"}],"circlet_count":0,"master_deck":["AscendersBane","Strike_R","Strike_R","Strike_R","Defend_R","Defend_R","Defend_R","Defend_R","Bash+1","Bloodletting","Pommel Strike","Feed","Flame Barrier+1","Clothesline+1","Dark Embrace","Exhume","Fire Breathing+1","Immolate+1","Blood for Blood","Reaper","Feel No Pain+1","Feel No Pain","Shrug It Off","Hemokinesis+1","Immolate+1","Corruption+1","Bludgeon+1","Sentinel","Dual Wield+1","Dark Embrace+1","Feel No Pain+1"],"relics":["Burning Blood","Pocketwatch","Bag of Marbles","Blood Vial","Self Forming Clay","Snecko Eye","Boot","Frozen Egg 2","Darkstone Periapt","Sozu","Membership Card","Toy Ornithopter","Shuriken","InkBottle","StrikeDummy","HornCleat"],"acts_visited":["Exordium","TheCity","TheBeyond"],"potions_floor_usage":[7,11,16,25,27,33,50],"damage_taken":[{"damage":1,"enemies":"Cultist","floor":1,"turns":3},{"damage":7,"enemies":"Jaw Worm","floor":2,"turns":3},{"damage":0,"enemies":"2 Louse","floor":4,"turns":4},{"damage":23,"enemies":"Lagavulin","floor":7,"turns":5},{"damage":23,"enemies":"Lots of Slimes","floor":10,"turns":6},{"damage":23,"enemies":"3 Sentries","floor":11,"turns":8},{"damage":4,"enemies":"Blue Slaver","floor":12,"turns":5},{"damage":7,"enemies":"Exordium Wildlife","floor":13,"turns":3},{"damage":4,"enemies":"Looter","floor":14,"turns":4},{"damage":45,"enemies":"Hexaghost","floor":16,"turns":9},{"damage":13,"enemies":"Chosen","floor":18,"turns":5},{"damage":9,"enemies":"3 Byrds","floor":19,"turns":3},{"damage":19,"enemies":"Snake Plant","floor":22,"turns":4},{"damage":0,"enemies":"3 Cultists","floor":24,"turns":2},{"damage":22,"enemies":"Slavers","floor":25,"turns":7},{"damage":10,"enemies":"Book of Stabbing","floor":27,"turns":4},{"damage":17,"enemies":"Centurion and Healer","floor":29,"turns":4},{"damage":22,"enemies":"Shelled Parasite and Fungi","floor":31,"turns":3},{"damage":24,"enemies":"Collector","floor":33,"turns":7},{"damage":2,"enemies":"3 Darklings","floor":35,"turns":2},{"damage":6,"enemies":"3 Shapes","floor":36,"turns":6},{"damage":1,"enemies":"Jaw Worm Horde","floor":37,"turns":4},{"damage":27,"enemies":"Writhing Mass","floor":39,"turns":5},{"damage":6,"enemies":"Nemesis","floor":40,"turns":4},{"damage":2,"enemies":"Reptomancer","floor":42,"turns":2},{"damage":13,"enemies":"Giant Head","floor":44,"turns":5},{"damage":5,"enemies":"Spire Growth","floor":45,"turns":3},{"damage":3,"enemies":"Reptomancer","floor":47,"turns":2},{"damage":20,"enemies":"4 Shapes","floor":48,"turns":5},{"damage":44,"enemies":"Awakened One","floor":50,"turns":7}],"seed_played":"2322094368545375867","potions_obtained":[{"floor":2,"key":"BloodPotion"},{"floor":4,"key":"AttackPotion"},{"floor":10,"key":"Energy Potion"},{"floor":12,"key":"SteroidPotion"},{"floor":19,"key":"DuplicationPotion"},{"floor":25,"key":"DuplicationPotion"},{"floor":33,"key":"ColorlessPotion"}],"is_trial":false,"path_per_floor":["M","M","$","M","?","R","E","?","T","M","E","M","M","M","R","B",null,"M","M","$","?","M","R","M","E","T","E","R","M","?","M","R","B",null,"M","M","M","$","M","E","R","E","T","E","M","?","E","M","R","B",null],"character_chosen":"IRONCLAD","items_purchased":["Feed","Reaper","Feel No Pain","Membership Card","Sentinel"],"campfire_rested":0,"item_purchase_floors":[3,20,20,38,38],"current_hp_per_floor":[55,54,54,63,63,63,49,54,54,42,30,37,41,48,48,14,82,77,79,79,79,76,76,87,106,106,104,104,101,101,93,93,77,113,122,127,137,137,124,135,135,143,143,141,143,136,139,145,145,107],"gold":247,"neow_bonus":"ONE_RARE_RELIC","is_daily":false,"chose_seed":false,"campfire_upgraded":7,"win_rate":0.0,"timestamp":1613854092,"path_taken":["M","M","$","M","?","R","E","?","T","M","E","?","M","?","R","BOSS","M","?","$","?","M","R","M","E","T","E","R","M","?","?","R","BOSS","M","M","M","$","M","E","R","E","T","E","M","?","E","M","R","BOSS"],"items_purchased_type":["Card","Card","Card","Relic","Card"],"build_version":"2020-12-22","purchased_purges":2,"victory":true,"max_hp_per_floor":[75,75,75,78,78,78,81,86,86,89,92,95,98,101,101,104,104,104,107,107,107,110,110,113,119,119,119,119,125,125,125,125,125,125,128,131,137,137,140,143,143,143,143,143,143,136,139,145,145,145],"relic_stats":{"Darkstone Periapt":0,"counters":[30,134],"Self Forming Clay":[222],"Boot":[27],"Burning Blood":159,"Blood Vial":42,"Sozu":5,"Shuriken":[11],"Snecko Eye":[198,168,196,174],"obtain_stats":[{"Darkstone Periapt":27,"Self Forming Clay":11,"Frozen Egg 2":26,"Boot":25,"Burning Blood":0,"Blood Vial":9,"Sozu":34,"HornCleat":47,"Shuriken":42,"Snecko Eye":17,"Bag of Marbles":7,"Membership Card":38,"StrikeDummy":44,"Toy Ornithopter":40,"InkBottle":43,"Pocketwatch":0},{"Darkstone Periapt":16,"Self Forming Clay":6,"Frozen Egg 2":15,"Boot":15,"Burning Blood":0,"Blood Vial":4,"Sozu":19,"HornCleat":28,"Shuriken":25,"Snecko Eye":10,"Bag of Marbles":4,"Membership Card":22,"StrikeDummy":26,"Toy Ornithopter":24,"InkBottle":25,"Pocketwatch":0},{"Darkstone Periapt":75,"Self Forming Clay":29,"Frozen Egg 2":71,"Boot":71,"Burning Blood":0,"Blood Vial":15,"Sozu":89,"HornCleat":122,"Shuriken":112,"Snecko Eye":50,"Bag of Marbles":15,"Membership Card":101,"StrikeDummy":117,"Toy Ornithopter":110,"InkBottle":112,"Pocketwatch":0}],"Toy Ornithopter":0,"InkBottle":[12],"Pocketwatch":[198]},"card_choices":[{"not_picked":["Sword Boomerang","True Grit"],"picked":"Bloodletting","floor":1},{"not_picked":["Clothesline","Twin Strike"],"picked":"Pommel Strike","floor":2},{"not_picked":["Clash","Body Slam","Flex"],"picked":"SKIP","floor":4},{"not_picked":["Perfected Strike","Bloodletting","Flex"],"picked":"SKIP","floor":7},{"not_picked":["Pommel Strike","Headbutt"],"picked":"Flame Barrier","floor":10},{"not_picked":["Pommel Strike","Havoc"],"picked":"Clothesline","floor":11},{"not_picked":["Flex","Perfected Strike"],"picked":"Dark Embrace","floor":12},{"not_picked":["Pummel","Dark Embrace"],"picked":"Exhume","floor":13},{"not_picked":["Havoc","Blood for Blood"],"picked":"Fire Breathing","floor":14},{"not_picked":["Demon Form","Berserk"],"picked":"Immolate","floor":16},{"not_picked":["Armaments","Warcry+1"],"picked":"Blood for Blood","floor":18},{"not_picked":["Entrench","Warcry+1","Perfected Strike"],"picked":"SKIP","floor":19},{"not_picked":["Wild Strike+1","Clothesline+1"],"picked":"Feel No Pain","floor":22},{"not_picked":["Blood for Blood","Pummel"],"picked":"Shrug It Off","floor":24},{"not_picked":["Entrench","Searing Blow","Infernal Blade"],"picked":"SKIP","floor":25},{"not_picked":["Feed","Sword Boomerang"],"picked":"Hemokinesis+1","floor":27},{"not_picked":["Twin Strike","Perfected Strike","Sentinel"],"picked":"SKIP","floor":29},{"not_picked":["Clash+1","Iron Wave","Infernal Blade"],"picked":"SKIP","floor":31},{"not_picked":["Reaper","Bludgeon"],"picked":"Corruption+1","floor":33},{"not_picked":["Clothesline","Heavy Blade","Clash"],"picked":"SKIP","floor":35},{"not_picked":["Cleave","Flex","Perfected Strike"],"picked":"SKIP","floor":36},{"not_picked":["Intimidate","Twin Strike+1"],"picked":"Bludgeon","floor":37},{"not_picked":["Havoc","Anger","Iron Wave"],"picked":"SKIP","floor":39},{"not_picked":["Rage","Pommel Strike","Berserk+1"],"picked":"SKIP","floor":40},{"not_picked":["Armaments","Rampage+1","Searing Blow"],"picked":"SKIP","floor":42},{"not_picked":["Clothesline","Thunderclap"],"picked":"Dual Wield+1","floor":44},{"not_picked":["Pommel Strike","Searing Blow"],"picked":"Dark Embrace+1","floor":45},{"not_picked":["Searing Blow","Rampage","Sword Boomerang"],"picked":"SKIP","floor":47},{"not_picked":["Rampage","Wild Strike"],"picked":"Feel No Pain+1","floor":48}],"player_experience":472787,"relics_obtained":[{"floor":7,"key":"Bag of Marbles"},{"floor":9,"key":"Blood Vial"},{"floor":11,"key":"Self Forming Clay"},{"floor":25,"key":"Boot"},{"floor":26,"key":"Frozen Egg 2"},{"floor":27,"key":"Darkstone Periapt"},{"floor":40,"key":"Toy Ornithopter"},{"floor":42,"key":"Shuriken"},{"floor":43,"key":"InkBottle"},{"floor":44,"key":"StrikeDummy"},{"floor":47,"key":"HornCleat"}],"event_choices":[{"damage_healed":0,"gold_gain":0,"player_choice":"Leave","damage_taken":0,"max_hp_gain":0,"max_hp_loss":0,"event_name":"The Cleric","floor":5,"gold_loss":0},{"damage_healed":0,"gold_gain":0,"player_choice":"Donut","damage_taken":0,"max_hp_gain":5,"max_hp_loss":0,"event_name":"Big Fish","floor":8,"gold_loss":0},{"damage_healed":0,"gold_gain":0,"player_choice":"Copied","damage_taken":0,"max_hp_gain":0,"max_hp_loss":0,"event_name":"Duplicator","floor":30,"gold_loss":0,"cards_obtained":["Immolate"]},{"damage_healed":0,"gold_gain":0,"player_choice":"Max HP","damage_taken":0,"max_hp_gain":0,"max_hp_loss":7,"event_name":"Winding Halls","floor":46,"gold_loss":0}],"is_beta":false,"boss_relics":[{"not_picked":["Black Star","Ectoplasm"],"picked":"Snecko Eye"},{"not_picked":["Busted Crown","SacredBark"],"picked":"Sozu"}],"items_purged_floors":[20,38],"is_endless":false,"potions_floor_spawned":[2,4,10,12,19,25,33,37,42,45,47,48],"ascension_level":19}}