{"host":"qtqz1b21ag9kfmyj","time":1613823459,"event":{"mods":["BaseMod","Better Third Choice","Block Reminder","Hermit","Minty Spire (QoL Compilation)","StSLib","The Bug Knight","The Cursed","The Necromancer","The Servant 0.9.4"],"gold_per_floor":[118,118,134,134,158,158,66,81,156,156,102,117,131,59,59,59,59],"floor_reached":16,"language":"ENG","playtime":584,"items_purged":[],"score":92,"play_id":"a1225503-cc92-4b5c-9796-d7f870d40e36","local_time":"20210220061739","is_ascension_mode":false,"campfire_choices":[{"floor":6,"key":"REST"},{"floor":15,"key":"REST"}],"circlet_count":0,"master_deck":["HollowMod:NailStrikeStart","HollowMod:NailStrikeStart","HollowMod:NailStrikeStart","HollowMod:NailStrikeStart","HollowMod:QuickDashStart","HollowMod:QuickDashStart","HollowMod:QuickDashStart","HollowMod:QuickDashStart","HollowMod:FocusHealStart","HollowMod:PogoStrike","HollowMod:PerfectDash","HollowMod:PureNailStrike","HollowMod:HeavyBlow","HollowMod:SharpenedShadows","HollowMod:HowlingWraiths","HollowMod:AwokenDreamNail","HollowMod:WraithStrike","HollowMod:VengefulVoid","HollowMod:QuirrelsAssistance","HollowMod:MothsMistake"],"relics":["HollowMod:VesselMask","Golden Idol","HollowMod:LifeEnderRelic","Ornamental Fan","InkBottle"],"acts_visited":["Exordium"],"potions_floor_usage":[13,16,16,16],"damage_taken":[{"damage":1,"enemies":"Cultist","floor":1,"turns":3},{"damage":9,"enemies":"Jaw Worm","floor":3,"turns":4},{"damage":7,"enemies":"2 Louse","floor":5,"turns":2},{"damage":7,"enemies":"Looter","floor":8,"turns":3},{"damage":5,"enemies":"2 Fungi Beasts","floor":12,"turns":3},{"damage":37,"enemies":"Exordium Thugs","floor":13,"turns":7},{"damage":54,"enemies":"Hexaghost","floor":16,"turns":9}],"seed_played":"-4448557182678534555","potions_obtained":[{"floor":0,"key":"EssenceOfSteel"},{"floor":0,"key":"EssenceOfSteel"},{"floor":0,"key":"Energy Potion"},{"floor":3,"key":"LiquidMemories"},{"floor":8,"key":"BlessingOfTheForge"},{"floor":13,"key":"LiquidBronze"}],"is_trial":false,"path_per_floor":["M","?","M","T","M","R","$","M","T","T","$","M","M","$","R","B"],"character_chosen":"THE_BUGKNIGHT","items_purchased":["HollowMod:SharpenedShadows","HollowMod:HowlingWraiths","HollowMod:WraithStrike","HollowMod:MothsMistake"],"campfire_rested":2,"item_purchase_floors":[7,7,11,14],"current_hp_per_floor":[74,56,53,53,46,68,68,61,61,61,61,56,19,19,41,0,0],"gold":59,"neow_bonus":"THREE_SMALL_POTIONS","is_daily":false,"chose_seed":false,"campfire_upgraded":0,"win_rate":0.0,"timestamp":1613823459,"path_taken":["M","?","M","?","M","R","$","M","T","?","?","M","?","$","R","BOSS"],"items_purchased_type":["Card","Card","Card","Card"],"build_version":"2020-12-22","purchased_purges":0,"victory":false,"max_hp_per_floor":[75,75,75,75,75,75,75,75,75,75,75,75,75,75,75,75,75],"card_choices":[{"not_picked":["HollowMod:HeavyBlow","HollowMod:CloakDash"],"picked":"HollowMod:PerfectDash","floor":1},{"not_picked":["HollowMod:WraithStrike","HollowMod:Grubsong"],"picked":"HollowMod:PureNailStrike","floor":3},{"not_picked":["HollowMod:ShadowDash","HollowMod:NewJinnsSoul"],"picked":"HollowMod:HeavyBlow","floor":5},{"not_picked":["HollowMod:CloakDash","HollowMod:GoodIntentions"],"picked":"HollowMod:AwokenDreamNail","floor":8},{"not_picked":["HollowMod:ShapeofUnn","HollowMod:SharpenedShadows"],"picked":"HollowMod:VengefulVoid","floor":12},{"not_picked":["HollowMod:ShadowDash","HollowMod:MawleksShell"],"picked":"HollowMod:QuirrelsAssistance","floor":13}],"player_experience":166535,"relics_obtained":[{"floor":4,"key":"HollowMod:LifeEnderRelic"},{"floor":9,"key":"Ornamental Fan"},{"floor":10,"key":"InkBottle"}],"event_choices":[{"damage_healed":0,"gold_gain":0,"player_choice":"Take Damage","damage_taken":18,"relics_obtained":["Golden Idol"],"max_hp_gain":0,"max_hp_loss":0,"event_name":"Golden Idol","floor":2,"gold_loss":0}],"is_beta":false,"boss_relics":[],"items_purged_floors":[],"is_endless":false,"potions_floor_spawned":[3,8,13],"killed_by":"Hexaghost","ascension_level":0}}