{"host":"o3n4et6u1y1w2h5j","time":1613842930,"event":{"mods":["AchievementEnabler","BaseMod","Block Reminder","Minty Spire (QoL Compilation)","Rare Cards Sparkle","Relic Stats","StSLib"],"gold_per_floor":[112,112,29,29,42,69,96,271,341,373,373,373,373,149,149,149,149],"floor_reached":16,"language":"ENG","playtime":657,"items_purged":["Doubt"],"score":114,"play_id":"7291f2eb-7c5f-411b-9ca5-054dd3fdaa88","local_time":"20210220094210","is_ascension_mode":true,"campfire_choices":[{"data":"BowlingBash","floor":12,"key":"SMITH"},{"floor":15,"key":"REST"}],"circlet_count":0,"master_deck":["Strike_P","Strike_P","Strike_P","Strike_P","Defend_P","Defend_P","Defend_P","Defend_P","Eruption","Vigilance","Indignation","Vengeance","BowlingBash+1","EmptyBody","SashWhip","ThirdEye"],"relics":["PureWater","Orichalcum","InkBottle","GoldenEye","Anchor","Kunai","Omamori","Golden Idol","PrismaticShard"],"acts_visited":["Exordium"],"potions_floor_usage":[10,16],"damage_taken":[{"damage":6,"enemies":"Small Slimes","floor":1,"turns":4},{"damage":0,"enemies":"Jaw Worm","floor":5,"turns":3},{"damage":22,"enemies":"Gremlin Nob","floor":6,"turns":4},{"damage":34,"enemies":"Lagavulin","floor":10,"turns":8},{"damage":30,"enemies":"Slime Boss","floor":16,"turns":4}],"seed_played":"2622960996425408165","potions_obtained":[{"floor":4,"key":"EssenceOfSteel"},{"floor":4,"key":"BlessingOfTheForge"},{"floor":4,"key":"SkillPotion"},{"floor":10,"key":"Fire Potion"}],"is_trial":false,"path_per_floor":["M","?","$","?","M","E","T","?","T","E","?","R","?","$","R","B"],"character_chosen":"WATCHER","items_purchased":["Vengeance","BowlingBash","PrismaticShard"],"campfire_rested":1,"item_purchase_floors":[3,3,14],"current_hp_per_floor":[66,63,63,63,63,41,41,41,41,7,7,7,7,7,27,0,0],"gold":149,"neow_bonus":"RANDOM_COMMON_RELIC","is_daily":false,"chose_seed":false,"campfire_upgraded":1,"win_rate":0.0,"timestamp":1613842930,"path_taken":["M","?","$","?","?","E","?","?","T","E","?","R","?","$","R","BOSS"],"items_purchased_type":["Card","Card","Relic"],"build_version":"2020-12-22","purchased_purges":1,"victory":false,"max_hp_per_floor":[72,72,72,72,72,72,72,72,72,72,72,72,67,67,67,67,67],"relic_stats":{"counters":[5,23],"Golden Idol":0,"Kunai":[1],"Orichalcum":[48],"GoldenEye":[2],"obtain_stats":[{"Anchor":7,"Golden Idol":13,"Omamori":10,"Kunai":9,"PureWater":0,"Orichalcum":0,"GoldenEye":6,"PrismaticShard":14,"InkBottle":2},{"Anchor":3,"Golden Idol":4,"Omamori":4,"Kunai":3,"PureWater":0,"Orichalcum":0,"GoldenEye":3,"PrismaticShard":4,"InkBottle":1},{"Anchor":11,"Golden Idol":19,"Omamori":19,"Kunai":11,"PureWater":0,"Orichalcum":0,"GoldenEye":11,"PrismaticShard":19,"InkBottle":4}],"InkBottle":[4]},"card_choices":[{"not_picked":["JustLucky","Crescendo"],"picked":"Indignation","floor":1},{"not_picked":["Protect","Consecrate"],"picked":"EmptyBody","floor":5},{"not_picked":["ClearTheMind","DeceiveReality"],"picked":"SashWhip","floor":6},{"not_picked":["Fasting2","Pray"],"picked":"ThirdEye","floor":10}],"player_experience":95703,"relics_obtained":[{"floor":6,"key":"GoldenEye"},{"floor":7,"key":"Anchor"},{"floor":9,"key":"Kunai"},{"floor":10,"key":"Omamori"}],"event_choices":[{"damage_healed":0,"gold_gain":0,"player_choice":"Success","damage_taken":3,"relics_obtained":["InkBottle"],"max_hp_gain":0,"max_hp_loss":0,"event_name":"Scrap Ooze","floor":2,"gold_loss":0},{"damage_healed":0,"gold_gain":0,"player_choice":"Got Potions","damage_taken":0,"max_hp_gain":0,"max_hp_loss":0,"event_name":"Lab","floor":4,"gold_loss":0},{"damage_healed":0,"gold_gain":175,"player_choice":"AGREE","damage_taken":0,"max_hp_gain":0,"max_hp_loss":0,"event_name":"Liars Game","floor":8,"gold_loss":0,"cards_obtained":["Doubt"]},{"damage_healed":0,"gold_gain":0,"player_choice":"Ignored","damage_taken":0,"max_hp_gain":0,"max_hp_loss":0,"event_name":"Shining Light","floor":11,"gold_loss":0},{"damage_healed":0,"gold_gain":0,"player_choice":"Lose Max HP","damage_taken":0,"relics_obtained":["Golden Idol"],"max_hp_gain":0,"max_hp_loss":5,"event_name":"Golden Idol","floor":13,"gold_loss":0}],"is_beta":false,"boss_relics":[],"items_purged_floors":[14],"is_endless":false,"potions_floor_spawned":[10],"killed_by":"Slime Boss","ascension_level":2}}