{"host":"2yqfi47fogfu1ic4","time":1613850612,"event":{"mods":["AchievementEnabler","BaseMod","Colored Map","Colored Powertips","Highlight Path","Minty Spire (QoL Compilation)","Permanent Neow","Relic Stats","StSLib"],"gold_per_floor":[114,125,19,19,37,37,72,72,119,119,148,159,159,189,189,260,260,277,302,302,316,326,326,341,366,366,366,398,418,453,464,464,552,642,668,668,680,699,589,627,654,703,703,733,751,521,545,582,582,582,582,582,582,36,76,76],"floor_reached":57,"language":"DEU","playtime":6068,"items_purged":["Riddle With Holes+1"],"score":3319,"play_id":"b147aa5a-0449-4294-8590-11819cc90851","local_time":"20210220205012","is_ascension_mode":true,"campfire_choices":[{"data":"Blade Dance","floor":6.0,"key":"SMITH"},{"data":"Noxious Fumes","floor":8.0,"key":"SMITH"},{"floor":13.0,"key":"REST"},{"data":"Blade Dance","floor":15.0,"key":"SMITH"},{"data":"Wraith Form v2","floor":23.0,"key":"SMITH"},{"floor":32.0,"key":"DIG"},{"floor":49.0,"key":"RECALL"},{"data":"After Image","floor":53,"key":"SMITH"}],"circlet_count":0,"master_deck":["AscendersBane","Survivor","Neutralize","Noxious Fumes+1","Blade Dance+1","Slice","Storm of Steel","PiercingWail","Blade Dance+1","Cloak And Dagger+1","Backflip","Wraith Form v2+1","Blade Dance","Blade Dance","Dagger Spray+1","Cloak And Dagger+1","Glass Knife+1","Well Laid Plans+1","After Image","Leg Sweep","PiercingWail","Flechettes+1","Quick Slash+1","Quick Slash+1","Corpse Explosion","Dagger Spray+1","Burst","Accuracy+1","Backflip+1","Blade Dance","Sucker Punch+1","Wraith Form v2+1","Venomology","After Image+1","Venomology"],"relics":["WristBlade","Bag of Preparation","Akabeko","Happy Flower","Molten Egg 2","Dream Catcher","Black Star","Red Mask","MutagenicStrength","Lantern","StrikeDummy","Mercury Hourglass","MealTicket","Shovel","CeramicFish","Tiny Chest","Pandora\u0027s Box","Pear","Vajra","Potion Belt","Bottled Tornado","Torii","Pocketwatch","DollysMirror","Nunchaku","Unceasing Top","OrangePellets","FossilizedHelix","Dead Branch","Mummified Hand"],"acts_visited":["Exordium","TheCity","TheBeyond","TheEnding"],"potions_floor_usage":[51,51,56,56,56,56],"damage_taken":[{"damage":3.0,"enemies":"2 Louse","floor":1.0,"turns":3.0},{"damage":0.0,"enemies":"Small Slimes","floor":2.0,"turns":5.0},{"damage":4.0,"enemies":"Cultist","floor":5.0,"turns":3.0},{"damage":4.0,"enemies":"Gremlin Nob","floor":7.0,"turns":3.0},{"damage":7.0,"enemies":"3 Sentries","floor":11.0,"turns":6.0},{"damage":0.0,"enemies":"Blue Slaver","floor":12.0,"turns":2.0},{"damage":11.0,"enemies":"Lagavulin","floor":14.0,"turns":4.0},{"damage":8.0,"enemies":"Hexaghost","floor":16.0,"turns":7.0},{"damage":6.0,"enemies":"Shell Parasite","floor":18.0,"turns":4.0},{"damage":0.0,"enemies":"Masked Bandits","floor":19.0,"turns":2.0},{"damage":0.0,"enemies":"Chosen","floor":21.0,"turns":1.0},{"damage":5.0,"enemies":"Snecko","floor":22.0,"turns":3.0},{"damage":0.0,"enemies":"Cultist and Chosen","floor":24.0,"turns":2.0},{"damage":2.0,"enemies":"Gremlin Leader","floor":25.0,"turns":3.0},{"damage":0.0,"enemies":"Book of Stabbing","floor":28.0,"turns":1.0},{"damage":0.0,"enemies":"3 Cultists","floor":29.0,"turns":2.0},{"damage":0.0,"enemies":"Gremlin Leader","floor":30.0,"turns":4.0},{"damage":0.0,"enemies":"Chosen and Byrds","floor":31.0,"turns":1.0},{"damage":41.0,"enemies":"Automaton","floor":33.0,"turns":9.0},{"damage":0.0,"enemies":"Orb Walker","floor":35.0,"turns":1.0},{"damage":0.0,"enemies":"3 Shapes","floor":37.0,"turns":1.0},{"damage":0.0,"enemies":"Jaw Worm Horde","floor":38.0,"turns":2.0},{"damage":1.0,"enemies":"Nemesis","floor":40.0,"turns":5.0},{"damage":1.0,"enemies":"Writhing Mass","floor":41.0,"turns":6.0},{"damage":0.0,"enemies":"Giant Head","floor":44.0,"turns":4.0},{"damage":0.0,"enemies":"Sphere and 2 Shapes","floor":45.0,"turns":5.0},{"damage":0.0,"enemies":"Transient","floor":47.0,"turns":6.0},{"damage":0.0,"enemies":"Reptomancer","floor":48.0,"turns":3.0},{"damage":33.0,"enemies":"Donu and Deca","floor":50.0,"turns":9.0},{"damage":40,"enemies":"Awakened One","floor":51,"turns":11},{"damage":0,"enemies":"Shield and Spear","floor":55,"turns":6},{"damage":0,"enemies":"The Heart","floor":56,"turns":6}],"seed_played":"5631529550979438475","potions_obtained":[{"floor":5.0,"key":"LiquidMemories"},{"floor":7.0,"key":"Fruit Juice"},{"floor":11.0,"key":"LiquidBronze"},{"floor":19.0,"key":"BlessingOfTheForge"},{"floor":21.0,"key":"Poison Potion"},{"floor":29.0,"key":"Weak Potion"},{"floor":31.0,"key":"Energy Potion"},{"floor":35.0,"key":"GamblersBrew"},{"floor":40.0,"key":"FairyPotion"},{"floor":45.0,"key":"CultistPotion"},{"floor":48.0,"key":"Weak Potion"}],"is_trial":false,"path_per_floor":["M","M","$","?","M","R","E","R","T","?","E","M","R","E","R","B",null,"M","?","?","M","M","R","M","E","T","?","E","M","E","M","R","B",null,"M","?","M","M","?","E","M","T","T","E","M","$","M","E","R","B","B",null,"R","$","E","B",null],"character_chosen":"THE_SILENT","items_purchased":["Blade Dance","Slice","DollysMirror","OrangePellets","FossilizedHelix","SpeedPotion"],"campfire_rested":1,"item_purchase_floors":[3,3,46,54,54,54],"current_hp_per_floor":[56,56,56,30,26,26,22,22,22,13,11,11,32,21,21,13,57,51,51,51,51,46,46,46,44,44,44,44,44,44,44,44,3,54,54,81,81,81,81,90,89,89,89,89,89,91,91,91,91,58,18,73,73,88,88,88],"gold":76,"neow_bonus":"BOSS_RELIC","is_daily":false,"chose_seed":false,"campfire_upgraded":5,"win_rate":0.0,"timestamp":1613850612,"path_taken":["M","M","$","?","M","R","E","R","T","?","E","?","R","E","R","BOSS","M","?","?","M","M","R","M","E","T","?","E","M","E","M","R","BOSS","M","?","?","M","?","E","M","?","T","E","M","$","M","E","R","BOSS","BOSS","R","$","E","BOSS"],"items_purchased_type":["Card","Card","Relic","Relic","Relic","Potion"],"build_version":"2020-12-22","purchased_purges":1,"victory":true,"max_hp_per_floor":[66,66,66,66,66,66,66,66,66,66,71,71,71,71,71,71,71,71,71,71,71,71,71,71,71,71,71,71,71,71,71,71,71,71,71,81,81,81,81,91,91,91,91,91,91,91,91,91,91,91,91,91,91,91,91,91],"relic_stats":{"Happy Flower":[38],"Torii":3,"counters":[32,130],"CeramicFish":171,"Dead Branch":[33],"Bag of Preparation":[60],"Mercury Hourglass":[299],"OrangePellets":[10],"Dream Catcher":0,"Nunchaku":[14],"Shovel":1,"Mummified Hand":[8],"MealTicket":17,"Tiny Chest":1,"Pandora\u0027s Box":["Leg Sweep","Unload","Riddle With Holes","PiercingWail","Flechettes","Quick Slash","Quick Slash","Corpse Explosion","Dagger Spray","Burst"],"Black Star":7,"obtain_stats":[{"Lantern":25,"Torii":44,"CeramicFish":30,"Vajra":40,"Bag of Preparation":4,"Bottled Tornado":43,"Dream Catcher":14,"Nunchaku":48,"Shovel":30,"WristBlade":0,"DollysMirror":46,"Mummified Hand":55,"MealTicket":28,"Tiny Chest":32,"Red Mask":19,"Ring of the Snake":0,"Potion Belt":42,"Pear":40,"Happy Flower":9,"Dead Branch":55,"Akabeko":7,"Mercury Hourglass":28,"OrangePellets":54,"MutagenicStrength":20,"Molten Egg 2":11,"Pandora\u0027s Box":34,"Black Star":17,"StrikeDummy":25,"Unceasing Top":48,"FossilizedHelix":54,"Pocketwatch":44},{"Lantern":14,"Torii":25,"CeramicFish":17,"Vajra":23,"Bag of Preparation":2,"Bottled Tornado":24,"Dream Catcher":7,"Nunchaku":28,"Shovel":17,"WristBlade":0,"DollysMirror":26,"Mummified Hand":31,"MealTicket":15,"Tiny Chest":18,"Red Mask":10,"Ring of the Snake":0,"Potion Belt":24,"Pear":23,"Happy Flower":4,"Dead Branch":31,"Akabeko":4,"Mercury Hourglass":15,"OrangePellets":30,"MutagenicStrength":10,"Molten Egg 2":5,"Pandora\u0027s Box":19,"Black Star":8,"StrikeDummy":14,"Unceasing Top":28,"FossilizedHelix":30,"Pocketwatch":25},{"Lantern":48,"Torii":84,"CeramicFish":55,"Vajra":74,"Bag of Preparation":8,"Bottled Tornado":80,"Dream Catcher":26,"Nunchaku":98,"Shovel":55,"WristBlade":0,"DollysMirror":89,"Mummified Hand":124,"MealTicket":49,"Tiny Chest":56,"Red Mask":39,"Ring of the Snake":0,"Potion Belt":80,"Pear":74,"Happy Flower":14,"Dead Branch":124,"Akabeko":14,"Mercury Hourglass":49,"OrangePellets":118,"MutagenicStrength":39,"Molten Egg 2":20,"Pandora\u0027s Box":65,"Black Star":33,"StrikeDummy":48,"Unceasing Top":98,"FossilizedHelix":118,"Pocketwatch":84}],"Unceasing Top":[2],"Pocketwatch":[33]},"card_choices":[{"not_picked":["Dodge and Roll","Backflip"],"picked":"Underhanded Strike","floor":1.0},{"not_picked":["Deadly Poison","Underhanded Strike"],"picked":"Noxious Fumes","floor":2.0},{"not_picked":["Dodge and Roll","Outmaneuver"],"picked":"Storm of Steel","floor":5.0},{"not_picked":["Poisoned Stab","Noxious Fumes"],"picked":"PiercingWail","floor":7.0},{"not_picked":["Well Laid Plans","Dagger Spray+1"],"picked":"Blade Dance","floor":11.0},{"not_picked":["Backflip","Outmaneuver"],"picked":"Cloak And Dagger","floor":12.0},{"not_picked":["Dagger Throw+1","Setup"],"picked":"Backflip","floor":14.0},{"not_picked":["Tools of the Trade","Grand Finale+1"],"picked":"Wraith Form v2","floor":16.0},{"not_picked":["Poisoned Stab+1","Eviscerate+1"],"picked":"Blade Dance","floor":18.0},{"not_picked":["Bane+1","Flechettes+1"],"picked":"Blade Dance","floor":19.0},{"not_picked":["Dodge and Roll","Deflect","Quick Slash+1"],"picked":"SKIP","floor":21.0},{"not_picked":["Masterful Stab+1","Poisoned Stab+1"],"picked":"Dagger Spray+1","floor":22.0},{"not_picked":["Blur","Expertise+1"],"picked":"Cloak And Dagger+1","floor":24.0},{"not_picked":["Heel Hook+1","Flying Knee+1"],"picked":"Glass Knife+1","floor":25.0},{"not_picked":["Deflect","Deadly Poison+1","Dash+1"],"picked":"SKIP","floor":28.0},{"not_picked":["Backflip+1","Poisoned Stab+1"],"picked":"Well Laid Plans+1","floor":29.0},{"not_picked":["Riddle With Holes+1","Slice+1","Quick Slash+1"],"picked":"SKIP","floor":30.0},{"not_picked":["Bane+1","Bouncing Flask","Heel Hook+1"],"picked":"SKIP","floor":31.0},{"not_picked":["A Thousand Cuts","Bullet Time"],"picked":"After Image","floor":33.0},{"not_picked":["Flying Knee+1","Bouncing Flask"],"picked":"Accuracy+1","floor":35.0},{"not_picked":["Underhanded Strike+1","Slice+1","Bouncing Flask"],"picked":"SKIP","floor":37.0},{"not_picked":["Deflect","Concentrate"],"picked":"Backflip+1","floor":38.0},{"not_picked":["Envenom","Sucker Punch+1"],"picked":"Blade Dance","floor":40.0},{"not_picked":["Predator+1","Backflip"],"picked":"Sucker Punch+1","floor":41.0},{"not_picked":["Dagger Spray+1","Deflect","Flying Knee+1"],"picked":"SKIP","floor":44.0},{"not_picked":["Expertise+1","Underhanded Strike+1","Slice+1"],"picked":"SKIP","floor":45.0},{"not_picked":["Backstab+1","Dagger Throw+1"],"picked":"Venomology","floor":47.0},{"not_picked":["Slice+1","Blade Dance"],"picked":"After Image","floor":48.0},{"not_picked":["Blade Dance","Endless Agony+1"],"picked":"Venomology","floor":55}],"player_experience":1922410,"relics_obtained":[{"floor":7.0,"key":"Akabeko"},{"floor":9.0,"key":"Happy Flower"},{"floor":11.0,"key":"Molten Egg 2"},{"floor":14.0,"key":"Dream Catcher"},{"floor":19.0,"key":"Red Mask"},{"floor":25.0,"key":"Lantern"},{"floor":25.0,"key":"StrikeDummy"},{"floor":28.0,"key":"Mercury Hourglass"},{"floor":28.0,"key":"MealTicket"},{"floor":30.0,"key":"Shovel"},{"floor":30.0,"key":"CeramicFish"},{"floor":32.0,"key":"Tiny Chest"},{"floor":40.0,"key":"Pear"},{"floor":40.0,"key":"Vajra"},{"floor":42.0,"key":"Potion Belt"},{"floor":43.0,"key":"Bottled Tornado"},{"floor":44.0,"key":"Torii"},{"floor":44.0,"key":"Pocketwatch"},{"floor":48.0,"key":"Nunchaku"},{"floor":48.0,"key":"Unceasing Top"},{"floor":55,"key":"Dead Branch"},{"floor":55,"key":"Mummified Hand"}],"event_choices":[{"damage_healed":0.0,"max_hp_gain":0.0,"max_hp_loss":0.0,"gold_gain":0.0,"event_name":"Scrap Ooze","player_choice":"Success","floor":4.0,"gold_loss":0.0,"damage_taken":26.0,"relics_obtained":["Bag of Preparation"]},{"damage_healed":0.0,"max_hp_gain":0.0,"max_hp_loss":0.0,"gold_gain":0.0,"event_name":"Wheel of Change","player_choice":"Damaged","floor":10.0,"gold_loss":0.0,"damage_taken":9.0},{"damage_healed":0.0,"max_hp_gain":0.0,"max_hp_loss":0.0,"gold_gain":0.0,"event_name":"Masked Bandits","player_choice":"Fought Bandits","floor":19.0,"gold_loss":0.0,"damage_taken":0.0},{"damage_healed":0.0,"max_hp_gain":0.0,"max_hp_loss":0.0,"gold_gain":0.0,"event_name":"Drug Dealer","player_choice":"Inject Mutagens","floor":20.0,"gold_loss":0.0,"damage_taken":0.0,"relics_obtained":["MutagenicStrength"]},{"damage_healed":0.0,"max_hp_gain":0.0,"max_hp_loss":0.0,"gold_gain":0.0,"event_name":"Match and Keep!","player_choice":"0 cards matched","floor":27.0,"gold_loss":0.0,"damage_taken":0.0,"cards_obtained":[]},{"cards_removed":["Unload"],"damage_healed":17.0,"max_hp_gain":10.0,"max_hp_loss":0.0,"gold_gain":0.0,"event_name":"Bonfire Elementals","player_choice":"Offered Rare","floor":36.0,"gold_loss":0.0,"damage_taken":0.0},{"cards_removed":["Underhanded Strike"],"damage_healed":0.0,"max_hp_gain":0.0,"max_hp_loss":0.0,"gold_gain":0.0,"event_name":"Designer","player_choice":"Upgrade and Remove","floor":39.0,"gold_loss":110.0,"damage_taken":0.0,"cards_upgraded":["Cloak And Dagger"]}],"is_beta":false,"boss_relics":[{"not_picked":["Astrolabe","Snecko Eye"],"picked":"Black Star"},{"not_picked":["SacredBark","Tiny House"],"picked":"Pandora\u0027s Box"}],"items_purged_floors":[46],"is_endless":false,"potions_floor_spawned":[5,7,11,19,21,29,31,33,35,40,45,48],"ascension_level":20}}