{"host":"6vtgmkkqqeew181q","time":1613812785,"event":{"mods":["BaseMod","Better Skull","Better Third Choice","BetterRewards","Colored Powertips","Downfall","Faster Ascension Climbing","Highlight Path","Minty Spire (QoL Compilation)","Reliquary","Replay The Spire","Spire Birthday Party","StSLib","The Cursed","The IronCluck","The Jungle","The Servant 0.9.4"],"gold_per_floor":[113,113,131,145,159,159,185,185,265,265,292,292,292,311,311,412,412,429,449,58,74,74,74,88,88,137,147,147,158,158,258,258,360,360,379,41,41,52,0,0,29,29,29,29,29,64,64,77,77,77],"floor_reached":51,"language":"ENG","playtime":3393,"items_purged":["Strike_S","Strike_S"],"score":1555,"play_id":"0787e5bf-3f93-4869-9865-00307687c238","local_time":"20210220011945","is_ascension_mode":true,"campfire_choices":[{"data":"FanOfKnives","floor":6.0,"key":"SMITH"},{"data":"SilverBlades","floor":8.0,"key":"SMITH"},{"data":"KidneyShot","floor":10.0,"key":"SMITH"},{"data":"Sabotage","floor":15.0,"key":"SMITH"},{"data":"Barrier","floor":23.0,"key":"SMITH"},{"data":"Advance","floor":25.0,"key":"SMITH"},{"data":"Ricochet","floor":28.0,"key":"SMITH"},{"data":"Read","floor":30.0,"key":"SMITH"},{"data":"BottledTime","floor":32,"key":"SMITH"},{"floor":40,"key":"RECALL"},{"floor":42,"key":"REST"},{"floor":44,"key":"REST"},{"floor":47,"key":"REST"}],"circlet_count":0,"master_deck":["Strike_S","Strike_S+1","Defend_S","Defend_S","Defend_S+1","Defend_S+1","KidneyShot+1","Exchange+1","SilverBlades+1","Barrier+1","Read+1","FanOfKnives+1","Sabotage+1","Inflame+1","BottledTime+1","FlawlessForm+1","SurpressingFire+1","BestPractice+1","DualDimension+1","Advance+1","Ricochet+1","FloweringNight+1","DoubleEdge+1","Decay"],"relics":["ReplayTheSpireMod:Lightbulb","reliquary:JackalopeAntler","Gremlin Food","Snack Pack","Frozen Egg 2","m_ScarletBlood","reliquary:HotPoker","Ring of Chaos","bronze:DecasWashers","Replay:Ringing Soul","Regal Pillow","Fusion Hammer","Pear","Red Mask","Centennial Puzzle","Iron Hammer","StrikeDummy"],"acts_visited":["Exordium","TheCity","TheBeyond"],"potions_floor_usage":[33,50],"damage_taken":[{"damage":0.0,"enemies":"Cultist","floor":1.0,"turns":5.0},{"damage":0.0,"enemies":"Small Slimes","floor":3.0,"turns":4.0},{"damage":1.0,"enemies":"Jaw Worm","floor":4.0,"turns":5.0},{"damage":6.0,"enemies":"Red Slaver","floor":5.0,"turns":6.0},{"damage":9.0,"enemies":"3 Sentries","floor":7.0,"turns":5.0},{"damage":0.0,"enemies":"Lagavulin","floor":11.0,"turns":6.0},{"damage":5.0,"enemies":"Lots of Slimes","floor":14.0,"turns":3.0},{"damage":0.0,"enemies":"Slime Boss","floor":16.0,"turns":10.0},{"damage":19.0,"enemies":"3 Byrds","floor":18.0,"turns":4.0},{"damage":0.0,"enemies":"Chosen","floor":19.0,"turns":6.0},{"damage":0.0,"enemies":"Snecko","floor":21.0,"turns":5.0},{"damage":0.0,"enemies":"Chosen and Byrds","floor":24.0,"turns":8.0},{"damage":3.0,"enemies":"3 Cultists","floor":27.0,"turns":4.0},{"damage":0.0,"enemies":"Snake Plant","floor":29.0,"turns":7.0},{"damage":0,"enemies":"Pondfish","floor":33,"turns":12},{"damage":0,"enemies":"3 Darklings","floor":35,"turns":4},{"damage":0,"enemies":"Orb Walker","floor":38,"turns":3},{"damage":5,"enemies":"Nemesis","floor":41,"turns":7},{"damage":12,"enemies":"Giant Head","floor":46,"turns":8},{"damage":0,"enemies":"3 Darklings","floor":48,"turns":5},{"damage":10,"enemies":"Time Eater","floor":50,"turns":12}],"seed_played":"-4719738953741682624","potions_obtained":[{"floor":4.0,"key":"hexamod:SoulburnPotion"},{"floor":5.0,"key":"Weak Potion"},{"floor":14.0,"key":"sneckomod:MuddlingPotion"},{"floor":19.0,"key":"SpeedPotion"},{"floor":21.0,"key":"sneckomod:MuddlingPotion"},{"floor":27.0,"key":"hexamod:SoulburnPotion"},{"floor":41,"key":"Strength Potion"}],"is_trial":false,"path_per_floor":["M","T","M","M","M","R","E","R","T","R","E","?","T","M","R","B",null,"M","M","$","M","T","R","M","R","T","M","R","M","R","?","R","B",null,"M","$","?","M","?","R","E","R","T","R","?","E","R","M","R","B",null],"character_chosen":"THE_SERVANT","items_purchased":["SilverBlades","ReplayTheSpireMod:Lightbulb","Fire Potion","BestPractice+1","bronze:DecasWashers","Pear"],"campfire_rested":3,"item_purchase_floors":[0,0,0,20,20,36],"current_hp_per_floor":[58,58,58,57,51,51,42,42,42,42,44,44,44,39,39,41,65,46,46,46,46,46,46,49,49,49,49,49,49,49,49,49,52,74,77,87,83,83,83,83,78,83,83,83,86,76,86,86,86,80],"gold":77,"neow_bonus":"","is_daily":false,"chose_seed":false,"campfire_upgraded":9,"win_rate":0.0,"timestamp":1613812785,"path_taken":["M","?","M","M","M","R","E","R","T","R","E","?","?","M","R","BOSS","M","M","$","M","?","R","M","R","T","M","R","?","R","?","R","BOSS","M","?","?","M","?","R","E","R","T","R","?","E","R","M","R","BOSS"],"items_purchased_type":["Card","Relic","Potion","Card","Relic","Relic"],"build_version":"2020-12-22","purchased_purges":2,"victory":true,"max_hp_per_floor":[65,65,65,65,65,65,65,65,65,65,65,65,65,65,65,65,65,65,65,65,65,65,65,68,68,68,71,71,71,71,71,71,74,74,77,87,83,83,83,83,83,83,83,83,86,86,86,86,86,86],"card_choices":[{"not_picked":["Revamp","Advance"],"picked":"Barrier","floor":1.0},{"not_picked":["ShatteredReality","Manipulate"],"picked":"Read","floor":3.0},{"not_picked":["Rewind","Revamp"],"picked":"FanOfKnives","floor":4.0},{"not_picked":["Unruled","Potential","DoubleEdge"],"picked":"SKIP","floor":5.0},{"not_picked":["Potential","Revamp","Hightail"],"picked":"SKIP","floor":7.0},{"not_picked":["Replace","Potential"],"picked":"Sabotage","floor":11.0},{"not_picked":["Unruled","Starlight"],"picked":"BottledTime","floor":14.0},{"not_picked":["Duplication","PendulumOfEternity"],"picked":"FlawlessForm+1","floor":16.0},{"not_picked":["Barrier","SpecialFormula"],"picked":"SurpressingFire+1","floor":18.0},{"not_picked":["Replace","TimeWarp","Hightail"],"picked":"SKIP","floor":19.0},{"not_picked":["TimeTheft","InstantArmor"],"picked":"DualDimension+1","floor":21.0},{"not_picked":["Potential+1","Rearm"],"picked":"Advance","floor":24.0},{"not_picked":["ForgedInTime","Deadline"],"picked":"Ricochet","floor":27.0},{"not_picked":["Spin+1","TimeWarp","Defy"],"picked":"SKIP","floor":29.0},{"not_picked":["FlawlessForm+1","TrueSight+1"],"picked":"FloweringNight+1","floor":33},{"not_picked":["ShatteredReality","Defy"],"picked":"DoubleEdge+1","floor":35},{"not_picked":["Replace","Spin","Revamp"],"picked":"SKIP","floor":38},{"not_picked":["Deny","Rearm+1","BestPractice+1"],"picked":"SKIP","floor":41},{"not_picked":["Rearm+1","Defy+1","TimeWarp"],"picked":"SKIP","floor":46},{"not_picked":["ShatteredReality+1","BottledTime","Advance"],"picked":"SKIP","floor":48}],"player_experience":691525,"relics_obtained":[{"floor":2.0,"key":"reliquary:JackalopeAntler"},{"floor":7.0,"key":"Gremlin Food"},{"floor":9.0,"key":"Snack Pack"},{"floor":11.0,"key":"Frozen Egg 2"},{"floor":13.0,"key":"reliquary:HotPoker"},{"floor":22.0,"key":"Replay:Ringing Soul"},{"floor":26.0,"key":"Regal Pillow"},{"floor":41,"key":"Centennial Puzzle"},{"floor":43,"key":"Iron Hammer"},{"floor":46,"key":"StrikeDummy"}],"event_choices":[{"damage_healed":0.0,"max_hp_gain":0.0,"max_hp_loss":0.0,"gold_gain":100.0,"event_name":"Golden Shrine","player_choice":"Pray","floor":31.0,"gold_loss":0.0,"damage_taken":0.0},{"damage_healed":0,"gold_gain":0,"player_choice":"Max HP","damage_taken":0,"max_hp_gain":0,"max_hp_loss":4,"event_name":"Winding Halls","floor":37,"gold_loss":0},{"damage_healed":0,"gold_gain":0,"player_choice":"Paid","damage_taken":0,"relics_obtained":["Red Mask"],"max_hp_gain":0,"max_hp_loss":0,"event_name":"Tomb of Lord Red Mask","floor":39,"gold_loss":52},{"damage_healed":0,"gold_gain":0,"player_choice":"Cursed","damage_taken":0,"max_hp_gain":0,"max_hp_loss":0,"event_name":"Wheel of Change","floor":45,"gold_loss":0,"cards_obtained":["Decay"]},{"damage_healed":0,"gold_gain":0,"player_choice":"Forge","damage_taken":0,"max_hp_gain":0,"max_hp_loss":0,"event_name":"Accursed Blacksmith","floor":49,"gold_loss":0,"cards_upgraded":["Strike_S"]}],"is_beta":false,"boss_relics":[{"not_picked":["reliquary:Ember","Snecko Eye"],"picked":"Ring of Chaos"},{"not_picked":["bronze:MakeshiftBattery","Replay:Fungal Core"],"picked":"Fusion Hammer"}],"items_purged_floors":[20,36],"is_endless":false,"potions_floor_spawned":[4,5,14,19,21,27,41],"ascension_level":1}}