{"host":"uhi6g4fgvyietct9","time":1613835797,"event":{"mods":["AchievementEnabler","BaseMod","Colored Map","Colored Powertips","Minty Spire (QoL Compilation)","StSLib","SuperFastMode"],"gold_per_floor":[114,114,45,62,81,81,111,111,136,136,63,92,92,92,92,188,188,206,18,18,18,118,118,118,118],"floor_reached":24,"language":"KOR","playtime":887,"items_purged":[],"score":307,"play_id":"3d7f15ce-a347-40a6-ab73-007f3a392a3f","local_time":"20210221004317","is_ascension_mode":true,"campfire_choices":[{"data":"Eviscerate","floor":6.0,"key":"SMITH"},{"floor":8.0,"key":"REST"},{"floor":10.0,"key":"REST"},{"data":"Terror","floor":15.0,"key":"SMITH"},{"data":"Adrenaline","floor":23,"key":"SMITH"}],"circlet_count":0,"master_deck":["AscendersBane","Strike_G","Strike_G","Defend_G","Defend_G","Defend_G","Defend_G","Defend_G","Survivor","Neutralize","Tactician","Backstab","Eviscerate+1","PiercingWail","Acrobatics","Terror+1","Adrenaline+1","Dagger Spray","Panache"],"relics":["Ring of the Snake","NeowsBlessing","Nunchaku","Juzu Bracelet","Bottled Lightning","Empty Cage","MutagenicStrength","Boot"],"acts_visited":["Exordium","TheCity"],"potions_floor_usage":[24],"damage_taken":[{"damage":0.0,"enemies":"Cultist","floor":1.0,"turns":1.0},{"damage":0.0,"enemies":"Small Slimes","floor":4.0,"turns":1.0},{"damage":0.0,"enemies":"Jaw Worm","floor":5.0,"turns":1.0},{"damage":40.0,"enemies":"Gremlin Nob","floor":7.0,"turns":6.0},{"damage":26.0,"enemies":"Lagavulin","floor":12.0,"turns":6.0},{"damage":32.0,"enemies":"The Guardian","floor":16.0,"turns":11.0},{"damage":3.0,"enemies":"2 Thieves","floor":18.0,"turns":3.0},{"damage":52,"enemies":"Gremlin Leader","floor":24,"turns":8}],"seed_played":"-8603295579575102637","potions_obtained":[{"floor":5.0,"key":"Dexterity Potion"},{"floor":7.0,"key":"BlessingOfTheForge"},{"floor":13.0,"key":"Regen Potion"},{"floor":13.0,"key":"Swift Potion"},{"floor":16.0,"key":"DuplicationPotion"},{"floor":18.0,"key":"SteroidPotion"}],"is_trial":false,"path_per_floor":["M","?","$","M","M","R","E","R","T","R","$","E","?","?","R","B",null,"M","$","?","T","?","R","E"],"character_chosen":"THE_SILENT","items_purchased":["Backstab","Terror","Panache"],"campfire_rested":2,"item_purchase_floors":[3,11,19],"current_hp_per_floor":[63,63,63,63,63,63,23,44,44,65,65,39,39,70,70,38,62,59,59,59,59,59,59,7,7],"gold":118,"neow_bonus":"THREE_ENEMY_KILL","is_daily":false,"chose_seed":false,"campfire_upgraded":3,"win_rate":0.0,"timestamp":1613835797,"path_taken":["M","?","$","?","M","R","E","R","T","R","$","E","?","?","R","BOSS","M","$","?","?","?","R","E"],"items_purchased_type":["Card","Card","Card"],"build_version":"2020-12-22","purchased_purges":0,"victory":false,"max_hp_per_floor":[70,70,70,70,70,70,70,70,70,70,70,70,70,70,70,70,70,70,70,70,70,70,70,70,70],"card_choices":[{"not_picked":["Quick Slash","Masterful Stab"],"picked":"Tactician","floor":1.0},{"not_picked":["Expertise","Underhanded Strike"],"picked":"Eviscerate","floor":4.0},{"not_picked":["Underhanded Strike","Acrobatics"],"picked":"PiercingWail","floor":5.0},{"not_picked":["Deflect","Endless Agony"],"picked":"Acrobatics","floor":7.0},{"not_picked":["Terror","Catalyst","Outmaneuver"],"picked":"SKIP","floor":12.0},{"not_picked":["Corpse Explosion","Malaise"],"picked":"Adrenaline","floor":16.0},{"not_picked":["Sucker Punch","All Out Attack"],"picked":"Dagger Spray","floor":18.0}],"player_experience":605973,"relics_obtained":[{"floor":7.0,"key":"Nunchaku"},{"floor":9.0,"key":"Juzu Bracelet"},{"floor":12.0,"key":"Bottled Lightning"},{"floor":21,"key":"Boot"}],"event_choices":[{"cards_removed":["Strike_G"],"damage_healed":0.0,"max_hp_gain":0.0,"max_hp_loss":0.0,"gold_gain":0.0,"event_name":"Purifier","player_choice":"Purged","floor":2.0,"gold_loss":0.0,"damage_taken":0.0},{"damage_healed":0.0,"max_hp_gain":0.0,"max_hp_loss":0.0,"gold_gain":0.0,"event_name":"Lab","player_choice":"Got Potions","floor":13.0,"gold_loss":0.0,"damage_taken":0.0},{"damage_healed":31.0,"max_hp_gain":0.0,"max_hp_loss":0.0,"gold_gain":0.0,"event_name":"Wheel of Change","player_choice":"Full Heal","floor":14.0,"gold_loss":0.0,"damage_taken":0.0},{"damage_healed":0,"gold_gain":0,"player_choice":"Inject Mutagens","damage_taken":0,"relics_obtained":["MutagenicStrength"],"max_hp_gain":0,"max_hp_loss":0,"event_name":"Drug Dealer","floor":20,"gold_loss":0},{"damage_healed":0,"gold_gain":100,"player_choice":"Pray","damage_taken":0,"max_hp_gain":0,"max_hp_loss":0,"event_name":"Golden Shrine","floor":22,"gold_loss":0}],"is_beta":false,"boss_relics":[{"not_picked":["Sozu","Black Star"],"picked":"Empty Cage"}],"items_purged_floors":[],"is_endless":false,"potions_floor_spawned":[5,7,16,18],"killed_by":"Gremlin Leader","ascension_level":11}}