{"host":"u2qrfxkm3wve0vp3","time":1613837216,"event":{"mods":["AchievementEnabler","BaseMod","Downfall","Minty Spire (QoL Compilation)","Quick Restart","Shop Mod","StSLib","The Cursed","The Marked"],"gold_per_floor":[115,115,10,27,27,27,27,71,152,171,192,223,263,278,278,409,409],"floor_reached":16,"language":"ZHS","playtime":384,"items_purged":[],"score":194,"play_id":"ed3947c9-6106-43d4-8e2e-0be60d7b642b","local_time":"20210221000656","is_ascension_mode":true,"campfire_choices":[{"data":"theMarked:SoldierOfQuellstein","floor":6,"key":"SMITH"},{"floor":15,"key":"RECALL"}],"circlet_count":0,"master_deck":["theMarked:Strike","theMarked:Strike","theMarked:Strike","theMarked:Strike","theMarked:Strike","theMarked:Defend","theMarked:Defend","theMarked:Defend","theMarked:SoldierOfQuellstein+1","theMarked:Maelstrom","theMarked:TakeOffHeels","theMarked:EmpowerWeapon"],"relics":["theMarked:ArtifactOfAir","NeowsBlessing","Bag of Marbles","Golden Idol","Eternal Feather","The Courier","Odd Mushroom","Bag of Preparation"],"acts_visited":["Exordium"],"potions_floor_usage":[10,12,13],"damage_taken":[{"damage":0,"enemies":"Small Slimes","floor":1,"turns":1},{"damage":0,"enemies":"2 Louse","floor":4,"turns":1},{"damage":0,"enemies":"3 Sentries","floor":8,"turns":1},{"damage":0,"enemies":"Cultist","floor":10,"turns":2},{"damage":2,"enemies":"Blue Slaver","floor":11,"turns":2},{"damage":16,"enemies":"The Mushroom Lair","floor":12,"turns":4},{"damage":6,"enemies":"Gremlin Nob","floor":13,"turns":4},{"damage":0,"enemies":"Looter","floor":14,"turns":2},{"damage":16,"enemies":"Slime Boss","floor":16,"turns":10}],"seed_played":"845669641557457152","potions_obtained":[{"floor":4,"key":"Fire Potion"},{"floor":11,"key":"Fire Potion"},{"floor":12,"key":"EssenceOfSteel"},{"floor":14,"key":"LiquidBronze"},{"floor":16,"key":"PowerPotion"}],"is_trial":false,"path_per_floor":["M","?","?","M","?","R","?","E","T","M","M","?","E","M","R","B"],"character_chosen":"THE_DEFAULT","items_purchased":[],"campfire_rested":0,"item_purchase_floors":[],"current_hp_per_floor":[72,72,72,72,54,54,54,54,54,54,52,36,30,30,36,20,20],"gold":409,"neow_bonus":"THREE_ENEMY_KILL","is_daily":false,"chose_seed":false,"campfire_upgraded":1,"win_rate":0.0,"timestamp":1613837216,"path_taken":["M","?","?","?","?","R","?","E","T","M","M","?","E","M","R","BOSS"],"items_purchased_type":[],"build_version":"2020-12-22","purchased_purges":0,"victory":false,"max_hp_per_floor":[72,72,72,72,72,72,72,72,72,72,72,72,72,72,72,72,72],"card_choices":[{"not_picked":["theMarked:Parkour","theMarked:WastefulAttack"],"picked":"theMarked:Maelstrom","floor":1},{"not_picked":["theMarked:Seal","theMarked:ElectricStrings","theMarked:ChainLightning"],"picked":"SKIP","floor":4},{"not_picked":["theMarked:Heritage","theMarked:Maelstrom","theMarked:Memento"],"picked":"SKIP","floor":8},{"not_picked":["theMarked:Frustration","theMarked:Memento","theMarked:TakeCover"],"picked":"SKIP","floor":10},{"not_picked":["theMarked:ChainLightning","theMarked:ElectricStrings","theMarked:ContemptForTheProud"],"picked":"SKIP","floor":11},{"not_picked":["theMarked:Opportunist","theMarked:ChannelForce"],"picked":"theMarked:TakeOffHeels","floor":13},{"not_picked":["theMarked:Parry","theMarked:ChainLightning"],"picked":"theMarked:EmpowerWeapon","floor":14}],"player_experience":332338,"relics_obtained":[{"floor":8,"key":"Eternal Feather"},{"floor":9,"key":"The Courier"},{"floor":12,"key":"Odd Mushroom"},{"floor":13,"key":"Bag of Preparation"}],"event_choices":[{"cards_removed":["theMarked:Defend"],"damage_healed":0,"gold_gain":0,"player_choice":"Forget","damage_taken":0,"max_hp_gain":0,"max_hp_loss":0,"event_name":"Living Wall","floor":2,"gold_loss":0},{"damage_healed":0,"gold_gain":0,"player_choice":"Paid Gold","damage_taken":0,"relics_obtained":["Bag of Marbles"],"max_hp_gain":0,"max_hp_loss":0,"event_name":"WeMeetAgain","floor":3,"gold_loss":105},{"damage_healed":0,"gold_gain":0,"player_choice":"Take Damage","damage_taken":18,"relics_obtained":["Golden Idol"],"max_hp_gain":0,"max_hp_loss":0,"event_name":"Golden Idol","floor":5,"gold_loss":0},{"damage_healed":0,"gold_gain":0,"player_choice":"Ignored","damage_taken":0,"max_hp_gain":0,"max_hp_loss":0,"event_name":"Liars Game","floor":7,"gold_loss":0},{"damage_healed":0,"gold_gain":0,"player_choice":"Fought Mushrooms","damage_taken":0,"max_hp_gain":0,"max_hp_loss":0,"event_name":"Mushrooms","floor":12,"gold_loss":0}],"is_beta":false,"boss_relics":[],"items_purged_floors":[],"is_endless":false,"potions_floor_spawned":[4,11,12,14,16],"killed_by":"Slime Boss","ascension_level":1}}