{"host":"ypphcgdomtfqpc2w","time":1613801008,"event":{"mods":["BaseMod","DeckTracker","MarisaÅiñ∂âJÅ@ñÇóùçπÅj","Minty Spire (QoL Compilation)","Relic Stats","StSLib"],"gold_per_floor":[118,131,147,158,173,173,173,173,250,277,277,287,36,64,64,143,143,159,159,159,159,159,159,2,2,25,36,46,77,87,101,101,178,178,189,18,36,51,103,103,129,129,129,142,167,201,213,232,232,232,232,232,5,34,34,34],"floor_reached":55,"language":"ENG","playtime":4704,"items_purged":["Strike_P"],"score":1391,"play_id":"e6a77e1e-0825-473b-b67a-8b09eb01682a","local_time":"20210220150328","is_ascension_mode":true,"campfire_choices":[{"data":"Eruption","floor":6.0,"key":"SMITH"},{"data":"Vigilance","floor":8.0,"key":"SMITH"},{"data":"Blasphemy","floor":15.0,"key":"SMITH"},{"data":"Scrawl","floor":23.0,"key":"SMITH"},{"data":"TalkToTheHand","floor":25.0,"key":"SMITH"},{"floor":32.0,"key":"REST"},{"data":"Vault","floor":40.0,"key":"SMITH"},{"data":"Sanctity","floor":42,"key":"SMITH"},{"floor":49,"key":"RECALL"},{"data":"Strike_P","floor":52,"key":"PURGE"}],"circlet_count":0,"master_deck":["AscendersBane","Defend_P","Defend_P+1","Eruption+1","Vigilance+1","SandsOfTime","MentalFortress","TalkToTheHand+1","Swivel","EmptyBody","Blasphemy+1","ThirdEye+1","TalkToTheHand+1","ReachHeaven+1","Scrawl+1","Worship+1","PathToVictory+1","SpiritShield+1","FlyingSleeves+1","RitualDagger+1","CutThroughFate","Adaptation+1","ThirdEye+1","Wallop","FlurryOfBlows","Indignation","Vault+1","BattleHymn","DevaForm","Sanctity+1","Consecrate","JustLucky","Evaluate+1","ClearTheMind+1","Protect","Tantrum","Enlightenment"],"relics":["PureWater","Bird Faced Urn","Bronze Scales","Omamori","Toy Ornithopter","Astrolabe","Nunchaku","Nloth\u0027s Gift","War Paint","Lantern","Coffee Dripper","Strange Spoon","Peace Pipe","Damaru","Thread and Needle","Anchor","Centennial Puzzle"],"acts_visited":["Exordium","TheCity","TheBeyond","TheEnding"],"potions_floor_usage":[41,41,45,54,54],"damage_taken":[{"damage":2.0,"enemies":"Small Slimes","floor":1.0,"turns":4.0},{"damage":2.0,"enemies":"Jaw Worm","floor":2.0,"turns":4.0},{"damage":0.0,"enemies":"Cultist","floor":3.0,"turns":3.0},{"damage":0.0,"enemies":"Looter","floor":4.0,"turns":3.0},{"damage":20.0,"enemies":"Large Slime","floor":5.0,"turns":6.0},{"damage":10.0,"enemies":"Gremlin Nob","floor":10.0,"turns":3.0},{"damage":0.0,"enemies":"Gremlin Gang","floor":12.0,"turns":3.0},{"damage":0.0,"enemies":"Lagavulin","floor":14.0,"turns":6.0},{"damage":5.0,"enemies":"Hexaghost","floor":16.0,"turns":7.0},{"damage":9.0,"enemies":"Shell Parasite","floor":18.0,"turns":3.0},{"damage":11.0,"enemies":"2 Thieves","floor":27.0,"turns":4.0},{"damage":8.0,"enemies":"Centurion and Healer","floor":28.0,"turns":5.0},{"damage":17.0,"enemies":"Slavers","floor":29.0,"turns":5.0},{"damage":11.0,"enemies":"Sentry and Sphere","floor":30.0,"turns":6.0},{"damage":0.0,"enemies":"Chosen and Byrds","floor":31.0,"turns":5.0},{"damage":49.0,"enemies":"Champ","floor":33.0,"turns":11.0},{"damage":6.0,"enemies":"3 Darklings","floor":35.0,"turns":4.0},{"damage":3.0,"enemies":"Orb Walker","floor":37.0,"turns":3.0},{"damage":6.0,"enemies":"Spire Growth","floor":38.0,"turns":4.0},{"damage":19.0,"enemies":"2 Orb Walkers","floor":39.0,"turns":6.0},{"damage":45,"enemies":"Reptomancer","floor":41,"turns":4},{"damage":0,"enemies":"Transient","floor":44,"turns":5},{"damage":0,"enemies":"Mind Bloom Boss Battle","floor":45,"turns":8},{"damage":5,"enemies":"Giant Head","floor":46,"turns":7},{"damage":18,"enemies":"Sphere and 2 Shapes","floor":47,"turns":4},{"damage":0,"enemies":"Jaw Worm Horde","floor":48,"turns":5},{"damage":20,"enemies":"Donu and Deca","floor":50,"turns":10},{"damage":39,"enemies":"Shield and Spear","floor":54,"turns":6},{"damage":60,"enemies":"The Heart","floor":55,"turns":4}],"seed_played":"-3123202683316001189","potions_obtained":[{"floor":1.0,"key":"Explosive Potion"},{"floor":3.0,"key":"GamblersBrew"},{"floor":4.0,"key":"SkillPotion"},{"floor":18.0,"key":"Weak Potion"},{"floor":29.0,"key":"Block Potion"},{"floor":31.0,"key":"EssenceOfSteel"},{"floor":39.0,"key":"SkillPotion"},{"floor":41,"key":"SpeedPotion"},{"floor":44,"key":"Regen Potion"},{"floor":47,"key":"Weak Potion"}],"is_trial":false,"path_per_floor":["M","M","M","M","M","R","?","R","T","E","?","M","$","E","R","B",null,"M","?","?","?","?","R","$","R","T","M","M","E","M","M","R","B",null,"M","$","M","M","?","R","E","R","T","M","?","E","M","M","R","B",null,"R","$","E","B"],"character_chosen":"WATCHER","items_purchased":["TalkToTheHand+1","Omamori","CutThroughFate","Fire Potion","Strange Spoon","Tantrum","Enlightenment","Block Potion"],"campfire_rested":1,"item_purchase_floors":[13,13,24,24,36,53,53,53],"current_hp_per_floor":[59,57,57,57,37,37,37,37,37,27,27,29,29,31,31,28,58,51,45,45,45,45,45,45,45,45,39,33,25,23,27,47,2,52,48,48,49,49,36,36,9,9,9,15,41,44,34,42,42,30,59,59,59,38,0,0],"gold":34,"neow_bonus":"REMOVE_CARD","is_daily":false,"chose_seed":false,"campfire_upgraded":7,"win_rate":0.0,"timestamp":1613801008,"path_taken":["M","M","M","M","M","R","?","R","T","E","?","M","$","E","R","BOSS","M","?","?","?","?","R","$","R","T","M","M","E","M","M","R","BOSS","M","$","?","M","?","R","E","R","T","M","?","E","M","M","R","BOSS","R","$","E","BOSS"],"items_purchased_type":["Card","Relic","Card","Potion","Relic","Card","Card","Potion"],"build_version":"2020-12-22","purchased_purges":1,"victory":false,"max_hp_per_floor":[68,68,68,68,68,68,68,68,68,68,68,68,68,68,68,68,68,68,68,68,68,68,68,68,68,68,68,68,68,68,68,68,68,68,68,68,68,68,68,68,68,68,68,68,68,68,68,68,68,68,68,68,68,68,68,68],"relic_stats":{"Peace Pipe":1,"Strange Spoon":[53],"Nunchaku":[25],"Centennial Puzzle":[2],"counters":[29,148],"Bird Faced Urn":[110],"Bronze Scales":[382],"Astrolabe":["Worship","PathToVictory","SpiritShield"],"Nloth\u0027s Gift":5,"War Paint":["ThirdEye","Defend_P"],"obtain_stats":[{"Lantern":29,"Astrolabe":17,"Damaru":41,"Thread and Needle":45,"Omamori":13,"War Paint":26,"Peace Pipe":39,"Strange Spoon":36,"Nunchaku":20,"Anchor":46,"Centennial Puzzle":54,"Bird Faced Urn":10,"Bronze Scales":11,"Molten Egg 2":9,"Nloth\u0027s Gift":22,"Coffee Dripper":34,"PureWater":0,"Toy Ornithopter":14},{"Lantern":13,"Astrolabe":9,"Damaru":21,"Thread and Needle":23,"Omamori":7,"War Paint":10,"Peace Pipe":20,"Strange Spoon":17,"Nunchaku":10,"Anchor":24,"Centennial Puzzle":28,"Bird Faced Urn":6,"Bronze Scales":6,"Molten Egg 2":5,"Nloth\u0027s Gift":10,"Coffee Dripper":16,"PureWater":0,"Toy Ornithopter":8},{"Lantern":56,"Astrolabe":39,"Damaru":99,"Thread and Needle":112,"Omamori":26,"War Paint":42,"Peace Pipe":95,"Strange Spoon":82,"Nunchaku":42,"Anchor":119,"Centennial Puzzle":144,"Bird Faced Urn":23,"Bronze Scales":23,"Molten Egg 2":20,"Nloth\u0027s Gift":42,"Coffee Dripper":78,"PureWater":0,"Toy Ornithopter":32}],"Toy Ornithopter":40},"card_choices":[{"not_picked":["Conclude","CutThroughFate"],"picked":"SandsOfTime","floor":1.0},{"not_picked":["Indignation","WheelKick"],"picked":"MentalFortress","floor":2.0},{"not_picked":["Consecrate","ClearTheMind"],"picked":"TalkToTheHand","floor":3.0},{"not_picked":["PathToVictory","Crescendo"],"picked":"Swivel","floor":4.0},{"not_picked":["SashWhip","Perseverance"],"picked":"EmptyBody","floor":5.0},{"not_picked":["PathToVictory","ClearTheMind"],"picked":"Blasphemy","floor":10.0},{"not_picked":["SashWhip+1","FollowUp+1"],"picked":"ThirdEye","floor":12.0},{"not_picked":["ThirdEye","Sanctity"],"picked":"ReachHeaven+1","floor":14.0},{"not_picked":["Blasphemy","Alpha"],"picked":"Scrawl","floor":16.0},{"not_picked":["BowlingBash+1","Halt"],"picked":"FlyingSleeves+1","floor":18.0},{"not_picked":["CrushJoints","Prostrate"],"picked":"Adaptation+1","floor":27.0},{"not_picked":["PathToVictory+1","Halt"],"picked":"ThirdEye+1","floor":28.0},{"not_picked":["Ragnarok","Tantrum"],"picked":"Wallop","floor":29.0},{"not_picked":["Blasphemy","Conclude"],"picked":"FlurryOfBlows","floor":30.0},{"not_picked":["CarveReality","Protect"],"picked":"Indignation","floor":31.0},{"not_picked":["Wish","MasterReality"],"picked":"Vault","floor":33.0},{"not_picked":["SashWhip","Protect+1"],"picked":"BattleHymn","floor":35.0},{"not_picked":["Perseverance+1","Prostrate"],"picked":"DevaForm","floor":37.0},{"not_picked":["ClearTheMind","Ragnarok","CrushJoints"],"picked":"SKIP","floor":38.0},{"not_picked":["ClearTheMind","Ragnarok","CrushJoints"],"picked":"SKIP","floor":38.0},{"not_picked":["EmptyFist","SignatureMove+1"],"picked":"Sanctity","floor":39.0},{"not_picked":["DevaForm","MasterReality"],"picked":"Consecrate","floor":41},{"not_picked":["SashWhip","ReachHeaven"],"picked":"JustLucky","floor":44},{"not_picked":["Halt","CrushJoints"],"picked":"Evaluate+1","floor":46},{"not_picked":["FlyingSleeves","MentalFortress"],"picked":"ClearTheMind+1","floor":47},{"not_picked":["JustLucky","WindmillStrike"],"picked":"Protect","floor":48},{"not_picked":["BowlingBash","Study","ConjureBlade"],"picked":"SKIP","floor":54}],"player_experience":3339736,"relics_obtained":[{"floor":9.0,"key":"Molten Egg 2"},{"floor":10.0,"key":"Bird Faced Urn"},{"floor":11.0,"key":"Bronze Scales"},{"floor":14.0,"key":"Toy Ornithopter"},{"floor":26.0,"key":"War Paint"},{"floor":29.0,"key":"Lantern"},{"floor":39.0,"key":"Peace Pipe"},{"floor":41,"key":"Damaru"},{"floor":45,"key":"Thread and Needle"},{"floor":46,"key":"Anchor"},{"floor":54,"key":"Centennial Puzzle"}],"event_choices":[{"damage_healed":0.0,"max_hp_gain":0.0,"max_hp_loss":0.0,"gold_gain":0.0,"event_name":"Liars Game","player_choice":"Ignored","floor":7.0,"gold_loss":0.0,"damage_taken":0.0},{"damage_healed":0.0,"max_hp_gain":0.0,"max_hp_loss":0.0,"gold_gain":0.0,"event_name":"Wheel of Change","player_choice":"Relic","floor":11.0,"gold_loss":0.0,"damage_taken":0.0},{"damage_healed":0.0,"max_hp_gain":0.0,"max_hp_loss":0.0,"gold_gain":0.0,"event_name":"Nest","player_choice":"Joined the Cult","floor":19.0,"gold_loss":0.0,"damage_taken":6.0,"cards_obtained":["RitualDagger"]},{"damage_healed":0.0,"max_hp_gain":0.0,"max_hp_loss":0.0,"gold_gain":0.0,"event_name":"Addict","player_choice":"Stole Relic","floor":20.0,"gold_loss":0.0,"damage_taken":0.0,"relics_obtained":["Nunchaku"],"cards_obtained":["Shame"]},{"damage_healed":0.0,"max_hp_gain":0.0,"max_hp_loss":0.0,"gold_gain":0.0,"event_name":"Forgotten Altar","player_choice":"Smashed Altar","floor":21.0,"gold_loss":0.0,"damage_taken":0.0,"cards_obtained":["Decay"]},{"damage_healed":0.0,"max_hp_gain":0.0,"max_hp_loss":0.0,"gold_gain":0.0,"event_name":"N\u0027loth","player_choice":"Traded Relic","floor":22.0,"relics_lost":["Molten Egg 2"],"gold_loss":0.0,"damage_taken":0.0,"relics_obtained":["Nloth\u0027s Gift"]},{"damage_healed":0.0,"max_hp_gain":0.0,"max_hp_loss":0.0,"gold_gain":0.0,"event_name":"Mysterious Sphere","player_choice":"Fight","floor":39.0,"gold_loss":0.0,"damage_taken":0.0},{"damage_healed":0,"gold_gain":0,"player_choice":"Fight","damage_taken":0,"max_hp_gain":0,"max_hp_loss":0,"event_name":"MindBloom","floor":45,"gold_loss":0}],"is_beta":false,"boss_relics":[{"not_picked":["Ectoplasm","HolyWater"],"picked":"Astrolabe"},{"not_picked":["Pandora\u0027s Box","Black Star"],"picked":"Coffee Dripper"}],"items_purged_floors":[24],"is_endless":false,"potions_floor_spawned":[1,3,4,5,18,29,31,39,41,44,47],"killed_by":"The Heart","ascension_level":16}}