{"host":"4ds1zdmwd19pifst","time":1613792712,"event":{"mods":["BaseMod","Downfall","Highlight Path","Minty Spire (QoL Compilation)","StSLib"],"gold_per_floor":[99,119,136,121,139,139,139],"floor_reached":6,"language":"ENG","playtime":748,"items_purged":[],"score":86,"play_id":"036523a8-c328-4fe5-b928-dda3672eef8c","local_time":"20210219194512","daily_mods":["Hoarder","Insanity","Chimera","Diverse","DeadlyEvents"],"is_ascension_mode":false,"campfire_choices":[{"floor":1,"key":"RECALL"}],"circlet_count":0,"master_deck":["Bash","Survivor","Zap","Eruption","Strike_R","Strike_G","Strike_B","Defend_R","Defend_G","Defend_P","Slimebound:SamplingLick","hexamod:RadiantFlame","champ:FancyFootwork","Evaluate","JustLucky","bronze:Branch","sneckomod:SnakeSap","Sever Soul","sneckomod:SnakeSap","Slimebound:SlimeTap","bronze:OilSpill","hexamod:HeatMetal","All Out Attack","Slimebound:SplitLeeching","hexamod:RecurringNightmare","bronze:Boost","champ:RecklessLeap","Guardian:Recover","Rebound","Poisoned Stab","bronze:Iterate","hexamod:GhostLash","sneckomod:UnknownDraw","Slimebound:LivingWall","Pommel Strike","hexamod:ThermalTransfer","champ:FalseCounter","hexamod:GhostOfSpirePast","champ:AdrenalArmor","Conserve Battery","champ:DefensiveShout","sneckomod:QuickBite","Guardian:TemporalShield","Flame Barrier","Storm","Slimebound:PressTheAttack","Prepared","champ:CrownThrow","bronze:Overload","Guardian:DonusPower","champ:EnGarde","Skim","FlurryOfBlows","Slimebound:SplitLeeching","Hologram","sneckomod:Unknown0Cost","hexamod:HeatShield","sneckomod:IronFang","Loop","Guardian:Gem_Green","bronze:NullPointer","bronze:NullPointer","bronze:NullPointer","sneckomod:UnknownClassTHE_BRONZE_AUTOMATON","sneckomod:UnknownClassTHE_BRONZE_AUTOMATON","sneckomod:UnknownClassTHE_BRONZE_AUTOMATON","champ:ArenaPreparation","champ:ArenaPreparation","champ:ArenaPreparation","DeceiveReality","DeceiveReality","DeceiveReality"],"relics":["Unceasing Top"],"acts_visited":["Exordium"],"potions_floor_usage":[],"damage_taken":[{"damage":0,"enemies":"Cultist","floor":2,"turns":3},{"damage":4,"enemies":"2 Louse","floor":3,"turns":3},{"damage":0,"enemies":"downfall:FleeingMerchant","floor":4,"turns":4},{"damage":9,"enemies":"Jaw Worm","floor":5,"turns":2},{"damage":32,"enemies":"Gremlin Nob","floor":6,"turns":5}],"seed_played":"5795578039191389831","potions_obtained":[{"floor":3,"key":"PowerPotion"},{"floor":5,"key":"Strength Potion"}],"is_trial":true,"path_per_floor":["R","M","M","$","M","E"],"character_chosen":"IRONCLAD","items_purchased":[],"campfire_rested":0,"item_purchase_floors":[],"current_hp_per_floor":[80,80,76,76,67,35,35],"gold":139,"neow_bonus":"","is_daily":false,"chose_seed":false,"campfire_upgraded":0,"win_rate":0.0,"timestamp":1613792712,"path_taken":["R","M","M","?","M","E"],"items_purchased_type":[],"build_version":"2020-12-22","purchased_purges":0,"victory":false,"max_hp_per_floor":[80,80,80,80,80,80,80],"card_choices":[{"not_picked":["Reprogram","Dagger Throw"],"picked":"bronze:NullPointer","floor":2},{"not_picked":["bronze:Frontload","Heavy Blade"],"picked":"sneckomod:UnknownClassTHE_BRONZE_AUTOMATON","floor":3},{"not_picked":["sneckomod:UnknownBlock","hexamod:AdvancingGuard"],"picked":"champ:ArenaPreparation","floor":4},{"not_picked":["Guardian:ArmoredProtocol","Slimebound:GoopSpray"],"picked":"DeceiveReality","floor":5}],"player_experience":68811,"relics_obtained":[],"event_choices":[],"is_beta":false,"boss_relics":[],"items_purged_floors":[],"is_endless":false,"potions_floor_spawned":[3,5],"killed_by":"Gremlin Nob","ascension_level":0}}