{"host":"pl1fbpkom0aq337f","time":1613835316,"event":{"mods":["AchievementEnabler","BaseMod","Colored Map","Minty Spire (QoL Compilation)"],"gold_per_floor":[110,185,185,185,205,239,239,263,315,340,359,24,62,62,36,36,125,125,143,157,176,126,145,145,145,173,173,173,173,173,198,213,4,4,80,80,96,121,121,121,135,135,170,186,237,237,237,237],"floor_reached":47,"language":"ENG","playtime":1850,"items_purged":[],"score":947,"play_id":"b7d294c4-939a-4547-a3e9-e02acee5a4ae","local_time":"20210220163516","is_ascension_mode":true,"campfire_choices":[{"data":"Defragment","floor":7.0,"key":"SMITH"},{"data":"Reinforced Body","floor":14.0,"key":"SMITH"},{"data":"Hologram","floor":16.0,"key":"SMITH"},{"data":"Zap","floor":24.0,"key":"SMITH"},{"floor":29.0,"key":"REST"},{"floor":34.0,"key":"REST"},{"data":"Hologram","floor":42.0,"key":"SMITH"}],"circlet_count":0,"master_deck":["AscendersBane","Zap+1","Dualcast","Defragment+1","Reinforced Body+1","Ball Lightning","Sweeping Beam","Core Surge","Hologram+1","Biased Cognition","Genetic Algorithm","Defragment","Hologram+1","Meteor Strike","Lockon","Echo Form","Sunder","Coolheaded","Melter","Echo Form","Lockon","Creative AI"],"relics":["Cracked Core","NeowsBlessing","Bag of Preparation","Bloody Idol","Unceasing Top","Centennial Puzzle","Toy Ornithopter","Lee\u0027s Waffle","DataDisk","PreservedInsect","Velvet Choker","Potion Belt","Oddly Smooth Stone","Lantern","Regal Pillow","Pandora\u0027s Box","Dead Branch","Art of War","Ancient Tea Set"],"acts_visited":["Exordium","TheCity","TheBeyond"],"potions_floor_usage":[46],"damage_taken":[{"damage":0.0,"enemies":"Cultist","floor":1.0,"turns":1.0},{"damage":0.0,"enemies":"2 Louse","floor":5.0,"turns":1.0},{"damage":0.0,"enemies":"Lagavulin","floor":6.0,"turns":1.0},{"damage":7.0,"enemies":"Jaw Worm","floor":8.0,"turns":3.0},{"damage":5.0,"enemies":"Red Slaver","floor":11.0,"turns":3.0},{"damage":13.0,"enemies":"3 Sentries","floor":13.0,"turns":4.0},{"damage":18.0,"enemies":"Slime Boss","floor":17.0,"turns":6.0},{"damage":25.0,"enemies":"3 Byrds","floor":19.0,"turns":3.0},{"damage":1.0,"enemies":"Spheric Guardian","floor":20.0,"turns":3.0},{"damage":4.0,"enemies":"Centurion and Healer","floor":21.0,"turns":5.0},{"damage":13.0,"enemies":"Snecko","floor":23.0,"turns":4.0},{"damage":15.0,"enemies":"Book of Stabbing","floor":26.0,"turns":4.0},{"damage":29.0,"enemies":"Gremlin Leader","floor":31.0,"turns":5.0},{"damage":6.0,"enemies":"Snake Plant","floor":32.0,"turns":2.0},{"damage":39.0,"enemies":"Collector","floor":35.0,"turns":8.0},{"damage":28.0,"enemies":"3 Darklings","floor":37.0,"turns":5.0},{"damage":7.0,"enemies":"Mind Bloom Boss Battle","floor":38.0,"turns":6.0},{"damage":6.0,"enemies":"Orb Walker","floor":41.0,"turns":3.0},{"damage":13.0,"enemies":"Giant Head","floor":43.0,"turns":8.0},{"damage":9.0,"enemies":"4 Shapes","floor":44.0,"turns":6.0},{"damage":0,"enemies":"Transient","floor":46,"turns":1},{"damage":39,"enemies":"Nemesis","floor":47,"turns":4}],"seed_played":"-8349555411802111641","potions_obtained":[{"floor":6.0,"key":"BlessingOfTheForge"},{"floor":8.0,"key":"EssenceOfSteel"},{"floor":11.0,"key":"Dexterity Potion"},{"floor":13.0,"key":"FocusPotion"},{"floor":19.0,"key":"EssenceOfSteel"},{"floor":21.0,"key":"FocusPotion"},{"floor":35.0,"key":"Energy Potion"},{"floor":37.0,"key":"SmokeBomb"},{"floor":41.0,"key":"Block Potion"},{"floor":44.0,"key":"Explosive Potion"}],"is_trial":false,"path_per_floor":["M","?","?","?","M","E","R","M","T","T","M","$","E","R","$","R","B",null,"M","M","M","?","M","R","?","E","T","T","R","?","E","M","$","R","B",null,"M","?","?","?","M","R","E","M","T","M","E"],"character_chosen":"DEFECT","items_purchased":["Lee\u0027s Waffle","DataDisk","Hologram","Regal Pillow","Lockon"],"campfire_rested":2,"item_purchase_floors":[12,12,15,33,33],"current_hp_per_floor":[64,53,27,27,27,27,27,20,20,20,20,71,58,58,58,58,45,65,40,39,40,40,27,27,27,22,22,22,43,43,19,18,18,54,25,60,42,40,40,40,39,39,31,27,32,37,0,0],"gold":237,"neow_bonus":"THREE_ENEMY_KILL","is_daily":false,"chose_seed":false,"campfire_upgraded":5,"win_rate":0.0,"timestamp":1613835316,"path_taken":["M","?","?","?","?","E","R","M","T","T","M","$","E","R","?","R","BOSS","M","M","?","?","?","R","?","E","T","T","R","?","E","M","$","R","BOSS","M","?","?","?","M","R","E","M","T","M","E"],"items_purchased_type":["Relic","Relic","Card","Relic","Card"],"build_version":"2020-12-22","purchased_purges":0,"victory":false,"max_hp_per_floor":[71,71,71,64,64,64,64,64,64,64,64,71,71,71,71,71,71,71,71,71,71,71,71,71,71,71,71,71,71,71,71,71,71,71,71,71,71,71,67,67,67,67,67,67,67,67,67,67],"card_choices":[{"not_picked":["Redo","Ball Lightning"],"picked":"Defragment","floor":1.0},{"not_picked":["Sweeping Beam","Leap"],"picked":"Reinforced Body","floor":5.0},{"not_picked":["Barrage","Conserve Battery"],"picked":"Ball Lightning","floor":6.0},{"not_picked":["Steam","Storm"],"picked":"Sweeping Beam","floor":8.0},{"not_picked":["Steam","Beam Cell","Streamline"],"picked":"SKIP","floor":11.0},{"not_picked":["Leap","Self Repair"],"picked":"Core Surge","floor":13.0},{"not_picked":["Electrodynamics","Multi-Cast"],"picked":"Biased Cognition","floor":17.0},{"not_picked":["Capacitor","Coolheaded+1"],"picked":"Genetic Algorithm","floor":19.0},{"not_picked":["Hello World","Blizzard","Gash"],"picked":"SKIP","floor":20.0},{"not_picked":["Gash","Reinforced Body","Steam"],"picked":"SKIP","floor":21.0},{"not_picked":["Go for the Eyes","Stack"],"picked":"Defragment","floor":23.0},{"not_picked":["Turbo","Reprogram","Lockon"],"picked":"SKIP","floor":26.0},{"not_picked":["Go for the Eyes","Reboot","Reinforced Body"],"picked":"SKIP","floor":31.0},{"not_picked":["Beam Cell","Redo","Storm"],"picked":"SKIP","floor":32.0},{"not_picked":["Creative AI","Thunder Strike"],"picked":"Echo Form","floor":35.0},{"not_picked":["Redo","Hello World","Ball Lightning"],"picked":"SKIP","floor":37.0},{"not_picked":["Turbo","Sweeping Beam","Steam Power"],"picked":"SKIP","floor":41.0},{"not_picked":["Ball Lightning","Compile Driver","Rip and Tear"],"picked":"SKIP","floor":43.0},{"not_picked":["Beam Cell+1","Leap","Lockon"],"picked":"SKIP","floor":44.0}],"player_experience":479760,"relics_obtained":[{"floor":6.0,"key":"Unceasing Top"},{"floor":9.0,"key":"Centennial Puzzle"},{"floor":10.0,"key":"Toy Ornithopter"},{"floor":13.0,"key":"PreservedInsect"},{"floor":26.0,"key":"Potion Belt"},{"floor":28.0,"key":"Oddly Smooth Stone"},{"floor":31.0,"key":"Lantern"},{"floor":38.0,"key":"Dead Branch"},{"floor":43.0,"key":"Art of War"},{"floor":45.0,"key":"Ancient Tea Set"}],"event_choices":[{"damage_healed":0.0,"max_hp_gain":0.0,"max_hp_loss":0.0,"gold_gain":75.0,"event_name":"World of Goop","player_choice":"Gather Gold","floor":2.0,"gold_loss":0.0,"damage_taken":11.0},{"damage_healed":0.0,"max_hp_gain":0.0,"max_hp_loss":0.0,"gold_gain":0.0,"event_name":"Scrap Ooze","player_choice":"Success","floor":3.0,"gold_loss":0.0,"damage_taken":26.0,"relics_obtained":["Bag of Preparation"]},{"damage_healed":0.0,"max_hp_gain":0.0,"max_hp_loss":7.0,"gold_gain":0.0,"event_name":"Golden Idol","player_choice":"Lose Max HP","floor":4.0,"gold_loss":0.0,"damage_taken":0.0,"relics_obtained":["Golden Idol"]},{"damage_healed":0.0,"max_hp_gain":0.0,"max_hp_loss":0.0,"gold_gain":0.0,"event_name":"The Joust","player_choice":"Bet on Murderer","floor":22.0,"gold_loss":50.0,"damage_taken":0.0},{"damage_healed":0.0,"max_hp_gain":0.0,"max_hp_loss":0.0,"gold_gain":0.0,"event_name":"Forgotten Altar","player_choice":"Gave Idol","floor":25.0,"relics_lost":["Golden Idol"],"gold_loss":0.0,"damage_taken":0.0,"relics_obtained":["Bloody Idol"]},{"damage_healed":0.0,"max_hp_gain":0.0,"max_hp_loss":0.0,"gold_gain":0.0,"cards_transformed":["Strike_B","Strike_B"],"event_name":"Drug Dealer","player_choice":"Became Test Subject","floor":30.0,"gold_loss":0.0,"damage_taken":0.0,"cards_obtained":["Hologram","Meteor Strike"]},{"damage_healed":0.0,"max_hp_gain":0.0,"max_hp_loss":0.0,"gold_gain":0.0,"event_name":"MindBloom","player_choice":"Fight","floor":38.0,"gold_loss":0.0,"damage_taken":0.0},{"damage_healed":0.0,"max_hp_gain":0.0,"max_hp_loss":4.0,"gold_gain":0.0,"event_name":"Winding Halls","player_choice":"Max HP","floor":39.0,"gold_loss":0.0,"damage_taken":0.0},{"damage_healed":0.0,"max_hp_gain":0.0,"max_hp_loss":0.0,"gold_gain":0.0,"event_name":"Tomb of Lord Red Mask","player_choice":"Ignored","floor":40.0,"gold_loss":0.0,"damage_taken":0.0}],"is_beta":false,"boss_relics":[{"not_picked":["SlaversCollar","Snecko Eye"],"picked":"Velvet Choker"},{"not_picked":["Runic Dome","FrozenCore"],"picked":"Pandora\u0027s Box"}],"items_purged_floors":[],"is_endless":false,"potions_floor_spawned":[6,8,11,13,19,21,35,37,41,44],"killed_by":"Nemesis","ascension_level":16}}