{"host":"nug5xkek4sujf8as","time":1613837795,"event":{"mods":["Act Like it!","Aspiration","BaseMod","Booster Modes","CapriCore","Colored Powertips","Conspire","Energized Spire","Gensokyo","Minty Spire (QoL Compilation)","Permanent Neow","Quick Restart","Replay The Spire","Shop Mod","Spicy Shops","StSLib","【功能Mod】混沌之环修复补丁","【遗物卡牌】REMEMod","篝火指南"],"gold_per_floor":[110,110,0,0,0,31,31,31,31,57,73,90,90,90,90,367,367,381,397,9,9,9],"floor_reached":21,"language":"ZHS","playtime":584,"items_purged":[],"score":350,"play_id":"4d9ce460-a999-48d1-aa21-402704ae1f03","local_time":"20210221001635","is_ascension_mode":true,"campfire_choices":[{"data":"Gensokyo:UnhurriedMind","floor":7.0,"key":"SMITH"},{"data":"Shockwave","floor":13.0,"key":"SMITH"},{"data":"Gensokyo:CrescentMoonSlash","floor":15.0,"key":"SMITH"}],"circlet_count":0,"master_deck":["AscendersBane","Strike_R","Strike_R","Strike_R","Defend_R","Defend_R","Defend_R","Defend_R","Bash","Gensokyo:UnhurriedMind+1","Shockwave+1","Gensokyo:CrescentMoonSlash+1","Blood for Blood+1","Battle Trance","Clumsy","Thunderclap+1","Body Slam+1","REME_Scribble","conspire:Purge","Sword Boomerang+1","Shrug It Off","Gensokyo:SpontaneousHumanCombustion","Gensokyo:RustyChest","Gensokyo:TarnishedGold"],"relics":["Burning Blood","REME_ComplimentaryCards","aspiration:Nostalgia","Cracked Core","Sundial","Gensokyo:NagashiBinaDoll","Meat on the Bone","Molten Egg 2","aspiration:ChemicalBlood","energizedSpire:MagnifyingGlass","OrangePellets"],"acts_visited":["Gensokyo:Gensokyo","Gensokyo:Gensokyoer"],"potions_floor_usage":[21,21,21],"damage_taken":[{"damage":0.0,"enemies":"Gensokyo:Gryphon","floor":1.0,"turns":2.0},{"damage":5.0,"enemies":"Gensokyo:Cirno","floor":6.0,"turns":4.0},{"damage":18.0,"enemies":"Gensokyo:Aya","floor":10.0,"turns":4.0},{"damage":3.0,"enemies":"Gensokyo:Python","floor":11.0,"turns":3.0},{"damage":0.0,"enemies":"Gensokyo:2_Kodama","floor":12.0,"turns":1.0},{"damage":30.0,"enemies":"Gensokyo:Kokoro","floor":16.0,"turns":12.0},{"damage":34.0,"enemies":"Gensokyo:CosmicMonolith","floor":18.0,"turns":5.0},{"damage":14.0,"enemies":"Gensokyo:Chomper","floor":19.0,"turns":4.0},{"damage":57,"enemies":"Gensokyo:Swordslinger","floor":21,"turns":2}],"seed_played":"-865187250680948042","potions_obtained":[{"floor":1.0,"key":"LiquidMemories"},{"floor":10.0,"key":"Ancient Potion"},{"floor":11.0,"key":"ColorlessPotion"}],"is_trial":false,"path_per_floor":["M","$","COS","?","?","E","R","?","T","E","M","M","R","$","R","B",null,"M","M","COS","M"],"character_chosen":"IRONCLAD","items_purchased":[],"campfire_rested":0,"item_purchase_floors":[],"current_hp_per_floor":[74,74,74,59,55,56,56,56,56,44,47,53,53,53,53,43,69,55,49,49,0,0],"gold":9,"neow_bonus":"NOSTALGIA","is_daily":false,"chose_seed":false,"campfire_upgraded":3,"win_rate":0.0,"timestamp":1613837795,"path_taken":["M","?","COS","?","?","E","R","?","T","E","M","M","R","?","R","BOSS","M","M","COS","M"],"items_purchased_type":[],"build_version":"2020-12-22","purchased_purges":0,"victory":false,"max_hp_per_floor":[75,75,75,75,75,75,75,75,75,75,75,75,75,75,75,77,77,79,81,81,83,83],"card_choices":[{"not_picked":["Evolve","Heavy Blade"],"picked":"Shockwave","floor":1.0},{"not_picked":["Warcry+1","Iron Wave+1"],"picked":"Blood for Blood+1","floor":6.0},{"not_picked":["REME_Scribble","Disarm"],"picked":"Battle Trance","floor":6.0},{"not_picked":["Flex","Sentinel"],"picked":"Thunderclap+1","floor":10.0},{"not_picked":["Run Through+1","Twin Strike+1"],"picked":"Body Slam+1","floor":11.0},{"not_picked":["Sentinel","Infernal Blade"],"picked":"REME_Scribble","floor":12.0},{"not_picked":["Demonic Infusion","Juggernaut"],"picked":"conspire:Purge","floor":16.0},{"not_picked":["Perfected Strike+1","Cleave+1"],"picked":"Sword Boomerang+1","floor":18.0},{"not_picked":["Armaments","REME_SingleHolding"],"picked":"Shrug It Off","floor":19.0}],"player_experience":829522,"relics_obtained":[{"floor":6.0,"key":"Sundial"},{"floor":9.0,"key":"Meat on the Bone"},{"floor":10.0,"key":"Molten Egg 2"}],"event_choices":[{"damage_healed":0.0,"max_hp_gain":0.0,"max_hp_loss":0.0,"gold_gain":0.0,"event_name":"conspire:Investor","player_choice":"Leave","floor":5.0,"gold_loss":0.0,"damage_taken":0.0}],"is_beta":false,"boss_relics":[{"not_picked":["Replay:Wanted Poster","Ooze Armor"],"picked":"energizedSpire:MagnifyingGlass"}],"items_purged_floors":[],"is_endless":false,"potions_floor_spawned":[1,10,11],"killed_by":"Gensokyo:Swordslinger","ascension_level":20}}