{"host":"mj8akmyfd5lo602f","time":1613852056,"event":{"mods":["2.2 Compatiblity","Act Like it!","BaseMod","Bestiary","BshForSts","Colored Map","Colored Powertips","Highlight Path","Koishi","Minty Spire (QoL Compilation)","Permanent Neow","Relic Stats","StSLib","The Marked"],"gold_per_floor":[113,125,140,151,226,226,256,221,221,246,258,275,275,304,304,399,399,418,429,447,112,122,122,122],"floor_reached":23,"language":"ENG","playtime":1607,"items_purged":[],"score":215,"play_id":"5ce1928a-03e6-4ba8-b6ec-c67a463b93cc","local_time":"20210220201416","is_ascension_mode":false,"campfire_choices":[{"data":"Phantasmal Killer","floor":6.0,"key":"SMITH"},{"data":"Phantasmal Killer","floor":13.0,"key":"SMITH"},{"data":"Footwork","floor":15.0,"key":"SMITH"}],"circlet_count":0,"master_deck":["Strike_G","Strike_G","Strike_G","Strike_G","Strike_G","Defend_G","Defend_G","Defend_G","Defend_G","Defend_G","Survivor","Neutralize","Phantasmal Killer+1","PiercingWail","Dagger Throw","Footwork","Outmaneuver","Phantasmal Killer+1","Skewer","Backstab","Sucker Punch","Footwork+1","Doppelganger","Noxious Fumes","Blur+1","Apotheosis"],"relics":["Ring of the Snake","Orichalcum","Nunchaku","Gremlin Horn","Calipers","Sozu","Blood Vial"],"acts_visited":["Exordium","TheCity"],"potions_floor_usage":[16],"damage_taken":[{"damage":0.0,"enemies":"Jaw Worm","floor":1.0,"turns":6.0},{"damage":1.0,"enemies":"2 Louse","floor":2.0,"turns":3.0},{"damage":0.0,"enemies":"Small Slimes","floor":3.0,"turns":4.0},{"damage":16.0,"enemies":"Exordium Wildlife","floor":4.0,"turns":5.0},{"damage":20.0,"enemies":"Gremlin Nob","floor":7.0,"turns":4.0},{"damage":14.0,"enemies":"3 Sentries","floor":10.0,"turns":10.0},{"damage":0.0,"enemies":"Large Slime","floor":11.0,"turns":3.0},{"damage":0.0,"enemies":"Gremlin Gang","floor":12.0,"turns":4.0},{"damage":4.0,"enemies":"Lagavulin","floor":14.0,"turns":5.0},{"damage":8,"enemies":"The Guardian","floor":16,"turns":11},{"damage":13,"enemies":"2 Thieves","floor":18,"turns":5},{"damage":12,"enemies":"3 Byrds","floor":19,"turns":6},{"damage":15,"enemies":"Sentry and Sphere","floor":20,"turns":6},{"damage":4,"enemies":"Snake Plant","floor":22,"turns":6},{"damage":36,"enemies":"Slavers","floor":23,"turns":4}],"seed_played":"-8890506523731683868","potions_obtained":[{"floor":2.0,"key":"Energy Potion"},{"floor":10.0,"key":"Dexterity Potion"},{"floor":14.0,"key":"DuplicationPotion"},{"floor":16,"key":"Weak Potion"}],"is_trial":false,"path_per_floor":["M","M","M","M","?","R","E","?","T","E","M","M","R","E","R","B",null,"M","M","M","$","M","E"],"character_chosen":"THE_SILENT","items_purchased":["Blood Vial","Apotheosis"],"campfire_rested":0,"item_purchase_floors":[21,21],"current_hp_per_floor":[70,69,69,53,42,42,22,39,39,25,25,25,25,21,21,13,70,57,45,30,30,28,0,0],"gold":122,"neow_bonus":"ONE_RANDOM_RARE_CARD","is_daily":false,"chose_seed":false,"campfire_upgraded":3,"win_rate":0.0,"timestamp":1613852056,"path_taken":["M","M","M","M","?","R","E","?","T","E","M","M","R","E","R","BOSS","M","M","M","$","M","E"],"items_purchased_type":["Relic","Card"],"build_version":"2020-12-22","purchased_purges":0,"victory":false,"max_hp_per_floor":[70,70,70,70,70,70,70,70,70,70,70,70,70,70,70,70,70,70,70,70,70,70,70,70],"relic_stats":{"Sozu":2,"Blood Vial":4,"Nunchaku":[11],"Gremlin Horn":[8,8],"counters":[15,82],"Orichalcum":[108],"obtain_stats":[{"Sozu":17,"Blood Vial":21,"Nunchaku":9,"Calipers":14,"Gremlin Horn":10,"Orichalcum":7,"Ring of the Snake":0},{"Sozu":10,"Blood Vial":13,"Nunchaku":5,"Calipers":9,"Gremlin Horn":6,"Orichalcum":5,"Ring of the Snake":0},{"Sozu":55,"Blood Vial":72,"Nunchaku":22,"Calipers":44,"Gremlin Horn":32,"Orichalcum":22,"Ring of the Snake":0}],"Ring of the Snake":[30]},"card_choices":[{"not_picked":["Underhanded Strike","Choke"],"picked":"PiercingWail","floor":1.0},{"not_picked":["Deadly Poison","Quick Slash"],"picked":"Dagger Throw","floor":2.0},{"not_picked":["Quick Slash","Blade Dance"],"picked":"Footwork","floor":3.0},{"not_picked":["Prepared","Poisoned Stab"],"picked":"Outmaneuver","floor":4.0},{"not_picked":["Crippling Poison","Sucker Punch"],"picked":"Phantasmal Killer","floor":7.0},{"not_picked":["Slice","Accuracy"],"picked":"Skewer","floor":10.0},{"not_picked":["Deflect","Quick Slash"],"picked":"Backstab","floor":11.0},{"not_picked":["Dodge and Roll","Setup"],"picked":"Sucker Punch","floor":12.0},{"not_picked":["Underhanded Strike","Distraction"],"picked":"Footwork","floor":14.0},{"not_picked":["Phantasmal Killer","Unload"],"picked":"Doppelganger","floor":16},{"not_picked":["Poisoned Stab","PiercingWail"],"picked":"Noxious Fumes","floor":18},{"not_picked":["Underhanded Strike","Crippling Poison"],"picked":"Blur+1","floor":19},{"not_picked":["Poisoned Stab+1","Bane+1","Prepared"],"picked":"SKIP","floor":20},{"not_picked":["Backstab","Tools of the Trade","Deflect"],"picked":"SKIP","floor":22}],"player_experience":215644,"relics_obtained":[{"floor":7.0,"key":"Orichalcum"},{"floor":9.0,"key":"Nunchaku"},{"floor":10.0,"key":"Gremlin Horn"},{"floor":14.0,"key":"Calipers"}],"event_choices":[{"damage_healed":0.0,"max_hp_gain":0.0,"max_hp_loss":0.0,"gold_gain":75.0,"event_name":"World of Goop","player_choice":"Gather Gold","floor":5.0,"gold_loss":0.0,"damage_taken":11.0},{"damage_healed":17.0,"max_hp_gain":0.0,"max_hp_loss":0.0,"gold_gain":0.0,"event_name":"The Cleric","player_choice":"Healed","floor":8.0,"gold_loss":35.0,"damage_taken":0.0}],"is_beta":false,"boss_relics":[{"not_picked":["HoveringKite","Coffee Dripper"],"picked":"Sozu"}],"items_purged_floors":[],"is_endless":false,"potions_floor_spawned":[2,10,14,16,18,20],"killed_by":"Slavers","ascension_level":0}}