{"host":"pft5kheyb7v7gger","time":1613795450,"event":{"mods":["Act Like it!","BaseMod","Downfall","Energized Spire","Gensokyo","LagranYue(¿≠∏Ò¿ °§‘¬)","Marisa£®ÏF”Í°°ƒß¿Ì…≥£©","Minty Spire (QoL Compilation)","Reimu£®≤©¿ˆ¡È√Œ£©","Replay The Spire","StSLib","The Animator","°æ“≈ŒÔø®≈∆°øREMEMod"],"gold_per_floor":[122,82,93,111,111,123,123,137,164,196,208,223,238,18,18,117,117,129,154,173,173,200,249,261,261,339,254,254,267,267,283,283,387,387,421,421,14,68,83,83,118,132,179,279,279,61,88,147,147,153,153,153,531,589,644,644,644,644,652,652],"floor_reached":59,"language":"ZHS","playtime":5097,"items_purged":["Decay","Voices"],"score":902,"play_id":"7cf0c8c5-f3ed-44bc-8f48-0dd071691407","local_time":"20210220123050","is_ascension_mode":false,"campfire_choices":[{"data":"REME_BattleFury","floor":7,"key":"SMITH"},{"floor":25,"key":"REST"},{"floor":28,"key":"REST"},{"data":"animator:Sora","floor":30,"key":"SMITH"},{"data":"animator:Vesta","floor":32,"key":"SMITH"},{"floor":45,"key":"RECALL"},{"floor":49,"key":"REST"},{"data":"1","floor":52,"key":"LIFT"},{"floor":58,"key":"REST"}],"circlet_count":0,"master_deck":["animator:Strike_Konosuba","animator:Defend_Konosuba","animator:Strike","animator:Strike","animator:Kazuma","animator:Aqua","REME_BattleFury","animator:Gillette","animator:Melzalgald","animator:Benimaru","animator:Vesta+1","animator:Shuna","animator:Saitama","animator:DolaRiku","animator:Souei","animator:MetalKnight","animator:LeleiLaLalena","animator:Sora","animator:ChlammyZell","animator:Chris","animator:Megumin+3","animator:YaoHaDucy","animator:Vanir","animator:ItamiYouji+1","animator:Tatsumaki","animator:Genos","animator:MetalKnight","animator:Wiz","animator:Darkness","animator:HigakiRinne","animator:Kira","animator:Darkness","animator:Benimaru","animator:PinaCoLada","animator:Vesta+1","animator:Jibril","Spreading Infection","animator:Hans","CommonCold","animator:ItamiYouji","animator:Guy","animator:AcuraAkari","animator:LeleiLaLalena+1","animator:Guy+1","animator:YunYun+1","animator:UneriGinkaku+1"],"relics":["animator:TheEruzaStone","animator:AncientMedallion"],"acts_visited":["Exordium","TheCity","TheBeyond","TheEnding","EYB:TheUnnamedReign"],"potions_floor_usage":[10],"damage_taken":[{"damage":2,"enemies":"2 Louse","floor":1,"turns":3},{"damage":1,"enemies":"Cultist","floor":3,"turns":3},{"damage":8,"enemies":"Small Slimes","floor":4,"turns":3},{"damage":2,"enemies":"Red Slaver","floor":6,"turns":3},{"damage":7,"enemies":"2 Fungi Beasts","floor":8,"turns":3},{"damage":14,"enemies":"Gremlin Nob","floor":10,"turns":3},{"damage":0,"enemies":"Large Slime","floor":11,"turns":4},{"damage":16,"enemies":"Exordium Wildlife","floor":12,"turns":3},{"damage":10,"enemies":"Red Slaver","floor":13,"turns":3},{"damage":0,"enemies":"Hexaghost","floor":16,"turns":7},{"damage":0,"enemies":"Chosen","floor":18,"turns":4},{"damage":18,"enemies":"3 Byrds","floor":19,"turns":5},{"damage":14,"enemies":"Sentry and Sphere","floor":20,"turns":5},{"damage":1,"enemies":"Cultist and Chosen","floor":22,"turns":6},{"damage":5,"enemies":"Replay:Snechameleon","floor":23,"turns":5},{"damage":18,"enemies":"Snake Plant","floor":24,"turns":3},{"damage":0,"enemies":"Snecko","floor":29,"turns":3},{"damage":6,"enemies":"Shelled Parasite and Fungi","floor":31,"turns":3},{"damage":31,"enemies":"Collector","floor":33,"turns":6},{"damage":5,"enemies":"3 Shapes","floor":35,"turns":3},{"damage":15,"enemies":"Mind Bloom Boss Battle","floor":38,"turns":5},{"damage":12,"enemies":"3 Darklings","floor":39,"turns":3},{"damage":13,"enemies":"Giant Head","floor":41,"turns":7},{"damage":9,"enemies":"Maw","floor":42,"turns":6},{"damage":35,"enemies":"Spire Growth","floor":47,"turns":5},{"damage":24,"enemies":"Reptomancer","floor":48,"turns":5},{"damage":33,"enemies":"Time Eater","floor":50,"turns":7},{"damage":54,"enemies":"animator:UNNAMED_CULTIST_1","floor":54,"turns":8},{"damage":43,"enemies":"animator:UNNAMED_HAT","floor":55,"turns":11},{"damage":44,"enemies":"animator:UNNAMED_CULTIST_2","floor":59,"turns":5}],"seed_played":"-5843788667130455777","potions_obtained":[{"floor":3,"key":"SkillPotion"},{"floor":4,"key":"Fire Potion"},{"floor":10,"key":"FairyPotion"},{"floor":11,"key":"Languid Potion"},{"floor":12,"key":"SkillPotion"},{"floor":16,"key":"Strength Potion"},{"floor":22,"key":"FearPotion"},{"floor":35,"key":"animator:GrowthPotion"},{"floor":54,"key":"animator:FalseLifePotion"},{"floor":55,"key":"animator:FalseLifePotion"}],"is_trial":false,"path_per_floor":["M","?","M","M","?","M","R","M","T","E","M","M","M","$","R","B",null,"M","M","M","?","M","E","M","R","T","?","R","M","R","M","R","B",null,"M","?","$","?","M","R","E","M","T","?","R","$","M","E","R","B",null,"R","??","M","M","T","?","R","M"],"character_chosen":"THE_ANIMATOR","items_purchased":["LagranYue:MagicReflectiveArmorRelic","animator:Kira","Bag of Marbles","animator:Darkness","animator:ItamiYouji+1"],"campfire_rested":4,"item_purchase_floors":[14,37,37,37,46],"current_hp_per_floor":[70,70,69,63,63,63,63,58,58,46,48,34,26,26,26,28,72,72,54,43,43,44,41,23,44,44,44,65,65,65,59,59,31,74,69,60,60,47,36,58,47,40,40,45,45,45,11,26,50,17,81,81,98,46,5,5,5,35,0,0],"gold":652,"neow_bonus":"TEN_PERCENT_HP_BONUS","is_daily":false,"chose_seed":false,"campfire_upgraded":3,"win_rate":0.0,"timestamp":1613795450,"path_taken":["M","?","M","M","?","M","R","?","T","E","M","M","M","$","R","BOSS","M","M","M","?","M","E","?","R","T","?","R","M","R","M","R","BOSS","M","?","$","?","M","R","E","M","T","?","R","$","?","E","R","BOSS","R","??","M","M","T","?","R","M"],"items_purchased_type":["Relic","Card","Relic","Card","Card"],"build_version":"2020-12-22","purchased_purges":2,"victory":false,"max_hp_per_floor":[72,72,72,72,72,72,72,72,72,72,72,72,72,72,72,72,72,72,72,73,73,73,73,73,73,73,73,73,73,73,73,73,74,74,74,74,74,74,75,75,75,75,75,80,80,80,81,81,81,81,81,81,98,100,100,100,100,100,100,100],"card_choices":[{"not_picked":["animator:Tyuule","animator:Shuna"],"picked":"animator:Gillette","floor":1},{"not_picked":["animator:Emonzaemon","animator:Gillette"],"picked":"animator:Melzalgald","floor":3},{"not_picked":["animator:Shichika","animator:GazelDwargon"],"picked":"animator:Benimaru","floor":4},{"not_picked":["animator:Shuna","animator:GazelDwargon"],"picked":"animator:Vesta","floor":6},{"not_picked":["animator:DolaCouronne","animator:Gillette"],"picked":"animator:Shuna","floor":8},{"not_picked":["animator:LeleiLaLalena","animator:Benimaru"],"picked":"animator:Saitama","floor":10},{"not_picked":["animator:MumenRider","animator:SilverFang"],"picked":"animator:DolaRiku","floor":11},{"not_picked":["animator:GazelDwargon","animator:Hakurou"],"picked":"animator:Souei","floor":12},{"not_picked":["animator:DolaSchwi","animator:FielNirvalen"],"picked":"animator:MetalKnight","floor":13},{"not_picked":["animator:ChaikaTrabant","animator:Shiro"],"picked":"animator:Sora","floor":16},{"not_picked":["animator:DolaSchwi","animator:Sonic"],"picked":"animator:ChlammyZell+1","floor":18},{"not_picked":["animator:Gillette+1","animator:Guy"],"picked":"animator:Chris","floor":19},{"not_picked":["animator:Darkness","animator:Vanir"],"picked":"animator:Megumin","floor":20},{"not_picked":["animator:ZankiKiguchi","animator:Hakurou"],"picked":"animator:Vanir","floor":22},{"not_picked":["animator:ChaikaBohdan+1","animator:Togame"],"picked":"animator:ItamiYouji","floor":23},{"not_picked":["animator:YaoHaDucy","animator:DolaRiku"],"picked":"animator:Tatsumaki+1","floor":24},{"not_picked":["animator:Tatsumaki","animator:SilverFang"],"picked":"animator:Genos","floor":29},{"not_picked":["animator:Gillette","animator:IzunaHatsuse"],"picked":"animator:MetalKnight","floor":31},{"not_picked":["animator:PinaCoLada","animator:Biyorigo"],"picked":"animator:Wiz","floor":33},{"not_picked":["animator:Verdia","animator:MetalKnight"],"picked":"animator:Darkness","floor":35},{"not_picked":["animator:YaoHaDucy","animator:LeleiLaLalena+1"],"picked":"animator:Benimaru+1","floor":38},{"not_picked":["animator:SilverFang+1","animator:Kuribayashi+1"],"picked":"animator:PinaCoLada","floor":39},{"not_picked":["animator:Shion","animator:Benimaru"],"picked":"animator:Vesta","floor":41},{"not_picked":["animator:SilverFang","animator:ItamiYouji"],"picked":"animator:Jibril","floor":42},{"not_picked":["animator:Hitei","animator:Shion+1"],"picked":"animator:Guy+1","floor":47},{"not_picked":["animator:YaoHaDucy+1","animator:DolaStephanie+1"],"picked":"animator:AcuraAkari+1","floor":48},{"not_picked":["animator:TukaLunaMarceau","animator:RoryMercury"],"picked":"animator:YunYun+1","floor":54},{"not_picked":["animator:Jibril","animator:YunYun"],"picked":"animator:UneriGinkaku+1","floor":55}],"player_experience":337990,"relics_obtained":[{"floor":9,"key":"Omamori"},{"floor":10,"key":"Pet Ghost"},{"floor":23,"key":"HornCleat"},{"floor":38,"key":"Replay:Multitool"},{"floor":41,"key":"ReplayTheSpireMod:Lightbulb"},{"floor":44,"key":"Replay:Bandana"},{"floor":44,"key":"Toxic Egg 2"},{"floor":44,"key":"Girya"},{"floor":48,"key":"Darkstone Periapt"},{"floor":53,"key":"animator:TheEruzaStone"},{"floor":56,"key":"animator:AncientMedallion"}],"event_choices":[{"damage_healed":0,"gold_gain":0,"player_choice":"»˚«Æ","damage_taken":0,"relics_obtained":["PaintedHorse:ReiMu"],"max_hp_gain":0,"max_hp_loss":0,"event_name":"yidonshenshe","floor":2,"gold_loss":40},{"damage_healed":0,"gold_gain":0,"player_choice":"Cursed","damage_taken":0,"max_hp_gain":0,"max_hp_loss":0,"event_name":"Wheel of Change","floor":5,"gold_loss":0,"cards_obtained":["Decay"]},{"damage_healed":0,"gold_gain":0,"cards_transformed":["animator:Defend"],"player_choice":"Transformed","damage_taken":0,"max_hp_gain":0,"max_hp_loss":0,"event_name":"Transmorgrifier","floor":21,"gold_loss":0,"cards_obtained":["animator:YaoHaDucy"]},{"damage_healed":0,"gold_gain":0,"player_choice":"Obtained Relic","damage_taken":0,"relics_obtained":["StoneCalendar"],"max_hp_gain":0,"max_hp_loss":0,"event_name":"Addict","floor":27,"gold_loss":85},{"damage_healed":0,"gold_gain":0,"player_choice":"Embrace Madness","damage_taken":9,"max_hp_gain":0,"max_hp_loss":0,"event_name":"Winding Halls","floor":36,"gold_loss":0,"cards_obtained":["animator:HigakiRinne"]},{"damage_healed":0,"gold_gain":0,"player_choice":"Fight","damage_taken":0,"max_hp_gain":0,"max_hp_loss":0,"event_name":"MindBloom","floor":38,"gold_loss":0}],"is_beta":false,"boss_relics":[{"not_picked":["Replay:Wanted Poster","Pandora\u0027s Box"],"picked":"energizedSpire:NeverEndingSparkler"},{"not_picked":["LagranYue:ContractPerformanceRelic","energizedSpire:SpiderWeb"],"picked":"animator:VividPicture"}],"items_purged_floors":[14,46],"is_endless":false,"potions_floor_spawned":[3,4,10,11,12,16,18,22,29,35,38,41,42,47,55],"killed_by":"animator:UNNAMED_CULTIST_2","ascension_level":0}}