{"host":"p9t7qd83igtcp2bh","time":1613823021,"event":{"mods":["2.2 Compatiblity","AchievementEnabler","BaseMod","Colored Map","Colored Powertips","Custom Start","DeckTracker","Keyboard Shortcuts","Minty Spire (QoL Compilation)","Permanent Neow","StSLib","SuperFastMode","everything is the same but u backflip on backflip"],"gold_per_floor":[116,133,57,70,83,83,127,144,171,171,212,45,45,69,69,171,171,199,119,119],"floor_reached":19,"language":"KOR","playtime":523,"items_purged":[],"score":495,"play_id":"44787bb0-f023-4147-ab1f-b7036831726a","local_time":"20210220211021","is_ascension_mode":true,"campfire_choices":[{"data":"Judgement","floor":6.0,"key":"SMITH"},{"data":"Eruption","floor":10.0,"key":"SMITH"},{"data":"Ragnarok","floor":15.0,"key":"SMITH"}],"circlet_count":0,"master_deck":["AscendersBane","Strike_P","Strike_P","Strike_P","Strike_P","Defend_P","Defend_P","Defend_P","Defend_P","Eruption+1","Vigilance","Judgement+1","Genetic Algorithm","Headbutt","Wallop","Coolheaded","Leap","Go for the Eyes","Auto Shields","Ragnarok+1","Twin Strike","Malaise","Protect+1"],"relics":["PureWater","PrismaticShard","CeramicFish","Omamori","Boot","Golden Idol","VioletLotus"],"acts_visited":["Exordium","TheCity"],"potions_floor_usage":[18],"damage_taken":[{"damage":0.0,"enemies":"Cultist","floor":1.0,"turns":3.0},{"damage":6.0,"enemies":"Small Slimes","floor":2.0,"turns":3.0},{"damage":3.0,"enemies":"Jaw Worm","floor":4.0,"turns":3.0},{"damage":9.0,"enemies":"Large Slime","floor":5.0,"turns":5.0},{"damage":0.0,"enemies":"3 Sentries","floor":7.0,"turns":6.0},{"damage":0.0,"enemies":"Gremlin Gang","floor":8.0,"turns":5.0},{"damage":25.0,"enemies":"Lagavulin","floor":11.0,"turns":7.0},{"damage":0.0,"enemies":"Exordium Wildlife","floor":14.0,"turns":4.0},{"damage":0.0,"enemies":"Slime Boss","floor":16.0,"turns":6.0},{"damage":12,"enemies":"3 Byrds","floor":18,"turns":3},{"damage":2,"enemies":"2 Thieves","floor":19,"turns":4}],"seed_played":"6423556296306098497","potions_obtained":[{"floor":1.0,"key":"DuplicationPotion"},{"floor":7.0,"key":"BlessingOfTheForge"},{"floor":11.0,"key":"LiquidBronze"},{"floor":16.0,"key":"BottledMiracle"}],"is_trial":false,"path_per_floor":["M","M","$","M","M","R","E","M","T","R","E","$","?","M","R","B",null,"M","M"],"character_chosen":"WATCHER","items_purchased":["Wallop","Ragnarok"],"campfire_rested":0,"item_purchase_floors":[3,12],"current_hp_per_floor":[61,55,55,52,43,43,43,43,43,43,18,18,18,18,18,18,51,39,37,37],"gold":119,"neow_bonus":"THREE_RARE_CARDS","is_daily":false,"chose_seed":false,"campfire_upgraded":3,"win_rate":0.0,"timestamp":1613823021,"path_taken":["M","M","?","M","M","R","E","M","T","R","E","$","?","M","R","BOSS","M","M"],"items_purchased_type":["Card","Card"],"build_version":"2020-12-22","purchased_purges":0,"victory":false,"max_hp_per_floor":[62,62,62,62,62,62,62,62,62,62,62,62,62,62,62,62,62,62,62,62],"card_choices":[{"not_picked":["Ragnarok","Devotion"],"picked":"Judgement","floor":0.0},{"not_picked":["Streamline","Power Through"],"picked":"Genetic Algorithm","floor":1.0},{"not_picked":["Dodge and Roll","Study"],"picked":"Headbutt","floor":2.0},{"not_picked":["EmptyBody","Poisoned Stab"],"picked":"Coolheaded","floor":4.0},{"not_picked":["Searing Blow","Dagger Spray"],"picked":"Leap","floor":5.0},{"not_picked":["Fasting2","Dagger Spray"],"picked":"Go for the Eyes","floor":7.0},{"not_picked":["Cleave","Nirvana","Reflex"],"picked":"SKIP","floor":8.0},{"not_picked":["Escape Plan","Beam Cell"],"picked":"Auto Shields","floor":11.0},{"not_picked":["Perfected Strike","PathToVictory"],"picked":"Twin Strike","floor":14.0},{"not_picked":["Core Surge","Creative AI"],"picked":"Malaise","floor":16.0},{"not_picked":["BowlingBash+1","Quick Slash"],"picked":"Protect+1","floor":18}],"player_experience":737760,"relics_obtained":[{"floor":7.0,"key":"CeramicFish"},{"floor":9.0,"key":"Omamori"},{"floor":11.0,"key":"Boot"}],"event_choices":[{"damage_healed":0.0,"max_hp_gain":0.0,"max_hp_loss":0.0,"gold_gain":0.0,"event_name":"Golden Idol","player_choice":"Take Wound","floor":13.0,"gold_loss":0.0,"damage_taken":0.0,"relics_obtained":["Golden Idol"],"cards_obtained":["Injury"]}],"is_beta":false,"boss_relics":[{"not_picked":["Tiny House","Empty Cage"],"picked":"VioletLotus"}],"items_purged_floors":[],"is_endless":false,"potions_floor_spawned":[1,7,11,16],"killed_by":"2 Thieves","ascension_level":19}}