{"host":"f76wcztdlwlduum6","time":1613864033,"event":{"mods":["BaseMod","BetterRewards","Colored Powertips","Minty Spire (QoL Compilation)","Quick Restart","Rare Cards Sparkle","Relic Stats","StSLib","SuperFastMode","everything is the same but u backflip on backflip"],"gold_per_floor":[110,127,8,83,83,83,117,117,168,68,68,86,114,59,59,59,59],"floor_reached":16,"language":"ENG","playtime":422,"items_purged":["Strike_R","Strike_R"],"score":212,"play_id":"6365acdf-dc98-4902-a005-c88f62c98e8d","local_time":"20210220173353","is_ascension_mode":true,"campfire_choices":[{"data":"Whirlwind","floor":6,"key":"SMITH"},{"data":"Bash","floor":11,"key":"SMITH"},{"data":"True Grit","floor":15,"key":"SMITH"}],"circlet_count":0,"master_deck":["AscendersBane","Strike_R","Strike_R","Defend_R+1","Defend_R","Defend_R","Defend_R+1","Bash+1","Battle Trance","Fire Breathing","Whirlwind+1","Clothesline+1","True Grit+1"],"relics":["Burning Blood","Self Forming Clay","War Paint","Vajra"],"acts_visited":["Exordium"],"potions_floor_usage":[7,7,13],"damage_taken":[{"damage":17,"enemies":"Small Slimes","floor":1,"turns":5},{"damage":6,"enemies":"2 Louse","floor":2,"turns":3},{"damage":36,"enemies":"Lagavulin","floor":7,"turns":11},{"damage":0,"enemies":"Cultist","floor":12,"turns":3},{"damage":10,"enemies":"3 Sentries","floor":13,"turns":3},{"damage":18,"enemies":"Slime Boss","floor":16,"turns":6}],"seed_played":"-8391636372999441975","potions_obtained":[{"floor":1,"key":"Dexterity Potion"},{"floor":2,"key":"BlessingOfTheForge"},{"floor":12,"key":"SteroidPotion"}],"is_trial":false,"path_per_floor":["M","M","$","?","?","R","E","?","T","$","R","M","E","$","R","B"],"character_chosen":"IRONCLAD","items_purchased":["Whirlwind","True Grit"],"campfire_rested":0,"item_purchase_floors":[3,14],"current_hp_per_floor":[64,64,64,53,46,46,16,16,16,16,16,22,18,18,18,0,0],"gold":59,"neow_bonus":"TEN_PERCENT_HP_BONUS","is_daily":false,"chose_seed":false,"campfire_upgraded":3,"win_rate":0.0,"timestamp":1613864033,"path_taken":["M","M","$","?","?","R","E","?","T","$","R","?","E","$","R","BOSS"],"items_purchased_type":["Card","Card"],"build_version":"2020-12-22","purchased_purges":2,"victory":false,"max_hp_per_floor":[82,82,82,82,82,82,82,82,82,82,82,82,82,82,82,82,82],"relic_stats":{"counters":[6,31],"Self Forming Clay":[6],"War Paint":["Defend_R","Defend_R"],"obtain_stats":[{"Self Forming Clay":7,"Vajra":13,"War Paint":9,"Burning Blood":0},{"Self Forming Clay":3,"Vajra":5,"War Paint":3,"Burning Blood":0},{"Self Forming Clay":19,"Vajra":25,"War Paint":19,"Burning Blood":0}],"Burning Blood":30},"card_choices":[{"not_picked":["Shrug It Off","Rupture"],"picked":"Battle Trance","floor":1},{"not_picked":["Flex","Dropkick"],"picked":"Fire Breathing","floor":2},{"not_picked":["Anger","Bloodletting"],"picked":"Clothesline","floor":7},{"not_picked":["Havoc","Hemokinesis","Clothesline"],"picked":"SKIP","floor":12},{"not_picked":["Entrench","Perfected Strike","Heavy Blade"],"picked":"SKIP","floor":13}],"player_experience":365141,"relics_obtained":[{"floor":7,"key":"Self Forming Clay"},{"floor":9,"key":"War Paint"},{"floor":13,"key":"Vajra"}],"event_choices":[{"damage_healed":0,"gold_gain":75,"player_choice":"Gather Gold","damage_taken":11,"max_hp_gain":0,"max_hp_loss":0,"event_name":"World of Goop","floor":4,"gold_loss":0},{"cards_removed":["Strike_R"],"damage_healed":0,"gold_gain":0,"player_choice":"Card Removal","damage_taken":7,"max_hp_gain":0,"max_hp_loss":0,"event_name":"Golden Wing","floor":5,"gold_loss":0},{"damage_healed":0,"gold_gain":0,"player_choice":"Upgraded","damage_taken":0,"max_hp_gain":0,"max_hp_loss":0,"event_name":"Upgrade Shrine","floor":8,"gold_loss":0,"cards_upgraded":["Clothesline"]}],"is_beta":false,"boss_relics":[],"items_purged_floors":[3,10],"is_endless":false,"potions_floor_spawned":[1,2,12],"killed_by":"Slime Boss","ascension_level":20}}