{"host":"8u9gkmadxi1im6dj","time":1613834895,"event":{"mods":["Act Like it!","Bard","BaseMod","Block Reminder","Colored Map","Colored Powertips","DeckTracker","Downfall","Infinite Spire","Jorbs\u0027s Wanderer Trilogy","Marisa????????","Minty Spire (QoL Compilation)","Pale of the Ancients","Permanent Neow","Quick Restart","Random Character Button","Relic Sorter","Relic Stats","Replay The Spire","Shade Mod","StSLib","The Bug Knight","The Cursed","The IronCluck","The Necromancer","The Servant 0.9.4"],"gold_per_floor":[114,59,59,71,156,181,181,181,207,225,245,276,276,256,256,256,256],"floor_reached":16,"language":"ENG","playtime":327,"items_purged":[],"score":146,"play_id":"39d878b4-35e4-44c0-bdc0-702241898c26","local_time":"20210220162815","is_ascension_mode":true,"campfire_choices":[{"data":"Heavy Blade","floor":13,"key":"SMITH"},{"data":"Flex","floor":15,"key":"SMITH"}],"circlet_count":0,"master_deck":["Strike_R","Strike_R","Strike_R","Strike_R","Strike_R","Defend_R","Defend_R","Defend_R","Defend_R+1","Bash","Reckless Charge","Searing Blow","Searing Blow+1","Shrug It Off+1","Flex+1","Cleave","Heavy Blade+1","Flex","Flex"],"relics":["Burning Blood","NeowsBlessing","Lantern","Blue Doll","War Paint","King of Hearts","Counterbalance"],"acts_visited":["Exordium"],"potions_floor_usage":[16],"damage_taken":[{"damage":0,"enemies":"Jaw Worm","floor":1,"turns":1},{"damage":0,"enemies":"Cultist","floor":4,"turns":1},{"damage":0,"enemies":"3 Sentries","floor":6,"turns":2},{"damage":0,"enemies":"Small Slimes","floor":10,"turns":2},{"damage":2,"enemies":"Blue Slaver","floor":11,"turns":3},{"damage":31,"enemies":"Lagavulin","floor":12,"turns":5},{"damage":22,"enemies":"The Guardian","floor":16,"turns":5}],"seed_played":"3230956129144525557","potions_obtained":[{"floor":4,"key":"ElixirPotion"},{"floor":11,"key":"Energy Potion"},{"floor":14,"key":"Block Potion"}],"is_trial":false,"path_per_floor":["M","$","?","M","?","E","?","T","T","M","M","E","R","?","R","B"],"character_chosen":"IRONCLAD","items_purchased":["Searing Blow"],"campfire_rested":0,"item_purchase_floors":[2],"current_hp_per_floor":[80,80,80,80,60,66,59,59,59,65,69,44,44,44,44,22,22],"gold":256,"neow_bonus":"THREE_ENEMY_KILL","is_daily":false,"chose_seed":false,"campfire_upgraded":2,"win_rate":0.0,"timestamp":1613834895,"path_taken":["M","$","?","?","?","E","?","?","T","M","?","E","R","?","R","BOSS"],"items_purchased_type":["Card"],"build_version":"2020-12-22","purchased_purges":0,"victory":false,"max_hp_per_floor":[80,80,80,80,80,80,80,80,80,80,80,80,80,80,80,80,80],"relic_stats":{"counters":[7,19],"War Paint":["Defend_R","Shrug It Off"],"obtain_stats":[{"Lantern":5,"NeowsBlessing":0,"Counterbalance":12,"Blue Doll":6,"King of Hearts":9,"War Paint":7,"Burning Blood":0},{"Lantern":2,"NeowsBlessing":0,"Counterbalance":6,"Blue Doll":3,"King of Hearts":3,"War Paint":3,"Burning Blood":0},{"Lantern":2,"NeowsBlessing":0,"Counterbalance":14,"Blue Doll":4,"King of Hearts":4,"War Paint":4,"Burning Blood":0}],"Burning Blood":24},"card_choices":[{"not_picked":["True Grit","Dropkick"],"picked":"Reckless Charge","floor":1},{"not_picked":["Second Wind","Sword Boomerang"],"picked":"Shrug It Off","floor":4},{"not_picked":["Run Through","Ghostly Armor"],"picked":"Flex","floor":5},{"not_picked":["Clash","Rupture"],"picked":"Cleave","floor":5},{"not_picked":["Disarm","Clothesline"],"picked":"Heavy Blade","floor":6},{"not_picked":["Clothesline","Reckless Charge"],"picked":"Flex","floor":10},{"not_picked":["ReplayTheSpireMod:Corrosion Curse","Clothesline","ReplayTheSpireMod:LeadingStrike"],"picked":"SKIP","floor":11},{"not_picked":["Clothesline","Thunderclap"],"picked":"Flex","floor":12}],"player_experience":111300,"relics_obtained":[{"floor":5,"key":"Lantern"},{"floor":6,"key":"Blue Doll"},{"floor":9,"key":"King of Hearts"},{"floor":12,"key":"Counterbalance"}],"event_choices":[{"damage_healed":0,"gold_gain":0,"player_choice":"Upgraded","damage_taken":0,"max_hp_gain":0,"max_hp_loss":0,"event_name":"Upgrade Shrine","floor":3,"gold_loss":0,"cards_upgraded":["Searing Blow"]},{"damage_healed":0,"gold_gain":0,"player_choice":"Success","damage_taken":7,"relics_obtained":["War Paint"],"max_hp_gain":0,"max_hp_loss":0,"event_name":"Scrap Ooze","floor":7,"gold_loss":0},{"damage_healed":0,"gold_gain":0,"player_choice":"Bought 1 Potion","damage_taken":0,"max_hp_gain":0,"max_hp_loss":0,"event_name":"The Woman in Blue","floor":14,"gold_loss":0}],"is_beta":false,"boss_relics":[],"items_purged_floors":[],"is_endless":false,"potions_floor_spawned":[4,11],"killed_by":"The Guardian","ascension_level":2}}