{"host":"fuszjwm6fqgjjp4d","time":1613790968,"event":{"mods":["BaseMod","Colored Map","Minty Spire (QoL Compilation)","Permanent Neow","Relic Sorter","Relic Stats","StSLib"],"gold_per_floor":[11,11,161,161,175,201,201,215,215,215,228,228,153,171,171,243,243,257,257,273,302,302,302],"floor_reached":22,"language":"ENG","playtime":528,"items_purged":[],"score":368,"play_id":"fbe0378e-8c23-43e0-b8b0-9ce38370a71f","local_time":"20210219211608","is_ascension_mode":true,"campfire_choices":[{"data":"Zap","floor":7.0,"key":"SMITH"},{"data":"Fission","floor":10.0,"key":"SMITH"},{"data":"Dualcast","floor":12.0,"key":"SMITH"},{"floor":15.0,"key":"REST"}],"circlet_count":0,"master_deck":["AscendersBane","Strike_B","Strike_B","Strike_B","Strike_B","Defend_B","Defend_B","Defend_B","Defend_B","Zap+1","Dualcast+1","Secret Technique","Gash","Zap+1","Fission+1","Scrape","Hologram","Gash","Steam","Machine Learning","CurseOfTheBell","Biased Cognition","Reprogram+1","Hologram"],"relics":["Cracked Core","Shuriken","Letter Opener","Calling Bell","Potion Belt","Eternal Feather","Shovel","Red Mask"],"acts_visited":["Exordium","TheCity"],"potions_floor_usage":[16,18,20,21],"damage_taken":[{"damage":1.0,"enemies":"Small Slimes","floor":1.0,"turns":3.0},{"damage":1.0,"enemies":"2 Louse","floor":5.0,"turns":2.0},{"damage":47.0,"enemies":"Gremlin Nob","floor":6.0,"turns":4.0},{"damage":0.0,"enemies":"Cultist","floor":8.0,"turns":2.0},{"damage":0.0,"enemies":"Gremlin Gang","floor":11.0,"turns":2.0},{"damage":0.0,"enemies":"Large Slime","floor":14.0,"turns":2.0},{"damage":30,"enemies":"Slime Boss","floor":16,"turns":9},{"damage":11,"enemies":"Shell Parasite","floor":18,"turns":3},{"damage":0,"enemies":"Spheric Guardian","floor":20,"turns":1},{"damage":35,"enemies":"Masked Bandits","floor":21,"turns":4},{"damage":12,"enemies":"Centurion and Healer","floor":22,"turns":2}],"seed_played":"3387926535652408912","potions_obtained":[{"floor":1.0,"key":"LiquidBronze"},{"floor":6.0,"key":"EssenceOfSteel"},{"floor":11.0,"key":"Fire Potion"},{"floor":16,"key":"AttackPotion"},{"floor":18,"key":"Swift Potion"},{"floor":20,"key":"Swift Potion"}],"is_trial":false,"path_per_floor":["M","?","?","?","M","E","R","M","T","R","M","R","?","M","R","B",null,"M","?","M","?","M"],"character_chosen":"DEFECT","items_purchased":[],"campfire_rested":1,"item_purchase_floors":[],"current_hp_per_floor":[63,63,63,63,62,15,15,15,15,15,15,15,15,15,36,6,55,44,44,44,9,0,0],"gold":302,"neow_bonus":"RANDOM_COLORLESS_2","is_daily":false,"chose_seed":false,"campfire_upgraded":3,"win_rate":0.0,"timestamp":1613790968,"path_taken":["M","?","?","?","M","E","R","?","T","R","?","R","?","M","R","BOSS","M","?","M","?","M"],"items_purchased_type":[],"build_version":"2020-12-22","purchased_purges":0,"victory":false,"max_hp_per_floor":[71,71,71,71,71,71,71,71,71,71,71,71,71,71,71,71,71,71,71,71,71,71,71],"relic_stats":{"Shovel":0,"counters":[11,34],"Shuriken":[10],"Eternal Feather":0,"Letter Opener":[134],"obtain_stats":[{"Calling Bell":17,"Potion Belt":17,"Shovel":17,"Shuriken":6,"Eternal Feather":17,"Red Mask":21,"Letter Opener":9,"Cracked Core":0},{"Calling Bell":7,"Potion Belt":7,"Shovel":7,"Shuriken":3,"Eternal Feather":7,"Red Mask":10,"Letter Opener":4,"Cracked Core":0},{"Calling Bell":24,"Potion Belt":24,"Shovel":24,"Shuriken":9,"Eternal Feather":24,"Red Mask":32,"Letter Opener":11,"Cracked Core":0}]},"card_choices":[{"not_picked":["Violence","Magnetism"],"picked":"Secret Technique","floor":0.0},{"not_picked":["Leap","Redo"],"picked":"Gash","floor":1.0},{"not_picked":["Force Field","BootSequence"],"picked":"Scrape","floor":5.0},{"not_picked":["Compile Driver","Chaos"],"picked":"Hologram","floor":6.0},{"not_picked":["Hello World","Aggregate","Redo"],"picked":"SKIP","floor":8.0},{"not_picked":["Ball Lightning","Redo"],"picked":"Gash","floor":11.0},{"not_picked":["Melter","Creative AI"],"picked":"Steam","floor":14.0},{"not_picked":["Reboot","Rainbow"],"picked":"Machine Learning","floor":16},{"not_picked":["Heatsinks","Loop"],"picked":"Biased Cognition","floor":18},{"not_picked":["Sweeping Beam","Coolheaded+1"],"picked":"Reprogram+1","floor":20},{"not_picked":["Sweeping Beam","Leap"],"picked":"Hologram","floor":21}],"player_experience":1503182,"relics_obtained":[{"floor":6.0,"key":"Shuriken"},{"floor":9.0,"key":"Letter Opener"},{"floor":17,"key":"Potion Belt"},{"floor":17,"key":"Eternal Feather"},{"floor":17,"key":"Shovel"},{"floor":21,"key":"Red Mask"}],"event_choices":[{"damage_healed":0.0,"max_hp_gain":0.0,"max_hp_loss":0.0,"gold_gain":0.0,"event_name":"Living Wall","player_choice":"Grow","floor":2.0,"gold_loss":0.0,"damage_taken":0.0,"cards_upgraded":["Zap"]},{"damage_healed":0.0,"max_hp_gain":0.0,"max_hp_loss":0.0,"gold_gain":150.0,"event_name":"Liars Game","player_choice":"AGREE","floor":3.0,"gold_loss":0.0,"damage_taken":0.0,"cards_obtained":["Doubt"]},{"damage_healed":0.0,"max_hp_gain":0.0,"max_hp_loss":0.0,"gold_gain":0.0,"event_name":"Match and Keep!","player_choice":"2 cards matched","floor":4.0,"gold_loss":0.0,"damage_taken":0.0,"cards_obtained":["Zap","Fission"]},{"cards_removed":["Doubt"],"damage_healed":0.0,"max_hp_gain":0.0,"max_hp_loss":0.0,"gold_gain":0.0,"event_name":"The Cleric","player_choice":"Card Removal","floor":13.0,"gold_loss":75.0,"damage_taken":0.0},{"damage_healed":0,"gold_gain":0,"player_choice":"Ignored","damage_taken":0,"max_hp_gain":0,"max_hp_loss":0,"event_name":"Cursed Tome","floor":19,"gold_loss":0},{"damage_healed":0,"gold_gain":0,"player_choice":"Fought Bandits","damage_taken":0,"max_hp_gain":0,"max_hp_loss":0,"event_name":"Masked Bandits","floor":21,"gold_loss":0}],"is_beta":false,"boss_relics":[{"not_picked":["Coffee Dripper","Sozu"],"picked":"Calling Bell"}],"items_purged_floors":[],"is_endless":false,"potions_floor_spawned":[1,6,11,16,18,20],"killed_by":"Centurion and Healer","ascension_level":20}}