{"host":"xw7092rw7wabncmm","time":1613848426,"event":{"mods":["AchievementEnabler","BaseMod","Bestiary","Block Reminder","Minty Spire (QoL Compilation)","Quick Restart","Relic Stats","Slay-I","Weighted Paths"],"gold_per_floor":[116,291,303,64,84,84,109,184,184,213,213,242,242,242,242,242,242],"floor_reached":16,"language":"ENG","playtime":618,"items_purged":["Pain"],"score":186,"play_id":"03788232-a800-4d57-ae86-f030d55dde04","local_time":"20210220141346","is_ascension_mode":true,"campfire_choices":[{"data":"Dualcast","floor":6,"key":"SMITH"},{"floor":11,"key":"REST"},{"floor":13,"key":"REST"},{"data":"Doom and Gloom","floor":15,"key":"SMITH"}],"circlet_count":0,"master_deck":["AscendersBane","Strike_B","Strike_B","Strike_B","Strike_B","Defend_B","Defend_B","Defend_B","Defend_B","Zap","Dualcast+1","Cold Snap","Doubt","Chill","Biased Cognition","Ball Lightning","Doom and Gloom+1"],"relics":["Cracked Core","Du-Vu Doll","Pear","Lantern","WingedGreaves","Letter Opener","Dream Catcher"],"acts_visited":["Exordium"],"potions_floor_usage":[7,10,12],"damage_taken":[{"damage":10,"enemies":"Jaw Worm","floor":1,"turns":3},{"damage":8,"enemies":"2 Louse","floor":3,"turns":3},{"damage":0,"enemies":"Small Slimes","floor":5,"turns":3},{"damage":16,"enemies":"Lagavulin","floor":7,"turns":7},{"damage":28,"enemies":"Gremlin Nob","floor":10,"turns":4},{"damage":22,"enemies":"Lagavulin","floor":12,"turns":4},{"damage":33,"enemies":"The Guardian","floor":16,"turns":8}],"seed_played":"3784748396132621999","potions_obtained":[{"floor":1,"key":"SpeedPotion"},{"floor":5,"key":"Ancient Potion"},{"floor":10,"key":"BlessingOfTheForge"}],"is_trial":false,"path_per_floor":["M","?","M","$","M","R","E","?","T","E","R","E","R","T","R","B"],"character_chosen":"DEFECT","items_purchased":["Biased Cognition"],"campfire_rested":2,"item_purchase_floors":[4],"current_hp_per_floor":[58,58,50,50,50,50,44,33,33,5,30,8,33,33,33,0,0],"gold":242,"neow_bonus":"ONE_RARE_RELIC","is_daily":false,"chose_seed":false,"campfire_upgraded":2,"win_rate":0.0,"timestamp":1613848426,"path_taken":["M","?","M","$","M","R","E","?","T","E","R","E","R","?","R","BOSS"],"items_purchased_type":["Card"],"build_version":"2020-12-22","purchased_purges":1,"victory":false,"max_hp_per_floor":[75,75,75,75,75,75,85,85,85,85,85,85,85,85,85,85,85],"relic_stats":{"Dream Catcher":0,"counters":[7,32],"Letter Opener":[10],"obtain_stats":[{"Du-Vu Doll":0,"Lantern":9,"Dream Catcher":14,"Pear":7,"WingedGreaves":10,"Letter Opener":12,"Cracked Core":0},{"Du-Vu Doll":0,"Lantern":4,"Dream Catcher":6,"Pear":4,"WingedGreaves":5,"Letter Opener":6,"Cracked Core":0},{"Du-Vu Doll":0,"Lantern":16,"Dream Catcher":24,"Pear":16,"WingedGreaves":20,"Letter Opener":24,"Cracked Core":0}]},"card_choices":[{"not_picked":["Chill","Scrape"],"picked":"Cold Snap","floor":1},{"not_picked":["Scrape","Stack"],"picked":"Chill","floor":3},{"not_picked":["Hologram","Turbo","Rebound"],"picked":"SKIP","floor":5},{"not_picked":["Redo","Hologram"],"picked":"Ball Lightning","floor":7},{"not_picked":["Capacitor","Reinforced Body"],"picked":"Doom and Gloom","floor":10},{"not_picked":["Doom and Gloom","White Noise","Rebound"],"picked":"SKIP","floor":12}],"player_experience":1671792,"relics_obtained":[{"floor":7,"key":"Pear"},{"floor":9,"key":"Lantern"},{"floor":10,"key":"WingedGreaves"},{"floor":12,"key":"Letter Opener"},{"floor":14,"key":"Dream Catcher"}],"event_choices":[{"damage_healed":0,"gold_gain":175,"player_choice":"AGREE","damage_taken":0,"max_hp_gain":0,"max_hp_loss":0,"event_name":"Liars Game","floor":2,"gold_loss":0,"cards_obtained":["Doubt"]},{"damage_healed":0,"gold_gain":75,"player_choice":"Gather Gold","damage_taken":11,"max_hp_gain":0,"max_hp_loss":0,"event_name":"World of Goop","floor":8,"gold_loss":0}],"is_beta":false,"boss_relics":[],"items_purged_floors":[4],"is_endless":false,"potions_floor_spawned":[1,5,10],"killed_by":"The Guardian","ascension_level":12}}