{"host":"d2gh6suihlstufn7","time":1613808314,"event":{"mods":["AchievementEnabler","BaseMod","Colored Map","Colored Powertips","Minty Spire (QoL Compilation)","Permanent Neow","Quick Restart"],"gold_per_floor":[119,394,407,424,443,478,496,29,29,47,75,75,93,168,168,168,168],"floor_reached":16,"language":"KOR","playtime":561,"items_purged":["Regret"],"score":114,"play_id":"6260004c-7a27-464b-a35b-244b36836247","local_time":"20210220170514","is_ascension_mode":false,"campfire_choices":[{"floor":15,"key":"REST"}],"circlet_count":0,"master_deck":["Strike_R","Strike_R","Strike_R","Strike_R","Strike_R","Defend_R","Defend_R","Defend_R","Defend_R+1","Bash","Headbutt","Feel No Pain","Rage","Flame Barrier","Double Tap","Feed","Spot Weakness","Headbutt+1","Dual Wield","Ghostly Armor","Exhume"],"relics":["Mark of Pain","Centennial Puzzle","Bottled Flame","Orrery","Question Card"],"acts_visited":["Exordium"],"potions_floor_usage":[6,6,11,11],"damage_taken":[{"damage":2,"enemies":"2 Louse","floor":1,"turns":3},{"damage":1,"enemies":"Cultist","floor":3,"turns":3},{"damage":7,"enemies":"Jaw Worm","floor":4,"turns":4},{"damage":17,"enemies":"Exordium Wildlife","floor":5,"turns":5},{"damage":11,"enemies":"3 Sentries","floor":6,"turns":9},{"damage":3,"enemies":"2 Fungi Beasts","floor":7,"turns":4},{"damage":8,"enemies":"Red Slaver","floor":10,"turns":2},{"damage":13,"enemies":"Gremlin Nob","floor":11,"turns":3},{"damage":4,"enemies":"Exordium Wildlife","floor":13,"turns":3},{"damage":26,"enemies":"The Guardian","floor":16,"turns":6}],"seed_played":"7460588869348664488","potions_obtained":[{"floor":4,"key":"LiquidBronze"},{"floor":5,"key":"DistilledChaos"},{"floor":7,"key":"BloodPotion"},{"floor":10,"key":"FearPotion"},{"floor":13,"key":"Dexterity Potion"}],"is_trial":false,"path_per_floor":["M","?","M","M","M","E","M","$","T","M","E","?","M","?","R","B"],"character_chosen":"IRONCLAD","items_purchased":["Bottled Flame","Orrery"],"campfire_rested":1,"item_purchase_floors":[8,8],"current_hp_per_floor":[78,78,77,70,53,42,39,39,39,31,34,18,17,6,30,4,4],"gold":168,"neow_bonus":"BOSS_RELIC","is_daily":false,"chose_seed":false,"campfire_upgraded":0,"win_rate":0.0,"timestamp":1613808314,"path_taken":["M","?","M","M","M","E","?","$","T","M","E","?","M","?","R","BOSS"],"items_purchased_type":["Relic","Relic"],"build_version":"2020-12-22","purchased_purges":1,"victory":false,"max_hp_per_floor":[80,80,80,80,80,80,80,80,80,80,80,80,83,83,83,83,83],"card_choices":[{"not_picked":["Clash","Carnage"],"picked":"Headbutt","floor":1},{"not_picked":["Dropkick","Cleave"],"picked":"Feel No Pain","floor":3},{"not_picked":["Iron Wave","Anger"],"picked":"Rage","floor":4},{"not_picked":["Spot Weakness","Hemokinesis"],"picked":"Flame Barrier","floor":5},{"not_picked":["Combust","Rupture","Entrench"],"picked":"SKIP","floor":6},{"not_picked":["Wild Strike","Iron Wave","Infernal Blade"],"picked":"SKIP","floor":7},{"not_picked":["Thunderclap","True Grit"],"picked":"Double Tap","floor":8},{"not_picked":["Iron Wave","Havoc"],"picked":"Feed","floor":8},{"not_picked":["Cleave","Burning Pact"],"picked":"Spot Weakness","floor":8},{"not_picked":["Spot Weakness","Uppercut"],"picked":"Headbutt","floor":8},{"not_picked":["Shrug It Off","Bloodletting"],"picked":"Dual Wield","floor":8},{"not_picked":["Iron Wave","Shockwave"],"picked":"Ghostly Armor","floor":10},{"not_picked":["Feel No Pain","Sword Boomerang","Iron Wave"],"picked":"SKIP","floor":11},{"not_picked":["Entrench","Thunderclap","Searing Blow"],"picked":"Exhume","floor":13}],"player_experience":179284,"relics_obtained":[{"floor":6,"key":"Centennial Puzzle"},{"floor":11,"key":"Question Card"}],"event_choices":[{"damage_healed":0,"gold_gain":275,"player_choice":"Desecrate","damage_taken":0,"max_hp_gain":0,"max_hp_loss":0,"event_name":"Golden Shrine","floor":2,"gold_loss":0,"cards_obtained":["Regret"]},{"damage_healed":0,"gold_gain":0,"player_choice":"Entered Light","damage_taken":16,"max_hp_gain":0,"max_hp_loss":0,"event_name":"Shining Light","floor":12,"gold_loss":0,"cards_upgraded":["Defend_R","Headbutt"]},{"damage_healed":0,"gold_gain":75,"player_choice":"Gather Gold","damage_taken":11,"max_hp_gain":0,"max_hp_loss":0,"event_name":"World of Goop","floor":14,"gold_loss":0}],"is_beta":false,"boss_relics":[],"items_purged_floors":[8],"is_endless":false,"potions_floor_spawned":[4,5,7,10,13],"killed_by":"The Guardian","ascension_level":0}}