{"host":"qtqz1b21ag9kfmyj","time":1613822861,"event":{"mods":["BaseMod","Better Third Choice","Block Reminder","Hermit","Minty Spire (QoL Compilation)","StSLib","The Bug Knight","The Cursed","The Necromancer","The Servant 0.9.4"],"gold_per_floor":[113,182,182,195,142,170,189,189,189,189,224,238,238,254,254,254,254],"floor_reached":16,"language":"ENG","playtime":576,"items_purged":[],"score":110,"play_id":"cd4f48c6-6874-44aa-b3f6-fe95e9ce5799","local_time":"20210220060741","is_ascension_mode":false,"campfire_choices":[{"floor":8,"key":"REST"},{"floor":10,"key":"REST"},{"floor":15,"key":"REST"}],"circlet_count":0,"master_deck":["HollowMod:NailStrikeStart","HollowMod:NailStrikeStart","HollowMod:NailStrikeStart","HollowMod:NailStrikeStart","HollowMod:QuickDashStart","HollowMod:QuickDashStart","HollowMod:QuickDashStart","HollowMod:QuickDashStart","HollowMod:FocusHealStart","HollowMod:PogoStrike","HollowMod:InfectedCysts","HollowMod:NewGlowingWomb","HollowMod:CycloneSlash","HollowMod:CloakDash","HollowMod:Weaversong","HollowMod:VengefulSpirit","HollowMod:DoubleDash","HollowMod:SoulSplash"],"relics":["HollowMod:VesselMask","Gambling Chip","Letter Opener","Pear","Pen Nib","Akabeko"],"acts_visited":["Exordium"],"potions_floor_usage":[6,16],"damage_taken":[{"damage":1,"enemies":"Cultist","floor":1,"turns":3},{"damage":4,"enemies":"Small Slimes","floor":4,"turns":2},{"damage":34,"enemies":"Gremlin Nob","floor":6,"turns":4},{"damage":22,"enemies":"Jaw Worm","floor":7,"turns":3},{"damage":38,"enemies":"3 Sentries","floor":11,"turns":6},{"damage":22,"enemies":"Blue Slaver","floor":12,"turns":4},{"damage":0,"enemies":"Gremlin Gang","floor":14,"turns":2},{"damage":40,"enemies":"The Guardian","floor":16,"turns":8}],"seed_played":"7817002626987699113","potions_obtained":[{"floor":1,"key":"Fire Potion"},{"floor":11,"key":"GamblersBrew"},{"floor":14,"key":"EssenceOfSteel"}],"is_trial":false,"path_per_floor":["M","?","?","M","$","E","M","R","T","R","E","M","?","M","R","B"],"character_chosen":"THE_BUGKNIGHT","items_purchased":["HollowMod:CycloneSlash"],"campfire_rested":3,"item_purchase_floors":[5],"current_hp_per_floor":[68,68,68,68,68,40,24,44,54,77,45,29,17,17,40,0,0],"gold":254,"neow_bonus":"ONE_RARE_RELIC","is_daily":false,"chose_seed":false,"campfire_upgraded":0,"win_rate":0.0,"timestamp":1613822861,"path_taken":["M","?","?","M","$","E","?","R","T","R","E","M","?","M","R","BOSS"],"items_purchased_type":["Card"],"build_version":"2020-12-22","purchased_purges":0,"victory":false,"max_hp_per_floor":[68,68,68,68,68,68,68,68,78,78,78,78,78,78,78,78,78],"card_choices":[{"not_picked":["HollowMod:BaldurShell","HollowMod:CornifersMapStart"],"picked":"HollowMod:InfectedCysts","floor":1},{"not_picked":["HollowMod:LifebloodCocoon","HollowMod:DescendingDark"],"picked":"HollowMod:NewGlowingWomb","floor":4},{"not_picked":["HollowMod:DesolateDive","HollowMod:GrimmsGift"],"picked":"HollowMod:CloakDash","floor":6},{"not_picked":["HollowMod:DescendingDark","HollowMod:ShapeofUnn"],"picked":"HollowMod:Weaversong","floor":7},{"not_picked":["HollowMod:FastStrike","HollowMod:SoulShaman"],"picked":"HollowMod:VengefulSpirit","floor":11},{"not_picked":["HollowMod:DescendingDark","HollowMod:Grubsong"],"picked":"HollowMod:DoubleDash","floor":12},{"not_picked":["HollowMod:CycloneSlash","HollowMod:DescendingDark"],"picked":"HollowMod:SoulSplash","floor":14}],"player_experience":165959,"relics_obtained":[{"floor":6,"key":"Letter Opener"},{"floor":9,"key":"Pear"},{"floor":11,"key":"Pen Nib"}],"event_choices":[{"damage_healed":0,"gold_gain":69,"player_choice":"Gained Gold","damage_taken":0,"max_hp_gain":0,"max_hp_loss":0,"event_name":"Golden Wing","floor":2,"gold_loss":0},{"damage_healed":0,"gold_gain":0,"player_choice":"Relic ","damage_taken":12,"max_hp_gain":0,"max_hp_loss":0,"event_name":"betterThird:BetterScrap","floor":13,"gold_loss":0,"cards_obtained":["Evolve"]}],"is_beta":false,"boss_relics":[],"items_purged_floors":[],"is_endless":false,"potions_floor_spawned":[1,11,14],"killed_by":"The Guardian","ascension_level":0}}