{"host":"xyexbe31ku0ov20l","time":1613815884,"event":{"mods":["AchievementEnabler","AlwaysNeverKeys","BaseMod","Bestiary","Block Reminder","Colored Map","Colored Powertips","Curses Come First","Displayed Cursed Tome","Minty Spire (QoL Compilation)","Permanent Neow","Quick Restart","Random Character Button","Rare Cards Sparkle","Relic Stats","StSLib"],"gold_per_floor":[117,136,136,154,154,154,186,186,186,186,198,212,8,28,28,28,28],"floor_reached":16,"language":"ENG","playtime":5944,"items_purged":[],"score":204,"play_id":"d50bc317-d5a5-46b5-8a67-70336326b674","local_time":"20210220021124","is_ascension_mode":true,"campfire_choices":[{"data":"Neutralize","floor":6,"key":"SMITH"},{"floor":8,"key":"REST"},{"floor":10,"key":"REST"},{"data":"Footwork","floor":15,"key":"SMITH"}],"circlet_count":0,"master_deck":["AscendersBane","Strike_G","Strike_G","Strike_G","Strike_G","Defend_G","Defend_G","Defend_G","Defend_G","Defend_G","Survivor","Neutralize+1","Bane","Bane","PiercingWail","Dodge and Roll","Tactician","Footwork+1","Quick Slash"],"relics":["Busted Crown","Shuriken","Happy Flower","HornCleat","Membership Card"],"acts_visited":["Exordium"],"potions_floor_usage":[11,14],"damage_taken":[{"damage":4,"enemies":"Jaw Worm","floor":1,"turns":6},{"damage":0,"enemies":"Cultist","floor":2,"turns":5},{"damage":3,"enemies":"Small Slimes","floor":4,"turns":3},{"damage":45,"enemies":"Gremlin Nob","floor":7,"turns":5},{"damage":6,"enemies":"Exordium Thugs","floor":11,"turns":6},{"damage":0,"enemies":"Looter","floor":12,"turns":4},{"damage":4,"enemies":"Gremlin Gang","floor":14,"turns":8},{"damage":33,"enemies":"Slime Boss","floor":16,"turns":8}],"seed_played":"-7605284291819160007","potions_obtained":[{"floor":7,"key":"Swift Potion"},{"floor":11,"key":"ColorlessPotion"}],"is_trial":false,"path_per_floor":["M","M","?","M","?","R","E","R","T","R","M","M","$","M","R","B"],"character_chosen":"THE_SILENT","items_purchased":["Membership Card","Footwork"],"campfire_rested":2,"item_purchase_floors":[13,13],"current_hp_per_floor":[55,55,50,47,47,47,2,21,21,40,34,34,34,30,30,0,0],"gold":28,"neow_bonus":"BOSS_RELIC","is_daily":false,"chose_seed":false,"campfire_upgraded":2,"win_rate":0.0,"timestamp":1613815884,"path_taken":["M","M","?","M","?","R","E","R","T","R","M","M","$","?","R","BOSS"],"items_purchased_type":["Relic","Card"],"build_version":"2020-12-22","purchased_purges":0,"victory":false,"max_hp_per_floor":[66,66,66,66,66,66,66,66,66,66,66,66,66,66,66,66,66],"relic_stats":{"Busted Crown":14,"Happy Flower":[8],"counters":[8,45],"Shuriken":[12],"obtain_stats":[{"Busted Crown":0,"HornCleat":9,"Happy Flower":7,"Shuriken":3,"Membership Card":13,"Ring of the Snake":0},{"Busted Crown":0,"HornCleat":4,"Happy Flower":4,"Shuriken":2,"Membership Card":6,"Ring of the Snake":0},{"Busted Crown":0,"HornCleat":19,"Happy Flower":19,"Shuriken":11,"Membership Card":29,"Ring of the Snake":0}]},"card_choices":[{"not_picked":[],"picked":"Bane","floor":1},{"not_picked":[],"picked":"Bane","floor":2},{"not_picked":["Flechettes"],"picked":"SKIP","floor":4},{"not_picked":[],"picked":"PiercingWail","floor":7},{"not_picked":[],"picked":"Dodge and Roll","floor":11},{"not_picked":[],"picked":"Tactician","floor":12},{"not_picked":[],"picked":"Quick Slash","floor":14}],"player_experience":2311258,"relics_obtained":[{"floor":7,"key":"Happy Flower"},{"floor":9,"key":"HornCleat"}],"event_choices":[{"damage_healed":0,"gold_gain":0,"player_choice":"Success","damage_taken":5,"relics_obtained":["Shuriken"],"max_hp_gain":0,"max_hp_loss":0,"event_name":"Scrap Ooze","floor":3,"gold_loss":0},{"cards_removed":["Strike_G"],"damage_healed":0,"gold_gain":0,"player_choice":"Purged","damage_taken":0,"max_hp_gain":0,"max_hp_loss":0,"event_name":"Purifier","floor":5,"gold_loss":0}],"is_beta":false,"boss_relics":[],"items_purged_floors":[],"is_endless":false,"potions_floor_spawned":[7,11],"killed_by":"Slime Boss","ascension_level":20}}