{"host":"3c8ytfy490czj03c","time":1613816760,"event":{"mods":["BaseMod","Downfall","Minty Spire (QoL Compilation)","StSLib"],"gold_per_floor":[99,112,128,139,139,49,49,49,84,98,118,118,148,163,182,281,331,331,343,356,306,319,319,372,372,372,372,372],"floor_reached":26,"language":"ENG","playtime":1580,"items_purged":["Regret"],"score":231,"play_id":"5e960642-b9a9-4d74-99af-e27be7b50414","local_time":"20210220022600","is_ascension_mode":true,"campfire_choices":[{"data":"Slimebound:Split","floor":1.0,"key":"SMITH"},{"data":"Slimebound:RejuvenatingLick","floor":8,"key":"SMITH"},{"data":"Slimebound:RallyTheTroops","floor":12,"key":"SMITH"},{"data":"Slimebound:Recycling","floor":18,"key":"SMITH"}],"circlet_count":0,"master_deck":["Slimebound:Strike_Slimebound","Slimebound:Strike_Slimebound","Slimebound:Strike_Slimebound","Slimebound:Tackle","Slimebound:Defend_Slimebound+1","Slimebound:Defend_Slimebound","Slimebound:Defend_Slimebound","Slimebound:Defend_Slimebound","Slimebound:Split+1","Slimebound:CorrosiveSpit","Bandage Up","Slimebound:RejuvenatingLick+1","Slimebound:LevelUp","Slimebound:SelfFormingGoo","Slimebound:Split+1","Slimebound:Split+1","Slimebound:Split+1","Slimebound:RallyTheTroops+1","Slimebound:HungryTackle","Slimebound:Recycling+1","Slimebound:DisruptingSlam+1"],"relics":["Slimebound:AbsorbEndCombat","Nunchaku","Oddly Smooth Stone","Incense Burner","Tiny House","Bag of Preparation","Calipers"],"acts_visited":["Exordium","TheCity"],"potions_floor_usage":[14,19,22,26],"damage_taken":[{"damage":5.0,"enemies":"2 Louse","floor":2.0,"turns":2.0},{"damage":1.0,"enemies":"Cultist","floor":3.0,"turns":3.0},{"damage":7.0,"enemies":"Small Slimes","floor":4.0,"turns":4.0},{"damage":8,"enemies":"downfall:FleeingMerchant","floor":6,"turns":4},{"damage":15,"enemies":"Lagavulin","floor":9,"turns":5},{"damage":15,"enemies":"2 Fungi Beasts","floor":10,"turns":4},{"damage":4,"enemies":"Large Slime","floor":11,"turns":4},{"damage":27,"enemies":"Gremlin Nob","floor":13,"turns":4},{"damage":7,"enemies":"Blue Slaver","floor":14,"turns":3},{"damage":11,"enemies":"Gremlin Gang","floor":15,"turns":5},{"damage":15,"enemies":"SI_SHIV_ARCHETYPE","floor":16,"turns":6},{"damage":37,"enemies":"3 Byrds","floor":19,"turns":6},{"damage":50,"enemies":"downfall:LooterAlt2","floor":20,"turns":4},{"damage":39,"enemies":"Snake Plant","floor":22,"turns":4},{"damage":37,"enemies":"Slavers","floor":26,"turns":3}],"seed_played":"4360584324144150364","potions_obtained":[{"floor":9,"key":"PowerPotion"},{"floor":13,"key":"Ancient Potion"},{"floor":14,"key":"Fruit Juice"},{"floor":15,"key":"Weak Potion"},{"floor":16,"key":"FairyPotion"},{"floor":17,"key":"Slimebound:SpawnSlimePotion"},{"floor":20,"key":"Energy Potion"}],"is_trial":false,"path_per_floor":["R","M","M","M","?","$","T","R","E","M","M","R","E","M","M","B",null,"R","M","M","?","M","?","T","?","E"],"character_chosen":"SLIMEBOUND","items_purchased":[],"campfire_rested":0,"item_purchase_floors":[],"current_hp_per_floor":[65,60,65,65,65,59,59,59,54,47,53,53,36,42,43,40,75,75,50,10,39,8,8,8,8,0,0,0],"gold":372,"neow_bonus":"RANDOM_COLORLESS","is_daily":false,"chose_seed":false,"campfire_upgraded":4,"win_rate":0.0,"timestamp":1613816760,"path_taken":["R","M","M","M","?","$","T","R","E","?","M","R","E","M","M","BOSS","R","M","M","?","M","?","T","?","E"],"items_purchased_type":[],"build_version":"2020-12-22","purchased_purges":1,"victory":false,"max_hp_per_floor":[65,65,65,65,65,65,65,65,65,65,65,65,65,70,70,70,75,75,75,75,75,75,75,75,75,75,75,75],"card_choices":[{"not_picked":["Blind","PanicButton"],"picked":"Bandage Up","floor":0.0},{"not_picked":["Slimebound:MegaLick","Slimebound:SlimeSpikes"],"picked":"Slimebound:RejuvenatingLick","floor":2.0},{"not_picked":["Slimebound:FinishingTackle","Slimebound:SplitAcid"],"picked":"Slimebound:LevelUp","floor":3.0},{"not_picked":["Slimebound:Schlurp","Slimebound:Prepare"],"picked":"Slimebound:SelfFormingGoo","floor":4.0},{"not_picked":["Slimebound:RollThrough","Slimebound:Equalize","Slimebound:MegaLick"],"picked":"SKIP","floor":6},{"not_picked":["Slimebound:SplitMire","Slimebound:ServeAndProtect"],"picked":"Slimebound:RallyTheTroops","floor":9},{"not_picked":["Slimebound:LivingWall","Slimebound:HauntingLick","Slimebound:BestDefense"],"picked":"SKIP","floor":10},{"not_picked":["Slimebound:GrowthPunch","Slimebound:FinishingTackle","Slimebound:PressTheAttack"],"picked":"SKIP","floor":11},{"not_picked":["Slimebound:ForwardTackle","Slimebound:HauntingLick"],"picked":"Slimebound:HungryTackle","floor":13},{"not_picked":["Slimebound:GoopTackle","Slimebound:SlimeSpikes","Slimebound:ServeAndProtect"],"picked":"SKIP","floor":14},{"not_picked":["Slimebound:ComboTackle","Slimebound:TongueLash","Slimebound:LeechEnergy"],"picked":"SKIP","floor":15},{"not_picked":["Slimebound:MassFeed","Slimebound:RallyTheTroops"],"picked":"Slimebound:Recycling","floor":16},{"not_picked":["Slimebound:FlameTackle","Slimebound:Prepare","Slimebound:SplitBruiser"],"picked":"SKIP","floor":19},{"not_picked":["Slimebound:SlimeSpikes","Slimebound:LeechingTouch","Slimebound:RollThrough"],"picked":"SKIP","floor":20},{"not_picked":["Slimebound:DivideAndConquer","Slimebound:WasteNot"],"picked":"Slimebound:DisruptingSlam+1","floor":22}],"player_experience":194723,"relics_obtained":[{"floor":7,"key":"Nunchaku"},{"floor":9,"key":"Oddly Smooth Stone"},{"floor":13,"key":"Incense Burner"},{"floor":24,"key":"Bag of Preparation"}],"event_choices":[],"is_beta":false,"boss_relics":[{"not_picked":["Philosopher\u0027s Stone","Astrolabe"],"picked":"Tiny House"}],"items_purged_floors":[6],"is_endless":false,"potions_floor_spawned":[9,13,14,15,16,20],"killed_by":"Slavers","ascension_level":1}}