{"host":"cw5mrddkw4tq3s8v","time":1613797378,"event":{"mods":["BaseMod","Block Reminder","Colored Map","Colored Powertips","DeckTracker","Highlight Path","Hubris","Infinite Spire","Minty Spire (QoL Compilation)","Permanent Neow","Quick Restart","Random Character Button","Relic Sorter","Relic Stats","Replay The Spire","StSLib","SuperFastMode","The Blue Laboratory","The Jungle"],"gold_per_floor":[115,127,127,141,151,151,151,151],"floor_reached":7,"language":"ENG","playtime":603,"items_purged":[],"score":45,"play_id":"11ecdeee-2f7d-4f85-b95f-2a29a1d0a7d1","local_time":"20210220070258","is_ascension_mode":true,"campfire_choices":[{"data":"Tactician","floor":6,"key":"SMITH"}],"circlet_count":0,"master_deck":["Strike_G","Strike_G","Strike_G","Strike_G","Defend_G","Defend_G","Defend_G","Defend_G","Defend_G","Survivor","Neutralize","Tactician+1","Acrobatics","Dagger Throw","Backflip"],"relics":["Ring of the Snake","hubris:Towel"],"acts_visited":["Exordium"],"potions_floor_usage":[],"damage_taken":[{"damage":1,"enemies":"Jaw Worm","floor":1,"turns":6},{"damage":5,"enemies":"Small Slimes","floor":2,"turns":6},{"damage":1,"enemies":"2 Louse","floor":4,"turns":3},{"damage":9,"enemies":"Exordium Thugs","floor":5,"turns":6},{"damage":60,"enemies":"Lagavulin","floor":7,"turns":14}],"seed_played":"3697984222018192614","potions_obtained":[{"floor":1,"key":"blueLaboratory:HummingbirdPotion"},{"floor":5,"key":"Death Potion"}],"is_trial":false,"path_per_floor":["M","M","?","M","M","R","E"],"character_chosen":"THE_SILENT","items_purchased":[],"campfire_rested":0,"item_purchase_floors":[],"current_hp_per_floor":[69,64,64,63,54,54,0,0],"gold":151,"neow_bonus":"RANDOM_EVENT","is_daily":false,"chose_seed":false,"campfire_upgraded":1,"win_rate":0.0,"timestamp":1613797378,"path_taken":["M","M","?","M","M","R","E"],"items_purchased_type":[],"build_version":"2020-12-13","purchased_purges":0,"victory":false,"max_hp_per_floor":[70,70,70,70,70,70,70,70],"relic_stats":{"counters":[5,35],"obtain_stats":[{"hubris:Towel":3,"Ring of the Snake":0},{"hubris:Towel":2,"Ring of the Snake":0},{"hubris:Towel":12,"Ring of the Snake":0}],"Ring of the Snake":[10]},"card_choices":[{"not_picked":["Blade Dance","Hidden Blade"],"picked":"Tactician","floor":1},{"not_picked":["Blade Dance","ReplayTheSpireMod:Speed Training"],"picked":"Acrobatics","floor":2},{"not_picked":["Calculated Gamble","Expertise"],"picked":"Dagger Throw","floor":4},{"not_picked":["hubris:SlightOfHand","Bane"],"picked":"Backflip","floor":5}],"player_experience":73768,"relics_obtained":[],"event_choices":[],"is_beta":false,"boss_relics":[],"items_purged_floors":[],"is_endless":false,"potions_floor_spawned":[1,5],"killed_by":"Lagavulin","ascension_level":1}}