{"host":"dt8tt9y5uobrbn6j","time":1613821735,"event":{"mods":["Act Like it!","BaseMod","Better Third Choice","BetterRewards","Bossed Relics","Card Forge","Colored Powertips","Conspire","Dota2Spire","Minty Spire (QoL Compilation)","Quick Restart","Relic Stats","Reliquary","Retaliation","Ruina","Shop Mod","StSLib","¡¾ÒÅÎï¿¨ÅÆ¡¿REMEMod","óô»ðÖ¸ÄÏ"],"gold_per_floor":[125,145,156,167,67,67,77,77,104,124,152,176,223,246,258,345,357,381,408,703,703,714,743,458,467,536,564,624,654,636,636,523,597,597,613,938,938,953,953,787,817,829,856,868,898,918,934,969,969,969,949,949,825,593,624,284],"floor_reached":57,"language":"ZHS","playtime":3629,"items_purged":["Strike_P","Strike_P","Strike_P","Strike_P","BowlingBash","SignatureMove","Defend_P","Defend_P","Defend_P","Eruption"],"score":3619,"play_id":"5420ca29-9f50-4c8d-9c3e-f29d70c85218","local_time":"20210220194855","is_ascension_mode":true,"campfire_choices":[{"data":"1","floor":6.0,"key":"LIFT"},{"data":"2","floor":8.0,"key":"LIFT"},{"data":"3","floor":15.0,"key":"LIFT"},{"floor":49.0,"key":"RECALL"}],"circlet_count":0,"master_deck":["AscendersBane","Defend_P","Vigilance","Worship","Apotheosis","EmptyMind","InnerPeace","MentalFortress+1","Meditate","SignatureMove+1","Scrawl","REME_CRH","Adaptation","Collect","DeusExMachina","SpiritShield","Fasting2","Omniscience"],"relics":["PureWater","Hammer of Thor","Seething Fire","Anvil of the Gods","REME_ComplimentaryCards","Sling","TheAbacus","MealTicket","PreservedInsect","reliquary:FingerTrap","Chemical X","reliquary:WeakTea","Bag of Preparation","reliquary:Bookmark","Centennial Puzzle","REME_OnlineShoppingPlatform","Girya","Dota2Spire:ArcaneBoots","reliquary:Stiletto","MawBank","Dota2Spire:UrnOfShadows","Black Star","MerchantsRug","reliquary:PartyBalloon","reliquary:SilkGlove","OrangePellets","conspire:DecoderRing","Dota2Spire:Satanic","reliquary:JackalopeAntler","Question Card","Dota2Spire:AghanimScepter","Medical Kit","reliquary:IvoryTrinket","REME_HandOfSuture","Membership Card","Busted Crown","Old Coin","Mango","reliquary:BoilingFlask","reliquary:Knoch","Dota2Spire:EyeOfSkadi","Dota2Spire:PowerTreads","reliquary:PorcupineQuills","Orrery","Dota2Spire:Vanguard","conspire:TopHat"],"acts_visited":["Exordium","ruina:Briah","TheBeyond","TheEnding"],"potions_floor_usage":[56,56,56,56,56,56,56,56,56,56,56,56,56,56,56,56,56],"damage_taken":[{"damage":0.0,"enemies":"2 Louse","floor":1.0,"turns":5.0},{"damage":0.0,"enemies":"Cultist","floor":2.0,"turns":2.0},{"damage":0.0,"enemies":"Small Slimes","floor":3.0,"turns":2.0},{"damage":1.0,"enemies":"3 Louse","floor":4.0,"turns":3.0},{"damage":0.0,"enemies":"Lagavulin","floor":7.0,"turns":4.0},{"damage":0.0,"enemies":"Lots of Slimes","floor":10.0,"turns":4.0},{"damage":0.0,"enemies":"Gremlin Nob","floor":11.0,"turns":2.0},{"damage":0.0,"enemies":"Exordium Wildlife","floor":12.0,"turns":2.0},{"damage":2.0,"enemies":"3 Sentries","floor":13.0,"turns":3.0},{"damage":0.0,"enemies":"Blue Slaver","floor":14.0,"turns":1.0},{"damage":12.0,"enemies":"Hexaghost","floor":16.0,"turns":6.0},{"damage":9.0,"enemies":"ruina:2_Scarecrows","floor":18.0,"turns":2.0},{"damage":10.0,"enemies":"ruina:BadWolf","floor":19.0,"turns":4.0},{"damage":0.0,"enemies":"ruina:KingOfGreed","floor":22.0,"turns":2.0},{"damage":5.0,"enemies":"ruina:RoadHome","floor":23.0,"turns":2.0},{"damage":6.0,"enemies":"ruina:Mountain","floor":25.0,"turns":7.0},{"damage":0.0,"enemies":"ruina:ServantOfWrath","floor":27.0,"turns":2.0},{"damage":33.0,"enemies":"ruina:RoadHome","floor":29.0,"turns":4.0},{"damage":0.0,"enemies":"ruina:Ozma","floor":33.0,"turns":5.0},{"damage":0.0,"enemies":"3 Darklings","floor":35.0,"turns":2.0},{"damage":0.0,"enemies":"Mind Bloom Boss Battle","floor":36.0,"turns":2.0},{"damage":16.0,"enemies":"3 Shapes","floor":38.0,"turns":2.0},{"damage":0.0,"enemies":"Reptomancer","floor":41.0,"turns":2.0},{"damage":0.0,"enemies":"Sphere and 2 Shapes","floor":42.0,"turns":2.0},{"damage":0.0,"enemies":"Spire Growth","floor":44.0,"turns":2.0},{"damage":0.0,"enemies":"conspire:MimicChest","floor":45.0,"turns":3.0},{"damage":0.0,"enemies":"Maw","floor":46.0,"turns":3.0},{"damage":0.0,"enemies":"Writhing Mass","floor":47.0,"turns":3.0},{"damage":0.0,"enemies":"Giant Head","floor":48.0,"turns":3.0},{"damage":0.0,"enemies":"conspire:OrnateMirror","floor":50.0,"turns":3.0},{"damage":0.0,"enemies":"Donu and Deca","floor":51.0,"turns":7.0},{"damage":9.0,"enemies":"Shield and Spear","floor":55.0,"turns":3.0},{"damage":0,"enemies":"The Heart","floor":56,"turns":4}],"seed_played":"1160986614721672368","potions_obtained":[],"is_trial":false,"path_per_floor":["M","M","M","M","$","R","E","R","T","M","E","M","E","M","R","B",null,"M","M","$","?","M","E","$","E","T","E","R","E","$","?","R","B",null,"M","?","?","M","T","R","E","M","T","M","?","M","M","E","R","B","B",null,"R","$","E","B",null],"character_chosen":"WATCHER","items_purchased":["Sling","TheAbacus","MealTicket","PreservedInsect","reliquary:FingerTrap","Worship","Chemical X","reliquary:WeakTea","Bag of Preparation","Apotheosis","reliquary:Bookmark","Centennial Puzzle","EmptyMind","REME_OnlineShoppingPlatform","BowlingBash","Girya","MerchantsRug","OrangePellets","Medical Kit","Membership Card","SpiritShield","Omniscience","Orrery"],"campfire_rested":0,"item_purchase_floors":[0,0,0,0,0,0,0,0,0,0,0,0,0,0,0,0,20,24,28,30,40,53,54],"current_hp_per_floor":[19,19,19,18,33,33,33,33,33,33,33,33,31,31,31,19,56,47,37,52,52,52,47,62,56,56,56,66,33,48,44,44,44,70,70,70,70,54,54,54,68,68,68,68,73,73,73,73,73,73,73,91,91,97,88,88],"gold":284,"neow_bonus":"","is_daily":false,"chose_seed":false,"campfire_upgraded":0,"win_rate":0.0,"timestamp":1613821735,"path_taken":["M","M","M","M","$","R","E","R","T","M","E","M","E","M","R","BOSS","M","M","$","?","M","E","$","E","T","E","R","E","$","?","R","BOSS","M","?","?","?","?","R","E","M","T","M","?","?","?","E","R","BOSS","BOSS","R","$","E","BOSS"],"items_purchased_type":["Relic","Relic","Relic","Relic","Relic","Card","Relic","Relic","Relic","Card","Relic","Relic","Card","Relic","Card","Relic","Relic","Relic","Relic","Relic","Card","Card","Relic"],"build_version":"2020-12-22","purchased_purges":10,"victory":true,"max_hp_per_floor":[68,68,68,68,68,68,68,68,68,68,68,68,68,68,68,68,68,68,68,68,68,68,68,68,68,68,68,78,78,78,78,78,78,78,78,78,78,78,78,78,92,92,92,92,97,97,97,97,97,97,97,97,97,97,97,97],"relic_stats":{"counters":[67,222],"PreservedInsect":620,"Bag of Preparation":[67],"MawBank":108,"Question Card":18,"Medical Kit":[15],"OrangePellets":[7],"Centennial Puzzle":[30],"TheAbacus":[480],"Busted Crown":32,"MealTicket":66,"Black Star":7,"Chemical X":[14],"obtain_stats":[{"Dota2Spire:MaskOfMadness":23,"reliquary:IvoryTrinket":29,"Dota2Spire:PowerTreads":55,"Gremlin Horn":3,"reliquary:PartyBalloon":23,"Dota2Spire:ArmletOfMordiggian":14,"Hammer of Thor":0,"Dota2Spire:RefresherOrb":34,"reliquary:Tamtam":0,"reliquary:QuartzCube":0,"Sling":0,"Old Coin":42,"Dota2Spire:Satanic":25,"Centennial Puzzle":0,"Dota2Spire:CrimsonGuard":8,"Dota2Spire:EyeOfSkadi":45,"conspire:DecoderRing":25,"MealTicket":0,"HandDrill":0,"reliquary:FingerTrap":0,"reliquary:Vitrine":15,"REME_OnlineShoppingPlatform":0,"Dota2Spire:HandOfMidas":31,"Girya":0,"MerchantsRug":20,"Dota2Spire:UrnOfShadows":13,"Happy Flower":46,"reliquary:WeakTea":0,"Question Card":27,"Akabeko":10,"reliquary:Bookmark":0,"reliquary:JackalopeAntler":26,"OrangePellets":24,"Bottled Flame":45,"Dota2Spire:AghanimScepter":27,"reliquary:PorcupineQuills":27,"Anvil of the Gods":0,"reliquary:BrokenClock":0,"Black Star":17,"reliquary:Knoch":43,"Dota2Spire:MonkeyKingBar":53,"Dota2Spire:PhaseBoots":22,"Lantern":0,"Regal Pillow":7,"reliquary:SilkGlove":23,"reliquary:Firecrackers":25,"reliquary:BoilingFlask":41,"Mango":0,"Dota2Spire:Vanguard":55,"Bag of Preparation":0,"PrismaticShard":0,"Smiling Mask":48,"Burning Blood":0,"conspire:TopHat":55,"reliquary:TridentHead":0,"Frozen Eye":20,"reliquary:HotPoker":43,"Shovel":0,"TheAbacus":37,"Gambling Chip":12,"reliquary:Buckler":0,"Dota2Spire:AssaultCuirass":49,"Chemical X":0,"Dota2Spire:ArcaneBoots":7,"Runic Pyramid":17,"Lee\u0027s Waffle":45,"The Courier":40,"PreservedInsect":0,"Seething Fire":0,"MawBank":11,"Medical Kit":28,"CaptainsWheel":26,"Busted Crown":34,"Orrery":54,"reliquary:Stiletto":9,"REME_HandOfSuture":29,"Dota2Spire:OctarineCore":38,"Champion Belt":32,"Membership Card":30,"PureWater":0,"DDmod:BarbedSlagRelic":36,"REME_ComplimentaryCards":0},{"Dota2Spire:MaskOfMadness":15,"reliquary:IvoryTrinket":52,"Dota2Spire:PowerTreads":33,"Gremlin Horn":2,"reliquary:PartyBalloon":49,"Dota2Spire:ArmletOfMordiggian":10,"Hammer of Thor":0,"Dota2Spire:RefresherOrb":22,"reliquary:Tamtam":0,"reliquary:QuartzCube":0,"Sling":34,"Old Coin":27,"Dota2Spire:Satanic":50,"Centennial Puzzle":34,"Dota2Spire:CrimsonGuard":5,"Dota2Spire:EyeOfSkadi":60,"conspire:DecoderRing":50,"MealTicket":34,"HandDrill":0,"reliquary:FingerTrap":0,"reliquary:Vitrine":10,"REME_OnlineShoppingPlatform":34,"Dota2Spire:HandOfMidas":21,"Girya":34,"MerchantsRug":47,"Dota2Spire:UrnOfShadows":43,"Happy Flower":29,"reliquary:WeakTea":34,"Question Card":51,"Akabeko":6,"reliquary:Bookmark":34,"reliquary:JackalopeAntler":50,"OrangePellets":49,"Bottled Flame":28,"Dota2Spire:AghanimScepter":51,"reliquary:PorcupineQuills":17,"Anvil of the Gods":0,"reliquary:BrokenClock":0,"Black Star":45,"reliquary:Knoch":58,"Dota2Spire:MonkeyKingBar":32,"Dota2Spire:PhaseBoots":14,"Lantern":0,"Regal Pillow":5,"reliquary:SilkGlove":49,"reliquary:Firecrackers":16,"reliquary:BoilingFlask":57,"Mango":0,"Dota2Spire:Vanguard":66,"Bag of Preparation":34,"PrismaticShard":0,"Smiling Mask":30,"Burning Blood":0,"conspire:TopHat":66,"reliquary:TridentHead":0,"Frozen Eye":12,"reliquary:HotPoker":27,"Shovel":0,"TheAbacus":23,"Gambling Chip":8,"reliquary:Buckler":0,"Dota2Spire:AssaultCuirass":30,"Chemical X":34,"Dota2Spire:ArcaneBoots":39,"Runic Pyramid":11,"Lee\u0027s Waffle":28,"The Courier":25,"PreservedInsect":34,"Seething Fire":0,"MawBank":41,"Medical Kit":51,"CaptainsWheel":16,"Busted Crown":53,"Orrery":65,"reliquary:Stiletto":39,"REME_HandOfSuture":52,"Dota2Spire:OctarineCore":24,"Champion Belt":21,"Membership Card":52,"PureWater":0,"DDmod:BarbedSlagRelic":23,"REME_ComplimentaryCards":0},{"Dota2Spire:MaskOfMadness":53,"reliquary:IvoryTrinket":176,"Dota2Spire:PowerTreads":110,"Gremlin Horn":2,"reliquary:PartyBalloon":163,"Dota2Spire:ArmletOfMordiggian":29,"Hammer of Thor":0,"Dota2Spire:RefresherOrb":79,"reliquary:Tamtam":0,"reliquary:QuartzCube":0,"Sling":119,"Old Coin":91,"Dota2Spire:Satanic":170,"Centennial Puzzle":119,"Dota2Spire:CrimsonGuard":11,"Dota2Spire:EyeOfSkadi":196,"conspire:DecoderRing":170,"MealTicket":119,"HandDrill":0,"reliquary:FingerTrap":0,"reliquary:Vitrine":29,"REME_OnlineShoppingPlatform":119,"Dota2Spire:HandOfMidas":70,"Girya":119,"MerchantsRug":159,"Dota2Spire:UrnOfShadows":146,"Happy Flower":97,"reliquary:WeakTea":119,"Question Card":172,"Akabeko":17,"reliquary:Bookmark":119,"reliquary:JackalopeAntler":170,"OrangePellets":163,"Bottled Flame":94,"Dota2Spire:AghanimScepter":172,"reliquary:PorcupineQuills":58,"Anvil of the Gods":0,"reliquary:BrokenClock":0,"Black Star":153,"reliquary:Knoch":191,"Dota2Spire:MonkeyKingBar":109,"Dota2Spire:PhaseBoots":49,"Lantern":0,"Regal Pillow":11,"reliquary:SilkGlove":163,"reliquary:Firecrackers":56,"reliquary:BoilingFlask":189,"Mango":0,"Dota2Spire:Vanguard":218,"Bag of Preparation":119,"PrismaticShard":0,"Smiling Mask":100,"Burning Blood":0,"conspire:TopHat":218,"reliquary:TridentHead":0,"Frozen Eye":45,"reliquary:HotPoker":91,"Shovel":0,"TheAbacus":82,"Gambling Chip":24,"reliquary:Buckler":0,"Dota2Spire:AssaultCuirass":100,"Chemical X":119,"Dota2Spire:ArcaneBoots":135,"Runic Pyramid":42,"Lee\u0027s Waffle":94,"The Courier":85,"PreservedInsect":119,"Seething Fire":0,"MawBank":141,"Medical Kit":172,"CaptainsWheel":56,"Busted Crown":181,"Orrery":215,"reliquary:Stiletto":135,"REME_HandOfSuture":176,"Dota2Spire:OctarineCore":83,"Champion Belt":70,"Membership Card":176,"PureWater":0,"DDmod:BarbedSlagRelic":82,"REME_ComplimentaryCards":0}]},"card_choices":[{"not_picked":["SashWhip","Vengeance","ClearTheMind"],"picked":"SKIP","floor":1.0},{"not_picked":["SashWhip","Vengeance","ClearTheMind"],"picked":"SKIP","floor":1.0},{"not_picked":["Evaluate","JustLucky","FollowUp"],"picked":"SKIP","floor":2.0},{"not_picked":["Swivel","Wireheading"],"picked":"InnerPeace","floor":3.0},{"not_picked":["FlurryOfBlows","FearNoEvil"],"picked":"SignatureMove","floor":4.0},{"not_picked":["EmptyBody","Halt","FlurryOfBlows"],"picked":"SKIP","floor":7.0},{"not_picked":["Consecrate","BattleHymn"],"picked":"MentalFortress","floor":10.0},{"not_picked":["BowlingBash","Weave","EmptyMind"],"picked":"SKIP","floor":11.0},{"not_picked":["BowlingBash","Evaluate","JustLucky"],"picked":"SKIP","floor":12.0},{"not_picked":["Prostrate","SashWhip","EmptyBody"],"picked":"SKIP","floor":13.0},{"not_picked":["WheelKick","LessonLearned"],"picked":"Meditate","floor":14.0},{"not_picked":["REME_CRH","Judgement"],"picked":"Scrawl","floor":16.0},{"not_picked":["ThirdEye","EmptyBody","BowlingBash"],"picked":"SKIP","floor":18.0},{"not_picked":["Meditate","Nirvana","Consecrate"],"picked":"SKIP","floor":19.0},{"not_picked":["Protect","Fasting2","WindmillStrike"],"picked":"SKIP","floor":22.0},{"not_picked":["Worship","BowlingBash"],"picked":"REME_CRH","floor":23.0},{"not_picked":["FlyingSleeves","InnerPeace","Indignation"],"picked":"SKIP","floor":25.0},{"not_picked":["Meditate+1","BattleHymn+1"],"picked":"Adaptation","floor":27.0},{"not_picked":["Halt+1","Tantrum","EmptyFist+1"],"picked":"Collect","floor":29.0},{"not_picked":["SpiritShield","REME_EmptyShield","LessonLearned"],"picked":"DeusExMachina","floor":33.0},{"not_picked":["ThirdEye","EmptyMind"],"picked":"SKIP","floor":35.0},{"not_picked":["EmptyBody","EmptyFist"],"picked":"SKIP","floor":38.0},{"not_picked":["CrushJoints","Wish"],"picked":"SKIP","floor":41.0},{"not_picked":["EmptyFist+1","EmptyBody"],"picked":"SKIP","floor":42.0},{"not_picked":["Perseverance","JustLucky"],"picked":"SKIP","floor":44.0},{"not_picked":["SashWhip+1"],"picked":"Fasting2","floor":45.0},{"not_picked":["Sanctity","Crescendo+1"],"picked":"SKIP","floor":46.0},{"not_picked":["Crescendo","EmptyFist"],"picked":"SKIP","floor":47.0},{"not_picked":["EmptyFist+1","FlyingSleeves+1"],"picked":"SKIP","floor":48.0},{"not_picked":["REME_Repentance+1","BowlingBash"],"picked":"SKIP","floor":55.0}],"player_experience":906408,"relics_obtained":[{"floor":7.0,"key":"Dota2Spire:ArcaneBoots"},{"floor":9.0,"key":"reliquary:Stiletto"},{"floor":11.0,"key":"MawBank"},{"floor":13.0,"key":"Dota2Spire:UrnOfShadows"},{"floor":23.0,"key":"reliquary:PartyBalloon"},{"floor":23.0,"key":"reliquary:SilkGlove"},{"floor":25.0,"key":"conspire:DecoderRing"},{"floor":25.0,"key":"Dota2Spire:Satanic"},{"floor":26.0,"key":"reliquary:JackalopeAntler"},{"floor":27.0,"key":"Question Card"},{"floor":27.0,"key":"Dota2Spire:AghanimScepter"},{"floor":29.0,"key":"reliquary:IvoryTrinket"},{"floor":29.0,"key":"REME_HandOfSuture"},{"floor":36.0,"key":"Old Coin"},{"floor":41.0,"key":"Mango"},{"floor":41.0,"key":"reliquary:BoilingFlask"},{"floor":43.0,"key":"reliquary:Knoch"},{"floor":45.0,"key":"Dota2Spire:EyeOfSkadi"},{"floor":48.0,"key":"Dota2Spire:PowerTreads"},{"floor":48.0,"key":"reliquary:PorcupineQuills"},{"floor":55.0,"key":"Dota2Spire:Vanguard"},{"floor":55.0,"key":"conspire:TopHat"}],"event_choices":[{"damage_healed":0.0,"max_hp_gain":0.0,"max_hp_loss":0.0,"gold_gain":0.0,"event_name":"conspire:Investor","player_choice":"Leave","floor":31.0,"gold_loss":0.0,"damage_taken":0.0},{"damage_healed":0.0,"max_hp_gain":0.0,"max_hp_loss":0.0,"gold_gain":0.0,"event_name":"MindBloom","player_choice":"Fight","floor":36.0,"gold_loss":0.0,"damage_taken":0.0},{"damage_healed":0.0,"max_hp_gain":0.0,"max_hp_loss":0.0,"gold_gain":0.0,"event_name":"Upgrade Shrine","player_choice":"Upgraded","floor":37.0,"gold_loss":0.0,"damage_taken":0.0,"cards_upgraded":["MentalFortress"]}],"is_beta":false,"boss_relics":[{"not_picked":["reliquary:RedCape","reliquary:Ember"],"picked":"Black Star"},{"not_picked":["reliquary:Craggleroot","Dota2Spire:Bloodstone"],"picked":"Busted Crown"}],"items_purged_floors":[0,5,20,24,28,30,32,40,53,54],"is_endless":false,"potions_floor_spawned":[3,4,10,12,13,22,23,36,41,42,45,48,55],"ascension_level":20}}