{"host":"wbn3xdfsa5pc2kse","time":1613811464,"event":{"mods":["AchievementEnabler","BaseMod","Bestiary","Colored Map","Colored Powertips","Curses Come First","Highlight Path","Minty Spire (QoL Compilation)","Permanent Neow","Rare Cards Sparkle","Relic Stats","StSLib"],"gold_per_floor":[114,127,127,147,147,178,178,178,178],"floor_reached":8,"language":"ZHT","playtime":216,"items_purged":[],"score":112,"play_id":"dc6699b9-42d7-45a2-9593-732069a83315","local_time":"20210220165744","is_ascension_mode":true,"campfire_choices":[{"data":"Ragnarok","floor":7,"key":"SMITH"}],"circlet_count":0,"master_deck":["AscendersBane","Strike_P","Strike_P","Strike_P","Defend_P","Defend_P","Defend_P","Defend_P","Eruption","Vigilance","JustLucky","TalkToTheHand","Ragnarok+1","Evaluate","CrushJoints"],"relics":["PureWater","NeowsBlessing","Orichalcum","Eternal Feather"],"acts_visited":["Exordium"],"potions_floor_usage":[6],"damage_taken":[{"damage":0.0,"enemies":"2 Louse","floor":1.0,"turns":1.0},{"damage":0.0,"enemies":"Cultist","floor":2.0,"turns":1.0},{"damage":0.0,"enemies":"Small Slimes","floor":4.0,"turns":1.0},{"damage":57,"enemies":"Lagavulin","floor":6,"turns":5},{"damage":17,"enemies":"3 Sentries","floor":8,"turns":4}],"seed_played":"-5211650426917235713","potions_obtained":[{"floor":1.0,"key":"Regen Potion"}],"is_trial":false,"path_per_floor":["M","M","?","M","?","E","R","E"],"character_chosen":"WATCHER","items_purchased":[],"campfire_rested":0,"item_purchase_floors":[],"current_hp_per_floor":[61,61,61,61,56,13,22,5,5],"gold":178,"neow_bonus":"THREE_ENEMY_KILL","is_daily":false,"chose_seed":false,"campfire_upgraded":1,"win_rate":0.0,"timestamp":1613811464,"path_taken":["M","M","?","?","?","E","R","E"],"items_purchased_type":[],"build_version":"2020-12-22","purchased_purges":0,"victory":false,"max_hp_per_floor":[68,68,68,68,68,68,68,68,68],"relic_stats":{"counters":[5,12],"Eternal Feather":9,"Orichalcum":[0],"obtain_stats":[{"NeowsBlessing":0,"Eternal Feather":6,"PureWater":0,"Orichalcum":5},{"NeowsBlessing":0,"Eternal Feather":4,"PureWater":0,"Orichalcum":3},{"NeowsBlessing":0,"Eternal Feather":8,"PureWater":0,"Orichalcum":3}]},"card_choices":[{"not_picked":["Sanctity","Halt"],"picked":"JustLucky","floor":1.0},{"not_picked":["EmptyFist","JustLucky"],"picked":"TalkToTheHand","floor":2.0},{"not_picked":["Consecrate","EmptyFist"],"picked":"Evaluate","floor":4.0},{"not_picked":["Study","ThirdEye"],"picked":"CrushJoints","floor":6}],"player_experience":840153,"relics_obtained":[{"floor":6,"key":"Eternal Feather"}],"event_choices":[{"damage_healed":0.0,"max_hp_gain":0.0,"max_hp_loss":0.0,"gold_gain":0.0,"cards_transformed":["Strike_P"],"event_name":"Transmorgrifier","player_choice":"Transformed","floor":3.0,"gold_loss":0.0,"damage_taken":0.0,"cards_obtained":["Ragnarok"]},{"damage_healed":0.0,"max_hp_gain":0.0,"max_hp_loss":0.0,"gold_gain":0.0,"event_name":"Scrap Ooze","player_choice":"Success","floor":5.0,"gold_loss":0.0,"damage_taken":5.0,"relics_obtained":["Orichalcum"]}],"is_beta":false,"boss_relics":[],"items_purged_floors":[],"is_endless":false,"potions_floor_spawned":[1],"killed_by":"3 Sentries","ascension_level":20}}