{"host":"or8fr2mp0k3eluj8","time":1613813276,"event":{"mods":["AchievementEnabler","BaseMod","Colored Map","DeckTracker","Minty Spire (QoL Compilation)","StSLib","SuperFastMode"],"gold_per_floor":[116,116,127,140,159,159,175,175,257,273,298,310,334,362,374,487,499,526,60,60,79,79,108,108,108,108],"floor_reached":25,"language":"KOR","playtime":657,"items_purged":["Strike_B"],"score":248,"play_id":"19c67f29-94c6-451a-bee2-efb75870ce18","local_time":"20210220182756","is_ascension_mode":true,"campfire_choices":[{"data":"Zap","floor":6,"key":"SMITH"},{"data":"Dualcast","floor":8,"key":"SMITH"},{"floor":15,"key":"REST"},{"floor":24,"key":"REST"}],"circlet_count":0,"master_deck":["Strike_B","Strike_B","Strike_B","Defend_B","Defend_B","Defend_B","Defend_B","Zap+1","Dualcast+1","Electrodynamics","Redo","FTL","Ball Lightning","Hologram","Coolheaded","Core Surge","Capacitor","Self Repair","Cold Snap","Chill","Redo+1","Conserve Battery+1"],"relics":["Cracked Core","Dead Branch","Pantograph","MawBank","Inserter","Gremlin Horn","Strawberry","MealTicket"],"acts_visited":["Exordium","TheCity"],"potions_floor_usage":[11,16,16,25],"damage_taken":[{"damage":4,"enemies":"Jaw Worm","floor":1,"turns":4},{"damage":10,"enemies":"2 Louse","floor":3,"turns":2},{"damage":1,"enemies":"Cultist","floor":4,"turns":3},{"damage":21,"enemies":"Exordium Wildlife","floor":5,"turns":3},{"damage":0,"enemies":"Large Slime","floor":7,"turns":4},{"damage":1,"enemies":"3 Louse","floor":10,"turns":3},{"damage":8,"enemies":"Gremlin Nob","floor":11,"turns":3},{"damage":1,"enemies":"2 Fungi Beasts","floor":13,"turns":3},{"damage":1,"enemies":"Blue Slaver","floor":14,"turns":4},{"damage":39,"enemies":"Slime Boss","floor":16,"turns":6},{"damage":18,"enemies":"3 Byrds","floor":18,"turns":3},{"damage":5,"enemies":"Chosen","floor":21,"turns":4},{"damage":51,"enemies":"Gremlin Leader","floor":23,"turns":8},{"damage":50,"enemies":"Snecko","floor":25,"turns":6}],"seed_played":"-6478102954536436897","potions_obtained":[{"floor":10,"key":"Weak Potion"},{"floor":11,"key":"SpeedPotion"},{"floor":13,"key":"ColorlessPotion"},{"floor":14,"key":"Regen Potion"}],"is_trial":false,"path_per_floor":["M","?","M","M","M","R","M","R","T","M","E","?","M","M","R","B",null,"M","$","?","M","?","E","R","M"],"character_chosen":"DEFECT","items_purchased":["Gremlin Horn","Strawberry"],"campfire_rested":2,"item_purchase_floors":[19,19],"current_hp_per_floor":[71,53,43,42,21,21,21,21,21,20,12,12,11,10,32,30,75,64,71,71,73,57,13,39,0,0],"gold":108,"neow_bonus":"ONE_RANDOM_RARE_CARD","is_daily":false,"chose_seed":false,"campfire_upgraded":2,"win_rate":0.0,"timestamp":1613813276,"path_taken":["M","?","M","M","M","R","M","R","T","M","E","?","?","M","R","BOSS","M","$","?","M","?","E","R","M"],"items_purchased_type":["Relic","Relic"],"build_version":"2020-12-22","purchased_purges":1,"victory":false,"max_hp_per_floor":[75,75,75,75,75,75,75,75,75,75,75,75,75,75,75,75,75,75,82,82,82,87,87,87,87,87],"card_choices":[{"not_picked":["Go for the Eyes","Barrage"],"picked":"Redo","floor":1},{"not_picked":["Barrage","Beam Cell"],"picked":"FTL","floor":3},{"not_picked":["Static Discharge","Rebound"],"picked":"Ball Lightning","floor":4},{"not_picked":["Go for the Eyes","Beam Cell"],"picked":"Hologram","floor":5},{"not_picked":["Beam Cell","Recycle"],"picked":"Coolheaded","floor":7},{"not_picked":["Auto Shields","Ball Lightning","Hello World"],"picked":"SKIP","floor":10},{"not_picked":["Heatsinks","Force Field","Hologram"],"picked":"SKIP","floor":11},{"not_picked":["Amplify","Steam Power"],"picked":"Capacitor","floor":13},{"not_picked":["Go for the Eyes","Barrage"],"picked":"Self Repair","floor":14},{"not_picked":["Aggregate","Stack+1"],"picked":"Cold Snap","floor":18},{"not_picked":["Cold Snap","Sweeping Beam"],"picked":"Redo+1","floor":21},{"not_picked":["Redo","Fusion"],"picked":"Conserve Battery+1","floor":23}],"player_experience":390199,"relics_obtained":[{"floor":9,"key":"Pantograph"},{"floor":11,"key":"MawBank"},{"floor":23,"key":"MealTicket"}],"event_choices":[{"damage_healed":0,"gold_gain":0,"player_choice":"Success","damage_taken":18,"relics_obtained":["Dead Branch"],"max_hp_gain":0,"max_hp_loss":0,"event_name":"Scrap Ooze","floor":2,"gold_loss":0},{"damage_healed":0,"gold_gain":0,"player_choice":"1 cards matched","damage_taken":0,"max_hp_gain":0,"max_hp_loss":0,"event_name":"Match and Keep!","floor":12,"gold_loss":0,"cards_obtained":["Core Surge"]},{"damage_healed":0,"gold_gain":0,"player_choice":"Read","damage_taken":0,"max_hp_gain":0,"max_hp_loss":0,"event_name":"The Library","floor":20,"gold_loss":0,"cards_obtained":["Chill"]},{"damage_healed":0,"gold_gain":0,"player_choice":"Shed Blood","damage_taken":21,"max_hp_gain":5,"max_hp_loss":0,"event_name":"Forgotten Altar","floor":22,"gold_loss":0}],"is_beta":false,"boss_relics":[{"not_picked":["Busted Crown","SacredBark"],"picked":"Inserter"}],"items_purged_floors":[19],"is_endless":false,"potions_floor_spawned":[10,11,13,14],"killed_by":"Snecko","ascension_level":2}}