{"host":"pjjzz70vl4t83ifx","time":1613783177,"event":{"mods":["AchievementEnabler","BaseMod","Card Forge","Colored Map","Colored Powertips","Highlight Path","Infinite Spire","Minty Spire (QoL Compilation)","Permanent Neow","Practice Mode","Rare Cards Sparkle","Relic Stats","StSLib","Synergy Search"],"gold_per_floor":[116,129,129,129,57,57,92,112,194,229,229,257,257,270,270,398,398,398,398,398,398,398,398,398,398,398,10,10,10,10,10,10,10,10,10,10,10,10,10,10,10,10,10,10,10,10,10,10,10,10,10,0,0,0,0,0,0,0,0],"floor_reached":58,"language":"ENG","playtime":3397,"items_purged":[],"score":1215,"play_id":"bb302904-5afe-44b7-b08a-0a6b06fae4b7","local_time":"20210219170617","is_ascension_mode":true,"campfire_choices":[{"data":"Footwork","floor":6,"key":"SMITH"},{"data":"Neutralize","floor":13,"key":"SMITH"},{"data":"Dash","floor":15,"key":"SMITH"},{"data":"Cloak And Dagger","floor":23,"key":"SMITH"},{"data":"Accuracy","floor":32,"key":"SMITH"},{"data":"Venomology","floor":40,"key":"SMITH"},{"data":"Glass Knife","floor":42,"key":"SMITH"},{"data":"Neutralize","floor":49,"key":"SMITH"},{"data":"Underhanded Strike","floor":57,"key":"SMITH"}],"circlet_count":0,"master_deck":["Strike_G","Strike_G","Strike_G","Defend_G","Defend_G","Defend_G","Survivor","Neutralize+1","Dagger Throw","Venomology+1","Catalyst","Footwork+1","Die Die Die","PiercingWail","Cloak And Dagger+1","Dash+1","Glass Knife+1","Accuracy+1","Backflip","Bandage Up+1","Well Laid Plans","Deflect+1","Predator+1","Prepared+1","Adrenaline+1","Blade Dance+1","Backflip+1","infinitespire:Execution+1","Madness+1","Accuracy+1","Blur+1","Neutralize+1","Blade Dance+1","Escape Plan+1","Night Terror+1","Cloak And Dagger+1","Underhanded Strike+1"],"relics":["PureWater","Hammer of Thor","Seething Fire","Anvil of the Gods","infinitespire:Lucky Rock","Golden Idol","Tiny Chest","Pantograph","Kunai","infinitespire:Beetle Shell","Odd Mushroom","Ectoplasm","InkBottle","infinitespire:FocusingShard","infinitespire:BottledMercury","Pen Nib","Toxic Egg 2","Dream Catcher","Ninja Scroll","Anchor","Runic Dome","Gambling Chip","Juzu Bracelet","infinitespire:CheckeredPen","Ice Cream","WingedGreaves","CeramicFish","Coffee Dripper","Potion Belt","infinitespire:Cubic Diamond"],"acts_visited":["Exordium","TheCity","TheBeyond","Exordium"],"potions_floor_usage":[7,10,10,10,12,16,16,16,22,22,24,24,24,24,28,28,29,29,31,31,33,36,38,38,46,50,50,50],"damage_taken":[{"damage":0,"enemies":"Small Slimes","floor":1,"turns":4},{"damage":3,"enemies":"Jaw Worm","floor":2,"turns":4},{"damage":18,"enemies":"3 Sentries","floor":7,"turns":7},{"damage":0,"enemies":"Cultist","floor":8,"turns":2},{"damage":22,"enemies":"Lagavulin","floor":10,"turns":10},{"damage":9,"enemies":"The Mushroom Lair","floor":12,"turns":4},{"damage":7,"enemies":"Exordium Wildlife","floor":14,"turns":7},{"damage":17,"enemies":"Hexaghost","floor":16,"turns":16},{"damage":0,"enemies":"Shell Parasite","floor":18,"turns":8},{"damage":0,"enemies":"Chosen","floor":22,"turns":7},{"damage":1,"enemies":"Nightmare","floor":24,"turns":11},{"damage":17,"enemies":"Centurion and Healer","floor":25,"turns":6},{"damage":11,"enemies":"Snake Plant","floor":28,"turns":6},{"damage":5,"enemies":"Book of Stabbing","floor":29,"turns":6},{"damage":0,"enemies":"Gremlin Leader","floor":31,"turns":3},{"damage":8,"enemies":"Automaton","floor":33,"turns":9},{"damage":0,"enemies":"Orb Walker","floor":35,"turns":3},{"damage":0,"enemies":"3 Shapes","floor":36,"turns":4},{"damage":14,"enemies":"Writhing Mass","floor":38,"turns":4},{"damage":0,"enemies":"Reptomancer","floor":41,"turns":3},{"damage":0,"enemies":"Sphere and 2 Shapes","floor":44,"turns":1},{"damage":0,"enemies":"Giant Head","floor":46,"turns":5},{"damage":6,"enemies":"2 Orb Walkers","floor":47,"turns":3},{"damage":12,"enemies":"Donu and Deca","floor":50,"turns":4},{"damage":0,"enemies":"2 Louse","floor":52,"turns":1},{"damage":5,"enemies":"Small Slimes","floor":55,"turns":1}],"seed_played":"-2986867530788978310","potions_obtained":[{"floor":1,"key":"AttackPotion"},{"floor":7,"key":"Regen Potion"},{"floor":12,"key":"GamblersBrew"},{"floor":14,"key":"Weak Potion"},{"floor":16,"key":"DistilledChaos"},{"floor":22,"key":"Swift Potion"},{"floor":25,"key":"ColorlessPotion"},{"floor":28,"key":"Poison Potion"},{"floor":29,"key":"FairyPotion"},{"floor":35,"key":"LiquidBronze"},{"floor":36,"key":"SkillPotion"},{"floor":46,"key":"EssenceOfSteel"},{"floor":52,"key":"Energy Potion"},{"floor":55,"key":"Energy Potion"}],"is_trial":false,"path_per_floor":["M","M","?","?","$","R","E","M","T","E","?","?","R","M","R","B",null,"M","T","?","T","M","R","NM","M","T","$","M","E","T","E","R","B",null,"M","M","AVR","M","?","R","E","R","T","M","?","E","?","T","R","B",null,"M","?","AVR","M","?","R","?"],"character_chosen":"THE_SILENT","items_purchased":["Footwork","Toxic Egg 2","Bandage Up+1","Well Laid Plans"],"campfire_rested":0,"item_purchase_floors":[5,27,27,27],"current_hp_per_floor":[63,60,43,43,43,43,25,25,25,18,18,9,9,2,2,10,55,55,55,55,55,55,55,54,37,37,37,32,33,33,33,33,56,67,70,70,70,56,56,56,62,62,62,62,62,68,64,64,64,58,67,70,70,70,65,65,65,65,65],"gold":0,"neow_bonus":"RANDOM_COMMON_RELIC","is_daily":false,"chose_seed":false,"campfire_upgraded":9,"win_rate":0.0,"timestamp":1613783177,"path_taken":["M","M","?","?","$","R","E","?","T","E","?","?","R","M","R","BOSS","M","?","?","?","M","R","NM","M","T","?","M","E","?","E","R","BOSS","M","M","AVR","M","?","R","E","R","T","M","?","E","?","?","R","BOSS","M","?","AVR","M","?","R","?"],"items_purchased_type":["Card","Relic","Card","Card"],"build_version":"2020-12-22","purchased_purges":0,"victory":false,"max_hp_per_floor":[70,70,70,70,70,70,70,70,70,70,70,70,70,70,70,70,70,70,70,70,70,70,70,70,70,70,70,70,70,70,70,70,70,70,70,70,70,70,70,70,70,70,70,70,70,70,70,70,70,70,70,70,70,70,70,70,70,70,70],"relic_stats":{"counters":[26,139],"Golden Idol":197,"CeramicFish":0,"Pen Nib":[19],"Juzu Bracelet":2,"Dream Catcher":0,"Pantograph":56,"Gambling Chip":[23],"Tiny Chest":3,"Ectoplasm":1034,"Kunai":[65],"obtain_stats":[{"Ice Cream":46,"infinitespire:BottledMercury":24,"CeramicFish":48,"Hammer of Thor":0,"infinitespire:Cubic Diamond":58,"Juzu Bracelet":41,"Dream Catcher":29,"Ninja Scroll":30,"Pantograph":9,"Gambling Chip":37,"Tiny Chest":7,"WingedGreaves":47,"Kunai":10,"Toxic Egg 2":27,"InkBottle":19,"Ring of the Snake":0,"Potion Belt":54,"Golden Idol":3,"infinitespire:Beetle Shell":11,"infinitespire:FocusingShard":21,"Pen Nib":26,"Seething Fire":0,"infinitespire:Lucky Rock":0,"infinitespire:CheckeredPen":43,"Odd Mushroom":12,"Runic Dome":34,"Anchor":31,"Anvil of the Gods":0,"Ectoplasm":17,"Coffee Dripper":51,"PureWater":58},{"Ice Cream":22,"infinitespire:BottledMercury":11,"CeramicFish":23,"Hammer of Thor":0,"infinitespire:Cubic Diamond":26,"Juzu Bracelet":20,"Dream Catcher":14,"Ninja Scroll":14,"Pantograph":4,"Gambling Chip":18,"Tiny Chest":3,"WingedGreaves":23,"Kunai":5,"Toxic Egg 2":12,"InkBottle":9,"Ring of the Snake":0,"Potion Belt":25,"Golden Idol":2,"infinitespire:Beetle Shell":5,"infinitespire:FocusingShard":9,"Pen Nib":12,"Seething Fire":0,"infinitespire:Lucky Rock":0,"infinitespire:CheckeredPen":20,"Odd Mushroom":6,"Runic Dome":16,"Anchor":15,"Anvil of the Gods":0,"Ectoplasm":8,"Coffee Dripper":24,"PureWater":26},{"Ice Cream":130,"infinitespire:BottledMercury":80,"CeramicFish":133,"Hammer of Thor":0,"infinitespire:Cubic Diamond":139,"Juzu Bracelet":124,"Dream Catcher":98,"Ninja Scroll":98,"Pantograph":17,"Gambling Chip":117,"Tiny Chest":15,"WingedGreaves":133,"Kunai":27,"Toxic Egg 2":86,"InkBottle":62,"Ring of the Snake":0,"Potion Belt":138,"Golden Idol":8,"infinitespire:Beetle Shell":27,"infinitespire:FocusingShard":62,"Pen Nib":86,"Seething Fire":0,"infinitespire:Lucky Rock":0,"infinitespire:CheckeredPen":124,"Odd Mushroom":31,"Runic Dome":110,"Anchor":101,"Anvil of the Gods":0,"Ectoplasm":54,"Coffee Dripper":137,"PureWater":139}],"InkBottle":[46]},"card_choices":[{"not_picked":["Concentrate","Deflect"],"picked":"Dagger Throw","floor":1},{"not_picked":["Dagger Throw","Acrobatics"],"picked":"Venomology","floor":2},{"not_picked":["Bane","Blade Dance"],"picked":"Die Die Die","floor":7},{"not_picked":["Concentrate","Eviscerate","Blade Dance"],"picked":"SKIP","floor":8},{"not_picked":["Concentrate","Eviscerate","Blade Dance"],"picked":"SKIP","floor":8},{"not_picked":["Concentrate","Eviscerate","Blade Dance"],"picked":"SKIP","floor":8},{"not_picked":["Finisher","Slice"],"picked":"PiercingWail","floor":10},{"not_picked":["Slice","Quick Slash"],"picked":"Cloak And Dagger","floor":12},{"not_picked":["Quick Slash","Catalyst"],"picked":"Dash","floor":14},{"not_picked":["Unload","Grand Finale"],"picked":"Glass Knife","floor":16},{"not_picked":["Eviscerate","Blade Dance"],"picked":"Accuracy","floor":18},{"not_picked":["Riddle With Holes","Masterful Stab"],"picked":"Backflip","floor":22},{"not_picked":["Riddle With Holes","Catalyst","Calculated Gamble"],"picked":"SKIP","floor":24},{"not_picked":["Skewer","Well Laid Plans","Underhanded Strike"],"picked":"SKIP","floor":25},{"not_picked":["Heel Hook+1","Poisoned Stab"],"picked":"Deflect+1","floor":28},{"not_picked":["Leg Sweep+1","Finisher+1"],"picked":"Predator+1","floor":29},{"not_picked":["Deflect+1","Eviscerate"],"picked":"Prepared+1","floor":31},{"not_picked":["Phantasmal Killer+1","Doppelganger+1"],"picked":"Adrenaline+1","floor":33},{"not_picked":["Underhanded Strike+1","Sucker Punch"],"picked":"Blade Dance+1","floor":35},{"not_picked":["Bane","Predator"],"picked":"Backflip+1","floor":36},{"not_picked":["Skewer+1","Dodge and Roll+1","Crippling Poison+1"],"picked":"SKIP","floor":38},{"not_picked":["Violence+1","Mind Blast"],"picked":"Madness+1","floor":39},{"not_picked":["A Thousand Cuts","Poisoned Stab"],"picked":"Accuracy+1","floor":41},{"not_picked":["Poisoned Stab","Setup+1"],"picked":"Blur+1","floor":44},{"not_picked":["Slice","Backstab"],"picked":"Blade Dance+1","floor":46},{"not_picked":["Eviscerate","Acrobatics+1"],"picked":"Escape Plan+1","floor":47},{"not_picked":["Unload","Doppelganger+1"],"picked":"Night Terror+1","floor":50},{"not_picked":["Deadly Poison+1","Escape Plan+1"],"picked":"Cloak And Dagger+1","floor":52},{"not_picked":["Dodge and Roll+1","Dagger Throw"],"picked":"Underhanded Strike","floor":55}],"player_experience":247849,"relics_obtained":[{"floor":7,"key":"Tiny Chest"},{"floor":9,"key":"Pantograph"},{"floor":10,"key":"Kunai"},{"floor":11,"key":"infinitespire:Beetle Shell"},{"floor":12,"key":"Odd Mushroom"},{"floor":19,"key":"InkBottle"},{"floor":21,"key":"infinitespire:FocusingShard"},{"floor":24,"key":"infinitespire:BottledMercury"},{"floor":26,"key":"Pen Nib"},{"floor":29,"key":"Dream Catcher"},{"floor":30,"key":"Ninja Scroll"},{"floor":31,"key":"Anchor"},{"floor":41,"key":"Juzu Bracelet"},{"floor":43,"key":"infinitespire:CheckeredPen"},{"floor":46,"key":"Ice Cream"},{"floor":47,"key":"WingedGreaves"},{"floor":48,"key":"CeramicFish"}],"event_choices":[{"damage_healed":0,"gold_gain":0,"player_choice":"Take Damage","damage_taken":17,"relics_obtained":["Golden Idol"],"max_hp_gain":0,"max_hp_loss":0,"event_name":"Golden Idol","floor":3,"gold_loss":0},{"damage_healed":0,"gold_gain":0,"cards_transformed":["Strike_G"],"player_choice":"Transformed","damage_taken":0,"max_hp_gain":0,"max_hp_loss":0,"event_name":"Transmorgrifier","floor":4,"gold_loss":0,"cards_obtained":["Catalyst"]},{"damage_healed":0,"gold_gain":0,"player_choice":"Fought Mushrooms","damage_taken":0,"max_hp_gain":0,"max_hp_loss":0,"event_name":"Mushrooms","floor":12,"gold_loss":0},{"damage_healed":0,"gold_gain":0,"player_choice":"Ignored","damage_taken":0,"max_hp_gain":0,"max_hp_loss":0,"event_name":"Ghosts","floor":20,"gold_loss":0},{"damage_healed":0,"gold_gain":0,"player_choice":"Memory 1","damage_taken":0,"max_hp_gain":0,"max_hp_loss":0,"event_name":"SensoryStone","floor":39,"gold_loss":0},{"damage_healed":0,"gold_gain":0,"player_choice":"1 cards matched","damage_taken":0,"max_hp_gain":0,"max_hp_loss":0,"event_name":"Match and Keep!","floor":45,"gold_loss":0,"cards_obtained":["Neutralize"]},{"damage_healed":0,"gold_gain":0,"player_choice":"Fight","damage_taken":0,"max_hp_gain":0,"max_hp_loss":0,"event_name":"Mysterious Sphere","floor":47,"gold_loss":0},{"damage_healed":0,"gold_gain":0,"player_choice":"Left Gold","damage_taken":0,"max_hp_gain":0,"max_hp_loss":0,"event_name":"World of Goop","floor":53,"gold_loss":0},{"damage_healed":0,"gold_gain":76,"player_choice":"Gained Gold","damage_taken":0,"max_hp_gain":0,"max_hp_loss":0,"event_name":"Golden Wing","floor":56,"gold_loss":0}],"is_beta":false,"boss_relics":[{"not_picked":["Sozu","Tiny House"],"picked":"Ectoplasm"},{"not_picked":["Empty Cage","Cursed Key"],"picked":"Runic Dome"},{"not_picked":["HoveringKite","Fusion Hammer"],"picked":"Coffee Dripper"}],"items_purged_floors":[],"is_endless":true,"potions_floor_spawned":[1,7,12,14,16,22,25,28,29,35,36,46,47,52,55],"ascension_level":6}}