{"host":"y13mj1mxwnd5xx1x","time":1613804389,"event":{"mods":["AchievementEnabler","BaseMod","Minty Spire (QoL Compilation)"],"gold_per_floor":[112,112,129,143,108,137,147,182,232,232,244,40,59,59,59,189,189,210,210,110,129,229,263,263,263,263],"floor_reached":25,"language":"ENG","playtime":1338,"items_purged":["Strike_P","Strike_P"],"score":254,"play_id":"25e00971-2bfb-4158-9b1a-5a894dee6a7f","local_time":"20210220005949","is_ascension_mode":true,"campfire_choices":[{"floor":10.0,"key":"REST"},{"floor":15.0,"key":"REST"},{"data":"Vault","floor":24.0,"key":"SMITH"}],"circlet_count":0,"master_deck":["Strike_P+1","Strike_P","Defend_P","Defend_P","Defend_P+1","Defend_P","Eruption+1","Vigilance+1","FollowUp","SashWhip","FlurryOfBlows","Indignation","EmptyFist","CrushJoints","WindmillStrike","TalkToTheHand","Vault+1","EmptyMind","Consecrate"],"relics":["PureWater","WingedGreaves","Pantograph","Whetstone","Golden Idol","Busted Crown","Ancient Tea Set"],"acts_visited":["Exordium","TheCity"],"potions_floor_usage":[],"damage_taken":[{"damage":0.0,"enemies":"Small Slimes","floor":1.0,"turns":3.0},{"damage":7.0,"enemies":"Jaw Worm","floor":3.0,"turns":3.0},{"damage":5.0,"enemies":"2 Louse","floor":4.0,"turns":2.0},{"damage":27.0,"enemies":"3 Sentries","floor":6.0,"turns":10.0},{"damage":13.0,"enemies":"Blue Slaver","floor":7.0,"turns":3.0},{"damage":24.0,"enemies":"Lagavulin","floor":8.0,"turns":6.0},{"damage":11.0,"enemies":"Exordium Thugs","floor":11.0,"turns":5.0},{"damage":0.0,"enemies":"Looter","floor":13.0,"turns":2.0},{"damage":30.0,"enemies":"The Guardian","floor":16.0,"turns":15.0},{"damage":0.0,"enemies":"Chosen","floor":18.0,"turns":3.0},{"damage":0.0,"enemies":"Shell Parasite","floor":21.0,"turns":2.0},{"damage":50.0,"enemies":"Book of Stabbing","floor":23.0,"turns":7.0},{"damage":26,"enemies":"Gremlin Leader","floor":25,"turns":4}],"seed_played":"7135618796209247889","potions_obtained":[{"floor":3.0,"key":"ColorlessPotion"},{"floor":7.0,"key":"BlessingOfTheForge"},{"floor":8.0,"key":"SpeedPotion"},{"floor":11.0,"key":"EssenceOfSteel"},{"floor":18.0,"key":"Ancient Potion"}],"is_trial":false,"path_per_floor":["M","?","M","M","?","E","M","E","T","R","M","$","M","?","R","B",null,"M","?","$","M","?","E","R","E"],"character_chosen":"WATCHER","items_purchased":["TalkToTheHand","Explosive Potion"],"campfire_rested":2,"item_purchase_floors":[12,12],"current_hp_per_floor":[79,63,56,51,70,43,30,6,6,29,18,18,18,18,39,34,73,73,73,73,73,73,23,23,0,0],"gold":263,"neow_bonus":"TEN_PERCENT_HP_BONUS","is_daily":false,"chose_seed":false,"campfire_upgraded":1,"win_rate":0.0,"timestamp":1613804389,"path_taken":["M","?","M","M","?","E","M","E","T","R","M","$","M","?","R","BOSS","M","?","?","M","?","E","R","E"],"items_purchased_type":["Card","Potion"],"build_version":"2020-12-22","purchased_purges":2,"victory":false,"max_hp_per_floor":[79,79,79,79,79,79,79,79,79,79,79,79,79,73,73,73,73,73,73,73,73,73,73,73,73,73],"card_choices":[{"not_picked":["Crescendo","DeceiveReality"],"picked":"FollowUp","floor":1.0},{"not_picked":["Meditate","FollowUp"],"picked":"SashWhip","floor":3.0},{"not_picked":["Wireheading","LikeWater"],"picked":"FlurryOfBlows","floor":4.0},{"not_picked":["FlyingSleeves","SpiritShield"],"picked":"Indignation","floor":6.0},{"not_picked":["SandsOfTime","BowlingBash"],"picked":"EmptyFist","floor":7.0},{"not_picked":["EmptyFist","Worship"],"picked":"CrushJoints","floor":8.0},{"not_picked":["SandsOfTime","Collect"],"picked":"WindmillStrike","floor":11.0},{"not_picked":["WreathOfFlame","BattleHymn","JustLucky"],"picked":"SKIP","floor":13.0},{"not_picked":["ConjureBlade","DevaForm"],"picked":"Vault","floor":16.0},{"not_picked":[],"picked":"EmptyMind","floor":18.0},{"not_picked":["Prostrate"],"picked":"SKIP","floor":21.0},{"not_picked":["Wireheading"],"picked":"SKIP","floor":23.0}],"player_experience":181857,"relics_obtained":[{"floor":6.0,"key":"WingedGreaves"},{"floor":8.0,"key":"Pantograph"},{"floor":9.0,"key":"Whetstone"},{"floor":23.0,"key":"Ancient Tea Set"}],"event_choices":[{"damage_healed":0.0,"max_hp_gain":0.0,"max_hp_loss":0.0,"gold_gain":0.0,"event_name":"Shining Light","player_choice":"Entered Light","floor":2.0,"gold_loss":0.0,"damage_taken":16.0,"cards_upgraded":["Vigilance","Defend_P"]},{"damage_healed":19.0,"max_hp_gain":0.0,"max_hp_loss":0.0,"gold_gain":0.0,"event_name":"The Cleric","player_choice":"Healed","floor":5.0,"gold_loss":35.0,"damage_taken":0.0},{"damage_healed":0.0,"max_hp_gain":0.0,"max_hp_loss":6.0,"gold_gain":0.0,"event_name":"Golden Idol","player_choice":"Lose Max HP","floor":14.0,"gold_loss":0.0,"damage_taken":0.0,"relics_obtained":["Golden Idol"]},{"damage_healed":0.0,"max_hp_gain":0.0,"max_hp_loss":0.0,"gold_gain":0.0,"event_name":"Match and Keep!","player_choice":"1 cards matched","floor":19.0,"gold_loss":0.0,"damage_taken":0.0,"cards_obtained":["Consecrate"]},{"damage_healed":0.0,"max_hp_gain":0.0,"max_hp_loss":0.0,"gold_gain":100.0,"event_name":"Golden Shrine","player_choice":"Pray","floor":22.0,"gold_loss":0.0,"damage_taken":0.0}],"is_beta":false,"boss_relics":[{"not_picked":["Empty Cage","Fusion Hammer"],"picked":"Busted Crown"}],"items_purged_floors":[12,20],"is_endless":false,"potions_floor_spawned":[3,7,8,11,18,21],"killed_by":"Gremlin Leader","ascension_level":2}}