{"host":"d2gh6suihlstufn7","time":1613811224,"event":{"mods":["AchievementEnabler","BaseMod","Colored Map","Colored Powertips","Minty Spire (QoL Compilation)","Permanent Neow","Quick Restart"],"gold_per_floor":[112,128,26,36,36,36,211,211,211,211,227,238,251,580,580,676,676,696,714,714,730,61,61,72,88,88,98,8,19,19,38,38,134,134,145,164,164,164,62,62,81,81,81,81,101,101,101],"floor_reached":46,"language":"KOR","playtime":1378,"items_purged":[],"score":476,"play_id":"a7587619-78ce-4136-8405-92ce8bcbc987","local_time":"20210220175344","is_ascension_mode":false,"campfire_choices":[{"data":"Bash","floor":6.0,"key":"SMITH"},{"floor":8.0,"key":"REST"},{"floor":10.0,"key":"RECALL"},{"data":"Evolve","floor":15.0,"key":"SMITH"},{"data":"Perfected Strike","floor":23.0,"key":"SMITH"},{"floor":30.0,"key":"REST"},{"data":"Whirlwind","floor":32.0,"key":"SMITH"},{"data":"Demon Form","floor":40.0,"key":"SMITH"},{"data":"Headbutt","floor":42.0,"key":"SMITH"},{"data":"Wild Strike","floor":44.0,"key":"SMITH"}],"circlet_count":0,"master_deck":["Strike_R","Strike_R","Strike_R","Strike_R","Strike_R","Defend_R","Defend_R+1","Defend_R","Bash+1","Wild Strike+1","Headbutt","Wild Strike","Immolate+1","Perfected Strike+1","Twin Strike","Second Wind","Evolve+1","Immolate+1","Whirlwind+1","Shockwave+1","Power Through+1","Dual Wield+1","Pommel Strike","Demon Form+1","Headbutt+1","Fire Breathing+1","Parasite"],"relics":["Mark of Pain","Old Coin","Sozu","Ginger","Lee\u0027s Waffle","Pantograph","Gremlin Horn","War Paint","Empty Cage","Magic Flower","Regal Pillow"],"acts_visited":["Exordium","TheCity","TheBeyond"],"potions_floor_usage":[],"damage_taken":[{"damage":5.0,"enemies":"Small Slimes","floor":1.0,"turns":3.0},{"damage":6.0,"enemies":"Jaw Worm","floor":2.0,"turns":2.0},{"damage":0.0,"enemies":"Cultist","floor":4.0,"turns":2.0},{"damage":2.0,"enemies":"3 Louse","floor":11.0,"turns":2.0},{"damage":0.0,"enemies":"Large Slime","floor":12.0,"turns":3.0},{"damage":0.0,"enemies":"Lots of Slimes","floor":13.0,"turns":2.0},{"damage":0.0,"enemies":"Gremlin Nob","floor":14.0,"turns":2.0},{"damage":51.0,"enemies":"Hexaghost","floor":16.0,"turns":7.0},{"damage":10.0,"enemies":"2 Thieves","floor":18.0,"turns":3.0},{"damage":5.0,"enemies":"Chosen","floor":19.0,"turns":3.0},{"damage":25.0,"enemies":"Sentry and Sphere","floor":21.0,"turns":4.0},{"damage":20.0,"enemies":"Snake Plant","floor":24.0,"turns":3.0},{"damage":6.0,"enemies":"Snecko","floor":25.0,"turns":4.0},{"damage":16.0,"enemies":"Centurion and Healer","floor":27.0,"turns":5.0},{"damage":6.0,"enemies":"Cultist and Chosen","floor":29.0,"turns":2.0},{"damage":2.0,"enemies":"Chosen and Byrds","floor":31.0,"turns":3.0},{"damage":31.0,"enemies":"Automaton","floor":33.0,"turns":6.0},{"damage":0.0,"enemies":"3 Shapes","floor":35.0,"turns":1.0},{"damage":10.0,"enemies":"Orb Walker","floor":36.0,"turns":2.0},{"damage":15.0,"enemies":"Maw","floor":41.0,"turns":5.0},{"damage":47.0,"enemies":"Spire Growth","floor":45.0,"turns":4.0},{"damage":12,"enemies":"Writhing Mass","floor":46,"turns":3}],"seed_played":"2229468173683989323","potions_obtained":[{"floor":2.0,"key":"Ancient Potion"},{"floor":12.0,"key":"Swift Potion"},{"floor":14.0,"key":"Fire Potion"},{"floor":16.0,"key":"EssenceOfSteel"}],"is_trial":false,"path_per_floor":["M","M","$","M","?","R","?","R","T","R","M","M","M","E","R","B",null,"M","M","?","M","$","R","M","M","T","M","?","M","R","M","R","B",null,"M","M","?","?","?","R","M","R","T","R","M","M"],"character_chosen":"IRONCLAD","items_purchased":["Wild Strike","Explosive Potion","Lee\u0027s Waffle","Pantograph","Gremlin Horn"],"campfire_rested":2,"item_purchase_floors":[3,3,22,22,22],"current_hp_per_floor":[75,69,69,69,69,69,69,80,80,80,78,78,78,78,78,27,80,70,65,65,40,87,87,67,61,61,45,45,39,65,63,63,56,87,87,77,77,77,77,77,62,62,62,62,15,3,3],"gold":101,"neow_bonus":"BOSS_RELIC","is_daily":false,"chose_seed":false,"campfire_upgraded":7,"win_rate":0.0,"timestamp":1613811224,"path_taken":["M","M","$","M","?","R","?","R","T","R","?","M","M","E","R","BOSS","M","M","?","M","$","R","M","M","T","M","?","?","R","M","R","BOSS","M","M","?","?","?","R","M","R","T","R","M","M"],"items_purchased_type":["Card","Potion","Relic","Relic","Relic"],"build_version":"2020-12-22","purchased_purges":0,"victory":false,"max_hp_per_floor":[80,80,80,80,80,80,80,80,80,80,80,80,80,80,80,80,80,80,80,80,80,87,87,87,87,87,87,87,87,87,87,87,87,87,87,87,87,87,87,87,87,87,87,87,87,87,87],"card_choices":[{"not_picked":["Twin Strike","Clothesline"],"picked":"Wild Strike","floor":1.0},{"not_picked":["Iron Wave","Cleave"],"picked":"Headbutt","floor":2.0},{"not_picked":["Pommel Strike","Headbutt"],"picked":"Immolate","floor":4.0},{"not_picked":["Heavy Blade","Shrug It Off"],"picked":"Perfected Strike","floor":11.0},{"not_picked":["Rupture","Sentinel"],"picked":"Twin Strike","floor":12.0},{"not_picked":["Whirlwind","Cleave"],"picked":"Second Wind","floor":13.0},{"not_picked":["Twin Strike","Headbutt"],"picked":"Evolve","floor":14.0},{"not_picked":["Barricade","Berserk"],"picked":"Immolate","floor":16.0},{"not_picked":["Shrug It Off+1","Clash"],"picked":"Whirlwind","floor":18.0},{"not_picked":["Heavy Blade","Carnage"],"picked":"Shockwave+1","floor":19.0},{"not_picked":["Cleave","Blood for Blood+1","Heavy Blade+1"],"picked":"SKIP","floor":21.0},{"not_picked":["Dropkick+1","Dark Embrace+1"],"picked":"Power Through","floor":24.0},{"not_picked":["Clash+1","Shrug It Off+1"],"picked":"Dual Wield+1","floor":25.0},{"not_picked":["Havoc","Armaments","Sever Soul"],"picked":"SKIP","floor":27.0},{"not_picked":["Clothesline","Clash"],"picked":"Pommel Strike","floor":29.0},{"not_picked":["True Grit+1","Body Slam+1","Bloodletting"],"picked":"SKIP","floor":31.0},{"not_picked":["Impervious","Corruption"],"picked":"Demon Form","floor":33.0},{"not_picked":["Heavy Blade+1","Cleave","Shockwave+1"],"picked":"SKIP","floor":35.0},{"not_picked":["Armaments","Anger+1","Combust+1"],"picked":"SKIP","floor":36.0},{"not_picked":["Cleave+1","Anger"],"picked":"Headbutt","floor":41.0},{"not_picked":["Warcry+1","Dual Wield"],"picked":"Fire Breathing+1","floor":45.0}],"player_experience":179284,"relics_obtained":[{"floor":14.0,"key":"Old Coin"},{"floor":26.0,"key":"War Paint"},{"floor":43.0,"key":"Regal Pillow"}],"event_choices":[{"damage_healed":0.0,"max_hp_gain":0.0,"max_hp_loss":0.0,"gold_gain":0.0,"event_name":"Living Wall","player_choice":"Grow","floor":5.0,"gold_loss":0.0,"damage_taken":0.0,"cards_upgraded":["Immolate"]},{"damage_healed":0.0,"max_hp_gain":0.0,"max_hp_loss":0.0,"gold_gain":175.0,"event_name":"Liars Game","player_choice":"AGREE","floor":7.0,"gold_loss":0.0,"damage_taken":0.0,"cards_obtained":["Doubt"]},{"damage_healed":0.0,"max_hp_gain":0.0,"max_hp_loss":0.0,"gold_gain":0.0,"event_name":"Addict","player_choice":"Stole Relic","floor":20.0,"gold_loss":0.0,"damage_taken":0.0,"relics_obtained":["Ginger"],"cards_obtained":["Shame"]},{"cards_removed":["Shame"],"damage_healed":0.0,"max_hp_gain":0.0,"max_hp_loss":0.0,"gold_gain":0.0,"event_name":"Designer","player_choice":"Upgrade and Remove","floor":28.0,"gold_loss":90.0,"damage_taken":0.0,"cards_upgraded":["Immolate"]},{"damage_healed":0.0,"max_hp_gain":0.0,"max_hp_loss":0.0,"gold_gain":0.0,"event_name":"Tomb of Lord Red Mask","player_choice":"Ignored","floor":37.0,"gold_loss":0.0,"damage_taken":0.0},{"damage_healed":0.0,"max_hp_gain":0.0,"max_hp_loss":0.0,"gold_gain":0.0,"event_name":"SensoryStone","player_choice":"Memory 1","floor":38.0,"gold_loss":0.0,"damage_taken":0.0},{"damage_healed":0.0,"max_hp_gain":0.0,"max_hp_loss":0.0,"gold_gain":0.0,"event_name":"WeMeetAgain","player_choice":"Paid Gold","floor":39.0,"gold_loss":102.0,"damage_taken":0.0,"relics_obtained":["Magic Flower"]}],"is_beta":false,"boss_relics":[{"not_picked":["Coffee Dripper","Tiny House"],"picked":"Sozu"},{"not_picked":["SacredBark","Runic Pyramid"],"picked":"Empty Cage"}],"items_purged_floors":[],"is_endless":false,"potions_floor_spawned":[2,12,14,16,18,25,31,33,35,36],"killed_by":"Writhing Mass","ascension_level":0}}