{"host":"t9vqxmgmtrdkt9v9","time":1613783145,"event":{"mods":["AchievementEnabler","BaseMod","Colored Map","Minty Spire (QoL Compilation)","Permanent Neow","Relic Stats","StSLib"],"gold_per_floor":[115,85,97,110,9,24,50,50,50,61,90,55,90,53,53,128,128,144,69,69,69,88,88,88,88],"floor_reached":24,"language":"ENG","playtime":1022,"items_purged":["Strike_R"],"score":428,"play_id":"2b08cc81-ae00-4633-bfad-786718d02cee","local_time":"20210220110545","is_ascension_mode":true,"campfire_choices":[{"data":"Fiend Fire","floor":8,"key":"SMITH"},{"data":"1","floor":15,"key":"LIFT"},{"data":"2","floor":23,"key":"LIFT"}],"circlet_count":0,"master_deck":["AscendersBane","Defend_R","Defend_R","Defend_R","Defend_R","Bash","Trip","Dropkick","Anger","Hemokinesis","Shrug It Off","Fiend Fire+1","Shrug It Off","Inflame","Corruption","Armaments+1","Twin Strike+1","Bloodletting+1","Shrug It Off"],"relics":["Burning Blood","Bag of Marbles","Matryoshka","White Beast Statue","Girya","Astrolabe"],"acts_visited":["Exordium","TheCity"],"potions_floor_usage":[6,16,16,24],"damage_taken":[{"damage":5.0,"enemies":"Small Slimes","floor":1.0,"turns":4.0},{"damage":1.0,"enemies":"Cultist","floor":3.0,"turns":3.0},{"damage":7.0,"enemies":"Jaw Worm","floor":4.0,"turns":3.0},{"damage":14,"enemies":"Large Slime","floor":6,"turns":4},{"damage":26,"enemies":"Lagavulin","floor":7,"turns":6},{"damage":2,"enemies":"Exordium Wildlife","floor":10,"turns":2},{"damage":8,"enemies":"Gremlin Nob","floor":11,"turns":3},{"damage":26,"enemies":"Lagavulin","floor":13,"turns":6},{"damage":45,"enemies":"The Guardian","floor":16,"turns":12},{"damage":24,"enemies":"Shell Parasite","floor":18,"turns":3},{"damage":5,"enemies":"2 Thieves","floor":22,"turns":3},{"damage":51,"enemies":"Gremlin Leader","floor":24,"turns":3}],"seed_played":"7848577836448809003","potions_obtained":[{"floor":1.0,"key":"PowerPotion"},{"floor":2.0,"key":"SteroidPotion"},{"floor":7,"key":"Swift Potion"},{"floor":13,"key":"Fruit Juice"},{"floor":16,"key":"PowerPotion"},{"floor":18,"key":"SpeedPotion"}],"is_trial":false,"path_per_floor":["M","?","M","M","$","M","E","R","T","M","E","?","E","$","R","B",null,"M","?","?","?","M","R","E"],"character_chosen":"IRONCLAD","items_purchased":["Shrug It Off","Inflame"],"campfire_rested":0,"item_purchase_floors":[5,14],"current_hp_per_floor":[69,69,74,73,73,65,45,45,45,49,47,65,45,45,45,11,63,45,45,45,50,51,51,0,0],"gold":88,"neow_bonus":"RANDOM_COLORLESS","is_daily":false,"chose_seed":false,"campfire_upgraded":1,"win_rate":0.0,"timestamp":1613783145,"path_taken":["M","?","M","M","$","?","E","R","T","M","E","?","E","$","R","BOSS","M","?","?","?","M","R","E"],"items_purchased_type":["Card","Card"],"build_version":"2020-12-22","purchased_purges":1,"victory":false,"max_hp_per_floor":[75,75,75,75,75,75,75,75,75,75,75,75,75,75,75,80,80,80,80,80,80,80,80,80,80],"relic_stats":{"counters":[12,52],"Astrolabe":["Armaments","Twin Strike","Bloodletting"],"obtain_stats":[{"Girya":13,"Matryoshka":9,"Astrolabe":17,"Bag of Marbles":7,"Burning Blood":0,"White Beast Statue":11},{"Girya":8,"Matryoshka":5,"Astrolabe":9,"Bag of Marbles":5,"Burning Blood":0,"White Beast Statue":7},{"Girya":31,"Matryoshka":20,"Astrolabe":43,"Bag of Marbles":20,"Burning Blood":0,"White Beast Statue":25}],"Burning Blood":66},"card_choices":[{"not_picked":["Blind","Deep Breath"],"picked":"Trip","floor":0.0},{"not_picked":["Rupture","Headbutt"],"picked":"Dropkick","floor":1.0},{"not_picked":["Warcry","Armaments"],"picked":"Anger","floor":3.0},{"not_picked":["Warcry","Headbutt"],"picked":"Hemokinesis","floor":4.0},{"not_picked":["Power Through","Exhume"],"picked":"Wild Strike","floor":6},{"not_picked":["Headbutt","Twin Strike"],"picked":"Fiend Fire","floor":7},{"not_picked":["Infernal Blade","Iron Wave"],"picked":"Shrug It Off","floor":10},{"not_picked":["Clothesline","Body Slam","Iron Wave"],"picked":"SKIP","floor":11},{"not_picked":["Twin Strike","Headbutt","Clash"],"picked":"SKIP","floor":13},{"not_picked":["Offering","Barricade"],"picked":"Corruption","floor":16},{"not_picked":["Heavy Blade","Warcry","Anger"],"picked":"SKIP","floor":18},{"not_picked":["Sword Boomerang","Carnage"],"picked":"Shrug It Off","floor":22}],"player_experience":454619,"relics_obtained":[{"floor":7,"key":"Bag of Marbles"},{"floor":9,"key":"Matryoshka"},{"floor":11,"key":"White Beast Statue"},{"floor":13,"key":"Girya"}],"event_choices":[{"damage_healed":0.0,"max_hp_gain":0.0,"max_hp_loss":0.0,"gold_gain":0.0,"event_name":"The Woman in Blue","player_choice":"Bought 2 Potions","floor":2.0,"gold_loss":0.0,"damage_taken":0.0},{"damage_healed":18,"gold_gain":0,"player_choice":"Healed","damage_taken":0,"max_hp_gain":0,"max_hp_loss":0,"event_name":"The Cleric","floor":12,"gold_loss":35},{"cards_removed":["Strike_R"],"damage_healed":0,"gold_gain":0,"player_choice":"Gave Gold","damage_taken":0,"max_hp_gain":0,"max_hp_loss":0,"event_name":"Beggar","floor":19,"gold_loss":75},{"cards_removed":["Wild Strike"],"damage_healed":5,"gold_gain":0,"player_choice":"Offered Common","damage_taken":0,"max_hp_gain":0,"max_hp_loss":0,"event_name":"Bonfire Elementals","floor":21,"gold_loss":0},{"cards_removed":["Wild Strike"],"damage_healed":5,"gold_gain":0,"player_choice":"Offered Special","damage_taken":0,"max_hp_gain":0,"max_hp_loss":0,"event_name":"Bonfire Elementals","floor":21,"gold_loss":0}],"is_beta":false,"boss_relics":[{"not_picked":["Busted Crown","SlaversCollar"],"picked":"Astrolabe"}],"items_purged_floors":[5],"is_endless":false,"potions_floor_spawned":[1,3,7,11,13,16,18,22],"killed_by":"Gremlin Leader","ascension_level":20}}