{"host":"ul3z8ex5o8l5j7mh","time":1613839290,"event":{"mods":["AchievementEnabler","BaseMod","Bestiary","Colored Map","Colored Powertips","DeckTracker","Keyboard Shortcuts","Minty Spire (QoL Compilation)","Relic Sorter","Relic Stats","SuperFastMode"],"gold_per_floor":[113,63,74,127,127,127,13,13,13,47,65,99,99,139,139,260,260,279,299,29,29,29,29,44,44,44,85,98,117,158,158,158,262,262,274,226,276,294,100,100,110,125,206,220,220,239,239,256,256,256,256,256,24,54,54],"floor_reached":56,"language":"ENG","playtime":4922,"items_purged":["Strike_R"],"score":1305,"play_id":"835f9f33-7181-4cee-9160-ad6d08614acf","local_time":"20210220174130","is_ascension_mode":false,"campfire_choices":[{"data":"Carnage","floor":6.0,"key":"SMITH"},{"floor":8.0,"key":"REST"},{"data":"Feel No Pain","floor":13.0,"key":"SMITH"},{"floor":15.0,"key":"REST"},{"floor":23.0,"key":"RECALL"},{"data":"Feed","floor":25.0,"key":"SMITH"},{"floor":32.0,"key":"REST"},{"data":"Panache","floor":40.0,"key":"SMITH"},{"floor":47,"key":"REST"},{"floor":49,"key":"REST"},{"data":"Feel No Pain","floor":52,"key":"SMITH"}],"circlet_count":0,"master_deck":["Defend_R+1","Defend_R+1","Bash","Burning Pact+1","Blood for Blood+1","Blood for Blood","Carnage+1","Dark Embrace","Sever Soul","Sentinel+1","Feel No Pain+1","Blood for Blood","Anger","Feed+1","CurseOfTheBell","Havoc+1","Feel No Pain+1","Burning Pact+1","Iron Wave","Iron Wave","Rampage","Warcry+1","Warcry+1","Barricade","Anger+1","Juggernaut","True Grit+1","Warcry+1","Metallicize+1","Panache+1","Warcry+1","Shrug It Off+1","Fire Breathing","Bash","Intimidate+1","Warcry+1","True Grit+1","Carnage","Feel No Pain+1","Warcry+1","Havoc+1"],"relics":["Astrolabe","Vajra","Bloody Idol","Toxic Egg 2","HornCleat","Bottled Tornado","Calling Bell","Happy Flower","Pear","Dead Branch","Ornamental Fan","Dream Catcher","Du-Vu Doll","Busted Crown","Champion Belt","Bottled Flame","DollysMirror","Mummified Hand"],"acts_visited":["Exordium","TheCity","TheBeyond","TheEnding"],"potions_floor_usage":[55,55],"damage_taken":[{"damage":6.0,"enemies":"Cultist","floor":1.0,"turns":3.0},{"damage":1.0,"enemies":"Jaw Worm","floor":3.0,"turns":3.0},{"damage":26.0,"enemies":"3 Sentries","floor":10.0,"turns":5.0},{"damage":0.0,"enemies":"Small Slimes","floor":11.0,"turns":2.0},{"damage":23.0,"enemies":"Lagavulin","floor":12.0,"turns":5.0},{"damage":12.0,"enemies":"3 Sentries","floor":14.0,"turns":6.0},{"damage":46.0,"enemies":"Slime Boss","floor":16.0,"turns":9.0},{"damage":0.0,"enemies":"Spheric Guardian","floor":18.0,"turns":3.0},{"damage":2.0,"enemies":"2 Thieves","floor":19.0,"turns":3.0},{"damage":17.0,"enemies":"Sentry and Sphere","floor":24.0,"turns":7.0},{"damage":7.0,"enemies":"Book of Stabbing","floor":27.0,"turns":5.0},{"damage":17.0,"enemies":"Shelled Parasite and Fungi","floor":28.0,"turns":4.0},{"damage":12.0,"enemies":"Centurion and Healer","floor":29.0,"turns":5.0},{"damage":49.0,"enemies":"Gremlin Leader","floor":30.0,"turns":9.0},{"damage":0.0,"enemies":"Collector","floor":33.0,"turns":11.0},{"damage":3.0,"enemies":"3 Darklings","floor":35.0,"turns":4.0},{"damage":43.0,"enemies":"Mind Bloom Boss Battle","floor":37.0,"turns":6.0},{"damage":0.0,"enemies":"3 Shapes","floor":38.0,"turns":4.0},{"damage":7.0,"enemies":"Writhing Mass","floor":41.0,"turns":5.0},{"damage":17.0,"enemies":"Spire Growth","floor":42.0,"turns":4.0},{"damage":6.0,"enemies":"4 Shapes","floor":44.0,"turns":3.0},{"damage":30,"enemies":"Jaw Worm Horde","floor":46,"turns":5},{"damage":6,"enemies":"Writhing Mass","floor":48,"turns":3},{"damage":68,"enemies":"Awakened One","floor":50,"turns":12},{"damage":11,"enemies":"Shield and Spear","floor":54,"turns":8},{"damage":24,"enemies":"The Heart","floor":55,"turns":7}],"seed_played":"-1221339297983125582","potions_obtained":[{"floor":1.0,"key":"Regen Potion"},{"floor":11.0,"key":"SteroidPotion"},{"floor":14.0,"key":"Fire Potion"},{"floor":16.0,"key":"Explosive Potion"},{"floor":19.0,"key":"LiquidBronze"},{"floor":29.0,"key":"Block Potion"},{"floor":30.0,"key":"Regen Potion"},{"floor":38.0,"key":"Weak Potion"},{"floor":42.0,"key":"PowerPotion"},{"floor":46,"key":"PowerPotion"}],"is_trial":false,"path_per_floor":["M","?","M","T","?","R","$","R","T","E","M","E","R","E","R","B",null,"M","M","$","?","?","R","M","R","T","E","M","M","E","?","R","B",null,"M","$","?","M","$","R","M","M","T","M","?","M","R","M","R","B",null,"R","$","E","B",null],"character_chosen":"IRONCLAD","items_purchased":["Dark Embrace","Sever Soul","Feel No Pain","Burning Pact+1","Iron Wave","True Grit+1","Panache","DollysMirror","Warcry+1","Havoc+1"],"campfire_rested":5,"item_purchase_floors":[7,7,20,20,20,36,39,53,53,53],"current_hp_per_floor":[74,74,73,73,53,53,53,77,77,63,63,40,40,28,52,6,90,90,91,91,91,91,91,74,74,74,71,58,50,1,1,32,52,105,105,105,67,76,76,76,74,66,71,70,70,45,78,81,116,48,117,117,117,111,87],"gold":54,"neow_bonus":"BOSS_RELIC","is_daily":false,"chose_seed":false,"campfire_upgraded":5,"win_rate":0.0,"timestamp":1613839290,"path_taken":["M","?","M","?","?","R","$","R","T","E","?","E","R","E","R","BOSS","M","M","$","?","?","R","M","R","T","E","M","M","E","?","R","BOSS","M","$","?","M","$","R","M","M","T","M","?","M","R","M","R","BOSS","R","$","E","BOSS"],"items_purchased_type":["Card","Card","Card","Card","Card","Card","Card","Relic","Card","Card"],"build_version":"2020-12-22","purchased_purges":1,"victory":true,"max_hp_per_floor":[80,80,80,80,80,80,80,80,80,80,80,80,80,80,80,80,90,90,93,93,93,93,93,93,93,93,97,101,105,105,105,105,105,105,105,105,105,109,109,109,109,113,113,113,113,113,113,117,117,117,117,117,117,117,117],"relic_stats":{"Dream Catcher":3,"Busted Crown":22,"Happy Flower":[36],"counters":[26,141],"Ornamental Fan":[180],"Mummified Hand":[19],"Astrolabe":["Burning Pact","Spot Weakness","Blood for Blood"],"Bloody Idol":53,"Dead Branch":[231],"Champion Belt":[6],"obtain_stats":[{"Pear":17,"Happy Flower":17,"Golden Idol":5,"Astrolabe":0,"Dead Branch":17,"Vajra":4,"Bottled Tornado":14,"Burning Blood":0,"Calling Bell":17,"Du-Vu Doll":30,"Dream Catcher":27,"Bottled Flame":43,"HornCleat":12,"Busted Crown":34,"Ornamental Fan":26,"DollysMirror":53,"Mummified Hand":54,"Bloody Idol":31,"Champion Belt":37,"Toxic Egg 2":10},{"Pear":7,"Happy Flower":7,"Golden Idol":2,"Astrolabe":0,"Dead Branch":7,"Vajra":2,"Bottled Tornado":6,"Burning Blood":0,"Calling Bell":7,"Du-Vu Doll":14,"Dream Catcher":11,"Bottled Flame":20,"HornCleat":5,"Busted Crown":15,"Ornamental Fan":10,"DollysMirror":24,"Mummified Hand":25,"Bloody Idol":14,"Champion Belt":17,"Toxic Egg 2":3},{"Pear":33,"Happy Flower":33,"Golden Idol":6,"Astrolabe":0,"Dead Branch":33,"Vajra":6,"Bottled Tornado":24,"Burning Blood":0,"Calling Bell":33,"Du-Vu Doll":69,"Dream Catcher":51,"Bottled Flame":103,"HornCleat":18,"Busted Crown":80,"Ornamental Fan":46,"DollysMirror":126,"Mummified Hand":134,"Bloody Idol":69,"Champion Belt":90,"Toxic Egg 2":11}]},"card_choices":[{"not_picked":["Headbutt","Havoc"],"picked":"Blood for Blood","floor":1.0},{"not_picked":["Wild Strike","Warcry"],"picked":"Carnage","floor":3.0},{"not_picked":["Power Through+1","Fire Breathing"],"picked":"Sentinel+1","floor":10.0},{"not_picked":["Disarm+1","Headbutt"],"picked":"Feel No Pain","floor":11.0},{"not_picked":["Heavy Blade","Thunderclap"],"picked":"Blood for Blood","floor":12.0},{"not_picked":["Entrench+1","Wild Strike"],"picked":"Anger","floor":14.0},{"not_picked":["Demon Form","Immolate"],"picked":"Feed","floor":16.0},{"not_picked":["Ghostly Armor+1","Clothesline+1","Thunderclap"],"picked":"SKIP","floor":18.0},{"not_picked":["Intimidate+1","Warcry+1"],"picked":"Havoc+1","floor":19.0},{"not_picked":["Flex+1","Thunderclap"],"picked":"Warcry+1","floor":24.0},{"not_picked":["Ghostly Armor+1","Headbutt","Entrench+1"],"picked":"SKIP","floor":27.0},{"not_picked":["Feed","Evolve","Heavy Blade+1"],"picked":"SKIP","floor":28.0},{"not_picked":["Sword Boomerang","Heavy Blade"],"picked":"Warcry+1","floor":29.0},{"not_picked":["Clash+1","Headbutt"],"picked":"Barricade","floor":30.0},{"not_picked":["Body Slam+1","Clothesline"],"picked":"Anger+1","floor":32.0},{"not_picked":["Impervious+1","Bludgeon"],"picked":"Juggernaut","floor":33.0},{"not_picked":["Rupture+1"],"picked":"SKIP","floor":35.0},{"not_picked":[],"picked":"Warcry+1","floor":37.0},{"not_picked":[],"picked":"Metallicize+1","floor":38.0},{"not_picked":[],"picked":"Warcry+1","floor":41.0},{"not_picked":[],"picked":"Shrug It Off+1","floor":42.0},{"not_picked":[],"picked":"Fire Breathing","floor":44.0},{"not_picked":[],"picked":"Intimidate+1","floor":46},{"not_picked":[],"picked":"Warcry+1","floor":47},{"not_picked":[],"picked":"True Grit+1","floor":48},{"not_picked":[],"picked":"Carnage","floor":49},{"not_picked":["Twin Strike+1"],"picked":"SKIP","floor":54}],"player_experience":404461,"relics_obtained":[{"floor":4.0,"key":"Vajra"},{"floor":10.0,"key":"Toxic Egg 2"},{"floor":12.0,"key":"HornCleat"},{"floor":14.0,"key":"Bottled Tornado"},{"floor":17.0,"key":"Happy Flower"},{"floor":17.0,"key":"Pear"},{"floor":17.0,"key":"Dead Branch"},{"floor":26.0,"key":"Ornamental Fan"},{"floor":27.0,"key":"Dream Catcher"},{"floor":30.0,"key":"Du-Vu Doll"},{"floor":37.0,"key":"Champion Belt"},{"floor":43.0,"key":"Bottled Flame"},{"floor":54,"key":"Mummified Hand"}],"event_choices":[{"cards_removed":["Strike_R"],"damage_healed":0.0,"max_hp_gain":0.0,"max_hp_loss":0.0,"gold_gain":0.0,"event_name":"The Cleric","player_choice":"Card Removal","floor":2.0,"gold_loss":50.0,"damage_taken":0.0},{"damage_healed":0.0,"max_hp_gain":0.0,"max_hp_loss":0.0,"gold_gain":0.0,"event_name":"Golden Idol","player_choice":"Take Damage","floor":5.0,"gold_loss":0.0,"damage_taken":20.0,"relics_obtained":["Golden Idol"]},{"damage_healed":0.0,"max_hp_gain":0.0,"max_hp_loss":0.0,"gold_gain":0.0,"cards_transformed":["Strike_R","Strike_R"],"event_name":"Drug Dealer","player_choice":"Became Test Subject","floor":21.0,"gold_loss":0.0,"damage_taken":0.0,"cards_obtained":["Iron Wave","Rampage"]},{"damage_healed":0.0,"max_hp_gain":0.0,"max_hp_loss":0.0,"gold_gain":0.0,"event_name":"Back to Basics","player_choice":"Simplicity","floor":22.0,"gold_loss":0.0,"damage_taken":0.0,"cards_upgraded":["Defend_R","Defend_R"]},{"damage_healed":0.0,"max_hp_gain":0.0,"max_hp_loss":0.0,"gold_gain":0.0,"event_name":"Forgotten Altar","player_choice":"Gave Idol","floor":31.0,"relics_lost":["Golden Idol"],"gold_loss":0.0,"damage_taken":0.0,"relics_obtained":["Bloody Idol"]},{"damage_healed":0.0,"max_hp_gain":0.0,"max_hp_loss":0.0,"gold_gain":0.0,"event_name":"MindBloom","player_choice":"Fight","floor":37.0,"gold_loss":0.0,"damage_taken":0.0},{"cards_removed":["Spot Weakness"],"damage_healed":0.0,"max_hp_gain":0.0,"max_hp_loss":0.0,"gold_gain":0.0,"event_name":"NoteForYourself","player_choice":"Took Card","floor":45.0,"gold_loss":0.0,"damage_taken":0.0,"cards_obtained":["Bash"]}],"is_beta":false,"boss_relics":[{"not_picked":["Sozu","Pandora\u0027s Box"],"picked":"Calling Bell"},{"not_picked":["Tiny House","Black Star"],"picked":"Busted Crown"}],"items_purged_floors":[20],"is_endless":false,"potions_floor_spawned":[1,11,14,16,19,29,30,38,42,46],"ascension_level":0}}