{"host":"bx8e8mpro7fea2qq","time":1613803968,"event":{"mods":["BaseMod","Better Third Choice","Colored Map","Hermit","Marisa????????","Minty Spire (QoL Compilation)","Rare Cards Sparkle","Reliquary","StSLib","The Cursed"],"gold_per_floor":[109,175,350,350,371,371,415,434,509,523,523,523,559,16,16,16,16],"floor_reached":16,"language":"ENG","playtime":809,"items_purged":[],"score":133,"play_id":"953e7718-a72d-4240-b3e2-8c9cd65e3eaa","local_time":"20210220005248","is_ascension_mode":false,"campfire_choices":[{"data":"hermit:Snapshot","floor":6,"key":"SMITH"},{"floor":12,"key":"REST"},{"floor":15,"key":"REST"}],"circlet_count":0,"master_deck":["hermit:Strike_Hermit","hermit:Strike_Hermit","hermit:Strike_Hermit","hermit:Strike_Hermit","hermit:Defend_Hermit","hermit:Defend_Hermit","hermit:Defend_Hermit","hermit:Defend_Hermit","hermit:Snapshot+1","hermit:Covet","hermit:HighCaliber","Doubt","hermit:WideOpen","hermit:Virtue","hermit:Glare","hermit:Snipe+1","hermit:BlackWind","hermit:TrackingShot","hermit:BlackWind","hermit:Feint"],"relics":["hermit:Momento","NeowsBlessing","Golden Idol","Juzu Bracelet","reliquary:QuartzCube","reliquary:TridentHead","Sling","Regal Pillow"],"acts_visited":["Exordium"],"potions_floor_usage":[13,13],"damage_taken":[{"damage":0,"enemies":"Cultist","floor":1,"turns":1},{"damage":0,"enemies":"Jaw Worm","floor":5,"turns":1},{"damage":0,"enemies":"3 Sentries","floor":7,"turns":2},{"damage":7,"enemies":"2 Louse","floor":8,"turns":2},{"damage":6,"enemies":"2 Fungi Beasts","floor":10,"turns":4},{"damage":22,"enemies":"Gremlin Nob","floor":13,"turns":4},{"damage":77,"enemies":"Slime Boss","floor":16,"turns":9}],"seed_played":"3836248476203870435","potions_obtained":[{"floor":7,"key":"SteroidPotion"},{"floor":8,"key":"LiquidBronze"}],"is_trial":false,"path_per_floor":["M","?","?","?","M","R","E","M","T","M","?","R","E","$","R","B"],"character_chosen":"HERMIT","items_purchased":["Sling","Regal Pillow","hermit:TrackingShot","hermit:BlackWind","hermit:Feint"],"campfire_rested":2,"item_purchase_floors":[14,14,14,14,14],"current_hp_per_floor":[75,75,75,57,57,57,57,50,50,44,44,66,44,44,75,0,0],"gold":16,"neow_bonus":"THREE_ENEMY_KILL","is_daily":false,"chose_seed":false,"campfire_upgraded":1,"win_rate":0.0,"timestamp":1613803968,"path_taken":["M","?","?","?","M","R","E","M","T","M","?","R","E","$","R","BOSS"],"items_purchased_type":["Relic","Relic","Card","Card","Card"],"build_version":"2020-12-22","purchased_purges":0,"victory":false,"max_hp_per_floor":[75,75,75,75,75,75,75,75,75,75,75,75,75,75,75,75,75],"card_choices":[{"not_picked":["hermit:CalledShot","hermit:Desperado"],"picked":"hermit:HighCaliber","floor":1},{"not_picked":["hermit:HighCaliber","hermit:NoHoldsBarred"],"picked":"hermit:WideOpen","floor":5},{"not_picked":["hermit:SprayPray","hermit:Desperado"],"picked":"hermit:Virtue","floor":7},{"not_picked":["hermit:FullyLoaded","hermit:CalledShot"],"picked":"hermit:Glare","floor":8},{"not_picked":["hermit:Manifest","hermit:WideOpen"],"picked":"hermit:Snipe","floor":10},{"not_picked":["hermit:BigShot","hermit:Snipe"],"picked":"hermit:BlackWind","floor":13}],"player_experience":54085,"relics_obtained":[{"floor":7,"key":"Juzu Bracelet"},{"floor":9,"key":"reliquary:QuartzCube"},{"floor":13,"key":"reliquary:TridentHead"}],"event_choices":[{"damage_healed":0,"gold_gain":66,"player_choice":"Gained Gold","damage_taken":0,"max_hp_gain":0,"max_hp_loss":0,"event_name":"Golden Wing","floor":2,"gold_loss":0},{"damage_healed":0,"gold_gain":175,"player_choice":"AGREE","damage_taken":175,"max_hp_gain":0,"max_hp_loss":0,"event_name":"betterThird:BetterSerpent","floor":3,"gold_loss":0},{"damage_healed":0,"gold_gain":0,"player_choice":"Take Damage","damage_taken":18,"relics_obtained":["Golden Idol"],"max_hp_gain":0,"max_hp_loss":0,"event_name":"Golden Idol","floor":4,"gold_loss":0},{"damage_healed":0,"gold_gain":0,"player_choice":"Grow","damage_taken":0,"max_hp_gain":0,"max_hp_loss":0,"event_name":"Living Wall","floor":11,"gold_loss":0,"cards_upgraded":["hermit:Snipe"]}],"is_beta":false,"boss_relics":[],"items_purged_floors":[],"is_endless":false,"potions_floor_spawned":[7,8],"killed_by":"Slime Boss","ascension_level":0}}