{"host":"v0dnu0zs4qo0v13s","time":1613838516,"event":{"mods":["BaseMod","Colored Map","Colored Powertips","Minty Spire (QoL Compilation)","Relic Stats","StSLib","SuperFastMode","everything is the same but u backflip on backflip"],"gold_per_floor":[111,85,99,23,23,23,37,37,37,37,53,53,73,37,37,108,158,173,173,223,240,240,240,14,14,14,14,14,14],"floor_reached":28,"language":"ENG","playtime":1321,"items_purged":["Perfected Strike+1"],"score":386,"play_id":"d4c5d3b6-57e7-4bec-ad5a-83af1b14c0a4","local_time":"20210220112836","is_ascension_mode":true,"campfire_choices":[{"data":"Perfected Strike","floor":6.0,"key":"SMITH"},{"data":"Armaments","floor":8.0,"key":"SMITH"},{"data":"True Grit","floor":12.0,"key":"SMITH"},{"data":"Bash","floor":15.0,"key":"SMITH"},{"floor":23.0,"key":"REST"}],"circlet_count":0,"master_deck":["AscendersBane","Defend_R","Defend_R","Defend_R","Bash+1","Armaments+1","True Grit+1","Metallicize+1","Seeing Red","Reckless Charge","Feel No Pain","Corruption","Thunderclap","Dual Wield","Sentinel","Bite","Bite","Bite","Bite","Bite","Writhe"],"relics":["Philosopher\u0027s Stone","Gremlin Horn","Tiny House","ClockworkSouvenir","Happy Flower","Boot"],"acts_visited":["Exordium","TheCity"],"potions_floor_usage":[],"damage_taken":[{"damage":0.0,"enemies":"Cultist","floor":1.0,"turns":3.0},{"damage":0.0,"enemies":"2 Louse","floor":3.0,"turns":3.0},{"damage":8.0,"enemies":"Jaw Worm","floor":7.0,"turns":3.0},{"damage":1.0,"enemies":"3 Louse","floor":11.0,"turns":2.0},{"damage":0.0,"enemies":"Looter","floor":13.0,"turns":2.0},{"damage":33.0,"enemies":"Hexaghost","floor":16.0,"turns":8.0},{"damage":26.0,"enemies":"Shell Parasite","floor":18.0,"turns":5.0},{"damage":0.0,"enemies":"3 Byrds","floor":19.0,"turns":1.0},{"damage":19.0,"enemies":"Sentry and Sphere","floor":21.0,"turns":8.0},{"damage":35,"enemies":"Colosseum Slavers","floor":28,"turns":7},{"damage":0,"enemies":"Colosseum Nobs","floor":28,"turns":2}],"seed_played":"8243632861176630482","potions_obtained":[{"floor":3.0,"key":"AttackPotion"},{"floor":11.0,"key":"Fire Potion"},{"floor":17.0,"key":"SmokeBomb"}],"is_trial":false,"path_per_floor":["M","$","M","$","?","R","M","R","T","?","M","R","M","$","R","B",null,"M","M","?","M","?","R","$","?","T","?","?"],"character_chosen":"IRONCLAD","items_purchased":["True Grit","Metallicize","Feel No Pain","ClockworkSouvenir"],"campfire_rested":1,"item_purchase_floors":[2,4,14,24],"current_hp_per_floor":[68,68,68,68,73,73,65,65,65,58,57,57,57,57,57,24,71,45,45,45,26,26,43,43,43,43,43,36,36],"gold":14,"neow_bonus":"BOSS_RELIC","is_daily":false,"chose_seed":false,"campfire_upgraded":4,"win_rate":0.0,"timestamp":1613838516,"path_taken":["M","$","M","$","?","R","M","R","T","?","M","R","M","?","R","BOSS","M","M","?","M","?","R","$","?","T","?","?"],"items_purchased_type":["Card","Card","Card","Relic"],"build_version":"2020-12-22","purchased_purges":1,"victory":false,"max_hp_per_floor":[75,75,75,75,80,80,80,80,80,80,80,80,80,80,80,80,85,85,85,85,85,59,59,59,59,59,59,59,59],"relic_stats":{"Gremlin Horn":[4,4],"Happy Flower":[3],"counters":[11,44],"Boot":[3],"obtain_stats":[{"Tiny House":17,"Gremlin Horn":9,"Happy Flower":25,"Philosopher\u0027s Stone":0,"Boot":26,"Burning Blood":0,"ClockworkSouvenir":24},{"Tiny House":6,"Gremlin Horn":3,"Happy Flower":9,"Philosopher\u0027s Stone":0,"Boot":9,"Burning Blood":0,"ClockworkSouvenir":9},{"Tiny House":21,"Gremlin Horn":9,"Happy Flower":35,"Philosopher\u0027s Stone":0,"Boot":35,"Burning Blood":0,"ClockworkSouvenir":35}]},"card_choices":[{"not_picked":["Body Slam","Flex"],"picked":"Armaments","floor":1.0},{"not_picked":["Sword Boomerang","Body Slam"],"picked":"Perfected Strike","floor":3.0},{"not_picked":["Heavy Blade","True Grit","Perfected Strike"],"picked":"SKIP","floor":7.0},{"not_picked":["Perfected Strike","Carnage"],"picked":"Seeing Red","floor":11.0},{"not_picked":["Sword Boomerang","Sentinel"],"picked":"Reckless Charge","floor":13.0},{"not_picked":["Bludgeon","Limit Break"],"picked":"Corruption","floor":16.0},{"not_picked":["Perfected Strike","Havoc"],"picked":"Thunderclap","floor":17.0},{"not_picked":["Shockwave","Power Through+1"],"picked":"Dual Wield","floor":18.0},{"not_picked":["Clash","Burning Pact"],"picked":"Sentinel","floor":21.0}],"player_experience":737838,"relics_obtained":[{"floor":9.0,"key":"Gremlin Horn"},{"floor":26.0,"key":"Boot"}],"event_choices":[{"damage_healed":0.0,"max_hp_gain":5.0,"max_hp_loss":0.0,"gold_gain":0.0,"event_name":"Big Fish","player_choice":"Donut","floor":5.0,"gold_loss":0.0,"damage_taken":0.0},{"cards_removed":["Defend_R"],"damage_healed":0.0,"max_hp_gain":0.0,"max_hp_loss":0.0,"gold_gain":0.0,"event_name":"Golden Wing","player_choice":"Card Removal","floor":10.0,"gold_loss":0.0,"damage_taken":7.0},{"damage_healed":0.0,"max_hp_gain":0.0,"max_hp_loss":0.0,"gold_gain":50.0,"event_name":"Nest","player_choice":"Stole From Cult","floor":20.0,"gold_loss":0.0,"damage_taken":0.0},{"damage_healed":0.0,"max_hp_gain":0.0,"max_hp_loss":26.0,"gold_gain":0.0,"event_name":"Vampires","player_choice":"Became a vampire","floor":22.0,"gold_loss":0.0,"damage_taken":0.0,"cards_obtained":["Bite","Bite","Bite","Bite","Bite"]},{"damage_healed":0.0,"max_hp_gain":0.0,"max_hp_loss":0.0,"gold_gain":0.0,"event_name":"The Mausoleum","player_choice":"Opened","floor":25.0,"gold_loss":0.0,"damage_taken":0.0,"relics_obtained":["Happy Flower"],"cards_obtained":["Writhe"]},{"damage_healed":0,"gold_gain":0,"player_choice":"Fight","damage_taken":0,"max_hp_gain":0,"max_hp_loss":0,"event_name":"Colosseum","floor":28,"gold_loss":0},{"damage_healed":0,"gold_gain":0,"player_choice":"Fought Nobs","damage_taken":0,"max_hp_gain":0,"max_hp_loss":0,"event_name":"Colosseum","floor":28,"gold_loss":0}],"is_beta":false,"boss_relics":[{"not_picked":["Coffee Dripper","Velvet Choker"],"picked":"Tiny House"}],"items_purged_floors":[24],"is_endless":false,"potions_floor_spawned":[3,11],"killed_by":"Colosseum Nobs","ascension_level":15}}