{"host":"s229x1smnerk6mew","time":1613801969,"event":{"mods":["BaseMod","Bestiary","Minty Spire (QoL Compilation)","Relic Stats"],"gold_per_floor":[117,137,137,150,170,206,206,224,271,302,302,302,345,345,345,441,441,457,457,126,126,149,193,193,224,224,245,270,270,270,303,303,393,393,407,76,92,23,23,23,47,380,380,380,412,426,456,468,468,468,468,468],"floor_reached":51,"language":"ENG","playtime":3503,"items_purged":[],"score":1616,"play_id":"9d358a3b-0d6a-426a-a499-bbb7eeabc097","local_time":"20210220171929","is_ascension_mode":true,"campfire_choices":[{"data":"Flechettes","floor":7,"key":"SMITH"},{"data":"Corpse Explosion","floor":11,"key":"SMITH"},{"data":"Deadly Poison","floor":15,"key":"SMITH"},{"data":"Malaise","floor":24,"key":"SMITH"},{"data":"Blade Dance","floor":29,"key":"SMITH"},{"data":"Dagger Throw","floor":32,"key":"SMITH"},{"floor":40,"key":"RECALL"},{"floor":49,"key":"REST"}],"circlet_count":0,"master_deck":["AscendersBane","Defend_G","Defend_G","Defend_G","Defend_G","Defend_G","Survivor","Neutralize","Flechettes+1","Distraction","Backstab","Deadly Poison+1","Blade Dance+1","Corpse Explosion+1","Escape Plan","Dagger Throw+1","Malaise+1","Bite","Bite","Bite","Bite","Bouncing Flask+1","PiercingWail","Backflip","Skewer+1","Malaise","Catalyst+1","Deflect+1","Pain","Dodge and Roll+1","Backflip"],"relics":["Ring of the Serpent","Matryoshka","Bag of Preparation","Pen Nib","Snake Skull","Tingsha","Chemical X","Akabeko","Nunchaku","PreservedInsect","Art of War","Calipers","Vajra","Cursed Key","Turnip","Blood Vial","Toy Ornithopter","Bird Faced Urn"],"acts_visited":["Exordium","TheCity","TheBeyond"],"potions_floor_usage":[10,13,23,45,50,51],"damage_taken":[{"damage":1,"enemies":"Jaw Worm","floor":1,"turns":5},{"damage":0,"enemies":"2 Louse","floor":2,"turns":3},{"damage":0,"enemies":"Small Slimes","floor":4,"turns":4},{"damage":2,"enemies":"2 Fungi Beasts","floor":5,"turns":4},{"damage":15,"enemies":"Lagavulin","floor":6,"turns":6},{"damage":1,"enemies":"3 Louse","floor":8,"turns":4},{"damage":10,"enemies":"Gremlin Nob","floor":10,"turns":3},{"damage":0,"enemies":"Lagavulin","floor":13,"turns":3},{"damage":26,"enemies":"Slime Boss","floor":16,"turns":8},{"damage":18,"enemies":"Shell Parasite","floor":18,"turns":4},{"damage":0,"enemies":"Spheric Guardian","floor":22,"turns":1},{"damage":0,"enemies":"Slavers","floor":23,"turns":3},{"damage":24,"enemies":"Book of Stabbing","floor":25,"turns":8},{"damage":0,"enemies":"3 Cultists","floor":27,"turns":3},{"damage":0,"enemies":"Snake Plant","floor":28,"turns":8},{"damage":11,"enemies":"Slavers","floor":31,"turns":3},{"damage":84,"enemies":"Automaton","floor":33,"turns":7},{"damage":23,"enemies":"3 Darklings","floor":35,"turns":4},{"damage":0,"enemies":"Orb Walker","floor":37,"turns":1},{"damage":0,"enemies":"4 Shapes","floor":41,"turns":4},{"damage":1,"enemies":"Reptomancer","floor":45,"turns":4},{"damage":4,"enemies":"Transient","floor":46,"turns":6},{"damage":26,"enemies":"Nemesis","floor":47,"turns":4},{"damage":20,"enemies":"Spire Growth","floor":48,"turns":4},{"damage":57,"enemies":"Awakened One","floor":50,"turns":18},{"damage":12,"enemies":"Donu and Deca","floor":51,"turns":3}],"seed_played":"-7807014030424798234","potions_obtained":[{"floor":1,"key":"LiquidMemories"},{"floor":4,"key":"FairyPotion"},{"floor":10,"key":"PowerPotion"},{"floor":16,"key":"CunningPotion"},{"floor":25,"key":"DuplicationPotion"},{"floor":35,"key":"LiquidMemories"},{"floor":47,"key":"Explosive Potion"},{"floor":48,"key":"BlessingOfTheForge"}],"is_trial":false,"path_per_floor":["M","M","?","M","M","E","R","M","T","E","R","?","E","?","R","B",null,"M","?","$","?","M","E","R","E","T","M","M","R","?","E","R","B",null,"M","$","M","?","$","R","M","?","T","T","E","M","E","M","R","B","B"],"character_chosen":"THE_SILENT","items_purchased":["Chemical X","Akabeko","Turnip"],"campfire_rested":1,"item_purchase_floors":[20,20,36],"current_hp_per_floor":[64,64,64,64,62,47,47,46,46,36,36,41,41,41,41,15,56,38,38,38,38,40,44,44,32,32,36,49,49,49,40,40,16,41,20,20,22,22,22,22,30,30,30,30,37,47,27,17,31,5,0,0],"gold":468,"neow_bonus":"TEN_PERCENT_HP_BONUS","is_daily":false,"chose_seed":false,"campfire_upgraded":6,"win_rate":0.0,"timestamp":1613801969,"path_taken":["M","M","?","M","M","E","R","M","T","E","R","?","E","?","R","BOSS","M","?","$","?","M","E","R","E","T","?","M","R","?","E","R","BOSS","M","$","M","?","?","R","?","?","T","?","E","M","E","M","R","BOSS","BOSS"],"items_purchased_type":["Relic","Relic","Relic"],"build_version":"2020-12-22","purchased_purges":0,"victory":false,"max_hp_per_floor":[72,72,65,65,65,65,65,65,65,65,65,70,70,70,70,70,70,70,49,49,49,49,49,49,49,49,49,49,49,49,49,49,49,49,49,49,49,49,49,49,49,49,49,49,49,49,49,49,49,49,49,49],"relic_stats":{"counters":[26,125],"Tingsha":[75],"Pen Nib":[21],"Snake Skull":[81],"PreservedInsect":150,"Bag of Preparation":[40],"Cursed Key":1,"Blood Vial":14,"Nunchaku":[15],"Bird Faced Urn":[0],"Turnip":[0],"Art of War":[6],"Chemical X":[31],"obtain_stats":[{"Calipers":26,"Golden Idol":3,"Vajra":31,"Tingsha":13,"Pen Nib":9,"Snake Skull":10,"PreservedInsect":25,"Bag of Preparation":9,"Cursed Key":34,"Akabeko":20,"Blood Vial":38,"Nunchaku":23,"Matryoshka":6,"Bird Faced Urn":47,"Turnip":36,"Art of War":26,"Chemical X":20,"Ring of the Serpent":17,"Toy Ornithopter":45,"Ring of the Snake":0},{"Calipers":13,"Golden Idol":2,"Vajra":16,"Tingsha":8,"Pen Nib":6,"Snake Skull":7,"PreservedInsect":13,"Bag of Preparation":6,"Cursed Key":17,"Akabeko":10,"Blood Vial":19,"Nunchaku":12,"Matryoshka":5,"Bird Faced Urn":23,"Turnip":18,"Art of War":13,"Chemical X":10,"Ring of the Serpent":9,"Toy Ornithopter":21,"Ring of the Snake":0},{"Calipers":56,"Golden Idol":8,"Vajra":70,"Tingsha":32,"Pen Nib":26,"Snake Skull":29,"PreservedInsect":56,"Bag of Preparation":26,"Cursed Key":77,"Akabeko":44,"Blood Vial":82,"Nunchaku":48,"Matryoshka":22,"Bird Faced Urn":100,"Turnip":81,"Art of War":56,"Chemical X":44,"Ring of the Serpent":40,"Toy Ornithopter":90,"Ring of the Snake":0}],"Toy Ornithopter":10},"card_choices":[{"not_picked":["Outmaneuver","Accuracy"],"picked":"Flechettes","floor":1},{"not_picked":["Reflex","Crippling Poison"],"picked":"Distraction","floor":2},{"not_picked":["Acrobatics","Flying Knee"],"picked":"Backstab","floor":4},{"not_picked":["Prepared","Slice"],"picked":"Deadly Poison","floor":5},{"not_picked":["Distraction","Calculated Gamble"],"picked":"Blade Dance","floor":6},{"not_picked":["Noxious Fumes","Dodge and Roll"],"picked":"Corpse Explosion","floor":8},{"not_picked":["Flying Knee","Deflect"],"picked":"Escape Plan","floor":10},{"not_picked":["Endless Agony","Deflect"],"picked":"Dagger Throw","floor":13},{"not_picked":["Corpse Explosion","Storm of Steel"],"picked":"Malaise","floor":16},{"not_picked":["Accuracy","Terror","Caltrops"],"picked":"SKIP","floor":18},{"not_picked":["Accuracy","Terror","Caltrops"],"picked":"SKIP","floor":18},{"not_picked":["Bane","Expertise","Deflect"],"picked":"SKIP","floor":22},{"not_picked":["Sucker Punch","Footwork"],"picked":"Bouncing Flask+1","floor":23},{"not_picked":["Predator","Quick Slash","Slice"],"picked":"SKIP","floor":25},{"not_picked":["Outmaneuver","Blur"],"picked":"PiercingWail","floor":27},{"not_picked":["Distraction","Escape Plan"],"picked":"Backflip","floor":28},{"not_picked":["Bouncing Flask","Bane"],"picked":"Skewer+1","floor":31},{"not_picked":["A Thousand Cuts","Storm of Steel"],"picked":"Malaise","floor":33},{"not_picked":["Dagger Spray","Blade Dance","Predator+1"],"picked":"SKIP","floor":35},{"not_picked":["PiercingWail+1","Dodge and Roll"],"picked":"Catalyst+1","floor":37},{"not_picked":["PiercingWail","Noxious Fumes"],"picked":"Deflect+1","floor":41},{"not_picked":["Distraction","Outmaneuver"],"picked":"Dodge and Roll+1","floor":45},{"not_picked":["Outmaneuver","Underhanded Strike","Glass Knife"],"picked":"SKIP","floor":46},{"not_picked":["Flechettes","Bane","Quick Slash"],"picked":"SKIP","floor":47},{"not_picked":["Terror","Blade Dance"],"picked":"Backflip","floor":48}],"player_experience":2072966,"relics_obtained":[{"floor":6,"key":"Matryoshka"},{"floor":9,"key":"Bag of Preparation"},{"floor":9,"key":"Pen Nib"},{"floor":10,"key":"Snake Skull"},{"floor":13,"key":"Tingsha"},{"floor":23,"key":"Nunchaku"},{"floor":25,"key":"PreservedInsect"},{"floor":26,"key":"Art of War"},{"floor":26,"key":"Calipers"},{"floor":31,"key":"Vajra"},{"floor":45,"key":"Toy Ornithopter"},{"floor":47,"key":"Bird Faced Urn"}],"event_choices":[{"damage_healed":0,"gold_gain":0,"player_choice":"Lose Max HP","damage_taken":0,"relics_obtained":["Golden Idol"],"max_hp_gain":0,"max_hp_loss":7,"event_name":"Golden Idol","floor":3,"gold_loss":0},{"damage_healed":0,"gold_gain":0,"player_choice":"Donut","damage_taken":0,"max_hp_gain":5,"max_hp_loss":0,"event_name":"Big Fish","floor":12,"gold_loss":0},{"damage_healed":0,"gold_gain":0,"player_choice":"Ignored","damage_taken":0,"max_hp_gain":0,"max_hp_loss":0,"event_name":"Liars Game","floor":14,"gold_loss":0},{"damage_healed":0,"gold_gain":0,"player_choice":"Became a vampire","damage_taken":0,"max_hp_gain":0,"max_hp_loss":21,"event_name":"Vampires","floor":19,"gold_loss":0,"cards_obtained":["Bite","Bite","Bite","Bite","Bite"]},{"damage_healed":0,"gold_gain":0,"player_choice":"Got Potions","damage_taken":0,"max_hp_gain":0,"max_hp_loss":0,"event_name":"Lab","floor":21,"gold_loss":0},{"cards_removed":["Bite"],"damage_healed":0,"gold_gain":0,"player_choice":"Purged","damage_taken":0,"max_hp_gain":0,"max_hp_loss":0,"event_name":"Purifier","floor":30,"gold_loss":0},{"damage_healed":0,"gold_gain":0,"player_choice":"Paid Gold","damage_taken":0,"relics_obtained":["Blood Vial"],"max_hp_gain":0,"max_hp_loss":0,"event_name":"WeMeetAgain","floor":38,"gold_loss":69},{"damage_healed":0,"gold_gain":333,"player_choice":"Gave Idol","damage_taken":0,"max_hp_gain":0,"max_hp_loss":0,"event_name":"The Moai Head","floor":42,"relics_lost":["Golden Idol"],"gold_loss":0}],"is_beta":false,"boss_relics":[{"not_picked":["Velvet Choker","Busted Crown"],"picked":"Ring of the Serpent"},{"not_picked":["SacredBark","Philosopher\u0027s Stone"],"picked":"Cursed Key"}],"items_purged_floors":[],"is_endless":false,"potions_floor_spawned":[1,4,5,10,16,22,25,27,31,35,47,48],"killed_by":"Donu and Deca","ascension_level":20}}