{"host":"fbdlh90rovbiajun","time":1613805682,"event":{"mods":["AchievementEnabler","BaseMod","Colored Map","Keyboard Shortcuts","Minty Spire (QoL Compilation)","SuperFastMode"],"gold_per_floor":[119,139,139,139,23,23,52,52,78,78,89,49,49,49,49,145,145,163,179,196,96,106,133,133,158,158,158,158],"floor_reached":27,"language":"KOR","playtime":591,"items_purged":["Strike_P","Strike_P"],"score":373,"play_id":"703df4b0-a049-4a0c-a4fb-665b0f9839f6","local_time":"20210220162122","is_ascension_mode":true,"campfire_choices":[{"data":"Eruption","floor":6.0,"key":"SMITH"},{"data":"CrushJoints","floor":10.0,"key":"SMITH"},{"data":"Adaptation","floor":15.0,"key":"SMITH"},{"floor":24,"key":"REST"}],"circlet_count":0,"master_deck":["Strike_P","Strike_P+1","Defend_P","Defend_P+1","Defend_P","Eruption+1","Vigilance","CrushJoints+1","MentalFortress","Vengeance","Adaptation+1","Halt"],"relics":["PureWater","NeowsBlessing","Tiny Chest","Akabeko","Pantograph","Sozu","Kunai","Letter Opener","Gremlin Horn"],"acts_visited":["Exordium","TheCity"],"potions_floor_usage":[23],"damage_taken":[{"damage":0.0,"enemies":"Jaw Worm","floor":1.0,"turns":1.0},{"damage":0.0,"enemies":"Cultist","floor":2.0,"turns":1.0},{"damage":0.0,"enemies":"Gremlin Nob","floor":7.0,"turns":1.0},{"damage":0.0,"enemies":"Small Slimes","floor":11.0,"turns":3.0},{"damage":0.0,"enemies":"Slime Boss","floor":16.0,"turns":2.0},{"damage":7.0,"enemies":"Chosen","floor":18.0,"turns":3.0},{"damage":0.0,"enemies":"Spheric Guardian","floor":19.0,"turns":2.0},{"damage":16.0,"enemies":"Snake Plant","floor":20.0,"turns":3.0},{"damage":2.0,"enemies":"Chosen and Byrds","floor":22.0,"turns":3.0},{"damage":27,"enemies":"Book of Stabbing","floor":23,"turns":4},{"damage":37,"enemies":"Slavers","floor":25,"turns":8},{"damage":9,"enemies":"Centurion and Healer","floor":27,"turns":1}],"seed_played":"-1823557143049240404","potions_obtained":[{"floor":2.0,"key":"SteroidPotion"},{"floor":16.0,"key":"SteroidPotion"}],"is_trial":false,"path_per_floor":["M","M","?","?","$","R","E","$","T","R","M","$","?","T","R","B",null,"M","M","M","$","M","E","R","E","T","M"],"character_chosen":"WATCHER","items_purchased":["MentalFortress","Adaptation"],"campfire_rested":1,"item_purchase_floors":[5,12],"current_hp_per_floor":[72,72,58,58,58,58,58,58,58,58,58,58,55,55,55,72,72,65,65,49,49,47,20,41,4,4,0,0],"gold":158,"neow_bonus":"THREE_ENEMY_KILL","is_daily":false,"chose_seed":false,"campfire_upgraded":3,"win_rate":0.0,"timestamp":1613805682,"path_taken":["M","M","?","?","$","R","E","$","T","R","?","?","?","?","R","BOSS","M","M","?","$","M","E","R","E","T","M"],"items_purchased_type":["Card","Card"],"build_version":"2020-12-22","purchased_purges":2,"victory":false,"max_hp_per_floor":[72,72,72,72,72,72,72,72,72,72,72,72,72,72,72,72,72,72,72,72,72,72,72,72,72,72,72,72],"card_choices":[{"not_picked":["FlurryOfBlows","JustLucky","DeceiveReality"],"picked":"SKIP","floor":1.0},{"not_picked":["JustLucky","SashWhip"],"picked":"CrushJoints","floor":2.0},{"not_picked":["Evaluate","EmptyMind","LessonLearned"],"picked":"SKIP","floor":7.0},{"not_picked":["Consecrate","Prostrate"],"picked":"Vengeance","floor":11.0},{"not_picked":["CutThroughFate","BattleHymn+1","ThirdEye"],"picked":"SKIP","floor":18.0},{"not_picked":["EmptyFist","ThirdEye","ClearTheMind+1"],"picked":"SKIP","floor":19.0},{"not_picked":["ClearTheMind","Swivel","FlurryOfBlows"],"picked":"SKIP","floor":20.0},{"not_picked":["FlyingSleeves+1","Conclude","Fasting2+1"],"picked":"SKIP","floor":22.0},{"not_picked":["EmptyBody","Fasting2","Perseverance"],"picked":"SKIP","floor":23},{"not_picked":["JustLucky+1","SashWhip"],"picked":"Halt","floor":25}],"player_experience":106782,"relics_obtained":[{"floor":7.0,"key":"Tiny Chest"},{"floor":14.0,"key":"Pantograph"},{"floor":23,"key":"Kunai"},{"floor":25,"key":"Letter Opener"},{"floor":26,"key":"Gremlin Horn"}],"event_choices":[{"damage_healed":0.0,"max_hp_gain":0.0,"max_hp_loss":0.0,"gold_gain":0.0,"event_name":"Shining Light","player_choice":"Entered Light","floor":3.0,"gold_loss":0.0,"damage_taken":14.0,"cards_upgraded":["Defend_P","Strike_P"]},{"cards_removed":["Defend_P"],"damage_healed":0.0,"max_hp_gain":0.0,"max_hp_loss":0.0,"gold_gain":0.0,"event_name":"Purifier","player_choice":"Purged","floor":4.0,"gold_loss":0.0,"damage_taken":0.0},{"damage_healed":0.0,"max_hp_gain":0.0,"max_hp_loss":0.0,"gold_gain":0.0,"event_name":"Scrap Ooze","player_choice":"Success","floor":13.0,"gold_loss":0.0,"damage_taken":3.0,"relics_obtained":["Akabeko"]}],"is_beta":false,"boss_relics":[{"not_picked":["Runic Dome","Fusion Hammer"],"picked":"Sozu"}],"items_purged_floors":[5,21],"is_endless":false,"potions_floor_spawned":[2,16,20],"killed_by":"Centurion and Healer","ascension_level":3}}