{"host":"ytx76dzs4hscrr3d","time":1613839573,"event":{"mods":["2.2 Compatiblity","AchievementEnabler","BaseMod","DeckTracker","Highlight Path","Minty Spire (QoL Compilation)","Random Character Button","Reliquary","Robot Space Explorer","Spire Arcade","StSLib"],"gold_per_floor":[112,112,125,141,121,152,152,166,190,190,213,227,227,308,308,429,429,449,469,485,509,529,529,543,543,569,450,465,483,109,109,109,239,239,254,272,272,272,272,272],"floor_reached":39,"language":"ENG","playtime":4934,"items_purged":[],"score":385,"play_id":"094cebd8-3b90-457c-84d0-d85c518b35b5","local_time":"20210220174613","is_ascension_mode":false,"campfire_choices":[{"floor":7,"key":"RECALL"},{"floor":10,"key":"REST"},{"floor":15,"key":"REST"},{"floor":23,"key":"REST"},{"data":"RobotSpaceExplorer:PowerGlove","floor":25,"key":"SMITH"},{"floor":32,"key":"REST"}],"circlet_count":0,"master_deck":["RobotSpaceExplorer:Scan","RobotSpaceExplorer:MiniLasers","RobotSpaceExplorer:MakeshiftVolley+1","RobotSpaceExplorer:SurgingShield","RobotSpaceExplorer:SlimeMissile","RobotSpaceExplorer:PowerGlove+1","RobotSpaceExplorer:ShovelStrike","RobotSpaceExplorer:ImprovisedAttack+1","RobotSpaceExplorer:ShovelStrike","RobotSpaceExplorer:Autoloader","RobotSpaceExplorer:Counterblock+1","RobotSpaceExplorer:PowerGlove","RobotSpaceExplorer:MiniDrones","RobotSpaceExplorer:Smokescreen","RobotSpaceExplorer:TurboDodge","RobotSpaceExplorer:ImprovisedAttack","RobotSpaceExplorer:FranticSearch","RobotSpaceExplorer:DoubleBlock","RobotSpaceExplorer:StunGrenade","RobotSpaceExplorer:GlueSpray","RobotSpaceExplorer:Probe","RobotSpaceExplorer:DualCore","RobotSpaceExplorer:Arsenal","RobotSpaceExplorer:SurgingShield","RobotSpaceExplorer:BigMissile","RobotSpaceExplorer:ShockMissile","RobotSpaceExplorer:ImprovisedAttack","RobotSpaceExplorer:BigMissile","RobotSpaceExplorer:DualCore","RobotSpaceExplorer:Blitz","RobotSpaceExplorer:Smokescreen","RobotSpaceExplorer:FreezingShield+1"],"relics":["RobotSpaceExplorer:RoboCore","Golden Idol","Lantern","reliquary:Aerogel","Whetstone","reliquary:Ember","reliquary:QuartzCube","Pandora\u0027s Box"],"acts_visited":["Exordium","TheCity","TheBeyond"],"potions_floor_usage":[6,16,22,33,36,36,36],"damage_taken":[{"damage":0,"enemies":"Jaw Worm","floor":1,"turns":5},{"damage":0,"enemies":"2 Louse","floor":4,"turns":2},{"damage":56,"enemies":"3 Sentries","floor":6,"turns":17},{"damage":0,"enemies":"Small Slimes","floor":8,"turns":1},{"damage":2,"enemies":"Gremlin Gang","floor":11,"turns":5},{"damage":3,"enemies":"2 Fungi Beasts","floor":12,"turns":3},{"damage":4,"enemies":"Gremlin Nob","floor":14,"turns":3},{"damage":56,"enemies":"Hexaghost","floor":16,"turns":12},{"damage":27,"enemies":"Shell Parasite","floor":18,"turns":5},{"damage":6,"enemies":"Spheric Guardian","floor":19,"turns":4},{"damage":8,"enemies":"3 Cultists","floor":20,"turns":4},{"damage":12,"enemies":"Chosen and Byrds","floor":21,"turns":3},{"damage":6,"enemies":"Snake Plant","floor":22,"turns":5},{"damage":7,"enemies":"Centurion and Healer","floor":24,"turns":5},{"damage":8,"enemies":"Cultist and Chosen","floor":28,"turns":4},{"damage":11,"enemies":"Snake Plant","floor":29,"turns":2},{"damage":48,"enemies":"Champ","floor":33,"turns":9},{"damage":41,"enemies":"3 Darklings","floor":35,"turns":7},{"damage":31,"enemies":"3 Shapes","floor":36,"turns":6},{"damage":9,"enemies":"Awakened One","floor":39,"turns":1}],"seed_played":"3194436249773866104","potions_obtained":[{"floor":3,"key":"Explosive Potion"},{"floor":4,"key":"FearPotion"},{"floor":5,"key":"ColorlessPotion"},{"floor":6,"key":"EntropicBrew"},{"floor":8,"key":"FairyPotion"},{"floor":12,"key":"SkillPotion"},{"floor":18,"key":"Dexterity Potion"},{"floor":19,"key":"RobotSpaceExplorer:RecyclePotion"},{"floor":24,"key":"Ancient Potion"}],"is_trial":false,"path_per_floor":["M","?","?","M","?","E","R","M","T","R","M","M","?","?","R","B",null,"M","M","M","M","M","R","M","R","T","$","M","M","$","?","R","B",null,"M","M","?","?","B"],"character_chosen":"RobotSpaceExplorer","items_purchased":["RobotSpaceExplorer:FranticSearch","RobotSpaceExplorer:DoubleBlock","reliquary:QuartzCube","RobotSpaceExplorer:Probe","RobotSpaceExplorer:DualCore"],"campfire_rested":4,"item_purchase_floors":[27,27,30,30,30],"current_hp_per_floor":[82,76,76,76,76,20,20,20,20,42,40,37,22,18,40,9,76,49,43,35,23,17,39,32,32,32,32,24,13,13,38,60,12,76,35,4,4,4,0,0],"gold":272,"neow_bonus":"TEN_PERCENT_HP_BONUS","is_daily":false,"chose_seed":false,"campfire_upgraded":1,"win_rate":0.0,"timestamp":1613839573,"path_taken":["M","?","?","M","?","E","R","M","T","R","M","?","?","?","R","BOSS","M","M","M","M","M","R","M","R","T","$","M","M","$","?","R","BOSS","M","M","?","?","BOSS"],"items_purchased_type":["Card","Card","Relic","Card","Card"],"build_version":"2020-12-22","purchased_purges":0,"victory":false,"max_hp_per_floor":[82,76,76,76,76,76,76,76,76,76,76,76,76,76,76,76,76,76,76,76,76,76,76,76,76,76,76,76,76,76,76,76,76,76,76,76,76,76,76,76],"card_choices":[{"not_picked":["RobotSpaceExplorer:DualCore","RobotSpaceExplorer:MiniDrones"],"picked":"RobotSpaceExplorer:MakeshiftVolley","floor":1},{"not_picked":["RobotSpaceExplorer:FrostMissile","RobotSpaceExplorer:Probe"],"picked":"RobotSpaceExplorer:SurgingShield","floor":4},{"not_picked":["RobotSpaceExplorer:SwiftStep","RobotSpaceExplorer:Discharger"],"picked":"RobotSpaceExplorer:SlimeMissile","floor":6},{"not_picked":["RobotSpaceExplorer:Multitool","RobotSpaceExplorer:RigExplosive"],"picked":"RobotSpaceExplorer:PowerGlove","floor":8},{"not_picked":["RobotSpaceExplorer:MetalStrike","RobotSpaceExplorer:SlimeMissile"],"picked":"RobotSpaceExplorer:ShovelStrike","floor":11},{"not_picked":["RobotSpaceExplorer:LaserBurst","RobotSpaceExplorer:ScrapMissile"],"picked":"RobotSpaceExplorer:ImprovisedAttack","floor":12},{"not_picked":["RobotSpaceExplorer:BigMissile","RobotSpaceExplorer:DualCore"],"picked":"RobotSpaceExplorer:ShovelStrike","floor":14},{"not_picked":["RobotSpaceExplorer:Accelerator","RobotSpaceExplorer:Multitool"],"picked":"RobotSpaceExplorer:Autoloader","floor":16},{"not_picked":["RobotSpaceExplorer:MetalStrike","RobotSpaceExplorer:SwiftStep"],"picked":"RobotSpaceExplorer:Counterblock+1","floor":18},{"not_picked":["RobotSpaceExplorer:ScrapMissile","RobotSpaceExplorer:MiniBoosters"],"picked":"RobotSpaceExplorer:PowerGlove","floor":19},{"not_picked":["RobotSpaceExplorer:MiniBoosters","RobotSpaceExplorer:ShockMissile"],"picked":"RobotSpaceExplorer:MiniDrones","floor":20},{"not_picked":["RobotSpaceExplorer:SurgingShield","RobotSpaceExplorer:MetalStrike"],"picked":"RobotSpaceExplorer:Smokescreen","floor":21},{"not_picked":["RobotSpaceExplorer:StunGrenade","RobotSpaceExplorer:SurgingShield"],"picked":"RobotSpaceExplorer:TurboDodge","floor":22},{"not_picked":["RobotSpaceExplorer:Smokescreen","RobotSpaceExplorer:FrostMissile"],"picked":"RobotSpaceExplorer:ImprovisedAttack","floor":24},{"not_picked":["RobotSpaceExplorer:GlueShot+1","RobotSpaceExplorer:RigExplosive+1"],"picked":"RobotSpaceExplorer:StunGrenade","floor":28},{"not_picked":["RobotSpaceExplorer:Pulsar","RobotSpaceExplorer:Wormhole"],"picked":"RobotSpaceExplorer:GlueSpray","floor":29},{"not_picked":["RobotSpaceExplorer:Accelerator","RobotSpaceExplorer:Scanner"],"picked":"RobotSpaceExplorer:Arsenal","floor":33},{"not_picked":["RobotSpaceExplorer:FrostMissile","RobotSpaceExplorer:SlimeMissile"],"picked":"RobotSpaceExplorer:Calculate","floor":35},{"not_picked":["RobotSpaceExplorer:SurgingShield","RobotSpaceExplorer:SlimeMissile+1"],"picked":"RobotSpaceExplorer:FreezingShield+1","floor":36}],"player_experience":393599,"relics_obtained":[{"floor":6,"key":"Lantern"},{"floor":9,"key":"reliquary:Aerogel"},{"floor":14,"key":"Whetstone"}],"event_choices":[{"damage_healed":0,"gold_gain":0,"player_choice":"Lose Max HP","damage_taken":0,"relics_obtained":["Golden Idol"],"max_hp_gain":0,"max_hp_loss":6,"event_name":"Golden Idol","floor":2,"gold_loss":0},{"damage_healed":0,"gold_gain":0,"player_choice":"Bought 1 Potion","damage_taken":0,"max_hp_gain":0,"max_hp_loss":0,"event_name":"The Woman in Blue","floor":5,"gold_loss":0},{"damage_healed":0,"gold_gain":0,"player_choice":"Entered Light","damage_taken":15,"max_hp_gain":0,"max_hp_loss":0,"event_name":"Shining Light","floor":13,"gold_loss":0,"cards_upgraded":["RobotSpaceExplorer:Strike","RobotSpaceExplorer:Defend"]},{"damage_healed":0,"gold_gain":0,"player_choice":"Searched \u00271\u0027 times","damage_taken":0,"max_hp_gain":0,"max_hp_loss":0,"event_name":"Dead Adventurer","floor":14,"gold_loss":0},{"damage_healed":25,"gold_gain":0,"player_choice":"Heal","damage_taken":0,"max_hp_gain":0,"max_hp_loss":0,"event_name":"The Library","floor":31,"gold_loss":0},{"cards_removed":["RobotSpaceExplorer:Calculate"],"damage_healed":0,"gold_gain":0,"player_choice":"Removed Skill","damage_taken":0,"max_hp_gain":0,"max_hp_loss":0,"event_name":"Falling","floor":37,"gold_loss":0},{"damage_healed":0,"gold_gain":0,"player_choice":"Took Portal","damage_taken":0,"max_hp_gain":0,"max_hp_loss":0,"event_name":"SecretPortal","floor":38,"gold_loss":0}],"is_beta":false,"boss_relics":[{"not_picked":["reliquary:WritOfMandamus","Tiny House"],"picked":"reliquary:Ember"},{"not_picked":["Velvet Choker","reliquary:RedCape"],"picked":"Pandora\u0027s Box"}],"items_purged_floors":[],"is_endless":false,"potions_floor_spawned":[4,6,8,12,18,19,24],"killed_by":"Awakened One","ascension_level":0}}