{"host":"lrlpjk0euiz9m2wl","time":1613827753,"event":{"mods":["AchievementEnabler","BaseMod","BetterRewards","Minty Spire (QoL Compilation)","StSLib"],"gold_per_floor":[109,59,71,90,104,104,130,130,130,140,140,153,153,186,186,286,286,298,298,316,363,462,462,478,478,556,556,586,606,17,52,52,151,151,168,186,236,236,255,255,47,47,71,71,86,0,0,54,54,54,54,54,14,40,40,40],"floor_reached":55,"language":"ENG","playtime":4938,"items_purged":["Defend_P","Writhe"],"score":738,"play_id":"b65be7d8-e565-458a-9fcb-e3237537627d","local_time":"20210220142913","is_ascension_mode":false,"campfire_choices":[{"floor":6.0,"key":"RECALL"},{"data":"Collect","floor":8.0,"key":"SMITH"},{"data":"Crescendo","floor":11.0,"key":"SMITH"},{"data":"Judgement","floor":15.0,"key":"SMITH"},{"data":"LessonLearned","floor":23.0,"key":"SMITH"},{"data":"Adaptation","floor":25.0,"key":"SMITH"},{"data":"Judgement","floor":32.0,"key":"SMITH"},{"data":"Mind Blast","floor":40.0,"key":"SMITH"},{"data":"CrushJoints","floor":42.0,"key":"SMITH"},{"data":"Tantrum","floor":44.0,"key":"SMITH"},{"data":"DeusExMachina","floor":47.0,"key":"SMITH"},{"data":"Nirvana","floor":49.0,"key":"SMITH"},{"data":"Perseverance","floor":52,"key":"SMITH"}],"circlet_count":0,"master_deck":["Eruption+1","Vigilance+1","Weave+1","Crescendo+1","Collect+1","Vengeance","WreathOfFlame+1","EmptyMind+1","BowlingBash","Halt+1","Judgement+1","Judgement+1","LessonLearned+1","Adaptation+1","FearNoEvil","CutThroughFate+1","LessonLearned+1","SandsOfTime+1","Consecrate+1","Nirvana+1","Perseverance+1","DeusExMachina+1","Tantrum+1","Protect","Tantrum","CrushJoints+1","WreathOfFlame","EmptyFist","FlurryOfBlows+1","FlurryOfBlows+1","Mind Blast+1","Conclude+1","LikeWater+1","SashWhip","Weave"],"relics":["PureWater","Ginger","Eternal Feather","Letter Opener","The Courier","Ornamental Fan","Mercury Hourglass","Philosopher\u0027s Stone","Question Card","Darkstone Periapt","Juzu Bracelet","Vajra","Gambling Chip","War Paint","Ancient Tea Set","Pandora\u0027s Box","Incense Burner","Bottled Tornado","Lantern","Red Mask","Art of War","Gremlin Horn"],"acts_visited":["Exordium","TheCity","TheBeyond","TheEnding"],"potions_floor_usage":[55],"damage_taken":[{"damage":0.0,"enemies":"2 Louse","floor":1.0,"turns":2.0},{"damage":2.0,"enemies":"Small Slimes","floor":3.0,"turns":3.0},{"damage":0.0,"enemies":"Cultist","floor":4.0,"turns":3.0},{"damage":0.0,"enemies":"Exordium Wildlife","floor":5.0,"turns":3.0},{"damage":13.0,"enemies":"Lagavulin","floor":7.0,"turns":6.0},{"damage":11.0,"enemies":"Large Slime","floor":10.0,"turns":4.0},{"damage":2.0,"enemies":"Looter","floor":12.0,"turns":2.0},{"damage":10.0,"enemies":"3 Sentries","floor":14.0,"turns":4.0},{"damage":4.0,"enemies":"Slime Boss","floor":16.0,"turns":6.0},{"damage":19.0,"enemies":"Shell Parasite","floor":18.0,"turns":4.0},{"damage":6.0,"enemies":"2 Thieves","floor":20.0,"turns":2.0},{"damage":2.0,"enemies":"Sentry and Sphere","floor":24.0,"turns":3.0},{"damage":33.0,"enemies":"Book of Stabbing","floor":28.0,"turns":4.0},{"damage":16.0,"enemies":"Snake Plant","floor":29.0,"turns":2.0},{"damage":0.0,"enemies":"Gremlin Leader","floor":31.0,"turns":3.0},{"damage":16.0,"enemies":"Automaton","floor":33.0,"turns":6.0},{"damage":0.0,"enemies":"Orb Walker","floor":35.0,"turns":1.0},{"damage":0.0,"enemies":"3 Darklings","floor":36.0,"turns":3.0},{"damage":42.0,"enemies":"Mind Bloom Boss Battle","floor":37.0,"turns":4.0},{"damage":0.0,"enemies":"Maw","floor":39.0,"turns":4.0},{"damage":10.0,"enemies":"Writhing Mass","floor":45.0,"turns":2.0},{"damage":57,"enemies":"Donu and Deca","floor":50,"turns":5},{"damage":0,"enemies":"Shield and Spear","floor":54,"turns":2},{"damage":98,"enemies":"The Heart","floor":55,"turns":3}],"seed_played":"5757872512431567726","potions_obtained":[{"floor":4.0,"key":"Weak Potion"},{"floor":5.0,"key":"LiquidBronze"},{"floor":14.0,"key":"SteroidPotion"},{"floor":18.0,"key":"AttackPotion"},{"floor":24.0,"key":"Fruit Juice"},{"floor":33.0,"key":"Regen Potion"},{"floor":36.0,"key":"ColorlessPotion"},{"floor":54,"key":"Swift Potion"}],"is_trial":false,"path_per_floor":["M","?","M","M","M","R","E","R","T","M","R","M","?","E","R","B",null,"M","?","M","T","?","R","M","R","T","?","E","M","$","E","R","B",null,"M","M","?","?","M","R","$","R","T","R","M","?","R","T","R","B",null,"R","$","E","B"],"character_chosen":"WATCHER","items_purchased":["Eternal Feather","Letter Opener","Weave","Crescendo","Vajra","Gambling Chip","War Paint","Nirvana","Bottled Tornado","SashWhip"],"campfire_rested":0,"item_purchase_floors":[0,0,0,0,30,30,30,30,41,53],"current_hp_per_floor":[72,72,70,70,70,72,59,65,65,54,63,61,61,51,60,56,72,53,53,47,47,47,59,57,69,69,69,36,20,20,20,35,24,77,77,77,35,35,35,53,53,71,71,77,67,67,77,77,77,20,77,77,77,77,0,0],"gold":40,"neow_bonus":"","is_daily":false,"chose_seed":false,"campfire_upgraded":12,"win_rate":0.0,"timestamp":1613827753,"path_taken":["M","?","M","M","M","R","E","R","T","M","R","M","?","E","R","BOSS","M","?","M","?","?","R","M","R","T","?","E","M","$","E","R","BOSS","M","M","?","?","M","R","$","R","T","R","M","?","R","?","R","BOSS","R","$","E","BOSS"],"items_purchased_type":["Relic","Relic","Card","Card","Relic","Relic","Relic","Card","Relic","Card"],"build_version":"2020-12-22","purchased_purges":2,"victory":false,"max_hp_per_floor":[72,72,72,72,72,72,72,72,72,72,72,72,72,72,72,72,72,72,72,72,72,72,72,72,72,72,72,72,72,72,72,72,77,77,77,77,77,77,77,77,77,77,77,77,77,77,77,77,77,77,77,77,77,77,77,77],"card_choices":[{"not_picked":["FollowUp","PathToVictory"],"picked":"Collect","floor":1.0},{"not_picked":["Crescendo","SashWhip"],"picked":"Vengeance","floor":3.0},{"not_picked":["FollowUp","Pray"],"picked":"WreathOfFlame","floor":4.0},{"not_picked":["SashWhip","Worship"],"picked":"EmptyMind","floor":5.0},{"not_picked":["Crescendo","FollowUp","EmptyBody"],"picked":"SKIP","floor":7.0},{"not_picked":["JustLucky","EmptyBody"],"picked":"BowlingBash","floor":10.0},{"not_picked":["TalkToTheHand","Nirvana"],"picked":"Halt","floor":12.0},{"not_picked":["Meditate","Halt"],"picked":"Judgement","floor":14.0},{"not_picked":["Ragnarok","Judgement"],"picked":"LessonLearned","floor":16.0},{"not_picked":["CrushJoints","Halt+1"],"picked":"Adaptation","floor":18.0},{"not_picked":["Worship","EmptyBody","Swivel"],"picked":"FearNoEvil","floor":20.0},{"not_picked":["Meditate","JustLucky","Perseverance"],"picked":"CutThroughFate+1","floor":24.0},{"not_picked":["Study","Judgement","WaveOfTheHand+1"],"picked":"SandsOfTime","floor":28.0},{"not_picked":["Halt","EmptyFist+1","Vengeance+1"],"picked":"Consecrate","floor":29.0},{"not_picked":["WindmillStrike","ThirdEye","WreathOfFlame"],"picked":"Perseverance","floor":31.0},{"not_picked":["Scrawl","LessonLearned","Ragnarok"],"picked":"DeusExMachina","floor":33.0},{"not_picked":["ThirdEye","EmptyMind","PathToVictory+1"],"picked":"EmptyFist","floor":35.0},{"not_picked":["CrushJoints+1","ClearTheMind+1","Consecrate"],"picked":"FlurryOfBlows+1","floor":36.0},{"not_picked":["PathToVictory","CrushJoints+1","SashWhip"],"picked":"FlurryOfBlows+1","floor":37.0},{"not_picked":["Impatience","Magnetism","Metamorphosis"],"picked":"Mind Blast","floor":38.0},{"not_picked":["SashWhip","FearNoEvil+1","Collect+1"],"picked":"Conclude+1","floor":39.0},{"not_picked":["Weave+1","Consecrate+1","Halt+1"],"picked":"LikeWater+1","floor":45.0},{"not_picked":["Evaluate","CarveReality","Protect+1"],"picked":"Weave","floor":54}],"player_experience":102425,"relics_obtained":[{"floor":7.0,"key":"The Courier"},{"floor":9.0,"key":"Ornamental Fan"},{"floor":14.0,"key":"Mercury Hourglass"},{"floor":26.0,"key":"Darkstone Periapt"},{"floor":28.0,"key":"Juzu Bracelet"},{"floor":31.0,"key":"Ancient Tea Set"},{"floor":37.0,"key":"Incense Burner"},{"floor":43.0,"key":"Lantern"},{"floor":48.0,"key":"Art of War"},{"floor":54,"key":"Gremlin Horn"}],"event_choices":[{"cards_removed":["Strike_P"],"damage_healed":0.0,"max_hp_gain":0.0,"max_hp_loss":0.0,"gold_gain":0.0,"event_name":"The Cleric","player_choice":"Card Removal","floor":2.0,"gold_loss":50.0,"damage_taken":0.0},{"damage_healed":0.0,"max_hp_gain":0.0,"max_hp_loss":0.0,"gold_gain":0.0,"cards_transformed":["Defend_P"],"event_name":"Transmorgrifier","player_choice":"Transformed","floor":13.0,"gold_loss":0.0,"damage_taken":0.0,"cards_obtained":["Judgement"]},{"damage_healed":0.0,"max_hp_gain":0.0,"max_hp_loss":0.0,"gold_gain":0.0,"event_name":"The Mausoleum","player_choice":"Opened","floor":19.0,"gold_loss":0.0,"damage_taken":0.0,"relics_obtained":["Question Card"],"cards_obtained":["Writhe"]},{"damage_healed":0.0,"max_hp_gain":0.0,"max_hp_loss":0.0,"gold_gain":99.0,"event_name":"Nest","player_choice":"Stole From Cult","floor":22.0,"gold_loss":0.0,"damage_taken":0.0},{"damage_healed":0.0,"max_hp_gain":0.0,"max_hp_loss":0.0,"gold_gain":0.0,"event_name":"Duplicator","player_choice":"Copied","floor":27.0,"gold_loss":0.0,"damage_taken":0.0,"cards_obtained":["LessonLearned"]},{"damage_healed":0.0,"max_hp_gain":0.0,"max_hp_loss":0.0,"gold_gain":0.0,"event_name":"MindBloom","player_choice":"Fight","floor":37.0,"gold_loss":0.0,"damage_taken":0.0},{"damage_healed":0.0,"max_hp_gain":0.0,"max_hp_loss":0.0,"gold_gain":0.0,"event_name":"SensoryStone","player_choice":"Memory 1","floor":38.0,"gold_loss":0.0,"damage_taken":0.0},{"damage_healed":0.0,"max_hp_gain":0.0,"max_hp_loss":0.0,"gold_gain":0.0,"event_name":"Tomb of Lord Red Mask","player_choice":"Paid","floor":46.0,"gold_loss":86.0,"damage_taken":0.0,"relics_obtained":["Red Mask"]}],"is_beta":false,"boss_relics":[{"not_picked":["Black Star","Calling Bell"],"picked":"Philosopher\u0027s Stone"},{"not_picked":["Coffee Dripper","SacredBark"],"picked":"Pandora\u0027s Box"}],"items_purged_floors":[0,30],"is_endless":false,"potions_floor_spawned":[4,5,14,18,24,28,33,36,54],"killed_by":"The Heart","ascension_level":0}}