{"host":"1vqon1dbpr5c1qll","time":1613793604,"event":{"mods":["2.2 Compatiblity","AchievementEnabler","BaseMod","BetterRewards","Colored Map","Hermit","Highlight Path","Lobotomy","Minty Spire (QoL Compilation)","Permanent Neow","Quick Restart","Random Character Button","Replay The Spire","StSLib","SuperFastMode","The Cursed","The Servant 0.9.4","everything is the same but u backflip on backflip"],"gold_per_floor":[212,212,222,222,172,172,206,218,218,229,241,269,283,309,309,408,408,419,419],"floor_reached":18,"language":"KOR","playtime":904,"items_purged":[],"score":269,"play_id":"2e91178a-fa16-4ed4-985b-6f391b2bb7cb","local_time":"20210220130004","is_ascension_mode":true,"campfire_choices":[{"data":"TheCursedMod:DoubleShield","floor":6,"key":"SMITH"},{"data":"TheCursedMod:HellfireBreathing","floor":15,"key":"SMITH"}],"circlet_count":0,"master_deck":["TheCursedMod:Strike_TheCursed","TheCursedMod:Strike_TheCursed","TheCursedMod:Strike_TheCursed","TheCursedMod:Strike_TheCursed","TheCursedMod:Defend_TheCursed+1","TheCursedMod:Defend_TheCursed+1","TheCursedMod:Defend_TheCursed+1","TheCursedMod:Defend_TheCursed+1","TheCursedMod:CursedWand","TheCursedMod:CleanUpWorkshop","TheCursedMod:Dregs","TheCursedMod:DoubleShield+1","TheCursedMod:CircleOfBlood","TheCursedMod:CircleOfFlame","TheCursedMod:CursedAmulet","TheCursedMod:CursedBlade","TheCursedMod:CursedShiv","TheCursedMod:NeowsMight","TheCursedMod:HellfireBreathing+1","TheCursedMod:CircleOfFlame","TheCursedMod:ShockAndAwe"],"relics":["TheCursedMod:BlackMagic101","Snack Pack","Ring of Searing","ReplayTheSpireMod:Ring of Addiction","Toy Ornithopter","Potion Belt","Bag of Preparation","Blue Doll","Replay:Bottled Eggs","Pen Nib","Runic Pyramid"],"acts_visited":["Exordium","TheCity"],"potions_floor_usage":[7,10,12,13,13,13,14,14],"damage_taken":[{"damage":4,"enemies":"2 Louse","floor":1,"turns":4},{"damage":3,"enemies":"Small Slimes","floor":3,"turns":5},{"damage":25,"enemies":"Lagavulin","floor":7,"turns":11},{"damage":7,"enemies":"Jaw Worm","floor":8,"turns":2},{"damage":7,"enemies":"3 Louse","floor":10,"turns":5},{"damage":5,"enemies":"Looter","floor":11,"turns":3},{"damage":10,"enemies":"3 Sentries","floor":12,"turns":3},{"damage":19,"enemies":"Exordium Thugs","floor":13,"turns":4},{"damage":15,"enemies":"Lagavulin","floor":14,"turns":4},{"damage":20,"enemies":"Hexaghost","floor":16,"turns":11},{"damage":5,"enemies":"Chosen","floor":18,"turns":2}],"seed_played":"-2295060683434509429","potions_obtained":[{"floor":4,"key":"SneckoOil"},{"floor":4,"key":"SpeedPotion"},{"floor":4,"key":"Adrenaline Potion"},{"floor":7,"key":"Strength Potion"},{"floor":8,"key":"ColorlessPotion"},{"floor":10,"key":"Explosive Potion"},{"floor":11,"key":"FairyPotion"},{"floor":16,"key":"LifebloodPotion"}],"is_trial":false,"path_per_floor":["M","?","M","?","?","R","E","M","T","M","M","E","M","E","R","B",null,"M"],"character_chosen":"THE_CURSED","items_purchased":[],"campfire_rested":0,"item_purchase_floors":[],"current_hp_per_floor":[71,59,58,58,58,58,46,47,47,55,54,55,55,54,54,38,75,68,68],"gold":419,"neow_bonus":"HUNDRED_GOLD","is_daily":false,"chose_seed":false,"campfire_upgraded":2,"win_rate":0.0,"timestamp":1613793604,"path_taken":["M","?","M","?","?","R","E","?","T","M","M","E","M","E","R","BOSS","M"],"items_purchased_type":[],"build_version":"2020-12-22","purchased_purges":0,"victory":false,"max_hp_per_floor":[75,75,75,75,75,75,75,75,75,75,75,75,75,75,75,75,75,73,73],"card_choices":[{"not_picked":["TheCursedMod:Wield","TheCursedMod:FleshFromBone"],"picked":"TheCursedMod:DoubleShield","floor":1},{"not_picked":["TheCursedMod:ReleasedKnowledge","TheCursedMod:Wield"],"picked":"TheCursedMod:CircleOfBlood","floor":3},{"not_picked":["TheCursedMod:Torture","TheCursedMod:Grudge"],"picked":"TheCursedMod:CircleOfFlame","floor":7},{"not_picked":["TheCursedMod:CircleOfWindfury","TheCursedMod:RapidMovement"],"picked":"TheCursedMod:CursedAmulet","floor":8},{"not_picked":["TheCursedMod:WearCloak","TheCursedMod:CircleOfFlame"],"picked":"TheCursedMod:CursedBlade","floor":10},{"not_picked":["TheCursedMod:RavingStaff","TheCursedMod:SaltUponWound"],"picked":"TheCursedMod:CursedShiv","floor":11},{"not_picked":["TheCursedMod:AshesToAshes","TheCursedMod:UltimatePain"],"picked":"TheCursedMod:NeowsMight","floor":12},{"not_picked":["TheCursedMod:VitalStrike","TheCursedMod:Hemoplague"],"picked":"TheCursedMod:HellfireBreathing","floor":13},{"not_picked":["TheCursedMod:Obscuration","TheCursedMod:RavingStaff"],"picked":"TheCursedMod:CircleOfFlame","floor":14},{"not_picked":["TheCursedMod:DemonicPact","TheCursedMod:VoidForm"],"picked":"TheCursedMod:ShockAndAwe","floor":16}],"player_experience":1006010,"relics_obtained":[{"floor":4,"key":"Ring of Searing"},{"floor":4,"key":"ReplayTheSpireMod:Ring of Addiction"},{"floor":4,"key":"Toy Ornithopter"},{"floor":4,"key":"Potion Belt"},{"floor":7,"key":"Bag of Preparation"},{"floor":9,"key":"Blue Doll"},{"floor":12,"key":"Replay:Bottled Eggs"},{"floor":14,"key":"Pen Nib"}],"event_choices":[{"damage_healed":0,"gold_gain":0,"player_choice":"Success","damage_taken":12,"relics_obtained":["Snack Pack"],"max_hp_gain":0,"max_hp_loss":0,"event_name":"Scrap Ooze","floor":2,"gold_loss":0},{"cards_removed":["Delirium"],"damage_healed":0,"gold_gain":0,"player_choice":"Card Removal","damage_taken":0,"max_hp_gain":0,"max_hp_loss":0,"event_name":"The Cleric","floor":5,"gold_loss":50}],"is_beta":false,"boss_relics":[{"not_picked":["Kintsugi","ReplayTheSpireMod:Onyx Gauntlets"],"picked":"Runic Pyramid"}],"items_purged_floors":[],"is_endless":false,"potions_floor_spawned":[7,8,10,11,16],"killed_by":"Chosen","ascension_level":3}}