{"host":"guk5h31bsklpp7e4","time":1613851281,"event":{"mods":["AchievementEnabler","BaseMod","Colored Map","Colored Powertips","Highlight Path","Minty Spire (QoL Compilation)","Quick Restart","Rare Cards Sparkle"],"gold_per_floor":[109,109,109,132,57,57,97,97,97,97,172,172,195,236,236,365,365,381,400,414,75,75,75,2,2,2],"floor_reached":25,"language":"ENG","playtime":1884,"items_purged":["Injury","Strike_B"],"score":279,"play_id":"319cc3df-eab3-4aaf-a96c-50d35780ae57","local_time":"20210220150121","is_ascension_mode":true,"campfire_choices":[{"data":"Conserve Battery","floor":6,"key":"SMITH"},{"data":"1","floor":10,"key":"LIFT"},{"floor":12,"key":"REST"},{"floor":15,"key":"REST"},{"floor":23,"key":"REST"}],"circlet_count":0,"master_deck":["Strike_B","Strike_B","Defend_B","Defend_B","Defend_B","Defend_B","Zap","Dualcast","Meteor Strike","Melter","Conserve Battery+1","Rebound","Redo","Fission","Seek","Conserve Battery","Turbo","Cold Snap+1","FTL+1","Coolheaded"],"relics":["FrozenCore","Golden Idol","Boot","Girya","Molten Egg 2","Meat on the Bone"],"acts_visited":["Exordium","TheCity"],"potions_floor_usage":[14,16,16,25,25],"damage_taken":[{"damage":0,"enemies":"Small Slimes","floor":1,"turns":2},{"damage":0,"enemies":"2 Louse","floor":4,"turns":3},{"damage":25,"enemies":"Lagavulin","floor":7,"turns":7},{"damage":2,"enemies":"Jaw Worm","floor":13,"turns":3},{"damage":38,"enemies":"Gremlin Nob","floor":14,"turns":4},{"damage":30,"enemies":"The Guardian","floor":16,"turns":13},{"damage":0,"enemies":"Spheric Guardian","floor":18,"turns":2},{"damage":21,"enemies":"3 Byrds","floor":19,"turns":8},{"damage":40,"enemies":"Centurion and Healer","floor":20,"turns":9},{"damage":33,"enemies":"3 Cultists","floor":25,"turns":6}],"seed_played":"-3288550520500858913","potions_obtained":[{"floor":1,"key":"Strength Potion"},{"floor":7,"key":"CultistPotion"},{"floor":14,"key":"SteroidPotion"},{"floor":19,"key":"CultistPotion"},{"floor":20,"key":"DuplicationPotion"}],"is_trial":false,"path_per_floor":["M","?","?","M","$","R","E","?","T","R","?","R","M","E","R","B",null,"M","M","M","$","?","R","$","M"],"character_chosen":"DEFECT","items_purchased":["Meat on the Bone","Coolheaded","Block Potion"],"campfire_rested":3,"item_purchase_floors":[21,24,24],"current_hp_per_floor":[68,68,68,68,68,68,43,48,48,48,37,61,59,21,45,15,64,64,43,3,3,3,27,27,0,0],"gold":2,"neow_bonus":"ONE_RANDOM_RARE_CARD","is_daily":false,"chose_seed":false,"campfire_upgraded":1,"win_rate":0.0,"timestamp":1613851281,"path_taken":["M","?","?","M","$","R","E","?","T","R","?","R","?","E","R","BOSS","M","M","M","$","?","R","?","M"],"items_purchased_type":["Relic","Card","Potion"],"build_version":"2020-12-22","purchased_purges":2,"victory":false,"max_hp_per_floor":[75,75,75,75,75,75,75,80,80,80,80,80,80,80,80,80,80,80,80,80,80,80,80,80,80,80],"card_choices":[{"not_picked":["BootSequence","Coolheaded"],"picked":"Melter","floor":1},{"not_picked":["Leap","Rebound"],"picked":"Conserve Battery","floor":4},{"not_picked":["White Noise","Leap"],"picked":"Rebound","floor":7},{"not_picked":["Leap","Compile Driver"],"picked":"Redo","floor":13},{"not_picked":["Loop","Heatsinks"],"picked":"Fission","floor":14},{"not_picked":["Biased Cognition","Reboot"],"picked":"Seek","floor":16},{"not_picked":["Loop+1","Steam Power"],"picked":"Conserve Battery","floor":18},{"not_picked":["Rebound+1","Leap"],"picked":"Turbo","floor":19},{"not_picked":["Chill","Darkness"],"picked":"Cold Snap+1","floor":20}],"player_experience":378961,"relics_obtained":[{"floor":7,"key":"Boot"},{"floor":9,"key":"Girya"},{"floor":14,"key":"Molten Egg 2"}],"event_choices":[{"damage_healed":0,"gold_gain":0,"player_choice":"Take Wound","damage_taken":0,"relics_obtained":["Golden Idol"],"max_hp_gain":0,"max_hp_loss":0,"event_name":"Golden Idol","floor":2,"gold_loss":0,"cards_obtained":["Injury"]},{"damage_healed":0,"gold_gain":0,"player_choice":"Ignored","damage_taken":0,"max_hp_gain":0,"max_hp_loss":0,"event_name":"Shining Light","floor":3,"gold_loss":0},{"damage_healed":0,"gold_gain":0,"player_choice":"Donut","damage_taken":0,"max_hp_gain":5,"max_hp_loss":0,"event_name":"Big Fish","floor":8,"gold_loss":0},{"damage_healed":0,"gold_gain":75,"player_choice":"Gather Gold","damage_taken":11,"max_hp_gain":0,"max_hp_loss":0,"event_name":"World of Goop","floor":11,"gold_loss":0},{"damage_healed":0,"gold_gain":0,"cards_transformed":["Strike_B"],"player_choice":"Transformed","damage_taken":0,"max_hp_gain":0,"max_hp_loss":0,"event_name":"Transmorgrifier","floor":22,"gold_loss":0,"cards_obtained":["FTL"]}],"is_beta":false,"boss_relics":[{"not_picked":["Black Star","Velvet Choker"],"picked":"FrozenCore"}],"items_purged_floors":[5,21],"is_endless":false,"potions_floor_spawned":[1,7,14,19,20],"killed_by":"3 Cultists","ascension_level":7}}