{"host":"qyez2yslpe45fpbf","time":1613850322,"event":{"mods":["AchievementEnabler","BaseMod","BetterRewards","Colored Map","Hubris","Minty Spire (QoL Compilation)","Shop Mod","Spires And Sneckos","StSLib","The Necromancer"],"gold_per_floor":[112,129,129,129,143,478,478,478,478,478,40,75,75,108,108,108,108],"floor_reached":16,"language":"ENG","playtime":679,"items_purged":["Strike_W"],"score":116,"play_id":"1ea6b507-3ad2-4745-ac4a-e4de25db95e5","local_time":"20210220204522","daily_mods":["Heirloom","Flight","Elite Swarm"],"is_ascension_mode":false,"campfire_choices":[{"data":"Blood_for_Blood","floor":7,"key":"SMITH"},{"data":"Blood_Is_Power","floor":8,"key":"SMITH"},{"data":"Bone_Prison","floor":10,"key":"SMITH"},{"data":"Blood_Is_Power","floor":13,"key":"SMITH"},{"data":"Blood_Wake","floor":15,"key":"SMITH"}],"circlet_count":0,"master_deck":["Strike_W","Strike_W","Strike_W","Defend_W","Defend_W","Defend_W","Defend_W","Negative_Energy_Arrows","Bone_Wall","Blood_Is_Power+1","Negative_Energy_Javelin","Bone_Prison+1","Finger_Of_Death","Blood_for_Blood+1","Blood_Wake+1","Blood_Is_Power+1"],"relics":["Vampire_Amulet","Prayer Wheel","hubris:Towel","CultistMask","Old Coin","Blue Candle","Sling","Tiny Chest","hubris:FunFungus","Thread and Needle"],"acts_visited":["Exordium"],"potions_floor_usage":[12],"damage_taken":[{"damage":2,"enemies":"Cultist","floor":1,"turns":4},{"damage":3,"enemies":"Jaw Worm","floor":2,"turns":3},{"damage":0,"enemies":"2 Louse","floor":5,"turns":2},{"damage":8,"enemies":"Gremlin Nob","floor":6,"turns":4},{"damage":8,"enemies":"3 Sentries","floor":12,"turns":3},{"damage":20,"enemies":"Gremlin Nob","floor":14,"turns":4},{"damage":0,"enemies":"The Guardian","floor":16,"turns":1}],"seed_played":"3829048564302107331","potions_obtained":[{"floor":2,"key":"Block Potion"},{"floor":12,"key":"SkillPotion"}],"is_trial":true,"path_per_floor":["M","M","?","?","M","E","R","R","T","R","$","E","R","E","R","B"],"character_chosen":"NECROMANCER","items_purchased":["Sling","Tiny Chest","Blood_Is_Power"],"campfire_rested":0,"item_purchase_floors":[11,11,11],"current_hp_per_floor":[75,74,74,74,75,69,69,69,69,69,69,67,67,51,51,51,51],"gold":108,"neow_bonus":"","is_daily":false,"chose_seed":false,"campfire_upgraded":5,"win_rate":0.0,"timestamp":1613850322,"path_taken":["M","?","?","?","?","E","R","R","T","R","$","E","R","E","R","BOSS"],"items_purchased_type":["Relic","Relic","Card"],"build_version":"2020-12-22","purchased_purges":1,"victory":false,"max_hp_per_floor":[75,75,75,75,75,75,75,75,75,75,75,75,75,75,75,75,75],"card_choices":[{"not_picked":["Shackles_Of_Pain","Blood_Curse"],"picked":"Blood_Is_Power","floor":1},{"not_picked":["Bone_Spikes","Life_Drain"],"picked":"Negative_Energy_Javelin","floor":1},{"not_picked":["Thousand_Bone_Knives","Corrupt"],"picked":"Bone_Prison","floor":2},{"not_picked":["Negative_Energy_Shield","Slay_Living"],"picked":"Finger_Of_Death","floor":2},{"not_picked":["Necrotic_Claws","Life_Tap"],"picked":"Blood_for_Blood","floor":5},{"not_picked":["Vampiric_Strike","Scare","Acid_Javelin"],"picked":"SKIP","floor":5},{"not_picked":["Requiem","Detonate_Bones"],"picked":"Blood_Wake","floor":6},{"not_picked":["Detonate_Bones","Grasp_Heart","Hellfire"],"picked":"SKIP","floor":12},{"not_picked":["Cloudkill","Skeleton_Dragon","Blood_Wake"],"picked":"SKIP","floor":14}],"player_experience":20263,"relics_obtained":[{"floor":6,"key":"Old Coin"},{"floor":9,"key":"Blue Candle"},{"floor":12,"key":"hubris:FunFungus"},{"floor":14,"key":"Thread and Needle"}],"event_choices":[{"damage_healed":0,"gold_gain":0,"player_choice":"Trade","damage_taken":0,"relics_obtained":["CultistMask"],"max_hp_gain":0,"max_hp_loss":0,"event_name":"FaceTrader","floor":4,"gold_loss":0}],"is_beta":false,"boss_relics":[],"items_purged_floors":[11],"is_endless":false,"potions_floor_spawned":[2,12],"killed_by":"The Guardian","ascension_level":0}}