{"host":"i9wanet4r0ff4t9y","time":1613844032,"event":{"mods":["2.2 Compatiblity","Act Like it!","BaseMod","Bestiary","Better Altar","Better Match","Better Note","Better Sensory Stone","Better Skull","Better Third Choice","Better Vampires","BetterRewards","CapriCore","Colored Map","Curses Come First","Downfall","Hubris","Minty Spire (QoL Compilation)","Quick Restart","READ ME - Guardian Mod","READ ME - Snecko Mod","Relic Stats","Reliquary","Ruina","Say the Spire","Spicy Shops","StSLib","The Gatherer","Waifu the Spire"],"gold_per_floor":[118,127,127,22,22,22,50,82,82,116,154,154,195,25,25,129,129,159,195,227,227,256,256,256,256,256,256,291,300,331,36,36,146,146,179,79,116,46,70,104,104,122,146,180,212,70,70,104,116,128],"floor_reached":51,"language":"POL","playtime":1106,"items_purged":[],"score":1183,"play_id":"398fd3f4-91d6-4194-a89a-b2294e8688dc","local_time":"20210220190032","is_ascension_mode":true,"campfire_choices":[{"data":"Capacitor","floor":6.0,"key":"SMITH"},{"floor":12,"key":"REST"},{"floor":15,"key":"REST"},{"floor":23,"key":"REST"},{"floor":25,"key":"REST"},{"data":"1","floor":27,"key":"LIFT"},{"data":"Mind Blast","floor":32,"key":"SMITH"},{"data":"Apotheosis","floor":41,"key":"SMITH"},{"floor":49,"key":"REST"}],"circlet_count":0,"master_deck":["Strike_B","Strike_B","Strike_B","Defend_B","Defend_B","Defend_B","Defend_B","Zap","Dualcast","Compile Driver+1","Ball Lightning","Glacier","Conserve Battery","Capacitor+1","Streamline","Chill","FTL","Conserve Battery","Consume","Conserve Battery","Force Field","Machine Learning","Loop","Turbo","Meteor Strike","Double Energy","Barrage+1","Hello World+1","Ball Lightning","Conserve Battery","Capacitor","All For One","Steam+1","Hologram+1","Meteor Strike","Electrodynamics","Sweeping Beam","Apotheosis+1","Mind Blast+1","Fission","Ball Lightning+1","Consume+1","Turbo+1","Meteor Strike","Thunder Strike","Storm+1","Forethought","Trip","Static Discharge","Gash","Hello World+1","Streamline+1","Defragment","Glacier+1"],"relics":["Cracked Core","reliquary:PorcupineQuills","HandDrill","Prayer Wheel","hubris:SlimyHat","CeramicFish","hubris:Icosahedron","Mummified Hand","Girya","hubris:OldNail","hubris:Potato","reliquary:RustamsPendant","reliquary:TridentHead","Bag of Marbles","Empty Cage","Orichalcum","Vajra","Ancient Tea Set","Centennial Puzzle","MawBank"],"acts_visited":["Exordium","TheCity","TheBeyond"],"potions_floor_usage":[10,22,28,33,33,50,50,50],"damage_taken":[{"damage":1.0,"enemies":"2 Louse","floor":1.0,"turns":2.0},{"damage":0,"enemies":"Small Slimes","floor":7,"turns":2},{"damage":2,"enemies":"Cultist","floor":8,"turns":3},{"damage":0,"enemies":"3 Louse","floor":10,"turns":1},{"damage":4,"enemies":"Lagavulin","floor":11,"turns":5},{"damage":24,"enemies":"Gremlin Nob","floor":13,"turns":4},{"damage":14,"enemies":"Hexaghost","floor":16,"turns":8},{"damage":9,"enemies":"Chosen","floor":18,"turns":4},{"damage":9,"enemies":"Spheric Guardian","floor":19,"turns":4},{"damage":24,"enemies":"Snake Plant","floor":20,"turns":5},{"damage":12,"enemies":"Sentry and Sphere","floor":22,"turns":4},{"damage":0,"enemies":"Shelled Parasite and Fungi","floor":28,"turns":3},{"damage":0,"enemies":"Snecko","floor":30,"turns":2},{"damage":23,"enemies":"hubris:MusketHawk","floor":33,"turns":7},{"damage":0,"enemies":"Orb Walker","floor":35,"turns":2},{"damage":0,"enemies":"3 Darklings","floor":37,"turns":1},{"damage":0,"enemies":"Reptomancer","floor":40,"turns":2},{"damage":0,"enemies":"Writhing Mass","floor":44,"turns":1},{"damage":0,"enemies":"Jaw Worm Horde","floor":45,"turns":1},{"damage":0,"enemies":"Nemesis","floor":48,"turns":1},{"damage":47,"enemies":"Awakened One","floor":50,"turns":4}],"seed_played":"4559409665899866844","potions_obtained":[{"floor":7,"key":"Explosive Potion"},{"floor":16,"key":"Explosive Potion"},{"floor":19,"key":"Explosive Potion"},{"floor":20,"key":"SkillPotion"},{"floor":21,"key":"Fire Potion"},{"floor":30,"key":"DistilledChaos"},{"floor":40,"key":"Energy Potion"},{"floor":45,"key":"BlessingOfTheForge"},{"floor":48,"key":"champ:CounterPotion"}],"is_trial":false,"path_per_floor":["M","?","?","$","?","R","M","M","T","M","E","R","E","$","R","B",null,"M","M","M","?","M","R","?","R","T","R","M","?","M","$","R","B",null,"M","NS","M","$","T","E","R","?","T","M","M","$","?","E","R","B",null],"character_chosen":"DEFECT","items_purchased":["reliquary:PorcupineQuills","HandDrill","Prayer Wheel","hubris:SlimyHat","Fruit Juice","Compile Driver","Ball Lightning","Capacitor","Streamline","hubris:OldNail","Turbo","Apotheosis","Mind Blast","Bag of Marbles","Meteor Strike","Thunder Strike","Centennial Puzzle","Defragment"],"campfire_rested":5,"item_purchase_floors":[0,0,0,0,0,0,0,4,4,14,14,31,31,31,38,38,46,46],"current_hp_per_floor":[37,37,37,37,37,37,37,35,35,35,31,55,31,31,55,41,70,61,52,28,28,16,40,40,64,64,64,64,64,64,64,64,41,70,70,70,70,70,70,70,70,70,70,70,70,70,70,70,80,33],"gold":140,"neow_bonus":"","is_daily":false,"chose_seed":false,"campfire_upgraded":3,"win_rate":0.0,"timestamp":1613844032,"path_taken":["M","?","?","$","?","R","M","M","T","M","E","R","E","$","R","BOSS","M","M","M","?","?","R","?","R","T","R","M","?","M","$","R","BOSS","M","NS","M","$","?","E","R","?","T","M","M","$","?","E","R","BOSS"],"items_purchased_type":["Relic","Relic","Relic","Relic","Potion","Card","Card","Card","Card","Relic","Card","Card","Card","Relic","Card","Card","Relic","Card"],"build_version":"2020-12-22","purchased_purges":0,"victory":true,"max_hp_per_floor":[80,80,80,80,80,80,80,80,80,80,80,80,80,80,80,80,80,80,80,80,80,80,80,80,80,80,80,80,80,80,80,80,80,80,80,80,80,80,80,80,80,80,80,80,80,80,80,80,80,80],"relic_stats":{"Centennial Puzzle":[3],"counters":[29,95],"Mummified Hand":[40],"CeramicFish":405,"Prayer Wheel":14,"HandDrill":[30],"Orichalcum":[6],"MawBank":36,"obtain_stats":[{"reliquary:Conveyor":2,"CeramicFish":2,"Vajra":40,"hubris:SlimyHat":0,"Empty Cage":34,"Ancient Tea Set":43,"ClockworkSouvenir":0,"reliquary:FerryPass":13,"reliquary:TridentHead":26,"Centennial Puzzle":46,"hubris:Icosahedron":3,"Mummified Hand":9,"Prayer Wheel":0,"HandDrill":0,"Cracked Core":0,"Potion Belt":0,"Girya":11,"Golden Idol":3,"Oddly Smooth Stone":0,"Orichalcum":39,"MawBank":48,"reliquary:ExpiredCoupon":9,"reliquary:RustamsPendant":17,"reliquary:PorcupineQuills":0,"reliquary:Stiletto":0,"Bag of Marbles":31,"hubris:OldNail":14,"hubris:Potato":16},{"reliquary:Conveyor":1,"CeramicFish":9,"Vajra":25,"hubris:SlimyHat":8,"Empty Cage":22,"Ancient Tea Set":25,"ClockworkSouvenir":0,"reliquary:FerryPass":14,"reliquary:TridentHead":19,"Centennial Puzzle":27,"hubris:Icosahedron":9,"Mummified Hand":11,"Prayer Wheel":8,"HandDrill":8,"Cracked Core":0,"Potion Belt":0,"Girya":13,"Golden Idol":1,"Oddly Smooth Stone":0,"Orichalcum":24,"MawBank":28,"reliquary:ExpiredCoupon":4,"reliquary:RustamsPendant":15,"reliquary:PorcupineQuills":8,"reliquary:Stiletto":0,"Bag of Marbles":21,"hubris:OldNail":14,"hubris:Potato":15},{"reliquary:Conveyor":4,"CeramicFish":31,"Vajra":88,"hubris:SlimyHat":29,"Empty Cage":83,"Ancient Tea Set":88,"ClockworkSouvenir":0,"reliquary:FerryPass":46,"reliquary:TridentHead":71,"Centennial Puzzle":90,"hubris:Icosahedron":31,"Mummified Hand":36,"Prayer Wheel":29,"HandDrill":29,"Cracked Core":0,"Potion Belt":0,"Girya":42,"Golden Idol":4,"Oddly Smooth Stone":0,"Orichalcum":86,"MawBank":91,"reliquary:ExpiredCoupon":12,"reliquary:RustamsPendant":54,"reliquary:PorcupineQuills":29,"reliquary:Stiletto":0,"Bag of Marbles":76,"hubris:OldNail":46,"hubris:Potato":54}]},"card_choices":[{"not_picked":["Rebound","Gash"],"picked":"Glacier","floor":1.0},{"not_picked":["Rebound","Reinforced Body"],"picked":"Conserve Battery","floor":1.0},{"not_picked":["Rip and Tear","Barrage"],"picked":"Chill","floor":7},{"not_picked":["Steam","Auto Shields"],"picked":"FTL","floor":7},{"not_picked":["Leap","Streamline"],"picked":"Conserve Battery","floor":8},{"not_picked":["hubris:PowerSurge","Beam Cell"],"picked":"Consume","floor":8},{"not_picked":["Streamline","Sweeping Beam"],"picked":"Conserve Battery","floor":10},{"not_picked":["Redo","Lockon"],"picked":"Force Field","floor":10},{"not_picked":["Scrape","Redo"],"picked":"Machine Learning","floor":11},{"not_picked":["Sweeping Beam","Conserve Battery"],"picked":"Loop","floor":13},{"not_picked":["Amplify","hubris:SpecializedCircuitry"],"picked":"Meteor Strike","floor":16},{"not_picked":["Hologram","Heatsinks"],"picked":"Double Energy","floor":18},{"not_picked":["Cold Snap","Rebound+1"],"picked":"Barrage+1","floor":18},{"not_picked":["Beam Cell","Redo"],"picked":"Hello World+1","floor":19},{"not_picked":["Auto Shields","Cold Snap"],"picked":"Ball Lightning","floor":19},{"not_picked":["Beam Cell","hubris:SpecializedCircuitry"],"picked":"Conserve Battery","floor":20},{"not_picked":["Turbo","Coolheaded"],"picked":"Capacitor","floor":20},{"not_picked":["Force Field","Coolheaded+1"],"picked":"All For One","floor":22},{"not_picked":["Cold Snap","Barrage+1"],"picked":"Go for the Eyes+1","floor":22},{"not_picked":["Coolheaded","Stack+1"],"picked":"Steam+1","floor":28},{"not_picked":["Stack","Turbo+1"],"picked":"Hologram+1","floor":28},{"not_picked":["Cold Snap","Skim+1"],"picked":"Electrodynamics","floor":30},{"not_picked":["Recycle","Steam Power"],"picked":"Sweeping Beam","floor":30},{"not_picked":["Meteor Strike","All For One"],"picked":"Fission","floor":33},{"not_picked":["Barrage","Tempest"],"picked":"Ball Lightning+1","floor":35},{"not_picked":["Rip and Tear","Compile Driver+1"],"picked":"Turbo+1","floor":35},{"not_picked":["Gash","Stack+1"],"picked":"Consume+1","floor":37},{"not_picked":["Redo","Heatsinks"],"picked":"Turbo+1","floor":37},{"not_picked":["White Noise","Barrage+1"],"picked":"Storm+1","floor":40},{"not_picked":["Impatience","Swift Strike"],"picked":"Forethought","floor":42},{"not_picked":["Flash of Steel","Master of Strategy"],"picked":"Trip","floor":42},{"not_picked":["Rebound+1","Hello World+1"],"picked":"Static Discharge","floor":44},{"not_picked":["Scrape+1","Stack+1"],"picked":"Gash","floor":44},{"not_picked":["Rebound+1","Go for the Eyes"],"picked":"Hello World+1","floor":45},{"not_picked":["Undo","Turbo+1"],"picked":"Streamline+1","floor":45},{"not_picked":["Fusion+1","Ball Lightning+1"],"picked":"Glacier+1","floor":48}],"player_experience":478893,"relics_obtained":[{"floor":9,"key":"Mummified Hand"},{"floor":11,"key":"Girya"},{"floor":13,"key":"reliquary:FerryPass"},{"floor":16,"key":"hubris:Potato"},{"floor":26,"key":"reliquary:TridentHead"},{"floor":39,"key":"Orichalcum"},{"floor":40,"key":"Vajra"},{"floor":43,"key":"Ancient Tea Set"},{"floor":48,"key":"MawBank"}],"event_choices":[{"damage_healed":0.0,"max_hp_gain":0.0,"max_hp_loss":0.0,"gold_gain":0.0,"event_name":"Big Fish","player_choice":"Box","floor":2.0,"gold_loss":0.0,"damage_taken":0.0,"relics_obtained":["CeramicFish"],"cards_obtained":["Regret"]},{"damage_healed":0.0,"max_hp_gain":0.0,"max_hp_loss":0.0,"gold_gain":0.0,"event_name":"Living Wall","player_choice":"Grow","floor":5.0,"gold_loss":0.0,"damage_taken":0.0,"cards_upgraded":["Compile Driver"]},{"damage_healed":0,"gold_gain":0,"player_choice":"Got Potions","damage_taken":0,"max_hp_gain":0,"max_hp_loss":0,"event_name":"Lab","floor":21,"gold_loss":0},{"damage_healed":0,"gold_gain":0,"player_choice":"Copied","damage_taken":0,"max_hp_gain":0,"max_hp_loss":0,"event_name":"Duplicator","floor":29,"gold_loss":0,"cards_obtained":["Meteor Strike"]},{"damage_healed":0,"gold_gain":3,"player_choice":"1","damage_taken":0,"max_hp_gain":0,"max_hp_loss":0,"event_name":"betterStone:BetterStone","floor":42,"gold_loss":0},{"cards_removed":["Strike_B"],"damage_healed":0,"gold_gain":0,"player_choice":"Removed Attack","damage_taken":0,"max_hp_gain":0,"max_hp_loss":0,"event_name":"Falling","floor":47,"gold_loss":0}],"is_beta":false,"boss_relics":[{"not_picked":["Tiny House","Coffee Dripper"],"picked":"reliquary:RustamsPendant"},{"not_picked":["hubris:BlackHole","Runic Dome"],"picked":"Empty Cage"}],"items_purged_floors":[],"is_endless":false,"potions_floor_spawned":[7,16,19,20,30,40,45,48],"ascension_level":8}}