{"host":"csv4uk4hw8wax4p9","time":1613824648,"event":{"mods":["Act Like it!","BaseMod","KinomotoSakuraMod(Ä¾Ö®±¾Ó£)","Minty Spire (QoL Compilation)","Quick Restart","StSLib"],"gold_per_floor":[11,11,23,23,37,37,67,84,84,111,129,129,129,160,160,262,262,274,274,291,291,291,291,317,345,415,450,450,483,23,51,51,150,150,163,174,174,194,194,229,256,269,341,359,390,421,249,280,280,280,280,280,25,55,55],"floor_reached":56,"language":"ZHS","playtime":4204,"items_purged":["ClowCardTheShield","ClowCardTheShield"],"score":1985,"play_id":"0e75cccf-1168-40df-bdd9-96def7c0edfd","local_time":"20210220203728","is_ascension_mode":true,"campfire_choices":[{"data":"ClowCardTheStorm","floor":6.0,"key":"SMITH"},{"data":"ClowCardTheFloat","floor":13.0,"key":"SMITH"},{"data":"ClowCardTheDark","floor":15.0,"key":"SMITH"},{"floor":23.0,"key":"RECALL"},{"data":"ClowCardTheTwin","floor":32.0,"key":"SMITH"},{"data":"ClowCardTheWindy","floor":49,"key":"SMITH"},{"data":"ClowCardTheFloat","floor":52,"key":"SMITH"}],"circlet_count":0,"master_deck":["SakuraCardTheMirror+","SakuraCardTheGlow+","SakuraCardTheSword+","ClowCardTheSword+1","ClowCardTheShield","SpellCardSeal+1","SpellCardRelease","ClowCardTheFly+1","ClowCardTheMaze","ClowCardTheStorm+1","ClowCardTheFloat+1","ClowCardTheVoice","ClowCardTheJump","ClowCardTheRain+1","ClowCardTheDark+1","ClowCardTheDash","ClowCardTheDream","ClowCardTheVoice+1","ClowCardTheSleep+1","ClowCardTheTwin+1","ClowCardTheFloat+1","ClowCardTheFloat","ClowCardTheDash","ClowCardTheFight","ClowCardTheSilent+1","ClowCardTheShadow","ClowCardTheBubbles+1","ClowCardTheWindy+1","ClowCardTheSong","ClowCardTheWindy+1","ClowCardTheIllusion"],"relics":["KSMOD_SealedBook","KSMOD_SealedWand","Ginger","Pear","KSMOD_Cerberus","WingedGreaves","Bottled Flame","SlaversCollar","Bag of Preparation","Smiling Mask","Pantograph","The Courier","Orichalcum","Letter Opener","Bird Faced Urn","Centennial Puzzle","KSMOD_DarknessWand","HornCleat","Shuriken","KSMOD_SwordJade","Mango","Medical Kit","Pen Nib","DollysMirror","Vajra","Whetstone"],"acts_visited":["Exordium","TheCity","TheBeyond","TheEnding"],"potions_floor_usage":[55,55],"damage_taken":[{"damage":1.0,"enemies":"2 Louse","floor":1.0,"turns":4.0},{"damage":1.0,"enemies":"Cultist","floor":3.0,"turns":4.0},{"damage":5.0,"enemies":"Jaw Worm","floor":5.0,"turns":4.0},{"damage":14.0,"enemies":"Gremlin Nob","floor":7.0,"turns":4.0},{"damage":0.0,"enemies":"Exordium Wildlife","floor":8.0,"turns":5.0},{"damage":0.0,"enemies":"3 Sentries","floor":10.0,"turns":1.0},{"damage":0.0,"enemies":"Lots of Slimes","floor":11.0,"turns":2.0},{"damage":0.0,"enemies":"Gremlin Nob","floor":14.0,"turns":3.0},{"damage":0.0,"enemies":"Slime Boss","floor":16.0,"turns":3.0},{"damage":0.0,"enemies":"Chosen","floor":18.0,"turns":1.0},{"damage":4.0,"enemies":"3 Byrds","floor":20.0,"turns":7.0},{"damage":0.0,"enemies":"Book of Stabbing","floor":24.0,"turns":3.0},{"damage":0.0,"enemies":"Gremlin Leader","floor":25.0,"turns":3.0},{"damage":0.0,"enemies":"Slavers","floor":27.0,"turns":2.0},{"damage":7.0,"enemies":"Gremlin Leader","floor":29.0,"turns":4.0},{"damage":0.0,"enemies":"Slavers","floor":31.0,"turns":2.0},{"damage":17.0,"enemies":"Automaton","floor":33.0,"turns":5.0},{"damage":12.0,"enemies":"3 Shapes","floor":35.0,"turns":2.0},{"damage":0.0,"enemies":"3 Darklings","floor":36.0,"turns":4.0},{"damage":6.0,"enemies":"Spire Growth","floor":38.0,"turns":3.0},{"damage":16.0,"enemies":"Reptomancer","floor":40.0,"turns":2.0},{"damage":0.0,"enemies":"Nemesis","floor":41.0,"turns":5.0},{"damage":10,"enemies":"4 Shapes","floor":42,"turns":1},{"damage":0,"enemies":"Writhing Mass","floor":44,"turns":5},{"damage":0,"enemies":"Reptomancer","floor":45,"turns":3},{"damage":0,"enemies":"Giant Head","floor":46,"turns":3},{"damage":0,"enemies":"Nemesis","floor":48,"turns":3},{"damage":0,"enemies":"Awakened One","floor":50,"turns":7},{"damage":0,"enemies":"Shield and Spear","floor":54,"turns":6},{"damage":17,"enemies":"The Heart","floor":55,"turns":4}],"seed_played":"8397094050856221298","potions_obtained":[{"floor":1.0,"key":"DistilledChaos"},{"floor":8.0,"key":"PowerPotion"},{"floor":11.0,"key":"FearPotion"},{"floor":16.0,"key":"Energy Potion"},{"floor":18.0,"key":"Swift Potion"},{"floor":27.0,"key":"GamblersBrew"},{"floor":36.0,"key":"KSMOD_MagickBottle"},{"floor":45,"key":"Energy Potion"}],"is_trial":false,"path_per_floor":["M","?","M","$","M","R","E","M","T","E","M","?","R","E","R","B",null,"M","?","M","?","T","R","E","E","T","E","?","E","$","E","R","B",null,"M","M","?","M","?","E","E","M","T","M","E","E","$","E","R","B",null,"R","$","E","B",null],"character_chosen":"KINOMOTOSAKURA","items_purchased":["ClowCardTheTwin","ClowCardTheFloat","ClowCardTheFloat","Bird Faced Urn","Medical Kit","DollysMirror","ClowCardTheIllusion","Vajra"],"campfire_rested":0,"item_purchase_floors":[30,30,30,30,47,53,53,53],"current_hp_per_floor":[69,69,68,68,63,63,59,59,59,59,59,59,59,59,59,59,80,80,80,76,61,61,61,61,61,61,61,61,54,54,64,64,82,85,73,85,85,79,79,69,83,75,75,85,85,99,99,99,99,99,99,99,99,99,91],"gold":55,"neow_bonus":"ONE_RARE_RELIC","is_daily":false,"chose_seed":false,"campfire_upgraded":6,"win_rate":0.0,"timestamp":1613824648,"path_taken":["M","?","M","$","M","R","E","M","T","E","?","?","R","E","R","BOSS","M","?","?","?","?","R","E","E","T","E","?","E","$","E","R","BOSS","M","M","?","M","?","E","E","?","T","M","E","E","$","E","R","BOSS","R","$","E","BOSS"],"items_purchased_type":["Card","Card","Card","Relic","Relic","Relic","Card","Relic"],"build_version":"2020-12-22","purchased_purges":2,"victory":true,"max_hp_per_floor":[70,70,70,70,70,70,80,80,80,80,80,80,80,80,80,80,80,80,80,80,85,85,85,85,85,85,85,85,85,85,85,85,85,85,85,85,85,85,85,85,85,85,85,85,85,99,99,99,99,99,99,99,99,99,99],"card_choices":[{"not_picked":["ClowCardTheLoop","ClowCardTheCloud"],"picked":"ClowCardTheFly","floor":1.0},{"not_picked":["ClowCardTheCloud","ClowCardTheWood"],"picked":"ClowCardTheMaze","floor":3.0},{"not_picked":["ClowCardTheWave","ClowCardTheEarthy"],"picked":"ClowCardTheStorm","floor":5.0},{"not_picked":["ClowCardTheMaze","ClowCardTheMirror"],"picked":"ClowCardTheFloat","floor":7.0},{"not_picked":["ClowCardTheIllusion","ClowCardTheBubbles"],"picked":"ClowCardTheVoice","floor":8.0},{"not_picked":["ClowCardTheSilent","ClowCardTheWave"],"picked":"ClowCardTheGlow","floor":10.0},{"not_picked":["ClowCardTheMirror","ClowCardTheLibra"],"picked":"ClowCardTheJump","floor":11.0},{"not_picked":["ClowCardTheFloat","ClowCardTheWave"],"picked":"ClowCardTheDark","floor":14.0},{"not_picked":["ClowCardTheTime","ClowCardTheFight"],"picked":"ClowCardTheDash","floor":16.0},{"not_picked":["ClowCardTheSweet","ClowCardTheCloud","ClowCardTheSnow"],"picked":"SKIP","floor":18.0},{"not_picked":["ClowCardTheCloud","ClowCardTheLibra"],"picked":"ClowCardTheDream","floor":20.0},{"not_picked":["ClowCardTheLibra+1","ClowCardTheLoop"],"picked":"ClowCardTheVoice+1","floor":24.0},{"not_picked":["ClowCardTheFly","ClowCardTheJump"],"picked":"ClowCardTheSleep+1","floor":25.0},{"not_picked":["ClowCardTheVoice","ClowCardTheSand"],"picked":"ClowCardTheMirror","floor":27.0},{"not_picked":["ClowCardTheArrow","ClowCardTheSnow","ClowCardTheCloud"],"picked":"SKIP","floor":29.0},{"not_picked":["ClowCardTheFirey","ClowCardTheLibra+1"],"picked":"ClowCardTheDash","floor":31.0},{"not_picked":["ClowCardTheReturn","ClowCardTheThrough"],"picked":"ClowCardTheFight","floor":33.0},{"not_picked":["ClowCardTheArrow","ClowCardTheFreeze"],"picked":"ClowCardTheSilent+1","floor":35.0},{"not_picked":["ClowCardTheSilent","ClowCardTheFlower+1"],"picked":"ClowCardTheShadow","floor":36.0},{"not_picked":["ClowCardTheWood","ClowCardTheChange","ClowCardTheLibra"],"picked":"SKIP","floor":38.0},{"not_picked":["ClowCardTheWave+1","ClowCardTheShadow+1"],"picked":"ClowCardTheBubbles+1","floor":40.0},{"not_picked":["ClowCardTheSilent+1","ClowCardTheCloud+1","ClowCardTheSnow"],"picked":"SKIP","floor":41.0},{"not_picked":["ClowCardTheEarthy+1","ClowCardTheLibra+1"],"picked":"ClowCardTheWindy","floor":42},{"not_picked":["ClowCardTheSilent+1","ClowCardTheThrough","ClowCardTheFreeze+1"],"picked":"SKIP","floor":44},{"not_picked":["ClowCardTheSong+1","ClowCardTheSleep","ClowCardTheBig+1"],"picked":"SKIP","floor":45},{"not_picked":["ClowCardTheSand+1","ClowCardTheWood+1"],"picked":"ClowCardTheSong","floor":46},{"not_picked":["ClowCardTheErase+1","ClowCardTheRain+1","ClowCardTheSong"],"picked":"SKIP","floor":48},{"not_picked":["ClowCardTheDream+1","ClowCardTheSleep","ClowCardTheSand"],"picked":"SKIP","floor":54}],"player_experience":506089,"relics_obtained":[{"floor":7.0,"key":"Pear"},{"floor":9.0,"key":"KSMOD_Cerberus"},{"floor":10.0,"key":"WingedGreaves"},{"floor":14.0,"key":"Bottled Flame"},{"floor":22.0,"key":"Bag of Preparation"},{"floor":24.0,"key":"Smiling Mask"},{"floor":25.0,"key":"Pantograph"},{"floor":26.0,"key":"The Courier"},{"floor":27.0,"key":"Orichalcum"},{"floor":29.0,"key":"Letter Opener"},{"floor":31.0,"key":"Centennial Puzzle"},{"floor":40.0,"key":"HornCleat"},{"floor":41.0,"key":"Shuriken"},{"floor":45,"key":"KSMOD_SwordJade"},{"floor":46,"key":"Mango"},{"floor":48,"key":"Pen Nib"},{"floor":54,"key":"Whetstone"}],"event_choices":[{"damage_healed":0.0,"max_hp_gain":0.0,"max_hp_loss":0.0,"gold_gain":0.0,"event_name":"Upgrade Shrine","player_choice":"Upgraded","floor":2.0,"gold_loss":0.0,"damage_taken":0.0,"cards_upgraded":["ClowCardTheFly"]},{"damage_healed":0.0,"max_hp_gain":0.0,"max_hp_loss":0.0,"gold_gain":0.0,"cards_transformed":["ClowCardTheSword"],"event_name":"Living Wall","player_choice":"Change","floor":12.0,"gold_loss":0.0,"damage_taken":0.0,"cards_obtained":["ClowCardTheRain"]},{"cards_removed":["ClowCardTheSword"],"damage_healed":0.0,"max_hp_gain":0.0,"max_hp_loss":0.0,"gold_gain":0.0,"event_name":"Purifier","player_choice":"Purged","floor":19.0,"gold_loss":0.0,"damage_taken":0.0},{"damage_healed":0.0,"max_hp_gain":5.0,"max_hp_loss":0.0,"gold_gain":0.0,"event_name":"Forgotten Altar","player_choice":"Shed Blood","floor":21.0,"gold_loss":0.0,"damage_taken":20.0},{"cards_removed":["ClowCardTheShield"],"damage_healed":0.0,"max_hp_gain":0.0,"max_hp_loss":0.0,"gold_gain":0.0,"event_name":"Back to Basics","player_choice":"Elegance","floor":28.0,"gold_loss":0.0,"damage_taken":0.0},{"damage_healed":0.0,"max_hp_gain":0.0,"max_hp_loss":0.0,"gold_gain":0.0,"event_name":"Tomb of Lord Red Mask","player_choice":"Ignored","floor":37.0,"gold_loss":0.0,"damage_taken":0.0},{"damage_healed":0.0,"max_hp_gain":0.0,"max_hp_loss":0.0,"gold_gain":0.0,"event_name":"Accursed Blacksmith","player_choice":"Forge","floor":39.0,"gold_loss":0.0,"damage_taken":0.0,"cards_upgraded":["ClowCardTheRain"]}],"is_beta":false,"boss_relics":[{"not_picked":["Cursed Key","Pandora\u0027s Box"],"picked":"SlaversCollar"},{"not_picked":["Astrolabe","Philosopher\u0027s Stone"],"picked":"KSMOD_DarknessWand"}],"items_purged_floors":[30,47],"is_endless":false,"potions_floor_spawned":[1,8,11,16,18,27,33,36,38,42,45,46,48],"ascension_level":2}}