{"host":"osru0s4hyl5hhaol","time":1613820524,"event":{"mods":["BaseMod","Colored Map","Minty Spire (QoL Compilation)"],"gold_per_floor":[116,116,116,116,136,161,161,194,242,256,12,27,27,47,47,150,150,167,184,184,208,208,208,225,225,250,269,280,297,297,310,310,410,410,425,1424,1450,1467,1486,1486,1486,1244,1299,1319,341,352,376,394,394,394],"floor_reached":51,"language":"ENG","playtime":2491,"items_purged":["Strike_B","Defend_B"],"score":703,"play_id":"34c0ce06-2ed2-486c-8312-b48fbc0e64d5","local_time":"20210220052844","is_ascension_mode":false,"campfire_choices":[{"data":"Streamline","floor":7,"key":"SMITH"},{"floor":15,"key":"REST"},{"data":"Buffer","floor":23,"key":"SMITH"},{"data":"Beam Cell","floor":25,"key":"SMITH"},{"floor":32,"key":"REST"},{"data":"Echo Form","floor":40,"key":"SMITH"},{"floor":49,"key":"REST"}],"circlet_count":0,"master_deck":["Defend_B","Defend_B+1","Defend_B","Zap","Dualcast","Deep Breath+1","Redo","Zap","Jack Of All Trades","Streamline+1","Ball Lightning","Darkness","FTL","Capacitor","Buffer+1","Go for the Eyes","Sweeping Beam+1","Beam Cell+1","Cold Snap","Conserve Battery","Coolheaded","Hologram+1","Echo Form+1","All For One+1","Chill+1","Seek+1","Streamline","Defragment+1","HandOfGreed","Self Repair","Cold Snap","Blind","Lockon","Blizzard"],"relics":["Cracked Core","Tiny Chest","Bag of Preparation","Matryoshka","Busted Crown","Omamori","Centennial Puzzle","Vajra","Bronze Scales","Orichalcum","Darkstone Periapt","Astrolabe","Boot","Regal Pillow","Dead Branch","War Paint","Toolbox","Ancient Tea Set"],"acts_visited":["Exordium","TheCity","TheBeyond"],"potions_floor_usage":[6,12,16,16,27,33,33,50,50,50],"damage_taken":[{"damage":1,"enemies":"Jaw Worm","floor":1,"turns":3},{"damage":6,"enemies":"Small Slimes","floor":5,"turns":3},{"damage":20,"enemies":"Gremlin Nob","floor":6,"turns":3},{"damage":0,"enemies":"Cultist","floor":8,"turns":2},{"damage":11,"enemies":"Red Slaver","floor":10,"turns":3},{"damage":5,"enemies":"3 Louse","floor":12,"turns":3},{"damage":15,"enemies":"Exordium Thugs","floor":14,"turns":3},{"damage":15,"enemies":"The Guardian","floor":16,"turns":7},{"damage":10,"enemies":"Spheric Guardian","floor":18,"turns":4},{"damage":3,"enemies":"Chosen","floor":19,"turns":4},{"damage":11,"enemies":"3 Cultists","floor":24,"turns":5},{"damage":20,"enemies":"Centurion and Healer","floor":27,"turns":6},{"damage":0,"enemies":"Chosen and Byrds","floor":28,"turns":4},{"damage":11,"enemies":"Snake Plant","floor":29,"turns":3},{"damage":4,"enemies":"Centurion and Healer","floor":31,"turns":4},{"damage":20,"enemies":"Collector","floor":33,"turns":9},{"damage":15,"enemies":"3 Shapes","floor":35,"turns":6},{"damage":1,"enemies":"Orb Walker","floor":38,"turns":3},{"damage":1,"enemies":"3 Darklings","floor":39,"turns":5},{"damage":11,"enemies":"Spire Growth","floor":44,"turns":4},{"damage":0,"enemies":"Transient","floor":46,"turns":5},{"damage":22,"enemies":"Writhing Mass","floor":48,"turns":5},{"damage":53,"enemies":"Awakened One","floor":50,"turns":12}],"seed_played":"3841047011359873958","potions_obtained":[{"floor":5,"key":"ColorlessPotion"},{"floor":8,"key":"BlessingOfTheForge"},{"floor":10,"key":"AttackPotion"},{"floor":14,"key":"Explosive Potion"},{"floor":24,"key":"Block Potion"},{"floor":28,"key":"SpeedPotion"},{"floor":31,"key":"PowerPotion"},{"floor":44,"key":"BlessingOfTheForge"}],"is_trial":false,"path_per_floor":["M","?","?","?","M","E","R","M","T","M","$","M","$","M","R","B",null,"M","M","?","T","T","R","M","R","T","M","M","M","T","M","R","B",null,"M","?","T","M","M","R","?","$","T","M","$","M","T","M","R","B",null],"character_chosen":"DEFECT","items_purchased":["Matryoshka","HandOfGreed","Self Repair","Dead Branch","War Paint","Toolbox","Cold Snap","Blind","LiquidBronze","SpeedPotion"],"campfire_rested":3,"item_purchase_floors":[11,42,45,45,45,45,45,45,45,45],"current_hp_per_floor":[74,74,74,74,68,48,48,48,48,37,37,32,32,17,39,24,75,65,62,62,62,62,62,51,51,51,31,31,20,20,16,38,18,75,60,60,60,59,58,58,58,58,58,47,47,61,61,46,75,29],"gold":394,"neow_bonus":"RANDOM_COLORLESS","is_daily":false,"chose_seed":false,"campfire_upgraded":4,"win_rate":0.0,"timestamp":1613820524,"path_taken":["M","?","?","?","?","E","R","M","T","M","?","M","$","M","R","BOSS","M","M","?","?","?","R","M","R","T","M","M","?","?","M","R","BOSS","M","?","?","M","M","R","?","?","T","?","$","M","?","M","R","BOSS"],"items_purchased_type":["Relic","Card","Card","Relic","Relic","Relic","Card","Card","Potion","Potion"],"build_version":"2020-12-22","purchased_purges":2,"victory":true,"max_hp_per_floor":[75,75,75,75,75,75,75,75,75,75,75,75,75,75,75,75,75,75,75,75,75,75,75,75,75,75,75,75,75,75,75,75,75,75,75,75,75,75,75,75,75,75,75,75,75,75,75,75,75,75],"card_choices":[{"not_picked":["Purity","Good Instincts"],"picked":"Deep Breath","floor":0},{"not_picked":["Hologram","Recycle"],"picked":"Redo","floor":1},{"not_picked":["Barrage","White Noise"],"picked":"Streamline","floor":5},{"not_picked":["Rebound","White Noise"],"picked":"Ball Lightning","floor":6},{"not_picked":["Rebound","Compile Driver"],"picked":"Darkness","floor":8},{"not_picked":["Steam","Ball Lightning"],"picked":"FTL","floor":10},{"not_picked":["Ball Lightning","All For One","Compile Driver"],"picked":"SKIP","floor":12},{"not_picked":["Hologram","Redo"],"picked":"Capacitor","floor":14},{"not_picked":["Amplify","All For One"],"picked":"Buffer","floor":16},{"not_picked":[],"picked":"Go for the Eyes","floor":18},{"not_picked":[],"picked":"Sweeping Beam+1","floor":19},{"not_picked":[],"picked":"Beam Cell","floor":24},{"not_picked":[],"picked":"Cold Snap","floor":27},{"not_picked":[],"picked":"Conserve Battery","floor":28},{"not_picked":[],"picked":"Coolheaded","floor":29},{"not_picked":[],"picked":"Hologram+1","floor":31},{"not_picked":[],"picked":"Echo Form","floor":33},{"not_picked":["Ball Lightning"],"picked":"SKIP","floor":35},{"not_picked":[],"picked":"Streamline","floor":38},{"not_picked":[],"picked":"Defragment+1","floor":39},{"not_picked":["Sweeping Beam"],"picked":"SKIP","floor":44},{"not_picked":[],"picked":"Lockon","floor":46},{"not_picked":[],"picked":"Blizzard","floor":48}],"player_experience":181071,"relics_obtained":[{"floor":6,"key":"Tiny Chest"},{"floor":9,"key":"Bag of Preparation"},{"floor":21,"key":"Omamori"},{"floor":21,"key":"Centennial Puzzle"},{"floor":22,"key":"Vajra"},{"floor":22,"key":"Bronze Scales"},{"floor":26,"key":"Orichalcum"},{"floor":30,"key":"Darkstone Periapt"},{"floor":37,"key":"Boot"},{"floor":43,"key":"Regal Pillow"},{"floor":47,"key":"Ancient Tea Set"}],"event_choices":[{"damage_healed":0,"gold_gain":0,"player_choice":"Leave","damage_taken":0,"max_hp_gain":0,"max_hp_loss":0,"event_name":"The Cleric","floor":2,"gold_loss":0},{"damage_healed":0,"gold_gain":0,"player_choice":"Ignored","damage_taken":0,"max_hp_gain":0,"max_hp_loss":0,"event_name":"Golden Wing","floor":3,"gold_loss":0},{"damage_healed":0,"gold_gain":0,"player_choice":"2 cards matched","damage_taken":0,"max_hp_gain":0,"max_hp_loss":0,"event_name":"Match and Keep!","floor":4,"gold_loss":0,"cards_obtained":["Zap","Jack Of All Trades"]},{"damage_healed":0,"gold_gain":0,"player_choice":"Ignored","damage_taken":0,"max_hp_gain":0,"max_hp_loss":0,"event_name":"Ghosts","floor":20,"gold_loss":0},{"damage_healed":0,"gold_gain":999,"player_choice":"Gold","damage_taken":0,"max_hp_gain":0,"max_hp_loss":0,"event_name":"MindBloom","floor":36,"gold_loss":0,"cards_obtained":["Normality","Normality"]},{"damage_healed":0,"gold_gain":0,"player_choice":"Ignored","damage_taken":0,"max_hp_gain":0,"max_hp_loss":0,"event_name":"Tomb of Lord Red Mask","floor":41,"gold_loss":0}],"is_beta":false,"boss_relics":[{"not_picked":["Philosopher\u0027s Stone","Tiny House"],"picked":"Busted Crown"},{"not_picked":["Sozu","Empty Cage"],"picked":"Astrolabe"}],"items_purged_floors":[42,45],"is_endless":false,"potions_floor_spawned":[5,8,10,14,24,28,31,44,48],"ascension_level":0}}