{"host":"vx9g5eyuglzorf3u","time":1613836531,"event":{"mods":["2.2 Compatiblity","BaseMod","DeckTracker","Keyboard Shortcuts","Minty Spire (QoL Compilation)","Relic Stats","StSLib","SuperFastMode","everything is the same but u backflip on backflip"],"gold_per_floor":[112,37,37,37,37,37,78,98,98,98,23,36,60,60,60,156,156,135,60,85,0,27,39,72,105,117,129,162,217,229,262,274,286,286],"floor_reached":33,"language":"KOR","playtime":785,"items_purged":["Pain"],"score":584,"play_id":"af3afd6f-69c4-47ea-842a-46d633924a6c","local_time":"20210221005531","is_ascension_mode":true,"campfire_choices":[{"data":"Neutralize","floor":6.0,"key":"SMITH"},{"data":"Poisoned Stab","floor":10.0,"key":"SMITH"},{"data":"Terror","floor":15.0,"key":"SMITH"},{"floor":23.0,"key":"REST"},{"floor":27.0,"key":"REST"},{"floor":30.0,"key":"REST"},{"floor":32.0,"key":"REST"}],"circlet_count":0,"master_deck":["AscendersBane","Strike_G","Strike_G","Defend_G","Defend_G","Defend_G","Survivor","Neutralize+1","Poisoned Stab+1","Backflip","Terror+1","Blade Dance","Poisoned Stab","Leg Sweep","Phantasmal Killer","Accuracy","Blur"],"relics":["Ring of the Snake","NeowsBlessing","Golden Idol","WarpedTongs","Centennial Puzzle","Oddly Smooth Stone","Pantograph","Empty Cage","MawBank","Regal Pillow","Anchor"],"acts_visited":["Exordium","TheCity"],"potions_floor_usage":[33],"damage_taken":[{"damage":0.0,"enemies":"Small Slimes","floor":1.0,"turns":1.0},{"damage":0.0,"enemies":"3 Sentries","floor":7.0,"turns":1.0},{"damage":1.0,"enemies":"Jaw Worm","floor":8.0,"turns":1.0},{"damage":0.0,"enemies":"Cultist","floor":12.0,"turns":3.0},{"damage":3.0,"enemies":"Lots of Slimes","floor":13.0,"turns":5.0},{"damage":25.0,"enemies":"Hexaghost","floor":16.0,"turns":11.0},{"damage":14.0,"enemies":"2 Thieves","floor":18.0,"turns":4.0},{"damage":2.0,"enemies":"Chosen","floor":20.0,"turns":4.0},{"damage":9.0,"enemies":"Snake Plant","floor":22.0,"turns":6.0},{"damage":6.0,"enemies":"Cultist and Chosen","floor":24.0,"turns":6.0},{"damage":0.0,"enemies":"Centurion and Healer","floor":25.0,"turns":6.0},{"damage":17.0,"enemies":"3 Cultists","floor":28.0,"turns":4.0},{"damage":29.0,"enemies":"Book of Stabbing","floor":29.0,"turns":4.0},{"damage":32.0,"enemies":"Cultist and Chosen","floor":31.0,"turns":6.0},{"damage":63,"enemies":"Collector","floor":33,"turns":4}],"seed_played":"-313976358678666899","potions_obtained":[{"floor":7.0,"key":"BlessingOfTheForge"},{"floor":12.0,"key":"Dexterity Potion"},{"floor":22.0,"key":"DuplicationPotion"},{"floor":24.0,"key":"DuplicationPotion"}],"is_trial":false,"path_per_floor":["M","?","?","?","$","R","E","M","T","R","$","M","M","?","R","B",null,"M","?","M","?","M","R","M","M","T","R","M","E","R","M","R","B"],"character_chosen":"THE_SILENT","items_purchased":[],"campfire_rested":4,"item_purchase_floors":[],"current_hp_per_floor":[59,59,59,59,59,59,59,58,58,58,58,58,55,44,44,35,54,40,40,38,38,29,47,41,41,41,60,43,14,47,15,48,0,0],"gold":286,"neow_bonus":"THREE_ENEMY_KILL","is_daily":false,"chose_seed":false,"campfire_upgraded":3,"win_rate":0.0,"timestamp":1613836531,"path_taken":["M","?","?","?","$","R","E","?","T","R","?","M","M","?","R","BOSS","M","?","?","?","M","R","M","M","T","R","M","E","R","M","R","BOSS"],"items_purchased_type":[],"build_version":"2020-12-22","purchased_purges":1,"victory":false,"max_hp_per_floor":[66,66,60,60,60,60,60,60,60,60,60,60,60,60,60,60,60,60,60,60,60,60,60,60,60,60,60,60,60,60,60,60,60,60],"relic_stats":{"Centennial Puzzle":[33],"Regal Pillow":31,"counters":[15,66],"Golden Idol":76,"Pantograph":28,"MawBank":144,"obtain_stats":[{"Centennial Puzzle":7,"Regal Pillow":26,"Anchor":29,"NeowsBlessing":0,"Golden Idol":3,"Pantograph":14,"Oddly Smooth Stone":9,"Empty Cage":17,"MawBank":21,"Ring of the Snake":0,"WarpedTongs":4},{"Centennial Puzzle":2,"Regal Pillow":11,"Anchor":13,"NeowsBlessing":0,"Golden Idol":1,"Pantograph":5,"Oddly Smooth Stone":3,"Empty Cage":6,"MawBank":8,"Ring of the Snake":0,"WarpedTongs":1},{"Centennial Puzzle":2,"Regal Pillow":48,"Anchor":56,"NeowsBlessing":0,"Golden Idol":1,"Pantograph":11,"Oddly Smooth Stone":3,"Empty Cage":22,"MawBank":30,"Ring of the Snake":0,"WarpedTongs":1}],"Ring of the Snake":[30],"WarpedTongs":[64]},"card_choices":[{"not_picked":["Dagger Spray","Prepared"],"picked":"Poisoned Stab","floor":1.0},{"not_picked":["Flechettes","Cloak And Dagger","Quick Slash"],"picked":"SKIP","floor":7.0},{"not_picked":["Prepared","Dodge and Roll"],"picked":"Backflip","floor":8.0},{"not_picked":["Riddle With Holes","Bane","Dodge and Roll"],"picked":"SKIP","floor":12.0},{"not_picked":["Calculated Gamble","Skewer"],"picked":"Terror","floor":13.0},{"not_picked":["Backflip","Infinite Blades"],"picked":"Blade Dance","floor":18.0},{"not_picked":["Distraction","Dagger Throw","Sucker Punch"],"picked":"SKIP","floor":20.0},{"not_picked":["PiercingWail","Poisoned Stab+1"],"picked":"Phantasmal Killer","floor":22.0},{"not_picked":["Slice","Poisoned Stab"],"picked":"Accuracy","floor":24.0},{"not_picked":["Acrobatics","Deflect"],"picked":"Blur","floor":25.0},{"not_picked":["Bane+1","Prepared","Dodge and Roll"],"picked":"SKIP","floor":28.0},{"not_picked":["Deadly Poison","Finisher","Choke"],"picked":"SKIP","floor":29.0},{"not_picked":["Underhanded Strike+1","Bane+1","Sucker Punch+1"],"picked":"SKIP","floor":31.0}],"player_experience":1530600,"relics_obtained":[{"floor":7.0,"key":"Centennial Puzzle"},{"floor":9.0,"key":"Oddly Smooth Stone"},{"floor":26.0,"key":"Regal Pillow"},{"floor":29.0,"key":"Anchor"}],"event_choices":[{"cards_removed":["Defend_G"],"damage_healed":0.0,"max_hp_gain":0.0,"max_hp_loss":0.0,"gold_gain":0.0,"event_name":"The Cleric","player_choice":"Card Removal","floor":2.0,"gold_loss":75.0,"damage_taken":0.0},{"damage_healed":0.0,"max_hp_gain":0.0,"max_hp_loss":6.0,"gold_gain":0.0,"event_name":"Golden Idol","player_choice":"Lose Max HP","floor":3.0,"gold_loss":0.0,"damage_taken":0.0,"relics_obtained":["Golden Idol"]},{"damage_healed":0.0,"max_hp_gain":0.0,"max_hp_loss":0.0,"gold_gain":0.0,"event_name":"Accursed Blacksmith","player_choice":"Rummage","floor":4.0,"gold_loss":0.0,"damage_taken":0.0,"relics_obtained":["WarpedTongs"],"cards_obtained":["Pain"]},{"damage_healed":0.0,"max_hp_gain":0.0,"max_hp_loss":0.0,"gold_gain":0.0,"event_name":"Scrap Ooze","player_choice":"Success","floor":14.0,"gold_loss":0.0,"damage_taken":11.0,"relics_obtained":["Pantograph"]},{"damage_healed":0.0,"max_hp_gain":0.0,"max_hp_loss":0.0,"gold_gain":0.0,"cards_transformed":["Strike_G","Strike_G"],"event_name":"Designer","player_choice":"Transformed Cards","floor":19.0,"gold_loss":75.0,"damage_taken":0.0,"cards_obtained":["Poisoned Stab","Leg Sweep"]},{"damage_healed":0.0,"max_hp_gain":0.0,"max_hp_loss":0.0,"gold_gain":0.0,"event_name":"Addict","player_choice":"Obtained Relic","floor":21.0,"gold_loss":85.0,"damage_taken":0.0,"relics_obtained":["MawBank"]}],"is_beta":false,"boss_relics":[{"not_picked":["Ring of the Serpent","Philosopher\u0027s Stone"],"picked":"Empty Cage"}],"items_purged_floors":[11],"is_endless":false,"potions_floor_spawned":[7,12,22,24,25,28],"killed_by":"Collector","ascension_level":20}}