{"host":"h0eytjmkj9z8sjet","time":1613837235,"event":{"mods":["BaseMod","BetterRewards","Colored Map","Colored Powertips","Downfall","Infinite Spire","Jorbs\u0027s Wanderer Trilogy","Marisa????????","Minty Spire (QoL Compilation)","Quick Restart","Remilia??????","Replay The Spire","Shop Mod","StSLib","The Animator","The Bug Knight","The Cursed","The Runesmith"],"gold_per_floor":[119,294,306,306,325,360,246,246,246,282,333,333,333,333,333,453,453,479,479,179,139,173,173,198,202,202],"floor_reached":25,"language":"ENG","playtime":1282,"items_purged":[],"score":209,"play_id":"00d90860-d7e7-40f0-b025-fc05443f19a1","local_time":"20210220110715","is_ascension_mode":false,"campfire_choices":[{"data":"HollowMod:InfectionAssault","floor":8,"key":"SMITH"},{"floor":12,"key":"REST"},{"data":"HollowMod:MantisMark","floor":15,"key":"SMITH"},{"data":"HollowMod:NewLastStag","floor":23,"key":"SMITH"}],"circlet_count":0,"master_deck":["HollowMod:NailStrikeStart","HollowMod:NailStrikeStart","HollowMod:NailStrikeStart","HollowMod:NailStrikeStart","HollowMod:QuickDashStart","HollowMod:QuickDashStart","HollowMod:QuickDashStart","HollowMod:QuickDashStart","HollowMod:FocusHealStart","HollowMod:PogoStrike","HollowMod:InfectedAttack","Doubt","HollowMod:CornifersMapStart","HollowMod:InfectionAssault+1","HollowMod:DashSlash","HollowMod:SoulSplash+1","HollowMod:MantisMark+1","HollowMod:DashSlash","HollowMod:LifebloodCocoon","Regret","HollowMod:SlysStrikes+1","HollowMod:SharpenedNail","HollowMod:NewLastStag+1","HollowMod:NewGlowingWomb+1","HollowMod:DoubleDash+1"],"relics":["HollowMod:VesselMask","NeowsBlessing","Chameleon Ring","Shuriken","Replay:Bandana","Frozen Egg 2","Runesmith:AutoHammer","Runesmith:UraniumAnvil","MutagenicStrength"],"acts_visited":["Exordium","TheCity"],"potions_floor_usage":[11,11,16,24,24],"damage_taken":[{"damage":0,"enemies":"Cultist","floor":1,"turns":1},{"damage":0,"enemies":"2 Louse","floor":3,"turns":1},{"damage":0,"enemies":"Jaw Worm","floor":5,"turns":1},{"damage":43,"enemies":"Lagavulin","floor":6,"turns":6},{"damage":12,"enemies":"Gremlin Gang","floor":10,"turns":4},{"damage":10,"enemies":"3 Sentries","floor":11,"turns":5},{"damage":15,"enemies":"Slime Boss","floor":16,"turns":6},{"damage":27,"enemies":"2 Thieves","floor":18,"turns":4},{"damage":18,"enemies":"Shell Parasite","floor":22,"turns":4},{"damage":28,"enemies":"Snecko","floor":24,"turns":4},{"damage":12,"enemies":"Snake Plant","floor":25,"turns":1}],"seed_played":"7800102939125228858","potions_obtained":[{"floor":3,"key":"Flashbang"},{"floor":5,"key":"LiquidMemories"},{"floor":11,"key":"champ:CounterPotion"},{"floor":21,"key":"SteroidPotion"},{"floor":21,"key":"Venom Potion"},{"floor":21,"key":"EssenceOfSteel"},{"floor":24,"key":"Strength Potion"}],"is_trial":false,"path_per_floor":["M","?","M","?","M","E","$","R","T","M","E","R","?","?","R","B",null,"M","?","?","?","M","R","M","M"],"character_chosen":"THE_BUGKNIGHT","items_purchased":["HollowMod:SoulSplash+1","HollowMod:MantisMark"],"campfire_rested":1,"item_purchase_floors":[7,7],"current_hp_per_floor":[75,75,75,72,72,29,29,29,29,17,13,35,53,53,53,38,75,54,54,54,54,36,36,8,0,0],"gold":202,"neow_bonus":"THREE_ENEMY_KILL","is_daily":false,"chose_seed":false,"campfire_upgraded":3,"win_rate":0.0,"timestamp":1613837235,"path_taken":["M","?","M","?","M","E","?","R","T","?","E","R","?","?","R","BOSS","M","?","?","?","M","R","?","M"],"items_purchased_type":["Card","Card"],"build_version":"2020-12-22","purchased_purges":0,"victory":false,"max_hp_per_floor":[75,75,75,75,75,75,75,75,75,75,75,75,75,75,75,75,75,75,75,75,75,75,75,75,75,75],"card_choices":[{"not_picked":["HollowMod:SoulEater","HollowMod:InfectedCysts"],"picked":"HollowMod:InfectedAttack","floor":1},{"not_picked":["HollowMod:ShadowDash","HollowMod:InfectedCysts"],"picked":"HollowMod:CornifersMapStart","floor":3},{"not_picked":["HollowMod:SoulStrike","HollowMod:SoulShaman"],"picked":"HollowMod:InfectionAssault","floor":5},{"not_picked":["HollowMod:HuntersJournal","HollowMod:LifebloodCocoon"],"picked":"HollowMod:DashSlash","floor":6},{"not_picked":["HollowMod:ShapeofUnn","HollowMod:SoulStrike"],"picked":"HollowMod:DashSlash","floor":10},{"not_picked":["HollowMod:InfectedCysts","HollowMod:DescendingDark"],"picked":"HollowMod:LifebloodCocoon","floor":11},{"not_picked":["HollowMod:AwokenDreamNail","HollowMod:LifebloodCore"],"picked":"HollowMod:SlysStrikes+1","floor":16},{"not_picked":["HollowMod:ShadowDash","HollowMod:CornifersMapStart+1"],"picked":"HollowMod:SharpenedNail","floor":18},{"not_picked":["HollowMod:CornifersMapStart","HollowMod:TaintedHusks+1"],"picked":"HollowMod:NewGlowingWomb+1","floor":22},{"not_picked":["HollowMod:NewJinnsSoul","HollowMod:DescendingDark"],"picked":"HollowMod:DoubleDash+1","floor":24}],"player_experience":244215,"relics_obtained":[{"floor":6,"key":"Shuriken"},{"floor":9,"key":"Replay:Bandana"},{"floor":11,"key":"Frozen Egg 2"}],"event_choices":[{"damage_healed":0,"gold_gain":175,"player_choice":"AGREE","damage_taken":0,"max_hp_gain":0,"max_hp_loss":0,"event_name":"Liars Game","floor":2,"gold_loss":0,"cards_obtained":["Doubt"]},{"damage_healed":0,"gold_gain":0,"player_choice":"Success","damage_taken":3,"relics_obtained":["Chameleon Ring"],"max_hp_gain":0,"max_hp_loss":0,"event_name":"Scrap Ooze","floor":4,"gold_loss":0},{"damage_healed":0,"gold_gain":0,"player_choice":"Box","damage_taken":0,"relics_obtained":["Runesmith:AutoHammer"],"max_hp_gain":0,"max_hp_loss":0,"event_name":"Big Fish","floor":14,"gold_loss":0,"cards_obtained":["Regret"]},{"damage_healed":0,"gold_gain":0,"player_choice":"Inject Mutagens","damage_taken":0,"relics_obtained":["MutagenicStrength"],"max_hp_gain":0,"max_hp_loss":0,"event_name":"Drug Dealer","floor":19,"gold_loss":0},{"damage_healed":0,"gold_gain":0,"player_choice":"Bought 3 Potions","damage_taken":0,"max_hp_gain":0,"max_hp_loss":0,"event_name":"The Woman in Blue","floor":21,"gold_loss":0}],"is_beta":false,"boss_relics":[{"not_picked":["Astrolabe","Replay:Drink Me"],"picked":"Runesmith:UraniumAnvil"}],"items_purged_floors":[],"is_endless":false,"potions_floor_spawned":[3,5,11,22,24],"killed_by":"Snake Plant","ascension_level":0}}