{"host":"2a0mdijsgk15db4y","time":1613851273,"event":{"mods":["AchievementEnabler","BaseMod","Colored Map","Colored Powertips","Downfall","Googly Eyes","Hermit","Highlight Path","Hubris","Jorbs\u0027s Wanderer Trilogy","Minty Spire (QoL Compilation)","Quick Restart","Rare Cards Sparkle","Replay The Spire","Shop Mod","StSLib","The Bug Knight","The Construct","The Cursed","The Hierophant","The Mystic"],"gold_per_floor":[99,111,63,73,73,58,126,126,126,126,136,136,171,187,202,202,202,202],"floor_reached":16,"language":"ENG","playtime":1188,"items_purged":[],"score":125,"play_id":"9d2561c5-6e01-4c44-a84b-ac48a2622ee9","local_time":"20210220120113","is_ascension_mode":false,"campfire_choices":[{"data":"Guardian:TwinSlam","floor":1,"key":"SMITH"},{"data":"expansioncontent:DashGenerateEvil","floor":9,"key":"SMITH"},{"data":"Guardian:StasisField","floor":12,"key":"SMITH"}],"circlet_count":0,"master_deck":["Guardian:Strike_Guardian","Guardian:Strike_Guardian","Guardian:Strike_Guardian","Guardian:Strike_Guardian","Guardian:Defend_Guardian","Guardian:Defend_Guardian","Guardian:Defend_Guardian","Guardian:CurlUp","Guardian:ShieldCharger","Guardian:StasisStrike","hubris:Sloth","expansioncontent:DashGenerateEvil+1","Guardian:StasisField+1","hubris:DuctTapeCard","Guardian:Clone","Guardian:Gem_Green"],"relics":["Guardian:ModeShifter","ReplayTheSpireMod:CursedCoin","hubris:Towel","HornCleat","Nunchaku","hubris:DuctTape"],"acts_visited":["Exordium"],"potions_floor_usage":[15],"damage_taken":[{"damage":5,"enemies":"Cultist","floor":2,"turns":4},{"damage":0,"enemies":"downfall:FleeingMerchant","floor":3,"turns":4},{"damage":5,"enemies":"2 Louse","floor":4,"turns":4},{"damage":15,"enemies":"downfall:FleeingMerchant","floor":6,"turns":4},{"damage":7,"enemies":"Jaw Worm","floor":11,"turns":5},{"damage":0,"enemies":"Gremlin Nob","floor":13,"turns":4},{"damage":12,"enemies":"Exordium Wildlife","floor":14,"turns":4},{"damage":8,"enemies":"Gremlin Gang","floor":15,"turns":6},{"damage":42,"enemies":"DF_ARCHETYPE_STREAMLINE","floor":16,"turns":12}],"seed_played":"8984725778243570954","potions_obtained":[{"floor":4,"key":"SpeedPotion"},{"floor":13,"key":"ColorlessPotion"}],"is_trial":false,"path_per_floor":["R","M","$","M","?","$","T","?","R","T","M","R","E","M","M","B"],"character_chosen":"GUARDIAN","items_purchased":["ReplayTheSpireMod:CursedCoin","expansioncontent:DashGenerateEvil"],"campfire_rested":0,"item_purchase_floors":[3,3],"current_hp_per_floor":[88,83,83,78,78,63,63,63,63,63,56,56,56,44,36,0,0,0],"gold":202,"neow_bonus":"TEN_PERCENT_HP_BONUS","is_daily":false,"chose_seed":false,"campfire_upgraded":3,"win_rate":0.0,"timestamp":1613851273,"path_taken":["R","M","$","M","?","$","T","?","R","?","?","R","E","?","M","BOSS"],"items_purchased_type":["Relic","Card"],"build_version":"2020-12-22","purchased_purges":0,"victory":false,"max_hp_per_floor":[88,88,88,88,88,88,88,88,88,88,88,88,88,88,88,88,88,88],"card_choices":[{"not_picked":["Guardian:RollAttack","Guardian:Reroute"],"picked":"Guardian:ShieldCharger","floor":2},{"not_picked":["Guardian:FloatingOrbs","Guardian:PrimingBeam"],"picked":"Guardian:StasisStrike","floor":3},{"not_picked":["Guardian:Reroute","Guardian:ChargeCore","Guardian:ShieldCharger"],"picked":"SKIP","floor":4},{"not_picked":["Guardian:Gem_Green","Guardian:Planning"],"picked":"Guardian:StasisField","floor":6},{"not_picked":["Guardian:Emergency","Guardian:DecasProtection","Guardian:Repulse"],"picked":"SKIP","floor":11},{"not_picked":["Guardian:MultiBeam","Guardian:TimeCapacitor","Guardian:TemporalStrike"],"picked":"SKIP","floor":13},{"not_picked":["Guardian:ChargeCore","Guardian:Gem_White"],"picked":"Guardian:Clone","floor":14},{"not_picked":["Guardian:Recover","Guardian:Reroute"],"picked":"Guardian:Gem_Green","floor":15}],"player_experience":180196,"relics_obtained":[{"floor":7,"key":"HornCleat"},{"floor":10,"key":"Nunchaku"},{"floor":13,"key":"hubris:DuctTape"}],"event_choices":[],"is_beta":false,"boss_relics":[],"items_purged_floors":[],"is_endless":false,"potions_floor_spawned":[4,13],"killed_by":"DF_ARCHETYPE_STREAMLINE","ascension_level":0}}