{"host":"jsd6g3c2vo13e69c","time":1613821223,"event":{"mods":["2.2 Compatiblity","Act Like it!","BaseMod","Better Note","Better Third Choice","BetterRewards","Colored Map","Colored Powertips","Conspire","DeckTracker","Downfall","Friendly Minions","GifTheSpireLib","Googly Eyes","Hermit","Highlight Path","Hubris","Infinite Spire","Minty Spire (QoL Compilation)","Quick Restart","Random Character Button","Rare Cards Sparkle","Relic Sorter","Relic Stats","Replay The Spire","Ruina","Shop Mod","Spire Arcade","StSLib","SuperFastMode","The Cursed","The Disciple","The Forsaken","The Jungle"],"gold_per_floor":[99,119,134,134,134,151,151,169,169,184,200,215,215,57,74,74,74,74],"floor_reached":16,"language":"ENG","playtime":768,"items_purged":[],"score":96,"play_id":"cf5eaa17-d891-4832-992d-0dd8f799905a","local_time":"20210220064023","is_ascension_mode":false,"campfire_choices":[{"data":"champ:Taunt","floor":1,"key":"SMITH"}],"circlet_count":0,"master_deck":["champ:Strike","champ:Strike","champ:Strike","champ:Strike","champ:Defend","champ:Defend","champ:Defend","champ:Defend","champ:Execute","champ:Taunt+1","champ:BerserkersShout","champ:FanOfKnives","hubris:CleavingFinish","Regret","champ:SteelEdge","champ:RisingSlash","champ:HeartStrike","champ:CrownThrow","champ:PreciseThrust","champ:TripleStrike","champ:BerserkersShout"],"relics":["champ:ChampionCrown","Blood Vial","infinitespire:WardingShard","conspire:GiftBox"],"acts_visited":["Exordium"],"potions_floor_usage":[3,11,12],"damage_taken":[{"damage":20,"enemies":"Small Slimes","floor":2,"turns":3},{"damage":29,"enemies":"conspire:RoseBush","floor":3,"turns":3},{"damage":22,"enemies":"Cultist","floor":6,"turns":3},{"damage":31,"enemies":"Large Slime","floor":8,"turns":5},{"damage":20,"enemies":"Lots of Slimes","floor":10,"turns":3},{"damage":13,"enemies":"Exordium Thugs","floor":11,"turns":5},{"damage":13,"enemies":"Blue Slaver","floor":12,"turns":3},{"damage":41,"enemies":"downfall:FleeingMerchant","floor":14,"turns":4},{"damage":17,"enemies":"downfall:LooterAlt","floor":15,"turns":2},{"damage":34,"enemies":"SI_SHIV_ARCHETYPE","floor":16,"turns":3}],"seed_played":"592590363428290974","potions_obtained":[{"floor":2,"key":"sneckomod:MuddlingPotion"},{"floor":9,"key":"Languid Potion"},{"floor":9,"key":"Dexterity Potion"},{"floor":9,"key":"infinitespire:BlackPotion"},{"floor":10,"key":"Guardian:BlockOnCardUsePotion"},{"floor":11,"key":"PowerPotion"},{"floor":12,"key":"hexamod:SoulburnPotion"}],"is_trial":false,"path_per_floor":["R","M","M","?","?","M","T","M","?","M","M","M","?","$","M","B"],"character_chosen":"THE_CHAMP","items_purchased":["champ:TripleStrike"],"campfire_rested":0,"item_purchase_floors":[14],"current_hp_per_floor":[99,99,95,68,68,63,63,54,54,46,45,44,44,35,30,0,0,0],"gold":74,"neow_bonus":"TEN_PERCENT_HP_BONUS","is_daily":false,"chose_seed":false,"campfire_upgraded":1,"win_rate":0.0,"timestamp":1613821223,"path_taken":["R","M","M","?","?","M","T","M","?","M","M","?","?","$","M","BOSS"],"items_purchased_type":["Card"],"build_version":"2020-12-22","purchased_purges":0,"victory":false,"max_hp_per_floor":[99,99,99,99,99,99,99,99,99,99,99,99,99,99,99,99,99,99],"relic_stats":{"Blood Vial":16,"counters":[10,34],"obtain_stats":[{"Blood Vial":4,"conspire:GiftBox":7,"infinitespire:WardingShard":5,"champ:ChampionCrown":0},{"Blood Vial":2,"conspire:GiftBox":3,"infinitespire:WardingShard":2,"champ:ChampionCrown":0},{"Blood Vial":6,"conspire:GiftBox":9,"infinitespire:WardingShard":6,"champ:ChampionCrown":0}]},"card_choices":[{"not_picked":["champ:BladeFlurry","champ:ShieldWall"],"picked":"champ:BerserkersShout","floor":2},{"not_picked":["champ:RisingSlash","champ:FalseCounter"],"picked":"champ:FanOfKnives","floor":3},{"not_picked":["champ:FlashCut","champ:FalseCounter","champ:TornadoPunch"],"picked":"SKIP","floor":6},{"not_picked":["champ:IgnorePain","champ:SwordThrow"],"picked":"champ:SteelEdge","floor":7},{"not_picked":["champ:Parry","champ:FlashCut"],"picked":"champ:RisingSlash","floor":8},{"not_picked":["champ:Parry","champ:Haymaker"],"picked":"champ:HeartStrike","floor":10},{"not_picked":["champ:FancyFootwork","champ:FlashCut"],"picked":"champ:CrownThrow","floor":11},{"not_picked":["champ:SetATrap","champ:Circumvent","champ:FalseCounter"],"picked":"SKIP","floor":12},{"not_picked":["champ:FancyFootwork","champ:BladeFlurry"],"picked":"champ:PreciseThrust","floor":14},{"not_picked":["champ:BladeFlurry","champ:PreemptiveStrike"],"picked":"champ:BerserkersShout","floor":15}],"player_experience":382456,"relics_obtained":[{"floor":7,"key":"conspire:GiftBox"}],"event_choices":[{"damage_healed":0,"gold_gain":0,"player_choice":"Box","damage_taken":0,"relics_obtained":["infinitespire:WardingShard"],"max_hp_gain":0,"max_hp_loss":0,"event_name":"Big Fish","floor":5,"gold_loss":0,"cards_obtained":["Regret"]},{"damage_healed":0,"gold_gain":0,"player_choice":"Got Potions","damage_taken":0,"max_hp_gain":0,"max_hp_loss":0,"event_name":"Lab","floor":9,"gold_loss":0}],"is_beta":false,"boss_relics":[],"items_purged_floors":[],"is_endless":false,"potions_floor_spawned":[2,10,11,12],"killed_by":"SI_SHIV_ARCHETYPE","ascension_level":0}}