{"host":"mydft8i2zzydgggw","time":1613796668,"event":{"mods":["AchievementEnabler","BaseMod","Colored Map","Colored Powertips","DeckTracker","Keyboard Shortcuts","Minty Spire (QoL Compilation)","Rare Cards Sparkle","Relic Stats","StSLib","SuperFastMode","Together in Spire","everything is the same but u backflip on backflip"],"gold_per_floor":[117,117,187,237,256,582,582,593,664,714,714,783,833,857,857,857,857],"floor_reached":16,"language":"KOR","playtime":292,"items_purged":[],"score":163,"play_id":"49b2e88d-dafb-4723-b0d7-c694bc206c56","local_time":"20210220135108","is_ascension_mode":true,"campfire_choices":[{"data":"Calculated Gamble","floor":7.0,"key":"SMITH"},{"data":"Tactician","floor":11.0,"key":"SMITH"},{"data":"Dash","floor":15.0,"key":"SMITH"}],"circlet_count":0,"master_deck":["AscendersBane","Strike_G","Strike_G","Strike_G","Strike_G","Strike_G","Defend_G","Defend_G","Defend_G","Defend_G","Defend_G","Survivor","Neutralize","Underhanded Strike","Calculated Gamble+1","Tactician+1","Flying Knee","Flechettes","Injury","Dash+1"],"relics":["Ring of the Snake","NeowsBlessing","SsserpentHead","Old Coin","Darkstone Periapt","Golden Idol"],"acts_visited":["Exordium"],"potions_floor_usage":[16,16],"damage_taken":[{"damage":0.0,"enemies":"Jaw Worm","floor":1.0,"turns":1.0},{"damage":0.0,"enemies":"Cultist","floor":3.0,"turns":1.0},{"damage":0.0,"enemies":"2 Louse","floor":5.0,"turns":1.0},{"damage":22.0,"enemies":"3 Sentries","floor":6.0,"turns":10.0},{"damage":8.0,"enemies":"Large Slime","floor":8.0,"turns":9.0},{"damage":16.0,"enemies":"Exordium Thugs","floor":12.0,"turns":5.0},{"damage":5.0,"enemies":"2 Fungi Beasts","floor":14.0,"turns":4.0},{"damage":24,"enemies":"Hexaghost","floor":16,"turns":9}],"seed_played":"-3427371623445368490","potions_obtained":[{"floor":1.0,"key":"Ancient Potion"},{"floor":3.0,"key":"CultistPotion"},{"floor":6.0,"key":"CultistPotion"},{"floor":10.0,"key":"GamblersBrew"},{"floor":14.0,"key":"AttackPotion"}],"is_trial":false,"path_per_floor":["M","?","M","?","M","E","R","M","T","?","R","M","?","M","R","B"],"character_chosen":"THE_SILENT","items_purchased":[],"campfire_rested":0,"item_purchase_floors":[],"current_hp_per_floor":[63,63,63,68,68,46,46,38,38,38,38,22,28,23,23,0,0],"gold":857,"neow_bonus":"THREE_ENEMY_KILL","is_daily":false,"chose_seed":false,"campfire_upgraded":3,"win_rate":0.0,"timestamp":1613796668,"path_taken":["M","?","?","?","M","E","R","M","T","?","R","?","?","M","R","BOSS"],"items_purchased_type":[],"build_version":"2020-12-22","purchased_purges":0,"victory":false,"max_hp_per_floor":[70,70,70,75,75,75,75,75,75,75,75,75,81,81,81,81,81],"relic_stats":{"Darkstone Periapt":6,"SsserpentHead":250,"counters":[8,40],"Golden Idol":5,"obtain_stats":[{"Darkstone Periapt":9,"SsserpentHead":2,"NeowsBlessing":0,"Golden Idol":13,"Ring of the Snake":0,"Old Coin":6},{"Darkstone Periapt":5,"SsserpentHead":1,"NeowsBlessing":0,"Golden Idol":6,"Ring of the Snake":0,"Old Coin":4},{"Darkstone Periapt":22,"SsserpentHead":1,"NeowsBlessing":0,"Golden Idol":27,"Ring of the Snake":0,"Old Coin":13}],"Ring of the Snake":[16]},"card_choices":[{"not_picked":["Dodge and Roll","Dagger Throw"],"picked":"Underhanded Strike","floor":1.0},{"not_picked":["Sucker Punch","Backflip","Outmaneuver"],"picked":"SKIP","floor":3.0},{"not_picked":["Dodge and Roll","Blade Dance"],"picked":"Calculated Gamble","floor":5.0},{"not_picked":["Caltrops","Finisher"],"picked":"Tactician","floor":6.0},{"not_picked":["Bane","Cloak And Dagger"],"picked":"Flying Knee","floor":8.0},{"not_picked":["Bouncing Flask","Skewer"],"picked":"Flechettes","floor":12.0},{"not_picked":["Bane","Infinite Blades"],"picked":"Dash","floor":14.0}],"player_experience":291262,"relics_obtained":[{"floor":6.0,"key":"Old Coin"},{"floor":9.0,"key":"Darkstone Periapt"}],"event_choices":[{"damage_healed":0.0,"max_hp_gain":0.0,"max_hp_loss":0.0,"gold_gain":0.0,"event_name":"FaceTrader","player_choice":"Trade","floor":2.0,"gold_loss":0.0,"damage_taken":0.0,"relics_obtained":["SsserpentHead"]},{"damage_healed":0.0,"max_hp_gain":5.0,"max_hp_loss":0.0,"gold_gain":0.0,"event_name":"Big Fish","player_choice":"Donut","floor":4.0,"gold_loss":0.0,"damage_taken":0.0},{"damage_healed":0.0,"max_hp_gain":0.0,"max_hp_loss":0.0,"gold_gain":0.0,"event_name":"Lab","player_choice":"Got Potions","floor":10.0,"gold_loss":0.0,"damage_taken":0.0},{"damage_healed":0.0,"max_hp_gain":0.0,"max_hp_loss":0.0,"gold_gain":0.0,"event_name":"Golden Idol","player_choice":"Take Wound","floor":13.0,"gold_loss":0.0,"damage_taken":0.0,"relics_obtained":["Golden Idol"],"cards_obtained":["Injury"]}],"is_beta":false,"boss_relics":[],"items_purged_floors":[],"is_endless":false,"potions_floor_spawned":[1,3,6,14],"killed_by":"Hexaghost","ascension_level":12}}