{"host":"mmqs5ul2bvb60kyc","time":1613787528,"event":{"mods":["BaseMod","Colored Map","Colored Powertips","Minty Spire (QoL Compilation)","Quick Restart","StSLib"],"gold_per_floor":[118,133,145,70,70,70,98,98,98,132,89,66,88,100,112,124,124],"floor_reached":16,"language":"ZHS","playtime":517,"items_purged":["Strike_B"],"score":205,"play_id":"3581ca74-9d75-4b8d-a62c-aee8349ebbb2","local_time":"20210220101848","is_ascension_mode":true,"campfire_choices":[{"data":"Dualcast","floor":6.0,"key":"SMITH"},{"data":"Recycle","floor":8.0,"key":"SMITH"},{"data":"Coolheaded","floor":15.0,"key":"SMITH"}],"circlet_count":0,"master_deck":["AscendersBane","Strike_B","Strike_B","Strike_B","Defend_B","Defend_B","Defend_B","Defend_B","Zap","Dualcast+1","Machine Learning","Coolheaded+1","Ball Lightning","Fission","Recycle+1"],"relics":["Cracked Core","Lizard Tail","MawBank","CeramicFish"],"acts_visited":["Exordium"],"potions_floor_usage":[],"damage_taken":[{"damage":4.0,"enemies":"Small Slimes","floor":1.0,"turns":4.0},{"damage":0.0,"enemies":"2 Louse","floor":2.0,"turns":3.0},{"damage":5.0,"enemies":"Jaw Worm","floor":3.0,"turns":4.0},{"damage":23.0,"enemies":"Lagavulin","floor":7.0,"turns":7.0},{"damage":27.0,"enemies":"Gremlin Nob","floor":10.0,"turns":4.0},{"damage":6.0,"enemies":"Blue Slaver","floor":13.0,"turns":3.0},{"damage":45,"enemies":"Hexaghost","floor":16,"turns":14}],"seed_played":"4442278876013924850","potions_obtained":[{"floor":2.0,"key":"Ancient Potion"}],"is_trial":false,"path_per_floor":["M","M","M","$","?","R","E","R","T","E","?","?","M","?","R","B"],"character_chosen":"DEFECT","items_purchased":[],"campfire_rested":0,"item_purchase_floors":[],"current_hp_per_floor":[60,60,55,55,55,55,32,32,32,5,5,21,15,10,10,0,0],"gold":124,"neow_bonus":"THREE_RARE_CARDS","is_daily":false,"chose_seed":false,"campfire_upgraded":3,"win_rate":0.0,"timestamp":1613787528,"path_taken":["M","M","M","$","?","R","E","R","T","E","?","?","M","?","R","BOSS"],"items_purchased_type":[],"build_version":"2020-12-22","purchased_purges":1,"victory":false,"max_hp_per_floor":[64,64,64,64,64,64,64,64,64,64,64,64,64,64,64,64,64],"card_choices":[{"not_picked":["Multi-Cast","Echo Form"],"picked":"Machine Learning","floor":0.0},{"not_picked":["Barrage","Gash"],"picked":"Coolheaded","floor":1.0},{"not_picked":["Force Field","Gash"],"picked":"Ball Lightning","floor":2.0},{"not_picked":["Beam Cell","Reprogram"],"picked":"Fission","floor":3.0},{"not_picked":["Lockon","BootSequence"],"picked":"Recycle","floor":7.0},{"not_picked":["Sweeping Beam","Loop","Barrage"],"picked":"SKIP","floor":10.0},{"not_picked":["Rebound","Sweeping Beam","FTL"],"picked":"SKIP","floor":13.0},{"not_picked":["Rebound","Sweeping Beam","FTL"],"picked":"SKIP","floor":13.0}],"player_experience":377188,"relics_obtained":[{"floor":7.0,"key":"Lizard Tail"},{"floor":10.0,"key":"MawBank"}],"event_choices":[{"damage_healed":0.0,"max_hp_gain":0.0,"max_hp_loss":0.0,"gold_gain":0.0,"event_name":"Liars Game","player_choice":"Ignored","floor":5.0,"gold_loss":0.0,"damage_taken":0.0},{"damage_healed":0.0,"max_hp_gain":0.0,"max_hp_loss":0.0,"gold_gain":0.0,"event_name":"World of Goop","player_choice":"Left Gold","floor":11.0,"gold_loss":55.0,"damage_taken":0.0},{"damage_healed":16.0,"max_hp_gain":0.0,"max_hp_loss":0.0,"gold_gain":0.0,"event_name":"The Cleric","player_choice":"Healed","floor":12.0,"gold_loss":35.0,"damage_taken":0.0},{"damage_healed":0.0,"max_hp_gain":0.0,"max_hp_loss":0.0,"gold_gain":0.0,"event_name":"Scrap Ooze","player_choice":"Success","floor":14.0,"gold_loss":0.0,"damage_taken":5.0,"relics_obtained":["CeramicFish"]}],"is_beta":false,"boss_relics":[],"items_purged_floors":[4],"is_endless":false,"potions_floor_spawned":[2],"killed_by":"Hexaghost","ascension_level":18}}