{"host":"bpr07pynnqpe5ded","time":1613844855,"event":{"mods":["2.2 Compatiblity","Aspiration","BaseMod","Better Note","Better Third Choice","BetterRewards","Downfall","Jorbs\u0027s Wanderer Trilogy","Minty Spire (QoL Compilation)","Replay The Spire","Shop Mod","StSLib","The Marked","??????REMEMod"],"gold_per_floor":[99,111,131,148,58,71,96,96,96,116,116,136,36,65,82,82,82,82],"floor_reached":16,"language":"ENG","playtime":643,"items_purged":["champ:Defend"],"score":104,"play_id":"8e46572f-c78c-4a19-9b26-79a4a82fa46a","local_time":"20210220181415","is_ascension_mode":false,"campfire_choices":[{"floor":1,"key":"RECALL"},{"data":"champ:BladeFlurry","floor":9,"key":"SMITH"},{"data":"champ:BladeFlurry","floor":13,"key":"SMITH"}],"circlet_count":0,"master_deck":["champ:Strike","champ:Strike","champ:Strike","champ:Strike","champ:Defend","champ:Defend","champ:Defend","champ:Execute","champ:Taunt","champ:BladeFlurry+1","champ:RisingSlash","champ:BladeFlurry+1","champ:BladeFlurry"],"relics":["champ:ChampionCrown","REME_ComplimentaryCards","downfall:HeartBlessingRed","Art of War"],"acts_visited":["Exordium"],"potions_floor_usage":[6,16,16],"damage_taken":[{"damage":11,"enemies":"2 Louse","floor":2,"turns":4},{"damage":10,"enemies":"Small Slimes","floor":3,"turns":2},{"damage":10,"enemies":"Cultist","floor":4,"turns":4},{"damage":10,"enemies":"downfall:FleeingMerchant","floor":5,"turns":4},{"damage":20,"enemies":"Large Slime","floor":6,"turns":4},{"damage":14,"enemies":"Exordium Wildlife","floor":10,"turns":4},{"damage":4,"enemies":"Red Slaver","floor":12,"turns":4},{"damage":31,"enemies":"Replay:BlueRogue","floor":14,"turns":4},{"damage":4,"enemies":"Blue Slaver","floor":15,"turns":2},{"damage":45,"enemies":"IC_STATUS_ARCHETYPE","floor":16,"turns":6}],"seed_played":"-6402143176511812999","potions_obtained":[{"floor":2,"key":"champ:TechniquePotion"},{"floor":4,"key":"AttackPotion"},{"floor":6,"key":"Energy Potion"},{"floor":12,"key":"Elixir"}],"is_trial":false,"path_per_floor":["R","M","M","M","$","M","T","?","R","M","?","M","R","E","M","B"],"character_chosen":"THE_CHAMP","items_purchased":[],"campfire_rested":0,"item_purchase_floors":[],"current_hp_per_floor":[90,89,89,89,89,79,79,79,79,75,75,71,71,50,46,1,1,1],"gold":82,"neow_bonus":"THREE_CARDS","is_daily":false,"chose_seed":false,"campfire_upgraded":2,"win_rate":0.0,"timestamp":1613844855,"path_taken":["R","M","M","M","$","M","T","?","R","M","?","M","R","E","M","BOSS"],"items_purchased_type":[],"build_version":"2020-12-22","purchased_purges":1,"victory":false,"max_hp_per_floor":[90,90,90,90,90,90,90,90,90,90,90,90,90,90,90,90,90,90],"card_choices":[{"not_picked":["champ:Parry","champ:RageSigil"],"picked":"champ:BladeFlurry","floor":2},{"not_picked":["champ:FocusedDefense","champ:ShieldSigil","champ:SkillfulDodge"],"picked":"SKIP","floor":3},{"not_picked":["champ:FlashCut","champ:StanceDance"],"picked":"champ:RisingSlash","floor":4},{"not_picked":["champ:ShieldSigil","champ:EnchantCrown"],"picked":"champ:BladeFlurry","floor":5},{"not_picked":["champ:RecklessLeap","champ:EnragedBash"],"picked":"champ:BladeFlurry","floor":6},{"not_picked":["champ:ShieldWall","champ:StanceDance","champ:CrownThrow"],"picked":"SKIP","floor":10},{"not_picked":["champ:StanceDance","champ:DeathBlow","champ:BerserkerStyle"],"picked":"SKIP","floor":12},{"not_picked":["champ:AdrenalArmor","champ:PreciseThrust","champ:GutPunch"],"picked":"SKIP","floor":14},{"not_picked":["champ:FanOfKnives","champ:GutPunch","champ:EnGarde"],"picked":"SKIP","floor":15}],"player_experience":1184879,"relics_obtained":[{"floor":14,"key":"Art of War"}],"event_choices":[],"is_beta":false,"boss_relics":[],"items_purged_floors":[5],"is_endless":false,"potions_floor_spawned":[2,4,6,12],"killed_by":"IC_STATUS_ARCHETYPE","ascension_level":0}}