{"host":"w1l5t0a1l2lkq6my","time":1613803627,"event":{"mods":["100% Spire Juice","Bartender","BaseMod","Better Match","KinomotoSakuraMod(ñÿîVñ{?)","Lobotomy","LobotomyExtend","Magitek Elite","MarisaÅiñ∂âJÅ@ñÇóùçπÅj","Minty Spire (QoL Compilation)","Shapeshifter Mod","StSLib","The Animator","The Gatherer","The Senshi","Yuyuko"],"gold_per_floor":[117,133,153,153,167,167,183,183,183],"floor_reached":8,"language":"ENG","playtime":364,"items_purged":[],"score":50,"play_id":"d52edc1b-e29f-4900-a4d9-bbe0f25417a6","local_time":"20210219234707","is_ascension_mode":false,"campfire_choices":[],"circlet_count":0,"master_deck":["SpecialBullet","SpecialBullet","SpecialBullet","SpecialBullet","SpecialBullet","SpecialBullet","SpecialBullet","SpecialBullet","InformationCode","CentralCode","SecurityCode","Mimicry","OSAHOGD","CUTE","OldLady","Regret_ego","SpiderBud","CherryBlossom"],"relics":["CogitoBucket","LetterFromLob"],"acts_visited":["Exordium"],"potions_floor_usage":[],"damage_taken":[{"damage":11,"enemies":"Jaw Worm","floor":1,"turns":2},{"damage":7,"enemies":"2 Louse","floor":2,"turns":3},{"damage":0,"enemies":"Small Slimes","floor":3,"turns":2},{"damage":18,"enemies":"2 Fungi Beasts","floor":5,"turns":3},{"damage":50,"enemies":"Gremlin Gang","floor":7,"turns":5},{"damage":32,"enemies":"Lagavulin","floor":8,"turns":5}],"seed_played":"-6604389635560302382","potions_obtained":[{"floor":1,"key":"Energy Potion"}],"is_trial":false,"path_per_floor":["M","M","M","?","M","R","M","E"],"character_chosen":"Angela","items_purchased":[],"campfire_rested":0,"item_purchase_floors":[],"current_hp_per_floor":[67,68,70,70,60,60,21,0,0],"gold":183,"neow_bonus":"ONE_RANDOM_RARE_CARD","is_daily":false,"chose_seed":false,"campfire_upgraded":0,"win_rate":0.0,"timestamp":1613803627,"path_taken":["M","M","M","?","M","R","M","E"],"items_purchased_type":[],"build_version":"2020-12-22","purchased_purges":0,"victory":false,"max_hp_per_floor":[70,70,70,70,70,70,70,70,70],"card_choices":[{"not_picked":["Porccubus","LittleHelper"],"picked":"OSAHOGD","floor":1},{"not_picked":["FourthMatchFlame"],"picked":"CUTE","floor":1},{"not_picked":["PunishingBird","FairyFestival"],"picked":"OldLady","floor":2},{"not_picked":["Ecstasy","Lantern"],"picked":"SKIP","floor":2},{"not_picked":["Beak"],"picked":"Regret_ego","floor":3},{"not_picked":["BlueScar","MagicBullet"],"picked":"SKIP","floor":5},{"not_picked":["CrumblingArmor","MHz"],"picked":"SpiderBud","floor":7},{"not_picked":["BloodyDesire"],"picked":"CherryBlossom","floor":7}],"player_experience":141663,"relics_obtained":[{"floor":1,"key":"LetterFromLob"}],"event_choices":[],"is_beta":false,"boss_relics":[],"items_purged_floors":[],"is_endless":false,"potions_floor_spawned":[1],"killed_by":"Lagavulin","ascension_level":0}}