{"host":"s41rn2jhghpwfrvz","time":1613794005,"event":{"mods":["BaseMod","Minty Spire (QoL Compilation)","Quick Restart","Relic Stats","SuperFastMode"],"gold_per_floor":[119,134,134,48,48,48,48,79,79,93,18,58,71,94,94,187,187,203,203,128,178,216,247,247,286,354,398,398,442,442,456,456,545,545,566,466,466,497,213,254,254,267,316,335,358,396,409,447,447,447,447,447,447,70,111,111],"floor_reached":57,"language":"ENG","playtime":1662,"items_purged":["Leap","Carnage","FTL+1"],"score":3809,"play_id":"38cf5e7d-83e7-4b67-af04-4fb809a0bbb2","local_time":"20210220060645","daily_mods":["SealedDeck","Diverse","DeadlyEvents"],"is_ascension_mode":true,"campfire_choices":[{"data":"Prostrate","floor":6,"key":"SMITH"},{"data":"Expertise","floor":15,"key":"SMITH"},{"data":"Blur","floor":24,"key":"SMITH"},{"data":"Backflip","floor":28,"key":"SMITH"},{"floor":30,"key":"RECALL"},{"data":"FTL","floor":32,"key":"SMITH"},{"data":"Adrenaline","floor":41,"key":"SMITH"},{"data":"Quick Slash","floor":49,"key":"SMITH"},{"data":"Gash","floor":53,"key":"SMITH"}],"circlet_count":0,"master_deck":["AscendersBane","Prepared","Prostrate+1","Quick Slash+1","Expertise+1","Backflip+1","Gash+1","Blur+1","Adrenaline+1"],"relics":["Burning Blood","Golden Idol","MealTicket","Self Forming Clay","Vajra","Runic Pyramid","InkBottle","Tiny Chest","Ornamental Fan","Shuriken","Akabeko","Anchor","Coffee Dripper","Ginger","Gremlin Horn","Incense Burner","Red Skull","Omamori","Potion Belt","Regal Pillow","Pen Nib","Eternal Feather"],"acts_visited":["Exordium","TheCity","TheBeyond","TheEnding"],"potions_floor_usage":[16,23,27,56,56,56],"damage_taken":[{"damage":0,"enemies":"Small Slimes","floor":1,"turns":2},{"damage":0,"enemies":"2 Louse","floor":2,"turns":2},{"damage":10,"enemies":"3 Sentries","floor":8,"turns":8},{"damage":0,"enemies":"Cultist","floor":10,"turns":2},{"damage":0,"enemies":"Lagavulin","floor":12,"turns":4},{"damage":2,"enemies":"Exordium Wildlife","floor":13,"turns":4},{"damage":2,"enemies":"3 Louse","floor":14,"turns":2},{"damage":0,"enemies":"Hexaghost","floor":16,"turns":4},{"damage":0,"enemies":"3 Byrds","floor":18,"turns":2},{"damage":9,"enemies":"Gremlin Leader","floor":22,"turns":3},{"damage":50,"enemies":"Slavers","floor":23,"turns":6},{"damage":0,"enemies":"Book of Stabbing","floor":25,"turns":3},{"damage":6,"enemies":"Slavers","floor":27,"turns":2},{"damage":0,"enemies":"Gremlin Leader","floor":29,"turns":2},{"damage":0,"enemies":"Chosen","floor":31,"turns":3},{"damage":0,"enemies":"Automaton","floor":33,"turns":3},{"damage":0,"enemies":"3 Darklings","floor":35,"turns":2},{"damage":0,"enemies":"Mind Bloom Boss Battle","floor":38,"turns":2},{"damage":0,"enemies":"Giant Head","floor":40,"turns":2},{"damage":0,"enemies":"Orb Walker","floor":42,"turns":1},{"damage":0,"enemies":"3 Darklings","floor":44,"turns":1},{"damage":0,"enemies":"Nemesis","floor":46,"turns":1},{"damage":0,"enemies":"Maw","floor":47,"turns":2},{"damage":0,"enemies":"Reptomancer","floor":48,"turns":1},{"damage":0,"enemies":"Donu and Deca","floor":50,"turns":2},{"damage":0,"enemies":"Awakened One","floor":51,"turns":3},{"damage":0,"enemies":"Shield and Spear","floor":55,"turns":1},{"damage":0,"enemies":"The Heart","floor":56,"turns":5}],"seed_played":"7071916948224100962","potions_obtained":[{"floor":8,"key":"BlessingOfTheForge"},{"floor":14,"key":"SteroidPotion"},{"floor":16,"key":"Explosive Potion"},{"floor":23,"key":"LiquidBronze"},{"floor":27,"key":"Weak Potion"},{"floor":46,"key":"Fire Potion"},{"floor":48,"key":"LiquidMemories"}],"is_trial":true,"path_per_floor":["M","M","?","$","?","R","$","E","T","M","?","E","M","M","R","B",null,"M","?","$","?","E","E","R","E","T","E","R","E","R","M","R","B",null,"M","$","?","?","$","E","R","M","T","M","T","E","M","E","R","B","B",null,"R","$","E","B",null],"character_chosen":"IRONCLAD","items_purchased":["Blur","Gremlin Horn","Ancient Potion","Pen Nib"],"campfire_rested":0,"item_purchase_floors":[4,39,54,54],"current_hp_per_floor":[74,75,49,49,31,31,46,42,42,48,48,54,58,62,62,68,73,75,75,75,75,72,28,28,34,34,34,34,40,40,46,46,52,69,75,75,75,75,75,75,75,75,75,75,75,75,75,75,75,75,75,75,75,75,75,75],"gold":111,"neow_bonus":"","is_daily":false,"chose_seed":false,"campfire_upgraded":8,"win_rate":0.0,"timestamp":1613794005,"path_taken":["M","M","?","$","?","R","$","E","T","M","?","E","M","M","R","BOSS","M","?","$","?","?","E","R","E","T","E","R","E","R","?","R","BOSS","M","$","?","?","$","E","R","M","T","M","?","E","?","?","R","BOSS","BOSS","R","$","E","BOSS"],"items_purchased_type":["Card","Relic","Potion","Relic"],"build_version":"2020-12-22","purchased_purges":3,"victory":true,"max_hp_per_floor":[75,75,75,75,75,75,75,75,75,75,75,75,75,75,75,75,75,75,75,75,75,75,75,75,75,75,75,75,75,75,75,75,75,75,75,75,75,75,75,75,75,75,75,75,75,75,75,75,75,75,75,75,75,75,75,75],"relic_stats":{"Regal Pillow":0,"Gremlin Horn":[9,9],"counters":[28,75],"Golden Idol":216,"Self Forming Clay":[36],"Eternal Feather":0,"Pen Nib":[2],"Ginger":[7],"Burning Blood":93,"Ornamental Fan":[244],"Shuriken":[61],"MealTicket":15,"Tiny Chest":1,"obtain_stats":[{"Potion Belt":46,"Regal Pillow":48,"Gremlin Horn":39,"Golden Idol":3,"Self Forming Clay":8,"Vajra":12,"Eternal Feather":55,"Pen Nib":54,"Incense Burner":40,"Omamori":45,"Ginger":38,"Burning Blood":0,"Akabeko":27,"Anchor":29,"Ornamental Fan":25,"Shuriken":26,"MealTicket":5,"Tiny Chest":23,"Coffee Dripper":34,"InkBottle":22,"Red Skull":43,"Runic Pyramid":17},{"Potion Belt":22,"Regal Pillow":24,"Gremlin Horn":18,"Golden Idol":2,"Self Forming Clay":3,"Vajra":5,"Eternal Feather":27,"Pen Nib":26,"Incense Burner":19,"Omamori":21,"Ginger":18,"Burning Blood":0,"Akabeko":13,"Anchor":14,"Ornamental Fan":12,"Shuriken":12,"MealTicket":2,"Tiny Chest":11,"Coffee Dripper":16,"InkBottle":10,"Red Skull":20,"Runic Pyramid":8},{"Potion Belt":61,"Regal Pillow":64,"Gremlin Horn":56,"Golden Idol":4,"Self Forming Clay":12,"Vajra":18,"Eternal Feather":70,"Pen Nib":69,"Incense Burner":58,"Omamori":60,"Ginger":56,"Burning Blood":0,"Akabeko":44,"Anchor":46,"Ornamental Fan":42,"Shuriken":42,"MealTicket":4,"Tiny Chest":39,"Coffee Dripper":52,"InkBottle":33,"Red Skull":59,"Runic Pyramid":28}],"InkBottle":[50]},"card_choices":[{"not_picked":["Armaments","Cleave","Outmaneuver"],"picked":"SKIP","floor":1},{"not_picked":["BowlingBash","Worship","Storm of Steel"],"picked":"SKIP","floor":2},{"not_picked":["ThirdEye","Glacier","Redo"],"picked":"SKIP","floor":8},{"not_picked":["CrushJoints","WreathOfFlame","Doom and Gloom"],"picked":"SKIP","floor":10},{"not_picked":["Coolheaded","Caltrops","Perfected Strike"],"picked":"SKIP","floor":12},{"not_picked":["True Grit","Go for the Eyes","Shrug It Off"],"picked":"SKIP","floor":13},{"not_picked":["Quick Slash","Core Surge","Reprogram"],"picked":"SKIP","floor":14},{"not_picked":["Prepared","Wild Strike","Clothesline"],"picked":"SKIP","floor":18},{"not_picked":["Dodge and Roll","Crescendo","Iron Wave"],"picked":"SKIP","floor":22},{"not_picked":["Streamline","Searing Blow","Bane"],"picked":"SKIP","floor":23},{"not_picked":["Outmaneuver","Clash","MasterReality"],"picked":"SKIP","floor":25},{"not_picked":["PiercingWail","EmptyBody","Dodge and Roll"],"picked":"SKIP","floor":27},{"not_picked":["Infernal Blade+1","Vengeance","Sweeping Beam"],"picked":"SKIP","floor":29},{"not_picked":["ClearTheMind","SashWhip","Bloodletting+1"],"picked":"SKIP","floor":31},{"not_picked":["Exhume","Immolate"],"picked":"Adrenaline","floor":33},{"not_picked":["Clash","Turbo","Tantrum"],"picked":"SKIP","floor":35},{"not_picked":["Power Through","Backflip","Rebound"],"picked":"SKIP","floor":40},{"not_picked":["Hemokinesis","Skewer","Backflip"],"picked":"SKIP","floor":42},{"not_picked":["Twin Strike","Redo","Machine Learning"],"picked":"SKIP","floor":44},{"not_picked":["Leap+1","Shrug It Off+1","ForeignInfluence"],"picked":"SKIP","floor":46},{"not_picked":["FlurryOfBlows","Barrage+1","FlyingSleeves"],"picked":"SKIP","floor":47},{"not_picked":["Flex","Reinforced Body","Conclude"],"picked":"SKIP","floor":48},{"not_picked":["Ball Lightning","Judgement","Doom and Gloom"],"picked":"SKIP","floor":55}],"player_experience":1942809,"relics_obtained":[{"floor":8,"key":"Self Forming Clay"},{"floor":12,"key":"Vajra"},{"floor":22,"key":"InkBottle"},{"floor":23,"key":"Tiny Chest"},{"floor":25,"key":"Ornamental Fan"},{"floor":26,"key":"Shuriken"},{"floor":27,"key":"Akabeko"},{"floor":29,"key":"Anchor"},{"floor":38,"key":"Ginger"},{"floor":40,"key":"Incense Burner"},{"floor":43,"key":"Red Skull"},{"floor":45,"key":"Omamori"},{"floor":46,"key":"Potion Belt"},{"floor":48,"key":"Regal Pillow"},{"floor":55,"key":"Eternal Feather"}],"event_choices":[{"damage_healed":0,"gold_gain":0,"player_choice":"Take Damage","damage_taken":26,"relics_obtained":["Golden Idol"],"max_hp_gain":0,"max_hp_loss":0,"event_name":"Golden Idol","floor":3,"gold_loss":0},{"damage_healed":0,"gold_gain":0,"player_choice":"Success","damage_taken":18,"relics_obtained":["MealTicket"],"max_hp_gain":0,"max_hp_loss":0,"event_name":"Scrap Ooze","floor":5,"gold_loss":0},{"cards_removed":["Infernal Blade"],"damage_healed":0,"gold_gain":0,"player_choice":"Card Removal","damage_taken":0,"max_hp_gain":0,"max_hp_loss":0,"event_name":"The Cleric","floor":11,"gold_loss":75},{"damage_healed":15,"gold_gain":0,"player_choice":"Heal","damage_taken":0,"max_hp_gain":0,"max_hp_loss":0,"event_name":"The Library","floor":19,"gold_loss":0},{"damage_healed":0,"gold_gain":100,"player_choice":"Bet on Murderer","damage_taken":0,"max_hp_gain":0,"max_hp_loss":0,"event_name":"The Joust","floor":21,"gold_loss":50},{"damage_healed":0,"gold_gain":0,"player_choice":"Ignored","damage_taken":0,"max_hp_gain":0,"max_hp_loss":0,"event_name":"Tomb of Lord Red Mask","floor":37,"gold_loss":0},{"damage_healed":0,"gold_gain":0,"player_choice":"Fight","damage_taken":0,"max_hp_gain":0,"max_hp_loss":0,"event_name":"MindBloom","floor":38,"gold_loss":0}],"is_beta":false,"boss_relics":[{"not_picked":["Astrolabe","Philosopher\u0027s Stone"],"picked":"Runic Pyramid"},{"not_picked":["Snecko Eye","Black Blood"],"picked":"Coffee Dripper"}],"items_purged_floors":[20,36,54],"is_endless":false,"potions_floor_spawned":[8,14,16,23,25,27,35,40,44,46,48,55],"ascension_level":20}}