{"host":"nsiiwrl41ak9l0n5","time":1613816972,"event":{"mods":["BaseMod","Better Altar","Better Match","Better Note","Better Sensory Stone","Better Skull","BetterRewards","Colored Map","Colored Powertips","Downfall","Emptier Cage","GifTheSpireLib","HexUI Lib","Highlight Path","MarisaÅiñ∂âJÅ@ñÇóùçπÅj","Minty Spire (QoL Compilation)","Permanent Neow","Quick Restart","Rare Cards Sparkle","Relic Sorter","SacredBarkPlus","StSLib","The Animator","The Cursed","The Servant 0.9.4"],"gold_per_floor":[99,119,139,139,139,124,151,451,462,362,376,476,476,494,512,512,512,512],"floor_reached":16,"language":"ENG","playtime":1338,"items_purged":[],"score":92,"play_id":"c74ee21e-e083-46c1-a6ba-9cc7604d7361","local_time":"20210220202932","is_ascension_mode":false,"campfire_choices":[{"floor":1,"key":"RECALL"},{"floor":10,"key":"REST"}],"circlet_count":0,"master_deck":["Guardian:Strike_Guardian","Guardian:Strike_Guardian","Guardian:Strike_Guardian","Guardian:Strike_Guardian","Guardian:Defend_Guardian","Guardian:Defend_Guardian","Guardian:Defend_Guardian","Guardian:Defend_Guardian","Guardian:CurlUp","Guardian:TwinSlam","Guardian:StasisStrike","Guardian:PolyBeam","Guardian:BodySlam","Guardian:ConstructionForm","downfall:Icky","downfall:Icky","Guardian:Gem_Red","Chrysalis","Guardian:PolyBeam","Guardian:BronzeOrb"],"relics":["Guardian:ModeShifter","WingedGreaves","downfall:BrokenWingStatue","Pen Nib","downfall:HeartBlessingRed"],"acts_visited":["Exordium"],"potions_floor_usage":[16,16,16],"damage_taken":[{"damage":7,"enemies":"2 Louse","floor":2,"turns":3},{"damage":10,"enemies":"Small Slimes","floor":3,"turns":3},{"damage":5,"enemies":"downfall:FleeingMerchant","floor":6,"turns":4},{"damage":8,"enemies":"Jaw Worm","floor":9,"turns":4},{"damage":10,"enemies":"Lots of Slimes","floor":11,"turns":4},{"damage":12,"enemies":"3 Louse","floor":14,"turns":3},{"damage":7,"enemies":"Exordium Wildlife","floor":15,"turns":3},{"damage":42,"enemies":"WA_ARCHETYPE_RETAIN","floor":16,"turns":7}],"seed_played":"3181440994707940240","potions_obtained":[{"floor":2,"key":"GamblersBrew"},{"floor":3,"key":"PowerPotion"},{"floor":14,"key":"GamblersBrew"}],"is_trial":false,"path_per_floor":["R","M","M","?","?","$","T","?","M","R","M","?","?","M","M","B"],"character_chosen":"GUARDIAN","items_purchased":[],"campfire_rested":1,"item_purchase_floors":[],"current_hp_per_floor":[80,73,63,45,45,40,40,40,32,56,46,46,46,34,27,0,0,0],"gold":512,"neow_bonus":"ONE_RANDOM_RARE_CARD","is_daily":false,"chose_seed":false,"campfire_upgraded":0,"win_rate":0.0,"timestamp":1613816972,"path_taken":["R","M","M","?","?","$","T","?","M","R","M","?","?","M","M","BOSS"],"items_purchased_type":[],"build_version":"2020-12-22","purchased_purges":0,"victory":false,"max_hp_per_floor":[80,80,80,80,80,80,80,80,80,80,80,80,80,80,80,80,80,80],"card_choices":[{"not_picked":["Guardian:Harden","Guardian:Suspension"],"picked":"Guardian:PolyBeam","floor":2},{"not_picked":["Guardian:PiercingHide","Guardian:Gem_Red"],"picked":"Guardian:BodySlam","floor":3},{"not_picked":["Guardian:MultiBeam","Guardian:WalkerClaw"],"picked":"Guardian:ConstructionForm","floor":6},{"not_picked":["Guardian:Gem_Lightblue","Guardian:Incinerate"],"picked":"Guardian:Gem_Green","floor":9},{"not_picked":["Guardian:Incinerate","Guardian:Gem_Green"],"picked":"Guardian:Gem_Red","floor":11},{"not_picked":["Panache","Panacea"],"picked":"Chrysalis","floor":13},{"not_picked":["Guardian:Gem_Green","Guardian:VentSteam"],"picked":"Guardian:PolyBeam","floor":14},{"not_picked":["Guardian:CrystalBeam","Guardian:ShieldSpikes"],"picked":"Guardian:BronzeOrb","floor":15}],"player_experience":186114,"relics_obtained":[{"floor":7,"key":"Pen Nib"}],"event_choices":[{"damage_healed":0,"gold_gain":0,"player_choice":"Success","damage_taken":18,"relics_obtained":["WingedGreaves"],"max_hp_gain":0,"max_hp_loss":0,"event_name":"Scrap Ooze","floor":4,"gold_loss":0},{"damage_healed":0,"gold_gain":1,"player_choice":"1","damage_taken":0,"max_hp_gain":0,"max_hp_loss":0,"event_name":"betterStone:BetterStone","floor":13,"gold_loss":0}],"is_beta":false,"boss_relics":[],"items_purged_floors":[],"is_endless":false,"potions_floor_spawned":[2,3,11,14],"killed_by":"WA_ARCHETYPE_RETAIN","ascension_level":0}}