{"host":"ndpbn7fqb3wjbd7p","time":1613814265,"event":{"mods":["AchievementEnabler","Act Like it!","AlwaysNeverKeys","BaseMod","Better Vampires","Block Reminder","Colored Powertips","DeckTracker","Defuse TimeMaze Blight","Friendly Minions","Highlight Path","MarisaÅiñ∂âJÅ@ñÇóùçπÅj","Minty Spire (QoL Compilation)","Permanent Neow","StSLib","SuperFastMode","Synergy Search","Unceasing Turn Reminder","Wandering Minibosses"],"gold_per_floor":[10,10,10,35,48,84,113,14,64,88,88,88,88,101,101,231,231,256,275,175,189,64,64,88,88,115,133,145,145,145,75,75,75,75],"floor_reached":33,"language":"ENG","playtime":2336,"items_purged":["Eruption","Strike_P","Strike_P"],"score":294,"play_id":"ddbd1ac3-587d-4443-8ded-860475a71e13","local_time":"20210220104425","is_ascension_mode":true,"campfire_choices":[{"data":"Pray","floor":11,"key":"SMITH"},{"data":"Evaluate","floor":13,"key":"SMITH"},{"data":"CrushJoints","floor":15,"key":"SMITH"},{"data":"Study","floor":23,"key":"SMITH"},{"data":"MasterReality","floor":29,"key":"SMITH"},{"data":"SignatureMove","floor":32,"key":"SMITH"}],"circlet_count":0,"master_deck":["Strike_P","Defend_P+1","Defend_P+1","Vigilance","Pray+1","Wireheading","Scrawl","EmptyBody","Evaluate+1","Sanctity","CrushJoints+1","MasterReality+1","DeceiveReality+1","Study+1","LikeWater+1","FollowUp+1","SignatureMove+1"],"relics":["PureWater","Bloody Idol","War Paint","Sundial","Odd Mushroom","Akabeko","VioletLotus","Nunchaku"],"acts_visited":["Exordium","TheCity"],"potions_floor_usage":[6,7,16,27,27,33],"damage_taken":[{"damage":2,"enemies":"Cultist","floor":1,"turns":3},{"damage":0,"enemies":"Jaw Worm","floor":5,"turns":5},{"damage":19,"enemies":"Lagavulin","floor":6,"turns":6},{"damage":18,"enemies":"The Mushroom Lair","floor":7,"turns":4},{"damage":0,"enemies":"2 Louse","floor":10,"turns":4},{"damage":0,"enemies":"Exordium Thugs","floor":14,"turns":4},{"damage":2,"enemies":"Slime Boss","floor":16,"turns":7},{"damage":26,"enemies":"3 Byrds","floor":18,"turns":8},{"damage":0,"enemies":"Shell Parasite","floor":19,"turns":5},{"damage":2,"enemies":"Snecko","floor":21,"turns":5},{"damage":5,"enemies":"Centurion and Healer","floor":24,"turns":5},{"damage":11,"enemies":"3 Cultists","floor":27,"turns":6},{"damage":11,"enemies":"Shelled Parasite and Fungi","floor":28,"turns":5},{"damage":39,"enemies":"Collector","floor":33,"turns":3}],"seed_played":"6202692341722320120","potions_obtained":[{"floor":1,"key":"Block Potion"},{"floor":6,"key":"BottledMiracle"},{"floor":14,"key":"SkillPotion"},{"floor":19,"key":"Dexterity Potion"},{"floor":21,"key":"EssenceOfSteel"},{"floor":27,"key":"BlessingOfTheForge"}],"is_trial":false,"path_per_floor":["M","$","?","T","M","E","?","$","T","M","R","?","R","M","R","B",null,"M","M","$","M","$","R","M","?","T","M","M","R","?","$","R","B"],"character_chosen":"WATCHER","items_purchased":["Evaluate","SignatureMove"],"campfire_rested":0,"item_purchase_floors":[8,31],"current_hp_per_floor":[70,70,67,67,67,48,30,30,30,30,30,30,30,30,30,28,67,41,41,41,39,39,39,34,34,39,33,27,27,27,27,27,0,0],"gold":75,"neow_bonus":"REMOVE_TWO","is_daily":false,"chose_seed":false,"campfire_upgraded":6,"win_rate":0.0,"timestamp":1613814265,"path_taken":["M","?","?","?","M","E","?","$","T","M","R","?","R","M","R","BOSS","M","M","$","M","$","R","M","?","T","M","M","R","?","$","R","BOSS"],"items_purchased_type":["Card","Card"],"build_version":"2020-12-22","purchased_purges":3,"victory":false,"max_hp_per_floor":[72,72,67,67,67,67,67,67,67,67,67,67,67,67,67,67,67,67,67,67,67,67,67,67,67,67,67,67,67,67,67,67,67,67],"card_choices":[{"not_picked":["ForeignInfluence","Prostrate"],"picked":"Pray","floor":1},{"not_picked":["SignatureMove","Protect"],"picked":"Wireheading","floor":5},{"not_picked":["PathToVictory","Prostrate"],"picked":"Scrawl","floor":6},{"not_picked":["FlurryOfBlows","FearNoEvil"],"picked":"EmptyBody","floor":7},{"not_picked":["SandsOfTime","Protect"],"picked":"Sanctity","floor":10},{"not_picked":["Judgement","ClearTheMind"],"picked":"CrushJoints","floor":14},{"not_picked":["Scrawl","Wish"],"picked":"MasterReality","floor":16},{"not_picked":["Crescendo","Protect"],"picked":"DeceiveReality+1","floor":18},{"not_picked":["Consecrate","JustLucky","Perseverance+1"],"picked":"SKIP","floor":19},{"not_picked":["Consecrate+1","Crescendo"],"picked":"Study","floor":21},{"not_picked":["EmptyFist","PathToVictory"],"picked":"LikeWater+1","floor":24},{"not_picked":["Protect","Wireheading","CutThroughFate"],"picked":"SKIP","floor":27},{"not_picked":["Protect","Wireheading","CutThroughFate"],"picked":"SKIP","floor":27},{"not_picked":["EmptyFist","FlyingSleeves"],"picked":"FollowUp+1","floor":28}],"player_experience":1197648,"relics_obtained":[{"floor":4,"key":"War Paint"},{"floor":6,"key":"Sundial"},{"floor":7,"key":"Odd Mushroom"},{"floor":9,"key":"Akabeko"},{"floor":26,"key":"Nunchaku"}],"event_choices":[{"damage_healed":0,"gold_gain":0,"player_choice":"Lose Max HP","damage_taken":0,"relics_obtained":["Golden Idol"],"max_hp_gain":0,"max_hp_loss":5,"event_name":"Golden Idol","floor":3,"gold_loss":0},{"damage_healed":0,"gold_gain":0,"player_choice":"Fought Mushrooms","damage_taken":0,"max_hp_gain":0,"max_hp_loss":0,"event_name":"Mushrooms","floor":7,"gold_loss":0},{"cards_removed":["Defend_P"],"damage_healed":0,"gold_gain":0,"player_choice":"Offered Basic","damage_taken":0,"max_hp_gain":0,"max_hp_loss":0,"event_name":"Bonfire Elementals","floor":12,"gold_loss":0},{"damage_healed":0,"gold_gain":0,"player_choice":"Gave Idol","damage_taken":0,"relics_obtained":["Bloody Idol"],"max_hp_gain":0,"max_hp_loss":0,"event_name":"Forgotten Altar","floor":25,"relics_lost":["Golden Idol"],"gold_loss":0},{"damage_healed":0,"gold_gain":0,"player_choice":"Bought 0 Potions","damage_taken":0,"max_hp_gain":0,"max_hp_loss":0,"event_name":"The Woman in Blue","floor":30,"gold_loss":0}],"is_beta":false,"boss_relics":[{"not_picked":["Pandora\u0027s Box","Astrolabe"],"picked":"VioletLotus"}],"items_purged_floors":[8,20,22],"is_endless":false,"potions_floor_spawned":[1,6,14,19,21,27],"killed_by":"Collector","ascension_level":4}}