{"host":"ssbj2e5691x5ub3h","time":1613852790,"event":{"mods":["BaseMod","Downfall","Minty Spire (QoL Compilation)","Quick Restart","StSLib","SuperFastMode"],"gold_per_floor":[99,99,11,11,29,48,48,33,49,49,84,84,114,125,143,239,239,239,252,252,264,277,289,289,299,319,319,419,176,193,193,206,310,310,210,229,243,243,254,254,281,486,496,515,527,553,553,553,553,553],"floor_reached":48,"language":"ENG","playtime":5397,"items_purged":["Slimebound:Strike_Slimebound"],"score":518,"play_id":"36957d42-d89b-495c-8021-639bc759f17f","local_time":"20210220182630","is_ascension_mode":false,"campfire_choices":[{"data":"Slimebound:Split","floor":1,"key":"SMITH"},{"data":"Slimebound:MassRepurpose","floor":10,"key":"SMITH"},{"floor":18,"key":"RECALL"},{"floor":27,"key":"REST"},{"floor":35,"key":"REST"},{"floor":40,"key":"REST"},{"floor":47,"key":"REST"}],"circlet_count":0,"master_deck":["Slimebound:Strike_Slimebound","Slimebound:Strike_Slimebound","Slimebound:Tackle","Slimebound:Defend_Slimebound+1","Slimebound:Defend_Slimebound","Slimebound:Defend_Slimebound","Slimebound:Defend_Slimebound","Slimebound:Split+1","Slimebound:MassRepurpose+1","Slimebound:SplitMire","Slimebound:Nibble","Slimebound:HauntingLick","Slimebound:SplitLeeching","Slimebound:SlimeBarrage","Slimebound:GoopSpray","Slimebound:LeechingTouch","Slimebound:SelfFormingGoo","Slimebound:SplitAcid","Slimebound:SplitLeeching+1","Slimebound:SlimeBarrage+1","Slimebound:PressTheAttack","Slimebound:LevelUp","Slimebound:SplitAcid+1","Slimebound:RallyTheTroops","Slimebound:Repurpose+1","Slimebound:SpikyOuterGoop","Slimebound:MinionMaster","Slimebound:OozeBath+1","Slimebound:Repurpose+1","Slimebound:GoopTackle+1","Slimebound:LivingWall+1","Slimebound:SelfFormingGoo","Panacea+1","Slimebound:OneTwoCombo","Parasite","Slimebound:Schlurp+1","Slimebound:PressTheAttack+1","Slimebound:SlimeTap+1"],"relics":["Slimebound:AbsorbEndCombat","Kunai","Sundial","Bottled Flame","Fusion Hammer","Toxic Egg 2","War Paint","Astrolabe","downfall:HeartBlessingRed","Dream Catcher","Omamori"],"acts_visited":["Exordium","TheCity","TheBeyond"],"potions_floor_usage":[11,16,22,23,25,33,33,43,46],"damage_taken":[{"damage":0,"enemies":"downfall:FleeingMerchant","floor":3,"turns":4},{"damage":2,"enemies":"Cultist","floor":5,"turns":5},{"damage":5,"enemies":"Small Slimes","floor":6,"turns":3},{"damage":5,"enemies":"downfall:FleeingMerchant","floor":8,"turns":4},{"damage":3,"enemies":"Jaw Worm","floor":9,"turns":3},{"damage":4,"enemies":"Lagavulin","floor":11,"turns":4},{"damage":8,"enemies":"Blue Slaver","floor":14,"turns":3},{"damage":2,"enemies":"downfall:LooterAlt","floor":15,"turns":4},{"damage":16,"enemies":"WA_ARCHETYPE_RETAIN","floor":16,"turns":8},{"damage":19,"enemies":"downfall:LooterAlt2","floor":19,"turns":4},{"damage":0,"enemies":"Chosen","floor":20,"turns":1},{"damage":18,"enemies":"Sentry and Sphere","floor":21,"turns":4},{"damage":10,"enemies":"Centurion and Healer","floor":22,"turns":6},{"damage":3,"enemies":"Snake Plant","floor":23,"turns":4},{"damage":10,"enemies":"Cultist and Chosen","floor":25,"turns":4},{"damage":17,"enemies":"Snecko","floor":26,"turns":5},{"damage":11,"enemies":"downfall:FleeingMerchant","floor":29,"turns":4},{"damage":17,"enemies":"Centurion and Healer","floor":30,"turns":3},{"damage":22,"enemies":"Snake Plant","floor":32,"turns":3},{"damage":30,"enemies":"IC_MUSHROOM_ARCHETYPE","floor":33,"turns":7},{"damage":36,"enemies":"3 Darklings","floor":36,"turns":4},{"damage":1,"enemies":"Orb Walker","floor":37,"turns":3},{"damage":7,"enemies":"4 Shapes","floor":39,"turns":4},{"damage":10,"enemies":"downfall:FleeingMerchant","floor":42,"turns":4},{"damage":18,"enemies":"Jaw Worm Horde","floor":43,"turns":4},{"damage":4,"enemies":"Writhing Mass","floor":44,"turns":5},{"damage":18,"enemies":"4 Shapes","floor":45,"turns":5},{"damage":49,"enemies":"Giant Head","floor":46,"turns":7},{"damage":30,"enemies":"Transient","floor":48,"turns":2}],"seed_played":"5785963849304723251","potions_obtained":[{"floor":5,"key":"Explosive Potion"},{"floor":6,"key":"Strength Potion"},{"floor":9,"key":"Dexterity Potion"},{"floor":16,"key":"Weak Potion"},{"floor":19,"key":"Block Potion"},{"floor":21,"key":"Regen Potion"},{"floor":25,"key":"Slimebound:SlimedPotion"},{"floor":26,"key":"SkillPotion"},{"floor":30,"key":"CultistPotion"},{"floor":37,"key":"champ:CounterPotion"},{"floor":39,"key":"PowerPotion"},{"floor":46,"key":"SpeedPotion"}],"is_trial":false,"path_per_floor":["R","T","$","?","M","M","T","$","M","R","E","?","?","M","M","B",null,"R","M","M","M","M","M","T","M","M","R","?","$","M","?","M","B",null,"R","M","M","?","M","R","T","$","M","M","M","E","R","M"],"character_chosen":"SLIMEBOUND","items_purchased":["Slimebound:Grow","War Paint","Slimebound:OneTwoCombo"],"campfire_rested":4,"item_purchase_floors":[3,29,42],"current_hp_per_floor":[71,71,71,76,74,71,71,70,73,73,72,72,72,70,70,62,76,76,61,61,47,43,60,60,52,39,61,61,58,49,49,29,7,76,76,48,53,53,50,72,72,66,56,58,42,1,23,0,0,0],"gold":553,"neow_bonus":"TEN_PERCENT_HP_BONUS","is_daily":false,"chose_seed":false,"campfire_upgraded":2,"win_rate":0.0,"timestamp":1613852790,"path_taken":["R","?","$","?","?","M","T","$","M","R","E","?","?","M","M","BOSS","R","M","M","M","M","M","T","M","M","R","?","?","M","?","M","BOSS","R","M","M","?","?","R","T","$","M","M","M","E","R","M"],"items_purchased_type":["Card","Relic","Card"],"build_version":"2020-12-22","purchased_purges":1,"victory":false,"max_hp_per_floor":[71,71,71,76,76,76,76,76,76,76,76,76,76,76,76,76,76,76,76,76,76,76,76,76,76,76,76,76,76,76,76,76,76,76,76,76,76,76,76,76,76,76,76,76,76,76,76,76,76,76],"card_choices":[{"not_picked":["Slimebound:SplitAcid","Slimebound:RainOfGoop"],"picked":"Slimebound:MassRepurpose","floor":3},{"not_picked":["Slimebound:RollThrough","Slimebound:Gluttony"],"picked":"Slimebound:SplitMire","floor":5},{"not_picked":["Slimebound:FlameTackle","Slimebound:RollThrough"],"picked":"Slimebound:Nibble","floor":6},{"not_picked":["Slimebound:ComboTackle","Slimebound:AcidTongue"],"picked":"Slimebound:HauntingLick","floor":8},{"not_picked":["Slimebound:DouseInSlime","Slimebound:GoopTackle"],"picked":"Slimebound:SplitLeeching","floor":9},{"not_picked":["Slimebound:LivingWall","Slimebound:Dissolve"],"picked":"Slimebound:SlimeBarrage","floor":11},{"not_picked":["Slimebound:ComboTackle","Slimebound:SlimeBarrage"],"picked":"Slimebound:GoopSpray","floor":14},{"not_picked":["Slimebound:AcidTongue","Slimebound:SlimeBarrage"],"picked":"Slimebound:LeechingTouch","floor":15},{"not_picked":["Slimebound:WasteNot","Slimebound:MassFeed"],"picked":"Slimebound:SelfFormingGoo","floor":16},{"not_picked":["Slimebound:SlimeSpikes","Slimebound:MegaLick+1"],"picked":"Slimebound:SplitAcid","floor":19},{"not_picked":["Slimebound:SamplingLick","Slimebound:Chomp"],"picked":"Slimebound:SplitLeeching","floor":20},{"not_picked":["Slimebound:FormOfPuddle+1","Slimebound:FinishingTackle"],"picked":"Slimebound:SlimeBarrage+1","floor":21},{"not_picked":["Slimebound:LivingWall","Slimebound:SamplingLick"],"picked":"Slimebound:PressTheAttack","floor":22},{"not_picked":["Slimebound:GoopSpray","Slimebound:Schlurp"],"picked":"Slimebound:LevelUp","floor":23},{"not_picked":["Slimebound:ComboTackle","Slimebound:FinishingTackle"],"picked":"Slimebound:SplitAcid+1","floor":25},{"not_picked":["Slimebound:SlimeSpikes+1","Slimebound:Chomp+1"],"picked":"Slimebound:Nibble","floor":26},{"not_picked":["Slimebound:ComboTackle","Slimebound:Dissolve+1"],"picked":"Slimebound:RallyTheTroops","floor":29},{"not_picked":["Slimebound:LivingWall+1","Slimebound:LevelUp"],"picked":"Slimebound:Repurpose+1","floor":30},{"not_picked":["Slimebound:FlameTackle","Slimebound:ItLooksTasty"],"picked":"Slimebound:SpikyOuterGoop","floor":32},{"not_picked":["Slimebound:DouseInSlime+1","Slimebound:Overexert"],"picked":"Slimebound:MinionMaster","floor":33},{"not_picked":["Slimebound:Gluttony+1","Slimebound:FinishingTackle+1"],"picked":"Slimebound:LivingWall+1","floor":36},{"not_picked":["Slimebound:SlimeBarrage","Slimebound:SamplingLick+1","Slimebound:SplitBruiser+1"],"picked":"SKIP","floor":37},{"not_picked":["Slimebound:FinishingTackle+1","Slimebound:Grow","Slimebound:SpikyOuterGoop"],"picked":"SKIP","floor":39},{"not_picked":["Slimebound:GoopSpray+1","Slimebound:SlimeBrawl+1","Slimebound:ProtectTheBoss"],"picked":"SKIP","floor":42},{"not_picked":["Slimebound:DouseInSlime+1","Slimebound:ItLooksTasty+1","Slimebound:LivingWall+1"],"picked":"SKIP","floor":43},{"not_picked":["Slimebound:Replication+1","Slimebound:ProtectTheBoss"],"picked":"Slimebound:Schlurp+1","floor":44},{"not_picked":["Slimebound:HauntingLick+1","Slimebound:GoopSpray+1"],"picked":"Slimebound:PressTheAttack+1","floor":45},{"not_picked":["Slimebound:RainOfGoop+1","Slimebound:Prepare+1"],"picked":"Slimebound:SlimeTap+1","floor":46}],"player_experience":137831,"relics_obtained":[{"floor":2,"key":"Kunai"},{"floor":7,"key":"Sundial"},{"floor":11,"key":"Bottled Flame"},{"floor":24,"key":"Toxic Egg 2"},{"floor":41,"key":"Dream Catcher"},{"floor":46,"key":"Omamori"}],"event_choices":[{"damage_healed":0,"gold_gain":0,"player_choice":"Donut","damage_taken":0,"max_hp_gain":5,"max_hp_loss":0,"event_name":"Big Fish","floor":4,"gold_loss":0}],"is_beta":false,"boss_relics":[{"not_picked":["Slimebound:TarBlob","Black Star"],"picked":"Fusion Hammer"},{"not_picked":["SlaversCollar","Pandora\u0027s Box"],"picked":"Astrolabe"}],"items_purged_floors":[29],"is_endless":false,"potions_floor_spawned":[5,6,9,16,19,21,25,26,30,32,37,39,46],"killed_by":"Transient","ascension_level":0}}