{"host":"2lo6hma6kymb0g9i","time":1613805086,"event":{"mods":["BaseMod","Colored Map","DeckTracker","Minty Spire (QoL Compilation)"],"gold_per_floor":[118,118,118,129,129,159,172,201,201,201,233,24,24,49,49,126,126,137,137,137,112,112,112,137,0,23,34,34,49,49,49,49,49,49],"floor_reached":33,"language":"JPN","playtime":1637,"items_purged":["Strike_G","Strike_G"],"score":653,"play_id":"6af5c4a8-7a9d-4302-b23e-1043d03c2ef3","local_time":"20210220161126","is_ascension_mode":true,"campfire_choices":[{"data":"Predator","floor":10,"key":"SMITH"},{"data":"Dagger Spray","floor":13,"key":"SMITH"},{"floor":15,"key":"REST"},{"floor":23,"key":"REST"},{"data":"Tools of the Trade","floor":28,"key":"SMITH"},{"data":"Neutralize","floor":32,"key":"SMITH"}],"circlet_count":0,"master_deck":["AscendersBane","Strike_G","Strike_G","Defend_G","Defend_G","Defend_G","Defend_G","Defend_G","Survivor","Neutralize+1","Quick Slash","Predator+1","Dagger Spray+1","Grand Finale","Acrobatics","Tools of the Trade+1","Deflect+1","RitualDagger","Terror+1"],"relics":["Ring of the Snake","NeowsBlessing","Ancient Tea Set","Ornamental Fan","Lantern","Regal Pillow","Membership Card","Singing Bowl","SacredBark","Omamori","Bronze Scales","Vajra"],"acts_visited":["Exordium","TheCity"],"potions_floor_usage":[8,14,24,33],"damage_taken":[{"damage":0,"enemies":"Cultist","floor":1,"turns":1},{"damage":0,"enemies":"Small Slimes","floor":4,"turns":1},{"damage":0,"enemies":"3 Sentries","floor":6,"turns":2},{"damage":0,"enemies":"2 Louse","floor":7,"turns":3},{"damage":24,"enemies":"Gremlin Nob","floor":8,"turns":4},{"damage":7,"enemies":"3 Sentries","floor":11,"turns":8},{"damage":27,"enemies":"Lagavulin","floor":14,"turns":7},{"damage":25,"enemies":"Slime Boss","floor":16,"turns":6},{"damage":44,"enemies":"Shell Parasite","floor":18,"turns":7},{"damage":7,"enemies":"2 Thieves","floor":21,"turns":4},{"damage":23,"enemies":"Gremlin Leader","floor":24,"turns":6},{"damage":0,"enemies":"3 Cultists","floor":27,"turns":3},{"damage":0,"enemies":"Chosen and Byrds","floor":29,"turns":3},{"damage":50,"enemies":"Champ","floor":33,"turns":11}],"seed_played":"-2497265243543835460","potions_obtained":[{"floor":4,"key":"EssenceOfSteel"},{"floor":6,"key":"Block Potion"},{"floor":7,"key":"BlessingOfTheForge"},{"floor":14,"key":"SpeedPotion"},{"floor":18,"key":"Energy Potion"},{"floor":24,"key":"Fruit Juice"}],"is_trial":false,"path_per_floor":["M","$","?","M","?","E","M","E","T","R","E","$","R","E","R","B",null,"M","?","?","M","?","R","E","$","T","M","R","M","$","$","R","B"],"character_chosen":"THE_SILENT","items_purchased":["Membership Card","Bronze Scales"],"campfire_rested":2,"item_purchase_floors":[12,25],"current_hp_per_floor":[59,59,64,64,64,64,64,40,40,40,33,33,33,8,44,19,60,16,10,25,20,20,57,44,44,44,46,46,48,48,48,48,0,0],"gold":49,"neow_bonus":"THREE_ENEMY_KILL","is_daily":false,"chose_seed":false,"campfire_upgraded":4,"win_rate":0.0,"timestamp":1613805086,"path_taken":["M","?","?","M","?","E","M","E","T","R","E","$","R","E","R","BOSS","M","?","?","M","?","R","E","$","T","M","R","M","?","$","R","BOSS"],"items_purchased_type":["Relic","Relic"],"build_version":"2020-12-22","purchased_purges":2,"victory":false,"max_hp_per_floor":[66,66,71,71,71,71,71,71,71,71,71,71,71,73,73,73,73,73,73,73,75,75,75,85,85,85,87,87,89,89,89,89,89,89],"card_choices":[{"not_picked":["PiercingWail","Dodge and Roll"],"picked":"Quick Slash","floor":1},{"not_picked":["Masterful Stab","Blur","Flechettes"],"picked":"SKIP","floor":4},{"not_picked":["Quick Slash","Acrobatics"],"picked":"Dagger Spray","floor":6},{"not_picked":["Dagger Spray","Dodge and Roll","Quick Slash"],"picked":"SKIP","floor":7},{"not_picked":["Bane","Blade Dance"],"picked":"Grand Finale","floor":8},{"not_picked":["Underhanded Strike","Outmaneuver"],"picked":"Acrobatics","floor":11},{"not_picked":["Bullet Time","Cloak And Dagger","Unload"],"picked":"Singing Bowl","floor":14},{"not_picked":["Envenom","Venomology"],"picked":"Tools of the Trade","floor":16},{"not_picked":["Bane","Heel Hook"],"picked":"Deflect+1","floor":18},{"not_picked":["Cloak And Dagger+1","Backflip","Expertise"],"picked":"Singing Bowl","floor":21},{"not_picked":["Slice","Dagger Throw"],"picked":"Terror+1","floor":24},{"not_picked":["Unload","Prepared","Bane"],"picked":"Singing Bowl","floor":27},{"not_picked":["Deflect","Acrobatics","Sucker Punch"],"picked":"Singing Bowl","floor":29}],"player_experience":1228906,"relics_obtained":[{"floor":6,"key":"Ancient Tea Set"},{"floor":8,"key":"Ornamental Fan"},{"floor":9,"key":"Lantern"},{"floor":11,"key":"Regal Pillow"},{"floor":14,"key":"Singing Bowl"},{"floor":24,"key":"Omamori"},{"floor":26,"key":"Vajra"}],"event_choices":[{"damage_healed":0,"gold_gain":0,"player_choice":"Donut","damage_taken":0,"max_hp_gain":5,"max_hp_loss":0,"event_name":"Big Fish","floor":3,"gold_loss":0},{"damage_healed":0,"gold_gain":0,"cards_transformed":["Strike_G"],"player_choice":"Change","damage_taken":0,"max_hp_gain":0,"max_hp_loss":0,"event_name":"Living Wall","floor":5,"gold_loss":0,"cards_obtained":["Predator"]},{"damage_healed":0,"gold_gain":0,"player_choice":"Joined the Cult","damage_taken":6,"max_hp_gain":0,"max_hp_loss":0,"event_name":"Nest","floor":19,"gold_loss":0,"cards_obtained":["RitualDagger"]},{"damage_healed":15,"gold_gain":0,"player_choice":"Heal","damage_taken":0,"max_hp_gain":0,"max_hp_loss":0,"event_name":"The Library","floor":20,"gold_loss":0},{"damage_healed":0,"gold_gain":0,"player_choice":"Ignored","damage_taken":0,"max_hp_gain":0,"max_hp_loss":0,"event_name":"The Mausoleum","floor":22,"gold_loss":0}],"is_beta":false,"boss_relics":[{"not_picked":["Fusion Hammer","Calling Bell"],"picked":"SacredBark"}],"items_purged_floors":[12,25],"is_endless":false,"potions_floor_spawned":[4,6,7,14,18,24],"killed_by":"Champ","ascension_level":20}}