{"host":"mj8akmyfd5lo602f","time":1613842490,"event":{"mods":["2.2 Compatiblity","Act Like it!","BaseMod","Bestiary","BshForSts","Colored Map","Colored Powertips","Highlight Path","Koishi","Minty Spire (QoL Compilation)","Permanent Neow","Relic Stats","StSLib","The Marked"],"gold_per_floor":[115,126,138,153,166,195,195,230,230,244,244,244,244,258,258,388,388,412,436,242,260,283,326,345,345,345,371,385,403,403,416,416,542,542,555,571,647,661,208,243,243,262,262,280,28,28,28,64,64,64],"floor_reached":51,"language":"ENG","playtime":2835,"items_purged":["Defend_G"],"score":843,"play_id":"74eb1484-fa4e-43f1-94c3-4f9799539d3a","local_time":"20210220173450","is_ascension_mode":false,"campfire_choices":[{"data":"Noxious Fumes","floor":7.0,"key":"SMITH"},{"data":"Well Laid Plans","floor":15,"key":"SMITH"},{"data":"Crippling Poison","floor":25,"key":"SMITH"},{"floor":32,"key":"REST"},{"data":"Catalyst","floor":41,"key":"SMITH"},{"data":"Footwork","floor":47,"key":"SMITH"},{"floor":49,"key":"REST"}],"circlet_count":0,"master_deck":["Strike_G","Strike_G","Strike_G","Strike_G","Strike_G","Defend_G","Defend_G","Defend_G","Defend_G","Survivor","Neutralize","Crippling Poison+1","Noxious Fumes+1","Cloak And Dagger","Well Laid Plans+1","Catalyst+1","Cloak And Dagger","Backflip","Escape Plan+1","Catalyst+1","Corpse Explosion+1","CurseOfTheBell","Blade Dance+1","PiercingWail+1","Leg Sweep+1","Escape Plan+1","PiercingWail+1","Bouncing Flask+1","PiercingWail+1","Deadly Poison+1","Footwork+1","Calculated Gamble+1","Blur+1","Bullet Time+1","Noxious Fumes+1","Escape Plan+1","Skewer"],"relics":["Ring of the Snake","NeowsBlessing","Blue Candle","Tiny Chest","Toxic Egg 2","Paper Crane","Golden Idol","Calling Bell","Ginger","HornCleat","Smiling Mask","Centennial Puzzle","Orrery","Nunchaku","Kunai","Pen Nib","Orichalcum","Busted Crown","Bottled Lightning","The Specimen","DollysMirror","TungstenRod","Bottled Tornado","Lantern"],"acts_visited":["Exordium","TheCity","TheBeyond"],"potions_floor_usage":[8,23,35,48,50,50],"damage_taken":[{"damage":0.0,"enemies":"Small Slimes","floor":1.0,"turns":1.0},{"damage":0.0,"enemies":"2 Louse","floor":2.0,"turns":1.0},{"damage":0.0,"enemies":"Jaw Worm","floor":3.0,"turns":1.0},{"damage":3.0,"enemies":"Red Slaver","floor":4.0,"turns":5.0},{"damage":8.0,"enemies":"Large Slime","floor":5.0,"turns":6.0},{"damage":24.0,"enemies":"3 Sentries","floor":6.0,"turns":8.0},{"damage":3,"enemies":"Lagavulin","floor":8,"turns":7},{"damage":8,"enemies":"Lots of Slimes","floor":10,"turns":4},{"damage":0,"enemies":"Exordium Wildlife","floor":14,"turns":5},{"damage":0,"enemies":"Hexaghost","floor":16,"turns":7},{"damage":0,"enemies":"3 Byrds","floor":18,"turns":4},{"damage":7,"enemies":"2 Thieves","floor":21,"turns":4},{"damage":3,"enemies":"Snecko","floor":22,"turns":5},{"damage":1,"enemies":"Slavers","floor":23,"turns":4},{"damage":7,"enemies":"Centurion and Healer","floor":24,"turns":6},{"damage":0,"enemies":"Cultist and Chosen","floor":28,"turns":6},{"damage":24,"enemies":"Sentry and Sphere","floor":29,"turns":6},{"damage":1,"enemies":"Snecko","floor":31,"turns":6},{"damage":34,"enemies":"Automaton","floor":33,"turns":9},{"damage":1,"enemies":"3 Darklings","floor":35,"turns":4},{"damage":2,"enemies":"3 Shapes","floor":36,"turns":3},{"damage":0,"enemies":"Maw","floor":38,"turns":6},{"damage":0,"enemies":"Nemesis","floor":40,"turns":7},{"damage":12,"enemies":"Transient","floor":42,"turns":5},{"damage":5,"enemies":"Sphere and 2 Shapes","floor":44,"turns":4},{"damage":20,"enemies":"Giant Head","floor":48,"turns":6},{"damage":32,"enemies":"Time Eater","floor":50,"turns":5}],"seed_played":"5580556384388211372","potions_obtained":[{"floor":2.0,"key":"FairyPotion"},{"floor":3.0,"key":"Energy Potion"},{"floor":4.0,"key":"EssenceOfSteel"},{"floor":21,"key":"Energy Potion"},{"floor":24,"key":"CultistPotion"},{"floor":33,"key":"GamblersBrew"},{"floor":36,"key":"Dexterity Potion"},{"floor":40,"key":"AttackPotion"},{"floor":48,"key":"LiquidBronze"}],"is_trial":false,"path_per_floor":["M","M","M","M","M","E","R","E","T","M","?","?","?","M","R","B",null,"M","T","$","M","M","E","M","R","T","T","M","M","?","M","R","B",null,"M","M","T","M","$","E","R","M","T","M","$","?","R","E","R","B",null],"character_chosen":"THE_SILENT","items_purchased":["Orrery","The Specimen","DollysMirror","Bottled Tornado"],"campfire_rested":2,"item_purchase_floors":[20,39,39,45],"current_hp_per_floor":[70,70,70,67,59,35,35,32,32,24,24,24,24,24,24,24,65,65,65,65,58,55,54,47,47,47,47,47,23,23,22,41,7,65,64,62,62,62,62,62,62,50,50,45,45,45,45,25,43,11],"gold":64,"neow_bonus":"THREE_ENEMY_KILL","is_daily":false,"chose_seed":false,"campfire_upgraded":5,"win_rate":0.0,"timestamp":1613842490,"path_taken":["M","M","M","M","M","E","R","E","T","M","?","?","?","M","R","BOSS","M","?","$","M","M","E","M","R","T","?","M","?","?","M","R","BOSS","M","M","?","M","$","E","R","M","T","M","$","?","R","E","R","BOSS"],"items_purchased_type":["Relic","Relic","Relic","Relic"],"build_version":"2020-12-22","purchased_purges":1,"victory":true,"max_hp_per_floor":[70,70,70,70,70,70,70,70,70,70,70,70,65,65,65,65,65,65,65,65,65,65,65,65,65,65,65,65,65,65,65,65,65,65,65,65,65,65,65,65,65,65,65,65,65,62,62,62,62,62],"relic_stats":{"counters":[27,135],"Golden Idol":146,"Blue Candle":[0],"Pen Nib":[7],"Ginger":[14],"Orichalcum":[84],"Smiling Mask":25,"Centennial Puzzle":[39],"Nunchaku":[7],"Busted Crown":14,"Tiny Chest":2,"Kunai":[15],"obtain_stats":[{"Lantern":48,"NeowsBlessing":0,"The Specimen":39,"Golden Idol":13,"Blue Candle":6,"Pen Nib":27,"Ginger":17,"Paper Crane":11,"Orichalcum":30,"Bottled Tornado":45,"Smiling Mask":17,"Calling Bell":17,"Centennial Puzzle":19,"Nunchaku":23,"HornCleat":17,"Busted Crown":34,"DollysMirror":39,"Orrery":20,"Tiny Chest":8,"Kunai":26,"Bottled Lightning":37,"Toxic Egg 2":9,"TungstenRod":40,"Ring of the Snake":0},{"Lantern":26,"NeowsBlessing":0,"The Specimen":22,"Golden Idol":8,"Blue Candle":6,"Pen Nib":15,"Ginger":10,"Paper Crane":8,"Orichalcum":17,"Bottled Tornado":25,"Smiling Mask":10,"Calling Bell":10,"Centennial Puzzle":11,"Nunchaku":14,"HornCleat":10,"Busted Crown":19,"DollysMirror":22,"Orrery":11,"Tiny Chest":7,"Kunai":15,"Bottled Lightning":21,"Toxic Egg 2":7,"TungstenRod":23,"Ring of the Snake":0},{"Lantern":130,"NeowsBlessing":0,"The Specimen":108,"Golden Idol":33,"Blue Candle":22,"Pen Nib":68,"Ginger":45,"Paper Crane":33,"Orichalcum":80,"Bottled Tornado":124,"Smiling Mask":45,"Calling Bell":45,"Centennial Puzzle":49,"Nunchaku":62,"HornCleat":45,"Busted Crown":95,"DollysMirror":108,"Orrery":49,"Tiny Chest":29,"Kunai":68,"Bottled Lightning":102,"Toxic Egg 2":29,"TungstenRod":115,"Ring of the Snake":0}],"TungstenRod":8,"Ring of the Snake":[54]},"card_choices":[{"not_picked":["Acrobatics","Prepared"],"picked":"Crippling Poison","floor":1.0},{"not_picked":["Cloak And Dagger","Flying Knee"],"picked":"Noxious Fumes","floor":2.0},{"not_picked":["Deflect","Masterful Stab"],"picked":"Cloak And Dagger","floor":3.0},{"not_picked":["Dagger Throw","Underhanded Strike"],"picked":"Well Laid Plans","floor":4.0},{"not_picked":["Terror","Acrobatics"],"picked":"Catalyst","floor":5.0},{"not_picked":["Quick Slash","Acrobatics"],"picked":"Cloak And Dagger","floor":6.0},{"not_picked":["Distraction","Dagger Throw"],"picked":"Backflip","floor":8},{"not_picked":["Envenom","Outmaneuver+1"],"picked":"Escape Plan+1","floor":10},{"not_picked":["Underhanded Strike","Dagger Spray"],"picked":"Catalyst+1","floor":14},{"not_picked":["A Thousand Cuts","Adrenaline+1"],"picked":"Corpse Explosion+1","floor":16},{"not_picked":["Dagger Throw","Poisoned Stab"],"picked":"Blade Dance+1","floor":18},{"not_picked":["Deadly Poison+1","Eviscerate"],"picked":"PiercingWail+1","floor":20},{"not_picked":["Escape Plan+1","Deadly Poison+1"],"picked":"Leg Sweep+1","floor":20},{"not_picked":["Underhanded Strike+1","Accuracy+1"],"picked":"Escape Plan+1","floor":20},{"not_picked":["Expertise+1","Riddle With Holes"],"picked":"PiercingWail+1","floor":21},{"not_picked":["Storm of Steel+1","Infinite Blades+1"],"picked":"Bouncing Flask+1","floor":22},{"not_picked":["Outmaneuver+1","Sucker Punch"],"picked":"PiercingWail+1","floor":23},{"not_picked":["Well Laid Plans","Sucker Punch+1","Deadly Poison+1"],"picked":"SKIP","floor":24},{"not_picked":["Well Laid Plans","Sucker Punch+1"],"picked":"Deadly Poison+1","floor":24},{"not_picked":["Blade Dance+1","Finisher"],"picked":"Footwork","floor":28},{"not_picked":["Choke","Setup+1"],"picked":"Calculated Gamble+1","floor":29},{"not_picked":["Choke","Sucker Punch"],"picked":"Blur+1","floor":31},{"not_picked":["Grand Finale","Storm of Steel+1"],"picked":"Bullet Time+1","floor":33},{"not_picked":["PiercingWail+1"],"picked":"SKIP","floor":35},{"not_picked":["Blade Dance+1"],"picked":"SKIP","floor":36},{"not_picked":["Blade Dance+1"],"picked":"SKIP","floor":38},{"not_picked":[],"picked":"Escape Plan+1","floor":40},{"not_picked":["Riddle With Holes+1"],"picked":"SKIP","floor":42},{"not_picked":[],"picked":"Skewer","floor":44},{"not_picked":["Poisoned Stab"],"picked":"SKIP","floor":48}],"player_experience":212809,"relics_obtained":[{"floor":6.0,"key":"Blue Candle"},{"floor":8,"key":"Tiny Chest"},{"floor":9,"key":"Toxic Egg 2"},{"floor":17,"key":"Ginger"},{"floor":17,"key":"HornCleat"},{"floor":17,"key":"Smiling Mask"},{"floor":19,"key":"Centennial Puzzle"},{"floor":23,"key":"Nunchaku"},{"floor":26,"key":"Kunai"},{"floor":27,"key":"Pen Nib"},{"floor":37,"key":"Bottled Lightning"},{"floor":40,"key":"TungstenRod"},{"floor":48,"key":"Lantern"}],"event_choices":[{"damage_healed":0,"gold_gain":0,"player_choice":"Searched \u00271\u0027 times","damage_taken":0,"relics_obtained":["Paper Crane"],"max_hp_gain":0,"max_hp_loss":0,"event_name":"Dead Adventurer","floor":11,"gold_loss":0},{"damage_healed":0,"gold_gain":0,"player_choice":"Ignored","damage_taken":0,"max_hp_gain":0,"max_hp_loss":0,"event_name":"Liars Game","floor":12,"gold_loss":0},{"damage_healed":0,"gold_gain":0,"player_choice":"Lose Max HP","damage_taken":0,"relics_obtained":["Golden Idol"],"max_hp_gain":0,"max_hp_loss":5,"event_name":"Golden Idol","floor":13,"gold_loss":0},{"damage_healed":0,"gold_gain":0,"player_choice":"Gave Potion","damage_taken":0,"relics_obtained":["Orichalcum"],"max_hp_gain":0,"max_hp_loss":0,"event_name":"WeMeetAgain","floor":30,"gold_loss":0},{"damage_healed":0,"gold_gain":0,"player_choice":"Max HP","damage_taken":0,"max_hp_gain":0,"max_hp_loss":3,"event_name":"Winding Halls","floor":46,"gold_loss":0}],"is_beta":false,"boss_relics":[{"not_picked":["Tiny House","WristBlade"],"picked":"Calling Bell"},{"not_picked":["HoveringKite","SacredBark"],"picked":"Busted Crown"}],"items_purged_floors":[20],"is_endless":false,"potions_floor_spawned":[2,3,4,5,21,24,29,33,36,40,44,48],"ascension_level":0}}