{"host":"3n5xmnb54n2y5mb4","time":1613788843,"event":{"mods":["BaseMod","Colored Map","Colored Powertips","Downfall","Minty Spire (QoL Compilation)","Permanent Neow","StSLib","Unceasing Turn Reminder","everything is the same but u backflip on backflip"],"gold_per_floor":[118,137,137,137,148,173,185,185,185,212,212,67,118,132,132,232,232,245,245,213,231,112,112,112,112,112],"floor_reached":25,"language":"ENG","playtime":799,"items_purged":["Strike_B"],"score":363,"play_id":"7624efa3-570c-4a65-9a81-cb7deb4ce93f","local_time":"20210219214043","is_ascension_mode":true,"campfire_choices":[{"floor":8,"key":"REST"},{"floor":11,"key":"REST"},{"floor":15,"key":"REST"},{"floor":23,"key":"REST"}],"circlet_count":0,"master_deck":["AscendersBane","Strike_B","Strike_B","Strike_B+1","Defend_B","Defend_B+1","Defend_B","Defend_B+1","Zap+1","Dualcast","Redo","Darkness","Self Repair","Darkness","Defragment","Multi-Cast","Leap+1","Fission","CurseOfTheBell","Gash+1","Reinforced Body","Tempest"],"relics":["Cracked Core","Smiling Mask","Anchor","Pear","Blood Vial","Calling Bell","War Paint","Blue Candle","Unceasing Top","CultistMask","Gremlin Horn"],"acts_visited":["Exordium","TheCity"],"potions_floor_usage":[6,10,14],"damage_taken":[{"damage":1,"enemies":"2 Louse","floor":1,"turns":3},{"damage":11,"enemies":"Small Slimes","floor":2,"turns":3},{"damage":7,"enemies":"Jaw Worm","floor":5,"turns":4},{"damage":17,"enemies":"3 Sentries","floor":6,"turns":6},{"damage":6,"enemies":"Blue Slaver","floor":7,"turns":4},{"damage":42,"enemies":"Gremlin Nob","floor":10,"turns":5},{"damage":13,"enemies":"Lots of Slimes","floor":14,"turns":5},{"damage":69,"enemies":"Hexaghost","floor":16,"turns":10},{"damage":39,"enemies":"Chosen","floor":18,"turns":6},{"damage":29,"enemies":"2 Thieves","floor":20,"turns":5},{"damage":16,"enemies":"Centurion and Healer","floor":21,"turns":10},{"damage":47,"enemies":"Book of Stabbing","floor":25,"turns":5}],"seed_played":"8512166862149403438","potions_obtained":[{"floor":2,"key":"EssenceOfDarkness"},{"floor":6,"key":"GamblersBrew"},{"floor":10,"key":"SkillPotion"},{"floor":21,"key":"Strength Potion"}],"is_trial":false,"path_per_floor":["M","M","?","?","M","E","M","R","T","E","R","$","T","M","R","B",null,"M","?","M","M","$","R","?","E"],"character_chosen":"DEFECT","items_purchased":["Multi-Cast","Tempest"],"campfire_rested":4,"item_purchase_floors":[12,22],"current_hp_per_floor":[67,56,61,45,38,28,29,53,53,28,55,55,55,51,78,18,72,42,42,22,15,15,42,42,0,0],"gold":112,"neow_bonus":"UPGRADE_CARD","is_daily":false,"chose_seed":false,"campfire_upgraded":0,"win_rate":0.0,"timestamp":1613788843,"path_taken":["M","M","?","?","M","E","M","R","T","E","R","$","?","M","R","BOSS","M","?","?","M","$","R","?","E"],"items_purchased_type":["Card","Card"],"build_version":"2020-12-22","purchased_purges":1,"victory":false,"max_hp_per_floor":[75,75,80,80,80,80,80,80,80,90,90,90,90,90,90,90,90,90,90,90,90,90,90,90,90,90],"card_choices":[{"not_picked":["Go for the Eyes","Lockon"],"picked":"Redo","floor":1},{"not_picked":["Undo","Sweeping Beam"],"picked":"Darkness","floor":2},{"not_picked":["Static Discharge","Rebound"],"picked":"Self Repair","floor":5},{"not_picked":["Leap","Hologram"],"picked":"Darkness","floor":6},{"not_picked":["Coolheaded","Auto Shields"],"picked":"Defragment","floor":7},{"not_picked":["Sweeping Beam","FTL","Heatsinks"],"picked":"SKIP","floor":10},{"not_picked":["Compile Driver","Stack"],"picked":"Leap","floor":14},{"not_picked":["Core Surge","Seek"],"picked":"Fission","floor":16},{"not_picked":["Leap","Coolheaded+1"],"picked":"Gash+1","floor":18},{"not_picked":["Compile Driver","Beam Cell"],"picked":"Reinforced Body","floor":20},{"not_picked":["Stack","Steam","Coolheaded"],"picked":"SKIP","floor":21}],"player_experience":1122037,"relics_obtained":[{"floor":6,"key":"Smiling Mask"},{"floor":9,"key":"Anchor"},{"floor":10,"key":"Pear"},{"floor":13,"key":"Blood Vial"},{"floor":17,"key":"War Paint"},{"floor":17,"key":"Blue Candle"},{"floor":17,"key":"Unceasing Top"}],"event_choices":[{"damage_healed":0,"gold_gain":0,"player_choice":"Donut","damage_taken":0,"max_hp_gain":5,"max_hp_loss":0,"event_name":"Big Fish","floor":3,"gold_loss":0},{"damage_healed":0,"gold_gain":0,"player_choice":"Entered Light","damage_taken":16,"max_hp_gain":0,"max_hp_loss":0,"event_name":"Shining Light","floor":4,"gold_loss":0,"cards_upgraded":["Defend_B","Strike_B"]},{"damage_healed":0,"gold_gain":0,"player_choice":"Trade","damage_taken":0,"relics_obtained":["CultistMask"],"max_hp_gain":0,"max_hp_loss":0,"event_name":"FaceTrader","floor":19,"gold_loss":0},{"damage_healed":0,"gold_gain":0,"player_choice":"Opened","damage_taken":0,"relics_obtained":["Gremlin Horn"],"max_hp_gain":0,"max_hp_loss":0,"event_name":"The Mausoleum","floor":24,"gold_loss":0}],"is_beta":false,"boss_relics":[{"not_picked":["Black Star","bronze:MakeshiftBattery"],"picked":"Calling Bell"}],"items_purged_floors":[22],"is_endless":false,"potions_floor_spawned":[2,6,10,21],"killed_by":"Book of Stabbing","ascension_level":12}}