{"host":"qgrlfjrqk9z96gfi","time":1613854358,"event":{"mods":["BaseMod","Block Reminder","Colored Map","Custom Start","DeckTracker","Minty Spire (QoL Compilation)"],"gold_per_floor":[113,113,130,42,42,42,71,71,95,15,31,56,56,70,70,70,70],"floor_reached":16,"language":"ENG","playtime":453,"items_purged":[],"score":216,"play_id":"f853767c-c635-4be3-89cc-c8a1c9a06126","local_time":"20210220105238","is_ascension_mode":true,"campfire_choices":[{"data":"Footwork","floor":6,"key":"SMITH"},{"floor":8,"key":"REST"},{"floor":13,"key":"REST"},{"data":"Phantasmal Killer","floor":15,"key":"SMITH"}],"circlet_count":0,"master_deck":["AscendersBane","Strike_G","Strike_G","Strike_G+1","Strike_G+1","Strike_G","Defend_G","Defend_G","Defend_G","Defend_G","Defend_G","Survivor","Neutralize","Phantasmal Killer+1","Finisher","Slice","Footwork+1","Slice","Wraith Form v2","Venomology","Quick Slash"],"relics":["Ring of the Snake","Calipers","Smiling Mask","Orichalcum"],"acts_visited":["Exordium"],"potions_floor_usage":[12,16,16],"damage_taken":[{"damage":4,"enemies":"Small Slimes","floor":1,"turns":4},{"damage":6,"enemies":"Jaw Worm","floor":3,"turns":4},{"damage":24,"enemies":"Lagavulin","floor":7,"turns":7},{"damage":0,"enemies":"Cultist","floor":11,"turns":3},{"damage":18,"enemies":"3 Sentries","floor":12,"turns":9},{"damage":8,"enemies":"3 Louse","floor":14,"turns":3},{"damage":44,"enemies":"The Guardian","floor":16,"turns":13}],"seed_played":"1841673556788869247","potions_obtained":[{"floor":7,"key":"SkillPotion"},{"floor":14,"key":"Block Potion"}],"is_trial":false,"path_per_floor":["M","?","M","$","?","R","E","R","T","$","M","E","R","M","R","B"],"character_chosen":"THE_SILENT","items_purchased":["Footwork","Wraith Form v2"],"campfire_rested":2,"item_purchase_floors":[4,10],"current_hp_per_floor":[55,60,54,54,34,34,10,29,29,29,29,11,30,22,22,0,0],"gold":70,"neow_bonus":"THREE_RARE_CARDS","is_daily":false,"chose_seed":false,"campfire_upgraded":2,"win_rate":0.0,"timestamp":1613854358,"path_taken":["M","?","M","$","?","R","E","R","T","$","M","E","R","?","R","BOSS"],"items_purchased_type":["Card","Card"],"build_version":"2020-12-22","purchased_purges":0,"victory":false,"max_hp_per_floor":[60,65,65,65,65,65,65,65,65,65,65,65,65,65,65,65,65],"card_choices":[{"not_picked":["Doppelganger","Unload"],"picked":"Phantasmal Killer","floor":0},{"not_picked":["Deadly Poison","Bane"],"picked":"Finisher","floor":1},{"not_picked":["All Out Attack","Dagger Spray"],"picked":"Slice","floor":3},{"not_picked":["Reflex","Bane"],"picked":"Slice","floor":7},{"not_picked":["Deadly Poison","Flying Knee"],"picked":"Venomology","floor":11},{"not_picked":["Acrobatics","Deadly Poison","Underhanded Strike"],"picked":"SKIP","floor":12},{"not_picked":["Grand Finale","Sucker Punch"],"picked":"Quick Slash","floor":14}],"player_experience":1174364,"relics_obtained":[{"floor":7,"key":"Calipers"},{"floor":9,"key":"Smiling Mask"},{"floor":12,"key":"Orichalcum"}],"event_choices":[{"damage_healed":0,"gold_gain":0,"player_choice":"Donut","damage_taken":0,"max_hp_gain":5,"max_hp_loss":0,"event_name":"Big Fish","floor":2,"gold_loss":0},{"damage_healed":0,"gold_gain":0,"player_choice":"Entered Light","damage_taken":20,"max_hp_gain":0,"max_hp_loss":0,"event_name":"Shining Light","floor":5,"gold_loss":0,"cards_upgraded":["Strike_G","Strike_G"]}],"is_beta":false,"boss_relics":[],"items_purged_floors":[],"is_endless":false,"potions_floor_spawned":[7,14],"killed_by":"The Guardian","ascension_level":20}}