{"host":"o3b7ow6d1xe49css","time":1613788509,"event":{"mods":["Act Like it!","Aspiration","BaseMod","Bestiary","Better Altar","Better Match","Better Note","Better Sensory Stone","Better Skull","Better Third Choice","Colored Powertips","Conspire","Energized Spire","Force Act Four","GifTheSpireLib","Halation","Hermit","Hubris","Infinite Spire","Lobotomy","Minty Spire (QoL Compilation)","Quick Restart","Rare Cards Sparkle","Relic Filter Mod","Reliquary","Replay The Spire","Spicy Shops","Spikes Relics","StSLib","Stuff the Spire","The Blue Laboratory","The Hierophant","The Jungle","Wandering Minibosses"],"gold_per_floor":[118,138,148,4,4,29,358,358,358],"floor_reached":8,"language":"ENG","playtime":458,"items_purged":[],"score":114,"play_id":"cace2138-a2d0-46b2-b295-e76e7aa6df70","local_time":"20210219173509","daily_mods":["Heirloom","Flight"],"is_ascension_mode":true,"campfire_choices":[],"circlet_count":0,"master_deck":["Strike_P","Strike_P","Strike_P","Strike_P","Defend_P","Defend_P","Defend_P","Defend_P","Eruption","Vigilance","Protect","UniverseFragment","Devotion","CutThroughFate"],"relics":["PureWater","Ring of Chaos","infinitespire:Magic Flask","CogitoBucket","hubris:OldNail","Damaru","Old Coin"],"acts_visited":["Exordium"],"potions_floor_usage":[6,6],"damage_taken":[{"damage":0,"enemies":"2 Louse","floor":1,"turns":2},{"damage":0,"enemies":"Cultist","floor":2,"turns":4},{"damage":12,"enemies":"infinitespire:Voidling","floor":3,"turns":4},{"damage":0,"enemies":"Lagavulin","floor":6,"turns":4},{"damage":39,"enemies":"Gremlin Nob","floor":7,"turns":6},{"damage":30,"enemies":"Lagavulin","floor":8,"turns":4}],"seed_played":"-5450764839313844202","potions_obtained":[{"floor":1,"key":"SkillPotion"},{"floor":3,"key":"PowerPotion"}],"is_trial":true,"path_per_floor":["M","M","M","$","?","E","E","E"],"character_chosen":"WATCHER","items_purchased":["hubris:OldNail"],"campfire_rested":0,"item_purchase_floors":[4],"current_hp_per_floor":[72,72,69,69,62,62,23,0,0],"gold":358,"neow_bonus":"","is_daily":false,"chose_seed":false,"campfire_upgraded":0,"win_rate":0.0,"timestamp":1613788509,"path_taken":["M","M","M","$","?","E","E","E"],"items_purchased_type":["Relic"],"build_version":"2020-12-22","purchased_purges":0,"victory":false,"max_hp_per_floor":[72,72,72,72,72,72,72,72,72],"card_choices":[{"not_picked":["FollowUp","SignatureMove"],"picked":"Protect","floor":1},{"not_picked":["SnowQueen","Wellcheers","BeautyBeast"],"picked":"Singing Bowl","floor":1},{"not_picked":["CherryBlossoms","LittleHelper"],"picked":"UniverseFragment","floor":2},{"not_picked":["ThirdEye","JustLucky"],"picked":"Devotion","floor":2},{"not_picked":["Sanctity","WheelKick"],"picked":"CutThroughFate","floor":3},{"not_picked":["OSAHOGD","ShyLook","Woodsman"],"picked":"Singing Bowl","floor":3},{"not_picked":["ShyLook","PunishingBird","OSAHOGD"],"picked":"Singing Bowl","floor":6},{"not_picked":["SignatureMove","FollowUp","ClearTheMind"],"picked":"SKIP","floor":6},{"not_picked":["EmptyFist","Collect","Vengeance"],"picked":"SKIP","floor":7}],"player_experience":1430305,"relics_obtained":[{"floor":6,"key":"Damaru"},{"floor":7,"key":"Old Coin"}],"event_choices":[{"damage_healed":0,"gold_gain":0,"player_choice":"Damaged","damage_taken":7,"max_hp_gain":0,"max_hp_loss":0,"event_name":"Wheel of Change","floor":5,"gold_loss":0}],"is_beta":false,"boss_relics":[],"items_purged_floors":[],"is_endless":false,"potions_floor_spawned":[1,3],"killed_by":"Lagavulin","ascension_level":5}}