{"host":"mithrandi","time":1613849122,"event":{"mods":["BaseMod","Colored Map","Highlight Path","Minty Spire (QoL Compilation)","SuperFastMode"],"gold_per_floor":[111,122,10,25,175,209,221,221,247,264,281,306,306,319,319,319,319],"floor_reached":16,"language":"ENG","playtime":639,"items_purged":["Strike_R"],"score":228,"play_id":"d88288da-06ff-4714-bf3a-91f52f1e0b65","local_time":"20210220212522","is_ascension_mode":true,"campfire_choices":[{"floor":8.0,"key":"REST"},{"floor":13.0,"key":"REST"},{"data":"Dual Wield","floor":15.0,"key":"SMITH"}],"circlet_count":0,"master_deck":["AscendersBane","Strike_R","Strike_R","Strike_R","Strike_R","Defend_R","Defend_R","Defend_R","Defend_R","Bash","Fire Breathing","Headbutt","Fire Breathing","Carnage","Doubt","Pommel Strike","Headbutt","Wild Strike","Dual Wield+1","Shrug It Off","Flame Barrier","Feed"],"relics":["Burning Blood","NeowsBlessing","Regal Pillow","Dream Catcher","Happy Flower"],"acts_visited":["Exordium"],"potions_floor_usage":[16],"damage_taken":[{"damage":0.0,"enemies":"2 Louse","floor":1.0,"turns":1.0},{"damage":0.0,"enemies":"Cultist","floor":2.0,"turns":1.0},{"damage":0.0,"enemies":"Jaw Worm","floor":4.0,"turns":1.0},{"damage":27.0,"enemies":"Lagavulin","floor":6.0,"turns":6.0},{"damage":45.0,"enemies":"Gremlin Gang","floor":7.0,"turns":4.0},{"damage":13.0,"enemies":"2 Fungi Beasts","floor":10.0,"turns":3.0},{"damage":15.0,"enemies":"Large Slime","floor":11.0,"turns":3.0},{"damage":25.0,"enemies":"3 Sentries","floor":12.0,"turns":5.0},{"damage":18.0,"enemies":"3 Louse","floor":14.0,"turns":5.0},{"damage":44,"enemies":"The Guardian","floor":16,"turns":10}],"seed_played":"-6929679347697912096","potions_obtained":[{"floor":1.0,"key":"Swift Potion"},{"floor":2.0,"key":"BlessingOfTheForge"},{"floor":14.0,"key":"GamblersBrew"}],"is_trial":false,"path_per_floor":["M","M","$","M","?","E","M","R","T","M","M","E","R","M","R","B"],"character_chosen":"IRONCLAD","items_purchased":["Fire Breathing"],"campfire_rested":2,"item_purchase_floors":[3],"current_hp_per_floor":[74,75,75,75,75,54,15,52,52,45,36,17,54,42,42,0,0],"gold":319,"neow_bonus":"THREE_ENEMY_KILL","is_daily":false,"chose_seed":false,"campfire_upgraded":1,"win_rate":0.0,"timestamp":1613849122,"path_taken":["M","M","$","M","?","E","M","R","T","M","M","E","R","M","R","BOSS"],"items_purchased_type":["Card"],"build_version":"2020-12-18","purchased_purges":1,"victory":false,"max_hp_per_floor":[75,75,75,75,75,75,75,75,75,75,75,75,75,75,75,75,75],"card_choices":[{"not_picked":["Perfected Strike","Bloodletting"],"picked":"Fire Breathing","floor":1.0},{"not_picked":["Entrench","Perfected Strike"],"picked":"Headbutt","floor":2.0},{"not_picked":["Second Wind","Rage"],"picked":"Carnage","floor":4.0},{"not_picked":["Heavy Blade","True Grit"],"picked":"Pommel Strike","floor":6.0},{"not_picked":["Anger","Heavy Blade"],"picked":"Headbutt","floor":7.0},{"not_picked":["Sever Soul","Sword Boomerang"],"picked":"Wild Strike","floor":10.0},{"not_picked":["Double Tap","Warcry"],"picked":"Dual Wield","floor":11.0},{"not_picked":["Heavy Blade","Anger"],"picked":"Shrug It Off","floor":12.0},{"not_picked":["Pummel","Thunderclap"],"picked":"Flame Barrier","floor":13.0},{"not_picked":["Ghostly Armor","Sword Boomerang"],"picked":"Feed","floor":14.0}],"player_experience":3033269,"relics_obtained":[{"floor":6.0,"key":"Regal Pillow"},{"floor":9.0,"key":"Dream Catcher"},{"floor":12.0,"key":"Happy Flower"}],"event_choices":[{"damage_healed":0.0,"max_hp_gain":0.0,"max_hp_loss":0.0,"gold_gain":150.0,"event_name":"Liars Game","player_choice":"AGREE","floor":5.0,"gold_loss":0.0,"damage_taken":0.0,"cards_obtained":["Doubt"]}],"is_beta":true,"boss_relics":[],"items_purged_floors":[3],"is_endless":false,"potions_floor_spawned":[1,2,14],"killed_by":"The Guardian","ascension_level":20}}