{"host":"6a9c3xws62y7efyw","time":1613796780,"event":{"mods":["BaseMod","Colored Map","Minty Spire (QoL Compilation)","Relic Stats","StSLib"],"gold_per_floor":[111,111,67,142,142,142,167,2,2,2,36,53,73,88,88,162,162,180,180,199,212,230,259,259,284,284,284,284],"floor_reached":27,"language":"ENG","playtime":792,"items_purged":[],"score":622,"play_id":"e737769c-0d42-4e71-b23b-09c150722170","local_time":"20210219205300","is_ascension_mode":true,"campfire_choices":[{"data":"Noxious Fumes","floor":6.0,"key":"SMITH"},{"data":"Dagger Spray","floor":10.0,"key":"SMITH"},{"data":"Cloak And Dagger","floor":15.0,"key":"SMITH"},{"floor":24.0,"key":"REST"}],"circlet_count":0,"master_deck":["AscendersBane","Strike_G","Strike_G","Strike_G","Strike_G","Strike_G","Defend_G","Defend_G","Defend_G","Defend_G","Defend_G","Survivor","Neutralize","Noxious Fumes+1","Endless Agony","Dagger Spray+1","Caltrops+1","Terror","Cloak And Dagger+1","Wraith Form v2+1","Tools of the Trade+1","Eviscerate","Catalyst","Well Laid Plans+1","Malaise","Dash+1"],"relics":["Ring of the Snake","NeowsBlessing","White Beast Statue","Pear","Vajra","Anchor","Frozen Egg 2","Cursed Key","Pen Nib","Molten Egg 2","Bronze Scales"],"acts_visited":["Exordium","TheCity"],"potions_floor_usage":[25,27],"damage_taken":[{"damage":0.0,"enemies":"Small Slimes","floor":1.0,"turns":1.0},{"damage":0.0,"enemies":"Lagavulin","floor":7.0,"turns":1.0},{"damage":0.0,"enemies":"3 Sentries","floor":11.0,"turns":1.0},{"damage":0.0,"enemies":"Jaw Worm","floor":12.0,"turns":2.0},{"damage":0.0,"enemies":"Cultist","floor":13.0,"turns":2.0},{"damage":3.0,"enemies":"Gremlin Gang","floor":14.0,"turns":4.0},{"damage":12.0,"enemies":"Slime Boss","floor":16.0,"turns":7.0},{"damage":26.0,"enemies":"2 Thieves","floor":18.0,"turns":4.0},{"damage":2.0,"enemies":"Shell Parasite","floor":20.0,"turns":4.0},{"damage":26.0,"enemies":"Snake Plant","floor":21.0,"turns":4.0},{"damage":0.0,"enemies":"Snecko","floor":22.0,"turns":4.0},{"damage":5.0,"enemies":"Book of Stabbing","floor":23.0,"turns":3.0},{"damage":22,"enemies":"Slavers","floor":25,"turns":3},{"damage":26,"enemies":"Gremlin Leader","floor":27,"turns":4}],"seed_played":"-1525121475426878246","potions_obtained":[{"floor":1.0,"key":"Swift Potion"},{"floor":7.0,"key":"SmokeBomb"},{"floor":11.0,"key":"Dexterity Potion"},{"floor":13.0,"key":"Explosive Potion"},{"floor":16.0,"key":"Weak Potion"},{"floor":18.0,"key":"Weak Potion"},{"floor":20.0,"key":"CunningPotion"},{"floor":21.0,"key":"Energy Potion"},{"floor":22.0,"key":"Strength Potion"},{"floor":23.0,"key":"SteroidPotion"},{"floor":25,"key":"Explosive Potion"}],"is_trial":false,"path_per_floor":["M","?","$","?","T","R","E","$","T","R","E","M","M","M","R","B",null,"M","?","M","M","M","E","R","E","T","E"],"character_chosen":"THE_SILENT","items_purchased":["Endless Agony","Vajra"],"campfire_rested":1,"item_purchase_floors":[3,8],"current_hp_per_floor":[59,64,64,53,53,53,63,63,63,63,63,63,63,60,60,48,73,47,47,45,19,19,14,38,16,16,0,0],"gold":284,"neow_bonus":"THREE_ENEMY_KILL","is_daily":false,"chose_seed":false,"campfire_upgraded":3,"win_rate":0.0,"timestamp":1613796780,"path_taken":["M","?","$","?","?","R","E","$","T","R","E","M","M","M","R","BOSS","M","?","M","M","M","E","R","E","T","E"],"items_purchased_type":["Card","Relic"],"build_version":"2020-12-22","purchased_purges":0,"victory":false,"max_hp_per_floor":[66,71,71,71,71,71,81,81,81,81,81,81,81,81,81,81,81,81,81,81,81,81,81,81,81,81,81,81],"relic_stats":{"counters":[14,44],"Bronze Scales":[18],"Pen Nib":[5],"Cursed Key":0,"obtain_stats":[{"Anchor":9,"Pear":7,"NeowsBlessing":0,"Bronze Scales":25,"Vajra":8,"Molten Egg 2":23,"Pen Nib":19,"Frozen Egg 2":11,"Cursed Key":17,"White Beast Statue":5,"Ring of the Snake":0},{"Anchor":2,"Pear":2,"NeowsBlessing":0,"Bronze Scales":13,"Vajra":2,"Molten Egg 2":12,"Pen Nib":8,"Frozen Egg 2":3,"Cursed Key":7,"White Beast Statue":1,"Ring of the Snake":0},{"Anchor":2,"Pear":2,"NeowsBlessing":0,"Bronze Scales":40,"Vajra":2,"Molten Egg 2":37,"Pen Nib":22,"Frozen Egg 2":3,"Cursed Key":18,"White Beast Statue":1,"Ring of the Snake":0}],"Ring of the Snake":[30]},"card_choices":[{"not_picked":["Backflip","Choke"],"picked":"Noxious Fumes","floor":1.0},{"not_picked":["Sucker Punch","Backflip"],"picked":"Dagger Spray","floor":7.0},{"not_picked":["Slice","Reflex"],"picked":"Caltrops+1","floor":11.0},{"not_picked":["Prepared","Choke"],"picked":"Terror","floor":12.0},{"not_picked":["Quick Slash","Sucker Punch"],"picked":"Cloak And Dagger","floor":13.0},{"not_picked":["Deadly Poison","Infinite Blades+1"],"picked":"Wraith Form v2+1","floor":14.0},{"not_picked":["Glass Knife","Bullet Time"],"picked":"Tools of the Trade+1","floor":16.0},{"not_picked":["Bane","Riddle With Holes"],"picked":"Eviscerate","floor":18.0},{"not_picked":["Flying Knee","Sucker Punch"],"picked":"Catalyst","floor":20.0},{"not_picked":["Underhanded Strike","Slice"],"picked":"Well Laid Plans+1","floor":21.0},{"not_picked":["Poisoned Stab","Bane","Choke"],"picked":"SKIP","floor":22.0},{"not_picked":["Bullet Time","Quick Slash+1"],"picked":"Malaise","floor":23.0},{"not_picked":["Noxious Fumes+1","Endless Agony+1"],"picked":"Dash+1","floor":25}],"player_experience":1560908,"relics_obtained":[{"floor":5.0,"key":"White Beast Statue"},{"floor":7.0,"key":"Pear"},{"floor":9.0,"key":"Anchor"},{"floor":11.0,"key":"Frozen Egg 2"},{"floor":23.0,"key":"Molten Egg 2"},{"floor":25,"key":"Bronze Scales"}],"event_choices":[{"damage_healed":0.0,"max_hp_gain":5.0,"max_hp_loss":0.0,"gold_gain":0.0,"event_name":"Big Fish","player_choice":"Donut","floor":2.0,"gold_loss":0.0,"damage_taken":0.0},{"damage_healed":0.0,"max_hp_gain":0.0,"max_hp_loss":0.0,"gold_gain":75.0,"event_name":"World of Goop","player_choice":"Gather Gold","floor":4.0,"gold_loss":0.0,"damage_taken":11.0},{"damage_healed":0.0,"max_hp_gain":0.0,"max_hp_loss":0.0,"gold_gain":0.0,"event_name":"WeMeetAgain","player_choice":"Gave Potion","floor":19.0,"gold_loss":0.0,"damage_taken":0.0,"relics_obtained":["Pen Nib"]}],"is_beta":false,"boss_relics":[{"not_picked":["Snecko Eye","Busted Crown"],"picked":"Cursed Key"}],"items_purged_floors":[],"is_endless":false,"potions_floor_spawned":[1,7,11,12,13,14,16,18,20,21,22,23,25],"killed_by":"Gremlin Leader","ascension_level":20}}