{"host":"ga4s3hj9m6nkn6gp","time":1613785350,"event":{"mods":["AchievementEnabler","BaseMod","Bestiary","Colored Powertips","Highlight Path","Minty Spire (QoL Compilation)","Relic Stats","everything is the same but u backflip on backflip"],"gold_per_floor":[212,212,34,55,71,71,102,102,102,142,163,163,163,179,179,179,179],"floor_reached":16,"language":"ENG","playtime":560,"items_purged":[],"score":220,"play_id":"3f8ac37f-06f2-43ee-bf0c-e94e01b1715b","local_time":"20210220024230","is_ascension_mode":true,"campfire_choices":[{"data":"Die Die Die","floor":6,"key":"SMITH"},{"data":"Dagger Spray","floor":8,"key":"SMITH"},{"data":"Noxious Fumes","floor":12,"key":"SMITH"},{"data":"Neutralize","floor":15,"key":"SMITH"}],"circlet_count":0,"master_deck":["AscendersBane","Strike_G","Strike_G","Strike_G","Strike_G","Strike_G","Defend_G","Defend_G","Defend_G","Defend_G","Defend_G","Survivor","Neutralize+1","Endless Agony","Die Die Die+1","Dagger Spray+1","Noxious Fumes+1","Escape Plan"],"relics":["Ring of the Snake","Golden Idol","Pocketwatch","Darkstone Periapt","Peace Pipe"],"acts_visited":["Exordium"],"potions_floor_usage":[7,14],"damage_taken":[{"damage":0,"enemies":"Jaw Worm","floor":1,"turns":5},{"damage":0,"enemies":"Small Slimes","floor":4,"turns":2},{"damage":0,"enemies":"Cultist","floor":5,"turns":3},{"damage":26,"enemies":"Gremlin Nob","floor":7,"turns":4},{"damage":9,"enemies":"3 Sentries","floor":10,"turns":6},{"damage":8,"enemies":"Large Slime","floor":11,"turns":3},{"damage":1,"enemies":"Red Slaver","floor":14,"turns":4},{"damage":37,"enemies":"Hexaghost","floor":16,"turns":10}],"seed_played":"-7777707561119315527","potions_obtained":[{"floor":4,"key":"Poison Potion"},{"floor":10,"key":"Poison Potion"},{"floor":11,"key":"Regen Potion"},{"floor":14,"key":"FairyPotion"}],"is_trial":false,"path_per_floor":["M","?","$","M","M","R","E","R","T","E","M","R","?","M","R","B"],"character_chosen":"THE_SILENT","items_purchased":["Die Die Die"],"campfire_rested":0,"item_purchase_floors":[3],"current_hp_per_floor":[59,59,59,59,59,59,33,33,33,24,16,16,16,15,15,0,0],"gold":179,"neow_bonus":"HUNDRED_GOLD","is_daily":false,"chose_seed":false,"campfire_upgraded":4,"win_rate":0.0,"timestamp":1613785350,"path_taken":["M","?","$","M","M","R","E","R","T","E","M","R","?","?","R","BOSS"],"items_purchased_type":["Card"],"build_version":"2020-12-22","purchased_purges":0,"victory":false,"max_hp_per_floor":[66,60,60,60,60,60,60,60,60,60,60,60,60,60,60,60,60],"relic_stats":{"Darkstone Periapt":0,"Peace Pipe":0,"counters":[8,37],"Golden Idol":28,"obtain_stats":[{"Darkstone Periapt":9,"Peace Pipe":10,"Golden Idol":2,"Ring of the Snake":0,"Pocketwatch":7},{"Darkstone Periapt":4,"Peace Pipe":5,"Golden Idol":1,"Ring of the Snake":0,"Pocketwatch":4},{"Darkstone Periapt":14,"Peace Pipe":20,"Golden Idol":5,"Ring of the Snake":0,"Pocketwatch":14}],"Ring of the Snake":[16],"Pocketwatch":[30]},"card_choices":[{"not_picked":["Cloak And Dagger","Prepared"],"picked":"Endless Agony","floor":1},{"not_picked":["Endless Agony","PiercingWail"],"picked":"Dagger Spray","floor":4},{"not_picked":["Flying Knee","Dodge and Roll","Deadly Poison"],"picked":"SKIP","floor":5},{"not_picked":["Dagger Throw","Dodge and Roll","Bullet Time"],"picked":"SKIP","floor":7},{"not_picked":["PiercingWail","Acrobatics"],"picked":"Noxious Fumes","floor":10},{"not_picked":["Bane","PiercingWail"],"picked":"Escape Plan","floor":11},{"not_picked":["Bane","Sucker Punch","Calculated Gamble"],"picked":"SKIP","floor":14}],"player_experience":785325,"relics_obtained":[{"floor":7,"key":"Pocketwatch"},{"floor":9,"key":"Darkstone Periapt"},{"floor":10,"key":"Peace Pipe"}],"event_choices":[{"damage_healed":0,"gold_gain":0,"player_choice":"Lose Max HP","damage_taken":0,"relics_obtained":["Golden Idol"],"max_hp_gain":0,"max_hp_loss":6,"event_name":"Golden Idol","floor":2,"gold_loss":0},{"damage_healed":0,"gold_gain":0,"player_choice":"Got Potions","damage_taken":0,"max_hp_gain":0,"max_hp_loss":0,"event_name":"Lab","floor":13,"gold_loss":0}],"is_beta":false,"boss_relics":[],"items_purged_floors":[],"is_endless":false,"potions_floor_spawned":[4,10,11,14],"killed_by":"Hexaghost","ascension_level":20}}