{"host":"dmal3j0a0nl2rdne","time":1613811069,"event":{"mods":["BaseMod","Downfall","Hunter 猎人","Minty Spire (QoL Compilation)","READ ME - Guardian Mod","Replay The Spire","StSLib","The Bladedancer","残留之物","篝火指南"],"gold_per_floor":[99,99,99,99,49,49,154,154,154,154],"floor_reached":8,"language":"ZHS","playtime":287,"items_purged":[],"score":150,"play_id":"03ccf794-4933-48b8-9be3-d9b0c7e429dc","local_time":"20210220165109","daily_mods":["SealedDeck","Hoarder","Shiny","Specialized","Vintage","ControlledChaos","Diverse","Colorless Cards","Heirloom","Time Dilation","Flight","downfall:Jewelcrafting","DeadlyEvents","Binary","Elite Swarm","Midas","Binary"],"is_ascension_mode":false,"campfire_choices":[],"circlet_count":0,"master_deck":["Demon Form","Wraith Form v2","Echo Form","DevaForm","bronze:Verify","Guardian:ConstructionForm","Slimebound:DuplicatedForm","sneckomod:SerpentMind","hexamod:HexaLevel","champ:GladiatorForm","blademaster:UnrelentingWind","blademaster:EnchantedCuirass","blademaster:Blindside","blademaster:HighVoltage","blademaster:BladeDance","blademaster:ThreePointStrike","blademaster:LightningDraw","blademaster:RagingBlow","blademaster:FlockOfBlades","blademaster:CloudOfSteel","blademaster:ColdBlood","blademaster:FuryOfTheElements","blademaster:Empower","blademaster:Flash","blademaster:RollingTyphoon","blademaster:StanceMastery","Guardian:SphericShield","Guardian:FastForward","Guardian:ExploitGems","Guardian:AncientConstruct","Guardian:Gem_Synthetic","Guardian:StasisStrike","Guardian:HyperBeam_Guardian","Guardian:StasisField","Guardian:RevengeProtocol","Guardian:Gem_Orange","Guardian:ConstructionForm","Guardian:TimeSifter","Guardian:BaubleBeam","champ:LastStand","champ:Improvising","champ:GladiatorForm","champ:Devastate","champ:TripleStrike","champ:IgnorePain","champ:SwordThrow","champ:ShieldThrow","champ:HoldFirm","champ:UltimateStance","champ:MurderStrike","champ:HeavySlash","champ:SteelEdge","champ:CheapShot","champ:DancingMaster","champ:VampiricStrike","champ:StrikeOfGenius","bronze:BurnOut","bronze:Break","bronze:CleanCode","bronze:HardenedForm","bronze:ThunderWave","bronze:SpaghettiCode","bronze:RecursiveStrike","bronze:AlphaBuild","bronze:Virus","bronze:Format","bronze:Verify","bronze:Mutator","bronze:Assembly","bronze:ShipIt","bronze:FindAndReplace","bronze:HyperBeam","Slimebound:MassRepurpose","Slimebound:SelfFormingGoo","Slimebound:DouseInSlime","Slimebound:Teamwork","Slimebound:LeechLife","Slimebound:PrepareCrush","Slimebound:MassFeed","Slimebound:MinionMaster","Slimebound:DuplicatedForm","Slimebound:SlimeSlap","Slimebound:FirmFortitude","Slimebound:Overexert","Slimebound:OneTwoCombo","Slimebound:OozeBath","Slimebound:RallyTheTroops","Slimebound:WasteNot","hexamod:UnleashSpirits","hexamod:HexaLevel","hexamod:SixthSeal","hexamod:WildfireWeapon","hexamod:VolcanoVisage","hexamod:TimeOfNeed","hexamod:FifthSeal","hexamod:ForkedFlame","hexamod:SearingWound","hexamod:GhostflameInferno","hexamod:ParanormalForm","hexamod:UnlimitedPower","hexamod:TurnItUp","hexamod:TimeWarp","hexamod:GhostOfSpirePresent","sneckomod:SerpentMind","sneckomod:SoulExchange","sneckomod:UnknownRarePower","sneckomod:UnlimitedRolls","sneckomod:UnknownRareSkill","sneckomod:Restock","sneckomod:MorePower","sneckomod:UnknownBoss","sneckomod:Unknown3Cost","sneckomod:Mudshield","sneckomod:UnknownRareAttack","sneckomod:Cheat","sneckomod:DangerNoodle","PlaceholderMod:DiffusionPoison","PlaceholderMod:Activation","PlaceholderMod:ReactionCatalyze","PlaceholderMod:FinalSpray","PlaceholderMod:QualitativeChange","PlaceholderMod:SelfCoupling","PlaceholderMod:Eat","PlaceholderMod:GrowthForm","PlaceholderMod:AbsorbTouch","PlaceholderMod:InnerSoften","PlaceholderMod:MultiReaction","PlaceholderMod:HornyCollision","PlaceholderMod:DoublePoint","PlaceholderMod:PericyclicReaction","PlaceholderMod:Inner","PlaceholderMod:Assimilation","PlaceholderMod:CorePoison","PlaceholderMod:BlastSpray","GhostForm_Giant","Upgrade_Giant","One Blood","SnakeForm","Echo Attack","Double Mana","Storm Of Blood","TakeAll_Giant","BattleMaster_Giant","Recover HP","MultiTurn_Giant","Time Travel","GremlinNobPetCall","Beast Master","Unlimited Combo","Hyperbeam","Machine Learning","Buffer","All For One","Core Surge","Multi-Cast","Thunder Strike","Electrodynamics","ReplayTheSpireMod:Omega Cannon","Rainbow","ReplayTheSpireMod:Fabricate Wheel","Mirror Shield","Seek","Echo Form","Reboot","Fission","Biased Cognition","ReplayRNGCard","Meteor Strike","Amplify","Creative AI","ReplayTheSpireMod:Necrosis","Corpse Explosion","ReplayTheSpireMod:From All Sides","Adrenaline","Wraith Form v2","Venomology","Replay:Bag of Tricks","Malaise","Phantasmal Killer","Unload","Bullet Time","Grand Finale","Die Die Die","Atom Bomb","Envenom","Doppelganger","Burst","Tools of the Trade","After Image","Poison Darts","A Thousand Cuts","Night Terror","Storm of Steel","Glass Knife","Double Tap","Fiend Fire","Eclipse","Demonic Infusion","Exhume","Bludgeon","Limit Break","Hemogenesis","Demon Form","Berserk","Impervious","Juggernaut","Brutality","Offering","Feed","Replay:Many Hands","Corruption","Barricade","Reaper","Immolate","Magnetism","Midas Touch","ReplayTheSpireMod:Brewmster","Poisoned Strike","Sadistic Nature","ReplayUltimateDefense","Transmutation","HandOfGreed","ReplayTheSpireMod:Necrogeddon","Secret Technique","Thinking Ahead","Metamorphosis","Master of Strategy","Chrysalis","Mayhem","Secret Weapon","Apotheosis","Panache","Violence","The Bomb","Crow Ritual","Guardian:ExploitGems","Guardian:ExploitGems","sneckomod:ImprovisedGuard","sneckomod:ImprovisedGuard","sneckomod:ImprovisedGuard","sneckomod:ImprovisedGuard","sneckomod:ImprovisedGuard","sneckomod:ImprovisedGuard","sneckomod:ImprovisedGuard","sneckomod:ImprovisedGuard","sneckomod:ImprovisedGuard","sneckomod:ImprovisedGuard","sneckomod:ImprovisedGuard","sneckomod:ImprovisedGuard","sneckomod:ImprovisedGuard","sneckomod:ImprovisedGuard","sneckomod:ImprovisedGuard","Pummel","Pummel","Pummel","Headbutt","Headbutt","Headbutt","sneckomod:WideSting","sneckomod:WideSting","sneckomod:WideSting","sneckomod:UnknownClassHEXA_GHOST_PURPLE","sneckomod:UnknownClassHEXA_GHOST_PURPLE","sneckomod:UnknownClassHEXA_GHOST_PURPLE","Poisoned Stab","Poisoned Stab","Poisoned Stab","blademaster:AirSlash","blademaster:AirSlash","blademaster:AirSlash","hexamod:NecessarySacrifice","hexamod:NecessarySacrifice","champ:AdrenalArmor","champ:AdrenalArmor","champ:AdrenalArmor","Guardian:GuardianWhirl","Guardian:GuardianWhirl","Guardian:GuardianWhirl","sneckomod:Unknown0Cost","sneckomod:Unknown0Cost","sneckomod:Unknown0Cost","bronze:Deprecate","bronze:Deprecate","bronze:Deprecate","bronze:Deprecate","bronze:Deprecate","bronze:Deprecate","bronze:Deprecate","bronze:Deprecate","bronze:Deprecate","bronze:Deprecate","bronze:Deprecate","bronze:Deprecate","bronze:Deprecate","bronze:Deprecate","bronze:Deprecate","sneckomod:UnknownCommonAttack","sneckomod:UnknownCommonAttack","sneckomod:UnknownCommonAttack","Replay:Undeath\u0027s Touch","Replay:Undeath\u0027s Touch","Replay:Undeath\u0027s Touch","sneckomod:UnknownClassRED","sneckomod:UnknownClassRED","sneckomod:UnknownClassRED","champ:GutPunch","champ:GutPunch","champ:GutPunch","Guardian:Planning","Guardian:Planning","Guardian:Planning","sneckomod:UnknownDraw","sneckomod:UnknownDraw","sneckomod:UnknownDraw","Clone Minion","Clone Minion","Clone Minion","HealerPetCall","HealerPetCall","HealerPetCall","PlaceholderMod:DiffusionChemical","PlaceholderMod:DiffusionChemical","PlaceholderMod:DiffusionChemical","Dramatic Entrance","Dramatic Entrance","Dramatic Entrance","sneckomod:UnknownClassPURPLE+1","sneckomod:UnknownClassPURPLE+1","sneckomod:UnknownClassPURPLE+1","Flex","Flex","Flex"],"relics":["Unceasing Top","Busted Crown","Guardian:PickAxe","Ring of Chaos","replay:Trail_Library","Pondfish Scales","Ice Cream","Calipers"],"acts_visited":["Exordium"],"potions_floor_usage":[],"damage_taken":[{"damage":85,"enemies":"Gremlin Nob","floor":7,"turns":8},{"damage":0,"enemies":"3 Sentries","floor":8,"turns":1}],"seed_played":"-8996273442741829033","potions_obtained":[],"is_trial":true,"path_per_floor":["WH","?","PTL","PTL","$","$","E","E"],"character_chosen":"THE_CHAMP","items_purchased":["Flex"],"campfire_rested":0,"item_purchase_floors":[5],"current_hp_per_floor":[90,90,90,90,90,90,5,5,5,5],"gold":154,"neow_bonus":"","is_daily":false,"chose_seed":false,"campfire_upgraded":0,"win_rate":0.0,"timestamp":1613811069,"path_taken":["WH","?","PTL","PTL","$","$","?","E"],"items_purchased_type":["Card"],"build_version":"2020-12-22","purchased_purges":0,"victory":false,"max_hp_per_floor":[90,90,90,90,90,90,90,90,90,90],"card_choices":[],"player_experience":97058,"relics_obtained":[{"floor":7,"key":"Calipers"}],"event_choices":[],"is_beta":false,"boss_relics":[],"items_purged_floors":[],"is_endless":true,"potions_floor_spawned":[],"killed_by":"3 Sentries","ascension_level":0}}