{"host":"9glxjasd35ghdaim","time":1613793362,"event":{"mods":["Act Like it!","AlwaysNeverKeys","Aspiration","BaseMod","Better Third Choice","CCEM2","CapriCore","Colored Map","Colored Powertips","Dark Map","Displayed Cursed Tome","Downfall","Evolution","GifTheSpireLib","Marked Mod","Minty Spire (QoL Compilation)","Permanent Neow","Quick Restart","Random Character Button","Reliquary","StSLib","Unceasing Turn Reminder"],"gold_per_floor":[99,118,129,142,52,65,65,94,94,112,124,151,151,168,178,178,178,178],"floor_reached":16,"language":"ENG","playtime":1700,"items_purged":["Guardian:Strike_Guardian"],"score":141,"play_id":"4763952b-2a62-45db-b118-680598cfdf33","local_time":"20210219225602","is_ascension_mode":false,"campfire_choices":[{"data":"Guardian:CurlUp","floor":1,"key":"SMITH"},{"data":"Guardian:PrimingBeam","floor":9,"key":"SMITH"}],"circlet_count":0,"master_deck":["Guardian:Strike_Guardian","Guardian:Strike_Guardian","Guardian:Strike_Guardian","Guardian:Defend_Guardian","Guardian:Defend_Guardian","Guardian:Defend_Guardian","Guardian:CurlUp+1","Guardian:TwinSlam","Guardian:ExploitGems","Guardian:BodySlam","Guardian:RollAttack","Guardian:PrimingBeam+1","Guardian:ShieldSpikes","Guardian:ShieldSpikes","Guardian:Gem_Crimson","Guardian:PrismaticBeam","Guardian:Gem_Lightblue","Guardian:PiercingHide"],"relics":["Guardian:ModeShifter","EVO:Axolotl","Meat on the Bone","reliquary:ExpiredCoupon","reliquary:BallBearing"],"acts_visited":["Exordium"],"potions_floor_usage":[6,8,11,12,16,16],"damage_taken":[{"damage":1,"enemies":"Cultist","floor":2,"turns":3},{"damage":3,"enemies":"Small Slimes","floor":3,"turns":4},{"damage":6,"enemies":"Jaw Worm","floor":4,"turns":3},{"damage":10,"enemies":"downfall:FleeingMerchant","floor":5,"turns":4},{"damage":8,"enemies":"Red Slaver","floor":6,"turns":3},{"damage":0,"enemies":"Gremlin Nob","floor":8,"turns":3},{"damage":5,"enemies":"Exordium Thugs","floor":10,"turns":3},{"damage":5,"enemies":"Gremlin Gang","floor":11,"turns":2},{"damage":8,"enemies":"3 Sentries","floor":12,"turns":6},{"damage":0,"enemies":"Red Slaver","floor":14,"turns":5},{"damage":9,"enemies":"Lots of Slimes","floor":15,"turns":4},{"damage":93,"enemies":"DF_ARCHETYPE_STREAMLINE","floor":16,"turns":14}],"seed_played":"-6904676149048433006","potions_obtained":[{"floor":2,"key":"Swift Potion"},{"floor":4,"key":"Ancient Potion"},{"floor":6,"key":"hexamod:SoulburnPotion"},{"floor":10,"key":"Slimebound:ThreeZeroPotion"},{"floor":14,"key":"Energy Potion"},{"floor":15,"key":"champ:CounterPotion"}],"is_trial":false,"path_per_floor":["R","M","M","M","$","M","T","E","R","M","M","E","?","M","M","B"],"character_chosen":"GUARDIAN","items_purchased":[],"campfire_rested":0,"item_purchase_floors":[],"current_hp_per_floor":[80,79,76,70,60,52,52,52,52,47,42,46,51,51,54,0,0,0],"gold":178,"neow_bonus":"TRANSFORM_CARD","is_daily":false,"chose_seed":false,"campfire_upgraded":2,"win_rate":0.0,"timestamp":1613793362,"path_taken":["R","M","M","M","$","?","T","E","R","M","M","E","?","M","M","BOSS"],"items_purchased_type":[],"build_version":"2020-12-22","purchased_purges":1,"victory":false,"max_hp_per_floor":[80,80,80,80,80,80,80,80,80,80,80,80,85,85,85,85,85,85],"card_choices":[{"not_picked":["Guardian:VentSteam","Guardian:FloatingOrbs"],"picked":"Guardian:BodySlam","floor":2},{"not_picked":["Guardian:ChargeCore","Guardian:VentSteam"],"picked":"Guardian:Gem_Lightblue","floor":3},{"not_picked":["Guardian:Clone","Guardian:Gem_Red"],"picked":"Guardian:Gem_Green","floor":4},{"not_picked":["Guardian:GuardianWhirl","Guardian:VentSteam"],"picked":"Guardian:RollAttack","floor":5},{"not_picked":["Guardian:RefractedBeam","Guardian:Gem_White"],"picked":"Guardian:PrimingBeam","floor":6},{"not_picked":["Guardian:Harden","Guardian:DecasProtection"],"picked":"Guardian:ShieldSpikes","floor":8},{"not_picked":["Guardian:VentSteam","Guardian:Reroute"],"picked":"Guardian:ShieldSpikes","floor":10},{"not_picked":["Guardian:FastForward","Guardian:Incinerate"],"picked":"Guardian:Gem_Crimson","floor":11},{"not_picked":["Guardian:Repulse","Guardian:ShieldSpikes"],"picked":"Guardian:PrismaticBeam","floor":12},{"not_picked":["Guardian:Suspension","Guardian:ShieldCharger"],"picked":"Guardian:Gem_Lightblue","floor":14},{"not_picked":["Guardian:Gem_Purple","Guardian:Preprogram"],"picked":"Guardian:PiercingHide","floor":15}],"player_experience":233277,"relics_obtained":[{"floor":7,"key":"Meat on the Bone"},{"floor":8,"key":"reliquary:ExpiredCoupon"},{"floor":12,"key":"reliquary:BallBearing"}],"event_choices":[{"damage_healed":0,"gold_gain":0,"player_choice":"Donut","damage_taken":0,"max_hp_gain":5,"max_hp_loss":0,"event_name":"Big Fish","floor":13,"gold_loss":0}],"is_beta":false,"boss_relics":[],"items_purged_floors":[5],"is_endless":false,"potions_floor_spawned":[2,4,6,10,14,15],"killed_by":"DF_ARCHETYPE_STREAMLINE","ascension_level":0}}