{"host":"a4s27ghlnr83kbqz","time":1613786535,"event":{"mods":["AchievementEnabler","BaseMod","Colored Map","Minty Spire (QoL Compilation)","Permanent Neow","SuperFastMode"],"gold_per_floor":[109,125,139,149,114,114,114,114,184,184,40,59,103,122,122,245,245,245,245,30,0,0,0,0,0,0,0,0,0,0,0,0,0,0],"floor_reached":33,"language":"KOR","playtime":912,"items_purged":["Strike_G"],"score":430,"play_id":"c056d22b-1a88-4d9d-a38f-f39004cc15e5","local_time":"20210220110215","is_ascension_mode":true,"campfire_choices":[{"data":"Sadistic Nature","floor":6.0,"key":"SMITH"},{"data":"Deadly Poison","floor":8.0,"key":"SMITH"},{"data":"Sucker Punch","floor":10.0,"key":"SMITH"},{"floor":15.0,"key":"REST"},{"floor":23,"key":"REST"},{"floor":25,"key":"REST"},{"floor":30,"key":"REST"},{"floor":32,"key":"REST"}],"circlet_count":0,"master_deck":["AscendersBane","Strike_G","Strike_G","Strike_G","Strike_G","Defend_G","Defend_G","Defend_G","Defend_G","Defend_G","Survivor","Neutralize","Sadistic Nature+1","Deadly Poison+1","Quick Slash","Sucker Punch+1","Cloak And Dagger","Noxious Fumes","Well Laid Plans","Dodge and Roll","Masterful Stab","Crippling Poison","A Thousand Cuts","Blade Dance+1","Cloak And Dagger","Escape Plan"],"relics":["Ring of the Snake","Golden Idol","Shuriken","Ancient Tea Set","Ectoplasm","Happy Flower","Boot"],"acts_visited":["Exordium","TheCity"],"potions_floor_usage":[16,21,24,29],"damage_taken":[{"damage":17.0,"enemies":"Jaw Worm","floor":1.0,"turns":6.0},{"damage":0.0,"enemies":"2 Louse","floor":2.0,"turns":3.0},{"damage":0.0,"enemies":"Cultist","floor":3.0,"turns":3.0},{"damage":3.0,"enemies":"2 Fungi Beasts","floor":4.0,"turns":4.0},{"damage":23.0,"enemies":"Exordium Thugs","floor":12.0,"turns":6.0},{"damage":18.0,"enemies":"Gremlin Nob","floor":13.0,"turns":4.0},{"damage":0.0,"enemies":"3 Louse","floor":14.0,"turns":3.0},{"damage":16,"enemies":"The Guardian","floor":16,"turns":8},{"damage":19,"enemies":"Spheric Guardian","floor":18,"turns":6},{"damage":10,"enemies":"2 Thieves","floor":21,"turns":4},{"damage":24,"enemies":"Gremlin Leader","floor":24,"turns":6},{"damage":0,"enemies":"3 Cultists","floor":27,"turns":3},{"damage":20,"enemies":"Cultist and Chosen","floor":28,"turns":6},{"damage":2,"enemies":"Snake Plant","floor":29,"turns":4},{"damage":4,"enemies":"Centurion and Healer","floor":31,"turns":5},{"damage":78,"enemies":"Automaton","floor":33,"turns":6}],"seed_played":"4617231376820290073","potions_obtained":[{"floor":2.0,"key":"PowerPotion"},{"floor":3.0,"key":"Weak Potion"},{"floor":12.0,"key":"Dexterity Potion"},{"floor":18,"key":"CunningPotion"},{"floor":21,"key":"Explosive Potion"},{"floor":27,"key":"PowerPotion"}],"is_trial":false,"path_per_floor":["M","M","M","M","?","R","?","R","T","R","$","M","E","M","R","B",null,"M","?","$","M","?","R","E","R","T","M","M","M","R","M","R","B"],"character_chosen":"THE_SILENT","items_purchased":["Noxious Fumes","Crippling Poison","A Thousand Cuts"],"campfire_rested":5,"item_purchase_floors":[11,20,20],"current_hp_per_floor":[28,28,28,25,42,42,42,42,42,42,42,19,1,1,20,4,50,31,31,31,21,21,40,16,35,35,35,15,13,32,28,47,0,0],"gold":0,"neow_bonus":"RANDOM_COLORLESS_2","is_daily":false,"chose_seed":false,"campfire_upgraded":3,"win_rate":0.0,"timestamp":1613786535,"path_taken":["M","M","M","M","?","R","?","R","T","R","$","M","E","M","R","BOSS","M","?","$","M","?","R","E","R","T","M","?","M","R","M","R","BOSS"],"items_purchased_type":["Card","Card","Card"],"build_version":"2020-12-22","purchased_purges":1,"victory":false,"max_hp_per_floor":[70,70,70,70,70,70,65,65,65,65,65,65,65,65,65,65,65,65,65,65,65,65,65,65,65,65,65,65,65,65,65,65,65,65],"card_choices":[{"not_picked":["Secret Technique","Panache"],"picked":"Sadistic Nature","floor":0.0},{"not_picked":["All Out Attack","Dagger Throw"],"picked":"Deadly Poison","floor":1.0},{"not_picked":["Choke","Footwork"],"picked":"Quick Slash","floor":2.0},{"not_picked":["Expertise","Flying Knee"],"picked":"Sucker Punch","floor":3.0},{"not_picked":["Deflect","Tactician"],"picked":"Cloak And Dagger","floor":4.0},{"not_picked":["Quick Slash","Flying Knee"],"picked":"Well Laid Plans","floor":12.0},{"not_picked":["Deflect","Endless Agony"],"picked":"Dodge and Roll","floor":13.0},{"not_picked":["Acrobatics","Dodge and Roll"],"picked":"Masterful Stab","floor":14.0},{"not_picked":["Masterful Stab","Dodge and Roll+1","Deadly Poison"],"picked":"SKIP","floor":18},{"not_picked":["Dagger Spray","Skewer"],"picked":"Blade Dance+1","floor":21},{"not_picked":["Catalyst","Night Terror"],"picked":"Cloak And Dagger","floor":24},{"not_picked":["Sucker Punch+1","Dagger Spray+1"],"picked":"Escape Plan","floor":27},{"not_picked":["Setup","Skewer","Poisoned Stab"],"picked":"SKIP","floor":28},{"not_picked":["Flying Knee","Infinite Blades","Setup"],"picked":"SKIP","floor":29},{"not_picked":["Cloak And Dagger","Flying Knee","Outmaneuver"],"picked":"SKIP","floor":31}],"player_experience":1129671,"relics_obtained":[{"floor":9.0,"key":"Shuriken"},{"floor":13.0,"key":"Ancient Tea Set"},{"floor":24,"key":"Happy Flower"},{"floor":26,"key":"Boot"}],"event_choices":[{"damage_healed":17.0,"max_hp_gain":0.0,"max_hp_loss":0.0,"gold_gain":0.0,"event_name":"The Cleric","player_choice":"Healed","floor":5.0,"gold_loss":35.0,"damage_taken":0.0},{"damage_healed":0.0,"max_hp_gain":0.0,"max_hp_loss":5.0,"gold_gain":0.0,"event_name":"Golden Idol","player_choice":"Lose Max HP","floor":7.0,"gold_loss":0.0,"damage_taken":0.0,"relics_obtained":["Golden Idol"]},{"damage_healed":0,"gold_gain":99,"player_choice":"Stole From Cult","damage_taken":0,"max_hp_gain":0,"max_hp_loss":0,"event_name":"Nest","floor":19,"gold_loss":0},{"damage_healed":0,"gold_gain":0,"player_choice":"Ignored","damage_taken":0,"max_hp_gain":0,"max_hp_loss":0,"event_name":"WeMeetAgain","floor":22,"gold_loss":0}],"is_beta":false,"boss_relics":[{"not_picked":["Runic Pyramid","Black Star"],"picked":"Ectoplasm"}],"items_purged_floors":[11],"is_endless":false,"potions_floor_spawned":[2,3,12,18,21,27],"killed_by":"Automaton","ascension_level":12}}