{"host":"buycw3k5d5tgqflx","time":1613843023,"event":{"mods":["AchievementEnabler","Act Like it!","Aspiration","BaseMod","Better Altar","Better Match","Better Note","Better Sensory Stone","Better Skull","Better Third Choice","BetterRewards","GifTheSpireLib","Halation","HexUI Lib","Hubris","Infinite Spire","Koishi","Lobotomy","LobotomyExtend","Minty Spire (QoL Compilation)","Permanent Neow","Quick Restart","Reimu??????","Relic Sorter","Relic Stats","Replay The Spire","Ruina","SacredBarkPlus","StSLib","The Wild Card"],"gold_per_floor":[113,128,147,164,182,194,194,752,752,752,784,839,839,855,855,855,855],"floor_reached":16,"language":"ENG","playtime":4289,"items_purged":[],"score":129,"play_id":"76410b04-4168-4d92-84be-c548142e2ab0","local_time":"20210220124343","is_ascension_mode":false,"campfire_choices":[{"data":"Koishi:Untouchable","floor":7,"key":"SMITH"},{"data":"Koishi:UnconsciousUrges","floor":15,"key":"SMITH"},{"data":"Koishi:Prune","floor":15,"key":"SMITH"}],"circlet_count":0,"master_deck":["Koishi:BasicStrike","Koishi:BasicStrike","Koishi:BasicStrike","Koishi:BasicStrike","Koishi:BasicDefend","Koishi:BasicDefend","Koishi:BasicDefend","Koishi:BasicDefend","Koishi:Provoke","Koishi:HauntingSlash","Bloodbath","Koishi:SubterraneanRose","Scorched","Koishi:EmbryosDream","BlackSwan","Koishi:SubterraneanRose","FieryBird","Koishi:Untouchable+1","VoidDream","Koishi:FadingMemory","Koishi:EmbersOfLove","Koishi:JumpScare","Koishi:EmbersOfLove","HappyTeddy","Koishi:EmbryosDream","Koishi:UnconsciousUrges+1","theWildCard:BasicDefend","NakedNest","Koishi:Prune+1"],"relics":["Koishi:ImaginaryFriend","CogitoBucket","LetterFromLob","FleshIdol","Replay:Arrowhead","RuthlessExorcism:ReiMu","Orrery","Art of War","hubris:Zylophone","Oddly Smooth Stone"],"acts_visited":["Exordium"],"potions_floor_usage":[],"damage_taken":[{"damage":0,"enemies":"Cultist","floor":1,"turns":4},{"damage":9,"enemies":"infinitespire:Voidling","floor":2,"turns":6},{"damage":0,"enemies":"Small Slimes","floor":3,"turns":3},{"damage":0,"enemies":"3 Louse","floor":4,"turns":1},{"damage":18,"enemies":"Large Slime","floor":5,"turns":5},{"damage":24,"enemies":"2 Fungi Beasts","floor":6,"turns":3},{"damage":6,"enemies":"3 Sentries","floor":11,"turns":4},{"damage":8,"enemies":"Gremlin Nob","floor":12,"turns":4},{"damage":0,"enemies":"Gremlin Gang","floor":14,"turns":3},{"damage":34,"enemies":"The Guardian","floor":16,"turns":2}],"seed_played":"1187642862305977898","potions_obtained":[{"floor":1,"key":"Elixir"},{"floor":4,"key":"SpeedPotion"},{"floor":11,"key":"Reflective Coating"}],"is_trial":false,"path_per_floor":["M","M","M","M","M","M","R","$","T","?","E","?","?","M","R","B"],"character_chosen":"KOISHI","items_purchased":["Replay:Arrowhead","RuthlessExorcism:ReiMu","Orrery"],"campfire_rested":0,"item_purchase_floors":[8,8,8],"current_hp_per_floor":[60,60,60,60,43,21,21,21,21,41,36,32,32,34,34,0,0],"gold":855,"neow_bonus":"","is_daily":false,"chose_seed":false,"campfire_upgraded":3,"win_rate":0.0,"timestamp":1613843023,"path_taken":["M","?","?","M","M","M","R","$","T","?","E","?","?","?","R","BOSS"],"items_purchased_type":["Relic","Relic","Relic"],"build_version":"2020-12-22","purchased_purges":0,"victory":false,"max_hp_per_floor":[60,60,60,60,60,60,60,60,60,60,60,60,60,60,60,60,60],"relic_stats":{"counters":[11,36],"Art of War":[4],"obtain_stats":[{"hubris:Zylophone":11,"CogitoBucket":0,"Orrery":8,"Oddly Smooth Stone":12,"FleshIdol":6,"LetterFromLob":1,"Art of War":9,"Replay:Arrowhead":8,"Koishi:ImaginaryFriend":0,"RuthlessExorcism:ReiMu":8},{"hubris:Zylophone":8,"CogitoBucket":0,"Orrery":7,"Oddly Smooth Stone":9,"FleshIdol":7,"LetterFromLob":1,"Art of War":7,"Replay:Arrowhead":7,"Koishi:ImaginaryFriend":0,"RuthlessExorcism:ReiMu":7},{"hubris:Zylophone":27,"CogitoBucket":0,"Orrery":23,"Oddly Smooth Stone":31,"FleshIdol":23,"LetterFromLob":4,"Art of War":23,"Replay:Arrowhead":23,"Koishi:ImaginaryFriend":0,"RuthlessExorcism:ReiMu":23}]},"card_choices":[{"not_picked":["LongBird","BeautyBeast"],"picked":"Bloodbath","floor":1},{"not_picked":["Koishi:PhantomBarrier","Koishi:CatchAndRose"],"picked":"Koishi:SubterraneanRose","floor":1},{"not_picked":["VoidDream","MeatLantern"],"picked":"Scorched","floor":2},{"not_picked":["Koishi:RacingHeart","Koishi:JumpScare"],"picked":"Koishi:EmbryosDream","floor":2},{"not_picked":["Freischutz","FairyFestival"],"picked":"BlackSwan","floor":3},{"not_picked":["Koishi:SpiritedAway","Koishi:HeartfeltFancy"],"picked":"Koishi:SubterraneanRose","floor":3},{"not_picked":["BeautyBeast","PunishingBird","VoidDream"],"picked":"Singing Bowl","floor":4},{"not_picked":["Koishi:BloodcurdlingScream","Koishi:SubterraneanRose","Koishi:PhantomBarrier"],"picked":"SKIP","floor":4},{"not_picked":["MeatLantern","SpiderBud","WallGazer"],"picked":"Singing Bowl","floor":5},{"not_picked":["SpiderBud","WallGazer"],"picked":"FieryBird","floor":5},{"not_picked":["Koishi:EmbryosDream","Koishi:PhantomBarrier"],"picked":"Koishi:Untouchable","floor":5},{"not_picked":["NothingThere","WallGazer","PunishingBird"],"picked":"Singing Bowl","floor":6},{"not_picked":["SpiderBud","OSAHOGD"],"picked":"VoidDream","floor":6},{"not_picked":["Koishi:Prune","Koishi:ReflexRadar"],"picked":"Koishi:FadingMemory","floor":6},{"not_picked":["Koishi:RuptureMind","Koishi:ReflexRadar"],"picked":"Koishi:EmbersOfLove","floor":8},{"not_picked":["Koishi:ParalyzingFear","Koishi:TremblingHands"],"picked":"Koishi:JumpScare","floor":8},{"not_picked":["Koishi:TremblingHands","Koishi:CatchAndRose"],"picked":"Koishi:EmbersOfLove","floor":8},{"not_picked":["WallGazer","PunishingBird","ShyLook"],"picked":"Singing Bowl","floor":11},{"not_picked":["ShyLook","FairyFestival"],"picked":"HappyTeddy","floor":11},{"not_picked":["Koishi:DreadfulBlow","Koishi:SubterraneanRose"],"picked":"Koishi:EmbryosDream","floor":11},{"not_picked":["CherryBlossoms","PunishingBird","SpiderBud"],"picked":"Singing Bowl","floor":12},{"not_picked":["Koishi:SubterraneanRose","Koishi:Vanish"],"picked":"Koishi:UnconsciousUrges","floor":12},{"not_picked":["UniverseFragment","OSAHOGD"],"picked":"NakedNest","floor":14},{"not_picked":["Koishi:FleetingPhantom","Koishi:UnconsciousUprising"],"picked":"Koishi:Prune","floor":14}],"player_experience":147425,"relics_obtained":[{"floor":1,"key":"LetterFromLob"},{"floor":9,"key":"Art of War"},{"floor":11,"key":"hubris:Zylophone"},{"floor":12,"key":"Oddly Smooth Stone"}],"event_choices":[{"damage_healed":20,"gold_gain":0,"player_choice":"Banana","damage_taken":0,"max_hp_gain":0,"max_hp_loss":0,"event_name":"Big Fish","floor":10,"gold_loss":0},{"damage_healed":0,"gold_gain":0,"player_choice":"Searched \u00272\u0027 times","damage_taken":0,"max_hp_gain":0,"max_hp_loss":0,"event_name":"Dead Adventurer","floor":12,"gold_loss":0},{"cards_removed":["Koishi:BasicDefend"],"damage_healed":0,"gold_gain":0,"player_choice":"Take \u0026 Give","damage_taken":0,"max_hp_gain":0,"max_hp_loss":0,"event_name":"betterNote:BetterNote","floor":13,"gold_loss":0,"cards_obtained":["theWildCard:BasicDefend"]}],"is_beta":false,"boss_relics":[],"items_purged_floors":[],"is_endless":false,"potions_floor_spawned":[1,4,11],"killed_by":"The Guardian","ascension_level":0}}