{"host":"m8y8nvvez5gwh4s7","time":1613856127,"event":{"mods":["AchievementEnabler","BaseMod","Bestiary","Colored Map","Colored Powertips","Downfall","Minty Spire (QoL Compilation)","Rare Cards Sparkle","Relic Stats","Replay The Spire","StSLib","Together in Spire"],"gold_per_floor":[116,133,145,134,148,176,189,189,259,259,274,307,322,347,347,476,476,497,512,531,545,570,570,610,630,630,650,670,670,685,719,719,849,849,872,897,897,922,74,113,132,132,186,209,253,253,278,302,302,302],"floor_reached":51,"language":"ENG","playtime":3619,"items_purged":[],"score":650,"play_id":"713d1b27-f5cd-4911-a916-6739dda08fa7","local_time":"20210220152207","is_ascension_mode":false,"campfire_choices":[{"data":"Flex","floor":8,"key":"SMITH"},{"data":"Immolate","floor":15,"key":"SMITH"},{"floor":23,"key":"REST"},{"floor":29,"key":"REST"},{"floor":32,"key":"REST"},{"data":"ReplayUltimateDefense","floor":42,"key":"SMITH"},{"data":"Eclipse","floor":46,"key":"SMITH"},{"floor":49,"key":"REST"}],"circlet_count":0,"master_deck":["Strike_R","Strike_R","Strike_R","Strike_R","Strike_R","Defend_R","Defend_R","Defend_R","Bash","Flex","ReplayTheSpireMod:Muscle Training","Replay:Undeath\u0027s Touch","Flex+1","Shrug It Off","Immolate+1","Sentinel","Headbutt","Armaments","Rage","ReplayTheSpireMod:Limb From Limb","Eclipse+1","CurseOfTheBell","Sword Boomerang","Evolve","Second Wind","Wild Strike+1","Battle Trance","Havoc+1","Havoc+1","Disarm","Flex+1","Iron Wave","Power Through","Barricade","Armaments+1","Wild Strike+1","Searing Blow+1","Seeing Red","ReplayUltimateDefense+1","ReplayTheSpireMod:Stacked","Feel No Pain","Abandon","Carnage+1","Seeing Red+1","Flame Barrier+1"],"relics":["Burning Blood","Shuriken","Replay:WaspNest","Golden Idol","Bird Faced Urn","Calling Bell","Pen Nib","Ice Cream","Snack Pack","Unceasing Top","Replay:Bottled Flurry","Ancient Tea Set","Mark of Pain","Pantograph","Boot","Chemical X","Garlic","Toy Ornithopter","Paper Frog"],"acts_visited":["Exordium","TheCity","TheBeyond"],"potions_floor_usage":[11,16,16,20,20,25,27,38,40,40,47,48],"damage_taken":[{"damage":0,"enemies":"2 Louse","floor":1,"turns":2},{"damage":7,"enemies":"Small Slimes","floor":2,"turns":2},{"damage":1,"enemies":"Cultist","floor":3,"turns":2},{"damage":3,"enemies":"Looter","floor":4,"turns":3},{"damage":16,"enemies":"3 Louse","floor":5,"turns":3},{"damage":1,"enemies":"Lagavulin","floor":6,"turns":4},{"damage":14,"enemies":"Red Slaver","floor":7,"turns":2},{"damage":0,"enemies":"2 Fungi Beasts","floor":11,"turns":2},{"damage":4,"enemies":"Replay:BlueRogue","floor":12,"turns":2},{"damage":1,"enemies":"Blue Slaver","floor":13,"turns":1},{"damage":7,"enemies":"Exordium Thugs","floor":14,"turns":3},{"damage":12,"enemies":"Slime Boss","floor":16,"turns":5},{"damage":15,"enemies":"2 Thieves","floor":18,"turns":3},{"damage":15,"enemies":"Spheric Guardian","floor":19,"turns":4},{"damage":19,"enemies":"Centurion and Healer","floor":20,"turns":3},{"damage":26,"enemies":"Sentry and Sphere","floor":21,"turns":4},{"damage":11,"enemies":"Cultist and Chosen","floor":22,"turns":3},{"damage":34,"enemies":"Gremlin Leader","floor":24,"turns":4},{"damage":0,"enemies":"Snecko","floor":25,"turns":2},{"damage":17,"enemies":"Snake Plant","floor":27,"turns":3},{"damage":11,"enemies":"Chosen and Byrds","floor":28,"turns":3},{"damage":5,"enemies":"Cultist and Chosen","floor":30,"turns":2},{"damage":7,"enemies":"Slavers","floor":31,"turns":2},{"damage":13,"enemies":"Champ","floor":33,"turns":5},{"damage":17,"enemies":"3 Darklings","floor":35,"turns":3},{"damage":9,"enemies":"3 Shapes","floor":36,"turns":2},{"damage":7,"enemies":"Spire Growth","floor":38,"turns":2},{"damage":16,"enemies":"Reptomancer","floor":40,"turns":3},{"damage":6,"enemies":"Sphere and 2 Shapes","floor":41,"turns":3},{"damage":0,"enemies":"Jaw Worm Horde","floor":44,"turns":2},{"damage":9,"enemies":"Giant Head","floor":45,"turns":4},{"damage":27,"enemies":"4 Shapes","floor":47,"turns":2},{"damage":20,"enemies":"Writhing Mass","floor":48,"turns":3},{"damage":22,"enemies":"Replay:Hell Engine","floor":50,"turns":5}],"seed_played":"8959222519408107590","potions_obtained":[{"floor":2,"key":"Venom Potion"},{"floor":4,"key":"LiquidBronze"},{"floor":5,"key":"Elixir"},{"floor":12,"key":"BlessingOfTheForge"},{"floor":16,"key":"LiquidBronze"},{"floor":19,"key":"Ancient Potion"},{"floor":22,"key":"Swift Potion"},{"floor":24,"key":"SpeedPotion"},{"floor":27,"key":"BlessingOfTheForge"},{"floor":28,"key":"Guardian:BlockOnCardUsePotion"},{"floor":36,"key":"SneckoOil"},{"floor":41,"key":"ColorlessPotion"},{"floor":45,"key":"ElixirPotion"},{"floor":47,"key":"Adrenaline Potion"}],"is_trial":false,"path_per_floor":["M","M","M","M","M","E","M","R","T","?","M","E","M","M","R","B",null,"M","M","M","M","M","R","E","M","T","M","M","R","M","E","R","B",null,"M","M","?","M","$","E","M","R","T","M","E","R","M","M","R","B",null],"character_chosen":"IRONCLAD","items_purchased":["Pantograph","Boot","Chemical X","Seeing Red","ReplayUltimateDefense","Weak Potion"],"campfire_rested":4,"item_purchase_floors":[39,39,39,39,39,39],"current_hp_per_floor":[88,87,88,88,78,83,75,75,75,53,59,61,66,65,65,59,88,79,70,57,39,34,60,34,42,42,31,28,54,55,54,80,79,88,78,77,77,78,78,70,72,72,72,80,79,79,74,69,88,80],"gold":302,"neow_bonus":"TEN_PERCENT_HP_BONUS","is_daily":false,"chose_seed":false,"campfire_upgraded":4,"win_rate":0.0,"timestamp":1613856127,"path_taken":["M","M","M","M","M","E","M","R","T","?","M","E","M","M","R","BOSS","M","M","M","M","M","R","E","M","T","M","M","R","M","E","R","BOSS","M","M","?","M","$","E","M","R","T","M","E","R","M","M","R","BOSS"],"items_purchased_type":["Relic","Relic","Relic","Card","Card","Potion"],"build_version":"2020-12-22","purchased_purges":0,"victory":true,"max_hp_per_floor":[88,88,88,88,88,88,88,88,88,88,88,88,88,88,88,88,88,88,88,88,88,88,88,88,88,88,88,88,88,88,88,88,88,88,88,88,88,88,88,88,88,88,88,88,88,88,88,88,88,88],"relic_stats":{"counters":[34,98],"Shuriken":[14],"Golden Idol":194,"Bird Faced Urn":[18],"Pantograph":0,"Pen Nib":[11],"Chemical X":[1],"Boot":[12],"obtain_stats":[{"Ice Cream":17,"Golden Idol":10,"Replay:WaspNest":9,"Pen Nib":17,"Ancient Tea Set":31,"Boot":39,"Burning Blood":0,"Calling Bell":17,"Shuriken":6,"Bird Faced Urn":12,"Pantograph":39,"Mark of Pain":34,"Snack Pack":17,"Replay:Bottled Flurry":26,"Garlic":40,"Chemical X":39,"Unceasing Top":24,"Toy Ornithopter":43,"Paper Frog":45},{"Ice Cream":12,"Golden Idol":7,"Replay:WaspNest":7,"Pen Nib":12,"Ancient Tea Set":23,"Boot":27,"Burning Blood":0,"Calling Bell":12,"Shuriken":6,"Bird Faced Urn":9,"Pantograph":27,"Mark of Pain":24,"Snack Pack":12,"Replay:Bottled Flurry":19,"Garlic":28,"Chemical X":27,"Unceasing Top":18,"Toy Ornithopter":29,"Paper Frog":31},{"Ice Cream":31,"Golden Idol":18,"Replay:WaspNest":18,"Pen Nib":31,"Ancient Tea Set":64,"Boot":76,"Burning Blood":0,"Calling Bell":31,"Shuriken":16,"Bird Faced Urn":22,"Pantograph":76,"Mark of Pain":69,"Snack Pack":31,"Replay:Bottled Flurry":54,"Garlic":79,"Chemical X":76,"Unceasing Top":52,"Toy Ornithopter":82,"Paper Frog":88}],"Burning Blood":191,"Unceasing Top":[38],"Toy Ornithopter":10},"card_choices":[{"not_picked":["Headbutt","Cleave"],"picked":"Flex","floor":1},{"not_picked":["Body Slam","Whirlwind"],"picked":"ReplayTheSpireMod:Muscle Training","floor":2},{"not_picked":["Clash","Havoc"],"picked":"Replay:Undeath\u0027s Touch","floor":3},{"not_picked":["Heavy Blade","Cleave"],"picked":"Flex","floor":4},{"not_picked":["Rage","Clash"],"picked":"Shrug It Off","floor":5},{"not_picked":["Hemokinesis","Abandon"],"picked":"Immolate","floor":6},{"not_picked":["True Grit","Rampage"],"picked":"Sentinel","floor":7},{"not_picked":["Whirlwind","Body Slam"],"picked":"Headbutt","floor":11},{"not_picked":["Headbutt","ReplayTheSpireMod:Corrosion Curse"],"picked":"Armaments","floor":12},{"not_picked":["Rampage","Dark Embrace"],"picked":"Rage","floor":13},{"not_picked":["Heavy Blade","True Grit"],"picked":"ReplayTheSpireMod:Limb From Limb","floor":14},{"not_picked":["Hemogenesis","Exhume"],"picked":"Eclipse","floor":16},{"not_picked":["Armaments","Replay:Undeath\u0027s Touch"],"picked":"Sword Boomerang","floor":18},{"not_picked":["Wild Strike","Warcry"],"picked":"Evolve","floor":19},{"not_picked":["Body Slam","Clothesline"],"picked":"Second Wind","floor":20},{"not_picked":["Pommel Strike","Massacre"],"picked":"Wild Strike+1","floor":21},{"not_picked":["Perfected Strike","Fire Breathing"],"picked":"Battle Trance","floor":22},{"not_picked":["Reaper","ReplayTheSpireMod:Corrosion Curse+1"],"picked":"Havoc+1","floor":24},{"not_picked":["Dark Embrace","Thunderclap"],"picked":"Havoc+1","floor":25},{"not_picked":["Clash+1","ReplayTheSpireMod:LeadingStrike"],"picked":"Disarm","floor":27},{"not_picked":["Metallicize","Body Slam"],"picked":"Flex+1","floor":28},{"not_picked":["Pommel Strike","Dropkick"],"picked":"Iron Wave","floor":30},{"not_picked":["Exhume","Abandon"],"picked":"Power Through","floor":31},{"not_picked":["Fiend Fire","Reaper"],"picked":"Barricade","floor":33},{"not_picked":["Hemokinesis","Dual Wield"],"picked":"Armaments+1","floor":35},{"not_picked":["True Grit+1","Demon Form"],"picked":"Wild Strike+1","floor":36},{"not_picked":["Iron Wave","Run Through"],"picked":"Searing Blow+1","floor":38},{"not_picked":["Second Wind","Iron Wave"],"picked":"ReplayTheSpireMod:Stacked","floor":40},{"not_picked":["Perfected Strike","Sword Boomerang+1"],"picked":"Feel No Pain","floor":41},{"not_picked":["Pommel Strike","Havoc+1"],"picked":"Abandon","floor":44},{"not_picked":["Thunderclap+1","Run Through"],"picked":"Carnage+1","floor":45},{"not_picked":["Heavy Blade","Iron Wave"],"picked":"Seeing Red+1","floor":47},{"not_picked":["Dark Embrace","ReplayTheSpireMod:LeadingStrike+1"],"picked":"Flame Barrier+1","floor":48}],"player_experience":27766,"relics_obtained":[{"floor":6,"key":"Shuriken"},{"floor":9,"key":"Replay:WaspNest"},{"floor":12,"key":"Bird Faced Urn"},{"floor":17,"key":"Pen Nib"},{"floor":17,"key":"Ice Cream"},{"floor":17,"key":"Snack Pack"},{"floor":24,"key":"Unceasing Top"},{"floor":26,"key":"Replay:Bottled Flurry"},{"floor":31,"key":"Ancient Tea Set"},{"floor":40,"key":"Garlic"},{"floor":43,"key":"Toy Ornithopter"},{"floor":45,"key":"Paper Frog"}],"event_choices":[{"damage_healed":0,"gold_gain":0,"player_choice":"Take Damage","damage_taken":22,"relics_obtained":["Golden Idol"],"max_hp_gain":0,"max_hp_loss":0,"event_name":"Golden Idol","floor":10,"gold_loss":0},{"cards_removed":["Defend_R"],"damage_healed":0,"gold_gain":0,"player_choice":"Removed Skill","damage_taken":0,"max_hp_gain":0,"max_hp_loss":0,"event_name":"Falling","floor":37,"gold_loss":0}],"is_beta":false,"boss_relics":[{"not_picked":["Astrolabe","Kintsugi"],"picked":"Calling Bell"},{"not_picked":["ReplayTheSpireMod:DimensionalGlitch","Cursed Key"],"picked":"Mark of Pain"}],"items_purged_floors":[],"is_endless":false,"potions_floor_spawned":[2,4,5,12,16,19,22,24,27,28,31,36,41,45,47],"ascension_level":0}}