{"host":"vk2xyavtylxbvrfq","time":1613802387,"event":{"mods":["Bard","BaseMod","Bestiary","Better Altar","Better Match","Better Note","Better Sensory Stone","Better Skull","Better Vampires","Block Reminder","Bossed Relics","Colored Map","Curses Come First","Displayed Cursed Tome","Downfall","Extra Virgin Snecko Oil","Fox Events","Hermit","Ironclad Rager","Marked Mod","Minty Spire (QoL Compilation)","Quick Restart","Rare Cards Sparkle","Relic Sorter","Reliquary","Robot Space Explorer","Shapeshifter Mod","StSLib","The Hayseed","The Marked","The Runesmith","Unceasing Turn Reminder"],"gold_per_floor":[110,129,129,129,79,110,110,110,110,136,49,117,4,47,47,163,163,195,219,247,247,294,294,294,294,317,34,0,54,97,97,97,209,209,252,252,36,36,55,103,103,128,128,128,197,197,197,197,197,211,211],"floor_reached":50,"language":"ENG","playtime":2446,"items_purged":[],"score":786,"play_id":"06517687-11ea-4705-a02a-9c5edda96dbf","local_time":"20210220012627","is_ascension_mode":true,"campfire_choices":[{"data":"hermit:Scavenge","floor":7,"key":"SMITH"},{"data":"hermit:Determination","floor":15,"key":"SMITH"},{"data":"hermit:WideOpen","floor":23,"key":"SMITH"},{"data":"HandOfGreed","floor":25,"key":"SMITH"},{"floor":32,"key":"REST"},{"floor":41,"key":"REST"},{"floor":47,"key":"REST"},{"floor":49,"key":"RECALL"}],"circlet_count":0,"master_deck":["hermit:Defend_Hermit","hermit:Defend_Hermit","hermit:Defend_Hermit","hermit:Defend_Hermit","hermit:Snapshot","hermit:Covet","hermit:Dive","hermit:Scavenge+1","Clumsy","hermit:Reprieve","hermit:FlashPowder+1","hermit:Determination+1","hermit:HoleUp+1","hermit:Enervate","hermit:Scavenge+1","hermit:FlashPowder+1","hermit:LowProfile+1","hermit:FinalCanter","hermit:WideOpen+1","Bite","Bite","Bite","HandOfGreed+1","Discovery+1","hermit:Determination","hermit:Snipe+1","hermit:HeroicBravado+1","hermit:SprayPray","hermit:Grudge","hermit:Headshot+1","hermit:Dive+1","hermit:Determination","hermit:FlashPowder+1","hermit:WideOpen+1","hermit:Horror+1"],"relics":["hermit:Momento","NeowsBlessing","Runesmith:Nanobots","Matryoshka","Toxic Egg 2","reliquary:QuartzCube","hermit:Horseshoe","Sundial","Busted Crown","Red Mask","Art of War","MawBank","Juzu Bracelet","reliquary:WritOfMandamus","DollysMirror","reliquary:TuningFork","Pen Nib","Pocketwatch"],"acts_visited":["Exordium","TheCity","TheBeyond"],"potions_floor_usage":[14,14,14,14,16,19,22,33,40,13040,40],"damage_taken":[{"damage":0,"enemies":"2 Louse","floor":1,"turns":1},{"damage":0,"enemies":"Jaw Worm","floor":2,"turns":1},{"damage":0,"enemies":"Lagavulin","floor":6,"turns":4},{"damage":1,"enemies":"Small Slimes","floor":10,"turns":4},{"damage":25,"enemies":"3 Sentries","floor":12,"turns":18},{"damage":2,"enemies":"3 Sentries","floor":14,"turns":14},{"damage":2,"enemies":"The Guardian","floor":16,"turns":16},{"damage":0,"enemies":"Chosen","floor":18,"turns":9},{"damage":0,"enemies":"Shell Parasite","floor":19,"turns":11},{"damage":0,"enemies":"Cultist and Chosen","floor":20,"turns":12},{"damage":6,"enemies":"Masked Bandits","floor":22,"turns":8},{"damage":11,"enemies":"Centurion and Healer","floor":29,"turns":10},{"damage":29,"enemies":"Book of Stabbing","floor":30,"turns":6},{"damage":8,"enemies":"Champ","floor":33,"turns":10},{"damage":17,"enemies":"3 Shapes","floor":35,"turns":7},{"damage":1,"enemies":"Orb Walker","floor":39,"turns":5},{"damage":78,"enemies":"Reptomancer","floor":40,"turns":8},{"damage":10,"enemies":"3 Darklings","floor":42,"turns":9},{"damage":43,"enemies":"Giant Head","floor":45,"turns":9},{"damage":53,"enemies":"Awakened One","floor":50,"turns":3}],"seed_played":"-8304106131414186344","potions_obtained":[{"floor":2,"key":"Ancient Potion"},{"floor":10,"key":"EntropicBrew"},{"floor":14,"key":"BlessingOfTheForge"},{"floor":18,"key":"Regen Potion"},{"floor":19,"key":"Fruit Juice"},{"floor":33,"key":"Energy Potion"},{"floor":35,"key":"hermit:Eclipse"}],"is_trial":false,"path_per_floor":["M","M","?","T","?","E","R","$","T","M","$","?","$","E","R","B",null,"M","M","M","?","?","R","?","R","T","$","$","M","E","?","R","B",null,"M","?","$","$","M","E","R","M","T","?","E","T","R","?","R","B"],"character_chosen":"HERMIT","items_purchased":["hermit:Determination","hermit:HoleUp+1","hermit:Scavenge+1","hermit:FlashPowder+1","hermit:Determination","hermit:Snipe+1","hermit:HeroicBravado+1","hermit:SprayPray","hermit:Grudge","hermit:Determination","DollysMirror"],"campfire_rested":3,"item_purchase_floors":[11,11,13,13,27,27,27,27,28,37,37],"current_hp_per_floor":[68,68,75,75,75,75,75,75,75,74,74,49,49,66,66,68,79,82,87,87,71,71,71,71,71,71,71,71,71,46,29,50,71,71,54,58,58,58,67,17,38,50,50,50,21,21,42,42,42,0,0],"gold":211,"neow_bonus":"THREE_ENEMY_KILL","is_daily":false,"chose_seed":false,"campfire_upgraded":4,"win_rate":0.0,"timestamp":1613802387,"path_taken":["M","M","?","?","?","E","R","$","T","M","$","?","?","E","R","BOSS","M","M","M","?","?","R","?","R","T","?","$","M","E","?","R","BOSS","M","?","?","$","M","E","R","M","T","?","E","?","R","?","R","BOSS"],"items_purchased_type":["Card","Card","Card","Card","Card","Card","Card","Card","Card","Card","Relic"],"build_version":"2020-12-22","purchased_purges":0,"victory":false,"max_hp_per_floor":[75,75,82,82,82,82,82,82,82,82,82,82,82,82,82,82,82,82,87,87,71,71,71,71,71,71,71,71,71,71,71,71,71,71,71,71,71,71,71,71,71,71,71,71,71,71,71,71,71,71,71],"card_choices":[{"not_picked":["hermit:Quickdraw","hermit:LowProfile"],"picked":"hermit:Dive","floor":1},{"not_picked":["hermit:PistolWhip","hermit:Roulette"],"picked":"hermit:Scavenge","floor":2},{"not_picked":["hermit:LowProfile","hermit:Roulette"],"picked":"hermit:Reprieve","floor":6},{"not_picked":["hermit:Snipe+1","hermit:DeadMansHand+1"],"picked":"hermit:FlashPowder+1","floor":10},{"not_picked":["hermit:Feint+1","hermit:CursedWeapon"],"picked":"hermit:Enervate","floor":12},{"not_picked":["hermit:Headshot","hermit:WideOpen"],"picked":"hermit:LowProfile+1","floor":14},{"not_picked":["hermit:Gambit+1","hermit:Roughhouse"],"picked":"hermit:FinalCanter","floor":16},{"not_picked":["hermit:TakeAim"],"picked":"SKIP","floor":18},{"not_picked":["hermit:TakeAim"],"picked":"SKIP","floor":19},{"not_picked":[],"picked":"hermit:WideOpen","floor":20},{"not_picked":[],"picked":"HandOfGreed","floor":24},{"not_picked":[],"picked":"Discovery+1","floor":24},{"not_picked":[],"picked":"hermit:Headshot+1","floor":29},{"not_picked":["hermit:ItchyTrigger"],"picked":"SKIP","floor":30},{"not_picked":[],"picked":"hermit:Dive+1","floor":35},{"not_picked":["hermit:Shortfuse"],"picked":"SKIP","floor":39},{"not_picked":[],"picked":"hermit:WideOpen+1","floor":40},{"not_picked":[],"picked":"hermit:Horror+1","floor":42},{"not_picked":["hermit:WideOpen+1"],"picked":"SKIP","floor":45}],"player_experience":1445407,"relics_obtained":[{"floor":4,"key":"Runesmith:Nanobots"},{"floor":6,"key":"Matryoshka"},{"floor":9,"key":"Toxic Egg 2"},{"floor":9,"key":"reliquary:QuartzCube"},{"floor":12,"key":"hermit:Horseshoe"},{"floor":14,"key":"Sundial"},{"floor":22,"key":"Red Mask"},{"floor":26,"key":"Art of War"},{"floor":26,"key":"MawBank"},{"floor":30,"key":"Juzu Bracelet"},{"floor":40,"key":"reliquary:TuningFork"},{"floor":45,"key":"Pen Nib"},{"floor":46,"key":"Pocketwatch"}],"event_choices":[{"cards_removed":["hermit:Strike_Hermit"],"damage_healed":0,"gold_gain":0,"player_choice":"Card Removal","damage_taken":0,"max_hp_gain":0,"max_hp_loss":0,"event_name":"The Cleric","floor":5,"gold_loss":50},{"damage_healed":0,"gold_gain":0,"player_choice":"Searched \u00271\u0027 times","damage_taken":0,"max_hp_gain":0,"max_hp_loss":0,"event_name":"Dead Adventurer","floor":12,"gold_loss":0},{"damage_healed":0,"gold_gain":0,"player_choice":"Became a vampire","damage_taken":0,"max_hp_gain":0,"max_hp_loss":16,"event_name":"Vampires","floor":21,"gold_loss":0,"cards_obtained":["Bite","Bite","Bite"]},{"damage_healed":0,"gold_gain":0,"player_choice":"Fought Bandits","damage_taken":0,"max_hp_gain":0,"max_hp_loss":0,"event_name":"Masked Bandits","floor":22,"gold_loss":0},{"damage_healed":0,"gold_gain":2,"player_choice":"1","damage_taken":0,"max_hp_gain":0,"max_hp_loss":0,"event_name":"betterStone:BetterStone","floor":24,"gold_loss":0},{"damage_healed":0,"gold_gain":0,"player_choice":" Potion ","damage_taken":17,"relics_obtained":[],"max_hp_gain":46,"max_hp_loss":29,"event_name":"betterAltar:BetterAltar","floor":31,"potions_obtained":["betterAltar:AltarPotion"],"relics_lost":[],"gold_loss":0},{"damage_healed":4,"gold_gain":0,"player_choice":"LEAVE ","damage_taken":0,"relics_obtained":[],"max_hp_gain":0,"max_hp_loss":0,"event_name":"betterSkull:BetterSkull","floor":36,"gold_loss":0,"cards_upgraded":[]},{"damage_healed":0,"gold_gain":0,"player_choice":"Ignored","damage_taken":0,"max_hp_gain":0,"max_hp_loss":0,"event_name":"SecretPortal","floor":44,"gold_loss":0},{"damage_healed":0,"gold_gain":0,"player_choice":"Ignored","damage_taken":0,"max_hp_gain":0,"max_hp_loss":0,"event_name":"Mysterious Sphere","floor":48,"gold_loss":0}],"is_beta":false,"boss_relics":[{"not_picked":["reliquary:RedCape","Runesmith:UraniumAnvil"],"picked":"Busted Crown"},{"not_picked":["Runic Dome","Pandora\u0027s Box"],"picked":"reliquary:WritOfMandamus"}],"items_purged_floors":[],"is_endless":false,"potions_floor_spawned":[2,10,14,18,19,33,35],"killed_by":"Awakened One","ascension_level":7}}