{"host":"6rz02yiipefhcw4r","time":1613803321,"event":{"mods":["2.2 Compatiblity","BaseMod","Block Reminder","Colored Map","Curses Come First","DeckTracker","Googly Eyes","Minty Spire (QoL Compilation)","Quick Restart","Rare Cards Sparkle","StSLib"],"gold_per_floor":[109,109,127,140,155,155,3,46,69,117,192,192,219,251,251,251,251],"floor_reached":16,"language":"ENG","playtime":560,"items_purged":["Strike_G"],"score":224,"play_id":"61c60136-1ef2-4c77-ad2e-18f1757d1daa","local_time":"20210220044201","is_ascension_mode":true,"campfire_choices":[{"floor":6,"key":"REST"},{"floor":12,"key":"REST"},{"floor":15,"key":"REST"}],"circlet_count":0,"master_deck":["AscendersBane","Strike_G","Strike_G","Strike_G","Strike_G","Defend_G","Defend_G","Defend_G","Defend_G","Defend_G","Survivor","Neutralize","Catalyst","Predator","Flying Knee","Crippling Poison","Well Laid Plans","Envenom","Endless Agony","Riddle With Holes","Deadly Poison"],"relics":["Ring of the Snake","NeowsBlessing","Golden Idol","PreservedInsect","CeramicFish","Bag of Preparation"],"acts_visited":["Exordium"],"potions_floor_usage":[8,8,16],"damage_taken":[{"damage":0,"enemies":"Small Slimes","floor":1,"turns":1},{"damage":0,"enemies":"Jaw Worm","floor":3,"turns":1},{"damage":0,"enemies":"Cultist","floor":4,"turns":1},{"damage":26,"enemies":"Exordium Thugs","floor":5,"turns":8},{"damage":22,"enemies":"3 Sentries","floor":8,"turns":9},{"damage":18,"enemies":"Lagavulin","floor":10,"turns":8},{"damage":9,"enemies":"Large Slime","floor":13,"turns":7},{"damage":10,"enemies":"Red Slaver","floor":14,"turns":3},{"damage":38,"enemies":"Slime Boss","floor":16,"turns":3}],"seed_played":"6350849493200558651","potions_obtained":[{"floor":4,"key":"Energy Potion"},{"floor":5,"key":"Explosive Potion"},{"floor":14,"key":"Poison Potion"}],"is_trial":false,"path_per_floor":["M","?","M","M","M","R","$","E","T","E","?","R","M","M","R","B"],"character_chosen":"THE_SILENT","items_purchased":["Well Laid Plans"],"campfire_rested":3,"item_purchase_floors":[7],"current_hp_per_floor":[59,59,59,59,33,51,51,29,29,11,11,29,20,10,28,0,0],"gold":251,"neow_bonus":"THREE_ENEMY_KILL","is_daily":false,"chose_seed":false,"campfire_upgraded":0,"win_rate":0.0,"timestamp":1613803321,"path_taken":["M","?","M","M","M","R","$","E","T","E","?","R","M","?","R","BOSS"],"items_purchased_type":["Card"],"build_version":"2020-12-22","purchased_purges":1,"victory":false,"max_hp_per_floor":[66,60,60,60,60,60,60,60,60,60,60,60,60,60,60,60,60],"card_choices":[{"not_picked":["Outmaneuver","Choke"],"picked":"Catalyst","floor":1},{"not_picked":["Distraction","Outmaneuver"],"picked":"Predator","floor":3},{"not_picked":["Acrobatics","Endless Agony"],"picked":"Flying Knee","floor":4},{"not_picked":["Quick Slash","Masterful Stab"],"picked":"Crippling Poison","floor":5},{"not_picked":["Outmaneuver","Sucker Punch"],"picked":"Envenom","floor":8},{"not_picked":["Concentrate","Masterful Stab"],"picked":"Endless Agony","floor":10},{"not_picked":["Backstab","Dagger Throw"],"picked":"Riddle With Holes","floor":13},{"not_picked":["Cloak And Dagger","Eviscerate"],"picked":"Deadly Poison","floor":14}],"player_experience":812766,"relics_obtained":[{"floor":8,"key":"PreservedInsect"},{"floor":9,"key":"CeramicFish"},{"floor":10,"key":"Bag of Preparation"}],"event_choices":[{"damage_healed":0,"gold_gain":0,"player_choice":"Lose Max HP","damage_taken":0,"relics_obtained":["Golden Idol"],"max_hp_gain":0,"max_hp_loss":6,"event_name":"Golden Idol","floor":2,"gold_loss":0},{"damage_healed":0,"gold_gain":75,"player_choice":"Gained Gold","damage_taken":0,"max_hp_gain":0,"max_hp_loss":0,"event_name":"Golden Wing","floor":11,"gold_loss":0}],"is_beta":false,"boss_relics":[],"items_purged_floors":[7],"is_endless":false,"potions_floor_spawned":[4,5,14],"killed_by":"Slime Boss","ascension_level":20}}