{"host":"49pjgf1q9ev52n8z","time":1613806288,"event":{"mods":["BaseMod","Bestiary","Colored Map","Keyboard Shortcuts","Minty Spire (QoL Compilation)","Practice Mode","Relic Stats","StSLib"],"gold_per_floor":[112,127,142,158,37,67,15,27,109,109,120,120,41,72,72,168,168,183,183,36,36,36,36,50,68,68,68,68,83,100,116,116,215,215,229,245,97,97,97,97,114,114,140,140,140,155,255,35,35,35],"floor_reached":51,"language":"ENG","playtime":3611,"items_purged":[],"score":925,"play_id":"08a70aaa-8ec4-424a-b92b-bd740812f189","local_time":"20210219233128","is_ascension_mode":true,"campfire_choices":[{"floor":12,"key":"REST"},{"data":"Spot Weakness","floor":15,"key":"SMITH"},{"data":"Demon Form","floor":23,"key":"SMITH"},{"data":"Corruption","floor":32,"key":"SMITH"},{"floor":40,"key":"REST"},{"data":"Feed","floor":42,"key":"SMITH"},{"data":"Reaper","floor":44,"key":"SMITH"},{"data":"Ghostly","floor":49,"key":"SMITH"}],"circlet_count":0,"master_deck":["Defend_R","Defend_R","Defend_R","Bash","Power Through","Cleave","Clothesline","Iron Wave","Inflame","Reaper+1","Sword Boomerang","Inflame","Spot Weakness+1","Demon Form+1","Headbutt+1","Infernal Blade","Shrug It Off","Pummel","Burning Pact","Bite","Bite","Bite","Bite","Bite","RitualDagger","Ghostly+1","Ghostly","Ghostly","Ghostly","Ghostly","Corruption+1","Madness","Madness","Parasite","Rupture+1","Feel No Pain"],"relics":["Burning Blood","Bottled Lightning","Pear","Mango","Velvet Choker","Nilry\u0027s Codex","HornCleat","Runic Cube","Centennial Puzzle","Ancient Tea Set","Happy Flower"],"acts_visited":["Exordium","TheCity","TheBeyond"],"potions_floor_usage":[6,8,8,16,30,46,50],"damage_taken":[{"damage":6,"enemies":"Jaw Worm","floor":1,"turns":4},{"damage":6,"enemies":"Cultist","floor":2,"turns":3},{"damage":6,"enemies":"2 Louse","floor":3,"turns":3},{"damage":1,"enemies":"2 Fungi Beasts","floor":4,"turns":4},{"damage":30,"enemies":"3 Sentries","floor":6,"turns":8},{"damage":18,"enemies":"Exordium Thugs","floor":8,"turns":5},{"damage":15,"enemies":"Exordium Wildlife","floor":11,"turns":5},{"damage":28,"enemies":"Gremlin Nob","floor":14,"turns":4},{"damage":28,"enemies":"Slime Boss","floor":16,"turns":7},{"damage":13,"enemies":"2 Thieves","floor":18,"turns":4},{"damage":26,"enemies":"Shell Parasite","floor":24,"turns":5},{"damage":24,"enemies":"Centurion and Healer","floor":25,"turns":5},{"damage":2,"enemies":"Shelled Parasite and Fungi","floor":29,"turns":4},{"damage":1,"enemies":"3 Cultists","floor":30,"turns":6},{"damage":20,"enemies":"Sentry and Sphere","floor":31,"turns":5},{"damage":13,"enemies":"Champ","floor":33,"turns":8},{"damage":7,"enemies":"3 Darklings","floor":35,"turns":5},{"damage":27,"enemies":"Orb Walker","floor":36,"turns":5},{"damage":11,"enemies":"Writhing Mass","floor":41,"turns":8},{"damage":7,"enemies":"Maw","floor":46,"turns":9},{"damage":31,"enemies":"Donu and Deca","floor":50,"turns":9}],"seed_played":"3261330836965454303","potions_obtained":[{"floor":1,"key":"Fire Potion"},{"floor":8,"key":"BlessingOfTheForge"},{"floor":14,"key":"PowerPotion"},{"floor":18,"key":"DuplicationPotion"},{"floor":30,"key":"Regen Potion"},{"floor":31,"key":"SmokeBomb"},{"floor":35,"key":"Block Potion"},{"floor":46,"key":"SteroidPotion"}],"is_trial":false,"path_per_floor":["M","M","M","M","$","E","$","M","T","?","M","R","$","E","R","B",null,"M","?","$","?","?","R","M","M","T","?","?","M","M","M","R","B",null,"M","M","$","?","?","R","M","R","T","R","?","M","?","$","R","B",null],"character_chosen":"IRONCLAD","items_purchased":["Inflame","SteroidPotion","Strength Potion","Inflame","Pummel","Burning Pact","Centennial Puzzle","Feel No Pain","Happy Flower"],"campfire_rested":2,"item_purchase_floors":[5,5,7,13,20,20,37,48,48],"current_hp_per_floor":[51,51,51,56,56,32,32,35,45,45,44,71,71,74,74,70,96,97,97,97,81,72,72,54,42,42,36,36,36,36,30,30,35,36,36,23,23,18,18,29,32,32,32,32,49,49,49,49,49,49],"gold":35,"neow_bonus":"TRANSFORM_TWO_CARDS","is_daily":false,"chose_seed":false,"campfire_upgraded":6,"win_rate":0.0,"timestamp":1613806288,"path_taken":["M","M","M","M","$","E","$","M","T","?","M","R","$","E","R","BOSS","M","?","$","?","?","R","?","M","T","?","?","M","M","M","R","BOSS","M","M","$","?","?","R","M","R","T","R","?","?","?","?","R","BOSS"],"items_purchased_type":["Card","Potion","Potion","Card","Card","Card","Relic","Card","Relic"],"build_version":"2020-12-22","purchased_purges":0,"victory":true,"max_hp_per_floor":[80,80,80,80,80,80,80,80,90,90,90,90,90,104,104,104,104,104,104,104,104,72,72,72,72,72,72,36,36,36,36,36,36,36,36,39,39,39,39,39,39,39,39,39,49,49,49,49,49,49],"relic_stats":{"Centennial Puzzle":[9],"Happy Flower":[3],"counters":[21,116],"obtain_stats":[{"Centennial Puzzle":37,"Pear":9,"HornCleat":26,"Happy Flower":48,"Nilry\u0027s Codex":21,"Velvet Choker":17,"Mango":14,"Bottled Lightning":6,"Ancient Tea Set":43,"Burning Blood":0,"Runic Cube":34},{"Centennial Puzzle":18,"Pear":6,"HornCleat":12,"Happy Flower":20,"Nilry\u0027s Codex":10,"Velvet Choker":9,"Mango":8,"Bottled Lightning":5,"Ancient Tea Set":19,"Burning Blood":0,"Runic Cube":16},{"Centennial Puzzle":90,"Pear":27,"HornCleat":57,"Happy Flower":107,"Nilry\u0027s Codex":47,"Velvet Choker":43,"Mango":36,"Bottled Lightning":22,"Ancient Tea Set":98,"Burning Blood":0,"Runic Cube":80}],"Burning Blood":103,"Runic Cube":[19]},"card_choices":[{"not_picked":["Burning Pact","Clash"],"picked":"Cleave","floor":1},{"not_picked":["Heavy Blade","Perfected Strike"],"picked":"Anger","floor":2},{"not_picked":["Flex","Anger"],"picked":"Clothesline","floor":3},{"not_picked":["Infernal Blade","Shockwave"],"picked":"Iron Wave","floor":4},{"not_picked":["Reaper","Carnage","Wild Strike"],"picked":"SKIP","floor":6},{"not_picked":["Carnage","Wild Strike"],"picked":"Reaper","floor":6},{"not_picked":["Havoc","Rage","Reckless Charge"],"picked":"SKIP","floor":8},{"not_picked":["Cleave","Sentinel"],"picked":"Sword Boomerang","floor":11},{"not_picked":["Headbutt","Body Slam"],"picked":"Spot Weakness","floor":14},{"not_picked":["Immolate","Double Tap"],"picked":"Demon Form","floor":16},{"not_picked":["Pommel Strike","Reckless Charge"],"picked":"Headbutt+1","floor":18},{"not_picked":["Spot Weakness+1","Havoc","Heavy Blade"],"picked":"SKIP","floor":24},{"not_picked":["Sword Boomerang+1","Iron Wave","Headbutt+1"],"picked":"SKIP","floor":25},{"not_picked":["Flex","Heavy Blade","Clash+1"],"picked":"SKIP","floor":29},{"not_picked":["Shrug It Off","Armaments","Body Slam"],"picked":"SKIP","floor":30},{"not_picked":["Cleave","Headbutt"],"picked":"Corruption","floor":31},{"not_picked":["Berserk","Impervious"],"picked":"Feed","floor":33},{"not_picked":["Combust","Whirlwind","Sword Boomerang+1"],"picked":"SKIP","floor":35},{"not_picked":["Shrug It Off","Heavy Blade+1","Warcry+1"],"picked":"SKIP","floor":36},{"not_picked":["Combust","Entrench+1"],"picked":"Rupture+1","floor":41},{"not_picked":["Shockwave+1","Reckless Charge+1","Body Slam+1"],"picked":"SKIP","floor":46}],"player_experience":873239,"relics_obtained":[{"floor":6,"key":"Bottled Lightning"},{"floor":9,"key":"Pear"},{"floor":14,"key":"Mango"},{"floor":21,"key":"Nilry\u0027s Codex"},{"floor":26,"key":"HornCleat"},{"floor":43,"key":"Ancient Tea Set"}],"event_choices":[{"cards_removed":["Sentinel"],"damage_healed":0,"gold_gain":0,"player_choice":"Purged","damage_taken":0,"max_hp_gain":0,"max_hp_loss":0,"event_name":"Purifier","floor":10,"gold_loss":0},{"damage_healed":0,"gold_gain":0,"cards_transformed":["Anger","Strike_R"],"player_choice":"Became Test Subject","damage_taken":0,"max_hp_gain":0,"max_hp_loss":0,"event_name":"Drug Dealer","floor":19,"gold_loss":0,"cards_obtained":["Infernal Blade","Shrug It Off"]},{"damage_healed":0,"gold_gain":0,"player_choice":"Obtained Book","damage_taken":16,"max_hp_gain":0,"max_hp_loss":0,"event_name":"Cursed Tome","floor":21,"gold_loss":0},{"damage_healed":0,"gold_gain":0,"player_choice":"Became a vampire","damage_taken":0,"max_hp_gain":0,"max_hp_loss":32,"event_name":"Vampires","floor":22,"gold_loss":0,"cards_obtained":["Bite","Bite","Bite","Bite","Bite"]},{"damage_healed":0,"gold_gain":0,"player_choice":"Joined the Cult","damage_taken":6,"max_hp_gain":0,"max_hp_loss":0,"event_name":"Nest","floor":27,"gold_loss":0,"cards_obtained":["RitualDagger"]},{"damage_healed":0,"gold_gain":0,"player_choice":"Became a Ghost","damage_taken":0,"max_hp_gain":0,"max_hp_loss":36,"event_name":"Ghosts","floor":28,"gold_loss":0,"cards_obtained":["Ghostly","Ghostly","Ghostly","Ghostly","Ghostly"]},{"damage_healed":0,"gold_gain":0,"player_choice":"Embrace Madness","damage_taken":5,"max_hp_gain":0,"max_hp_loss":0,"event_name":"Winding Halls","floor":38,"gold_loss":0,"cards_obtained":["Madness","Madness"]},{"damage_healed":0,"gold_gain":0,"player_choice":"Memory 1","damage_taken":0,"max_hp_gain":0,"max_hp_loss":0,"event_name":"SensoryStone","floor":39,"gold_loss":0},{"cards_removed":["Feed"],"damage_healed":7,"gold_gain":0,"player_choice":"Offered Rare","damage_taken":0,"max_hp_gain":10,"max_hp_loss":0,"event_name":"Bonfire Elementals","floor":45,"gold_loss":0},{"damage_healed":0,"gold_gain":100,"player_choice":"Pray","damage_taken":0,"max_hp_gain":0,"max_hp_loss":0,"event_name":"Golden Shrine","floor":47,"gold_loss":0}],"is_beta":false,"boss_relics":[{"not_picked":["Runic Pyramid","Coffee Dripper"],"picked":"Velvet Choker"},{"not_picked":["Runic Dome","Snecko Eye"],"picked":"Runic Cube"}],"items_purged_floors":[],"is_endless":false,"potions_floor_spawned":[1,8,14,18,30,31,35,46],"ascension_level":8}}