{"host":"tzwikg9s6mkzv6w0","time":1613823962,"event":{"mods":["BaseMod","Good Game Mod","Minty Spire (QoL Compilation)","Spicy Shops","StSLib"],"gold_per_floor":[112,124,143,68,84,112,142,186,198,238,260,272,284,571,583,667,679,708,732,794,824,853,893,368,400,470,488,518,296,308,308,308,382,382,402,64,82,82,99,126,145,180,180,180,180,198,229,246,246,246,246,246,246,34,78,78],"floor_reached":57,"language":"ZHS","playtime":4312,"items_purged":["Alpha","Regret","Wallop","Weave","Normality","Conclude","BowlingBash"],"score":3323,"play_id":"4e2d6fd0-4294-43f0-a66f-87e98178b6ab","local_time":"20210220202602","is_ascension_mode":true,"campfire_choices":[{"data":"Ragnarok","floor":12.0,"key":"SMITH"},{"data":"ForeignInfluence","floor":15.0,"key":"SMITH"},{"floor":32.0,"key":"REST"},{"data":"Fasting2","floor":45.0,"key":"SMITH"},{"floor":49.0,"key":"RECALL"},{"data":"Tantrum","floor":53.0,"key":"SMITH"}],"circlet_count":0,"master_deck":["AscendersBane","Eruption","Vigilance+1","Vault+1","Tantrum+1","Wallop","ForeignInfluence+1","Adaptation","Ragnarok+1","DevaForm","Fasting2+1","Vault+1","Omniscience","Adaptation","InnerPeace","Madness","Madness","Wish"],"relics":["REME:ComplimentaryCards","Pandora\u0027s Box","MawBank","Centennial Puzzle","Regal Pillow","Potion Belt","Black Star","Pear","Smiling Mask","OrangePellets","Sundial","Mango","Bag of Preparation","Bottled Tornado","Singing Bowl","War Paint","Snecko Eye","TheAbacus","Happy Flower","Lizard Tail","Bird Faced Urn","Juzu Bracelet","Unceasing Top","CeramicFish","TeardropLocket","Nunchaku","Anchor","Oddly Smooth Stone","Kunai"],"acts_visited":["Exordium","TheCity","TheBeyond","TheEnding"],"potions_floor_usage":[56,56,56,56,56],"damage_taken":[{"damage":0.0,"enemies":"Cultist","floor":1.0,"turns":2.0},{"damage":0.0,"enemies":"2 Louse","floor":2.0,"turns":2.0},{"damage":4.0,"enemies":"Jaw Worm","floor":3.0,"turns":3.0},{"damage":0.0,"enemies":"Exordium Thugs","floor":5.0,"turns":2.0},{"damage":22.0,"enemies":"Lagavulin","floor":6.0,"turns":5.0},{"damage":4.0,"enemies":"Looter","floor":7.0,"turns":2.0},{"damage":0.0,"enemies":"Gremlin Nob","floor":8.0,"turns":2.0},{"damage":2.0,"enemies":"3 Sentries","floor":10.0,"turns":3.0},{"damage":0.0,"enemies":"Gremlin Gang","floor":11.0,"turns":3.0},{"damage":3.0,"enemies":"Slime Boss","floor":16.0,"turns":3.0},{"damage":2.0,"enemies":"Spheric Guardian","floor":18.0,"turns":2.0},{"damage":4.0,"enemies":"Chosen","floor":19.0,"turns":3.0},{"damage":11.0,"enemies":"3 Cultists","floor":21.0,"turns":4.0},{"damage":21.0,"enemies":"Centurion and Healer","floor":22.0,"turns":4.0},{"damage":3.0,"enemies":"Slavers","floor":23.0,"turns":2.0},{"damage":0.0,"enemies":"Gremlin Leader","floor":25.0,"turns":3.0},{"damage":9.0,"enemies":"Shelled Parasite and Fungi","floor":27.0,"turns":3.0},{"damage":23.0,"enemies":"Book of Stabbing","floor":28.0,"turns":5.0},{"damage":0.0,"enemies":"Snecko","floor":30.0,"turns":4.0},{"damage":32.0,"enemies":"Automaton","floor":33.0,"turns":5.0},{"damage":0.0,"enemies":"3 Darklings","floor":35.0,"turns":3.0},{"damage":0.0,"enemies":"Orb Walker","floor":37.0,"turns":1.0},{"damage":0.0,"enemies":"Sphere and 2 Shapes","floor":39.0,"turns":3.0},{"damage":3.0,"enemies":"Giant Head","floor":40.0,"turns":4.0},{"damage":7.0,"enemies":"4 Shapes","floor":41.0,"turns":4.0},{"damage":0.0,"enemies":"Reptomancer","floor":42.0,"turns":3.0},{"damage":1.0,"enemies":"Giant Head","floor":47.0,"turns":4.0},{"damage":0.0,"enemies":"Jaw Worm Horde","floor":48.0,"turns":2.0},{"damage":42.0,"enemies":"Time Eater","floor":50.0,"turns":5.0},{"damage":0.0,"enemies":"Awakened One","floor":51.0,"turns":4.0},{"damage":0,"enemies":"Shield and Spear","floor":55,"turns":2},{"damage":10,"enemies":"The Heart","floor":56,"turns":7}],"seed_played":"-1728329588146139196","potions_obtained":[{"floor":2.0,"key":"Explosive Potion"},{"floor":6.0,"key":"BlessingOfTheForge"},{"floor":8.0,"key":"EssenceOfSteel"},{"floor":11.0,"key":"Weak Potion"},{"floor":16.0,"key":"ColorlessPotion"},{"floor":19.0,"key":"FearPotion"},{"floor":25.0,"key":"Swift Potion"},{"floor":28.0,"key":"FearPotion"},{"floor":30.0,"key":"SkillPotion"},{"floor":35.0,"key":"LiquidMemories"},{"floor":39.0,"key":"SkillPotion"},{"floor":42.0,"key":"AttackPotion"},{"floor":47.0,"key":"Strength Potion"},{"floor":55,"key":"DistilledChaos"}],"is_trial":false,"path_per_floor":["M","M","M","$","M","E","M","E","T","E","M","R","?","?","R","B",null,"M","M","?","M","M","E","$","E","T","M","E","$","M","?","R","B",null,"M","$","M","?","M","E","M","E","T","?","R","?","E","M","R","B","B",null,"R","$","E","B",null],"character_chosen":"WATCHER","items_purchased":["OrangePellets","Sundial","War Paint","TheAbacus","Happy Flower","Adaptation","SteroidPotion","SpeedPotion"],"campfire_rested":1,"item_purchase_floors":[24,24,29,36,36,36,54,54],"current_hp_per_floor":[61,61,57,57,57,35,31,31,31,29,29,29,29,29,29,26,58,56,52,46,35,14,21,21,35,35,26,5,5,5,5,48,16,75,77,77,77,77,79,78,77,83,83,83,83,64,73,85,85,49,57,95,95,95,103,98],"gold":78,"neow_bonus":"BOSS_RELIC","is_daily":false,"chose_seed":false,"campfire_upgraded":4,"win_rate":0.0,"timestamp":1613823962,"path_taken":["M","?","M","$","M","E","M","E","T","E","M","R","?","?","R","BOSS","M","?","?","?","M","E","$","E","T","M","E","$","M","?","R","BOSS","M","$","?","?","M","E","M","E","T","?","R","?","E","M","R","BOSS","BOSS","R","$","E","BOSS"],"items_purchased_type":["Relic","Relic","Relic","Relic","Relic","Card","Potion","Potion"],"build_version":"2020-12-22","purchased_purges":7,"victory":true,"max_hp_per_floor":[68,68,68,68,68,68,68,68,68,68,68,68,68,68,68,68,68,68,68,68,68,68,78,78,92,92,92,94,94,94,94,94,94,94,96,96,96,96,98,100,102,104,104,104,104,104,106,108,108,108,108,108,108,108,108,108],"card_choices":[{"not_picked":["PathToVictory","ThirdEye"],"picked":"BowlingBash","floor":1.0},{"not_picked":["Swivel","WheelKick","WaveOfTheHand"],"picked":"SKIP","floor":2.0},{"not_picked":["Weave","Pray","Prostrate"],"picked":"SKIP","floor":3.0},{"not_picked":["BowlingBash","Prostrate","LikeWater"],"picked":"SKIP","floor":5.0},{"not_picked":["Conclude","Tantrum","BowlingBash"],"picked":"SKIP","floor":6.0},{"not_picked":["ThirdEye","CutThroughFate","Evaluate"],"picked":"SKIP","floor":7.0},{"not_picked":["Meditate","Omniscience"],"picked":"Ragnarok","floor":8.0},{"not_picked":["PathToVictory","Collect","Consecrate"],"picked":"SKIP","floor":10.0},{"not_picked":["SashWhip","PathToVictory","CutThroughFate"],"picked":"SKIP","floor":11.0},{"not_picked":["ThirdEye","Consecrate","Prostrate"],"picked":"SKIP","floor":18.0},{"not_picked":["BowlingBash","ThirdEye","EmptyFist"],"picked":"SKIP","floor":19.0},{"not_picked":["ClearTheMind","Indignation","BowlingBash"],"picked":"SKIP","floor":21.0},{"not_picked":["Tantrum","EmptyFist","SandsOfTime"],"picked":"SKIP","floor":22.0},{"not_picked":["Evaluate","EmptyFist","Protect+1"],"picked":"SKIP","floor":23.0},{"not_picked":["Consecrate","CutThroughFate"],"picked":"MentalFortress","floor":25.0},{"not_picked":["ClearTheMind","Collect"],"picked":"DevaForm","floor":27.0},{"not_picked":["Halt","Vengeance","Swivel"],"picked":"Singing Bowl","floor":28.0},{"not_picked":["EmptyMind","FlyingSleeves"],"picked":"Fasting2","floor":30.0},{"not_picked":["ConjureBlade","Brilliance"],"picked":"Omniscience","floor":33.0},{"not_picked":["Wireheading+1","CutThroughFate","Prostrate"],"picked":"Singing Bowl","floor":35.0},{"not_picked":["Consecrate","CrushJoints"],"picked":"InnerPeace","floor":37.0},{"not_picked":["FollowUp+1","SashWhip","JustLucky"],"picked":"Singing Bowl","floor":39.0},{"not_picked":["Crescendo","Consecrate","WaveOfTheHand"],"picked":"Singing Bowl","floor":40.0},{"not_picked":["Tantrum+1","EmptyFist","DeceiveReality"],"picked":"Singing Bowl","floor":41.0},{"not_picked":["Wireheading","DeceiveReality","SandsOfTime"],"picked":"Singing Bowl","floor":42.0},{"not_picked":["Ragnarok","SashWhip","BowlingBash"],"picked":"Singing Bowl","floor":47.0},{"not_picked":["Wallop","Worship","EmptyBody+1"],"picked":"Singing Bowl","floor":48.0},{"not_picked":["Perseverance","ClearTheMind+1"],"picked":"Wish","floor":55}],"player_experience":172171,"relics_obtained":[{"floor":6.0,"key":"MawBank"},{"floor":8.0,"key":"Centennial Puzzle"},{"floor":9.0,"key":"Regal Pillow"},{"floor":10.0,"key":"Potion Belt"},{"floor":23.0,"key":"Pear"},{"floor":23.0,"key":"Smiling Mask"},{"floor":25.0,"key":"Mango"},{"floor":25.0,"key":"Bag of Preparation"},{"floor":28.0,"key":"Bottled Tornado"},{"floor":28.0,"key":"Singing Bowl"},{"floor":40.0,"key":"Bird Faced Urn"},{"floor":40.0,"key":"Juzu Bracelet"},{"floor":42.0,"key":"Unceasing Top"},{"floor":42.0,"key":"CeramicFish"},{"floor":43.0,"key":"TeardropLocket"},{"floor":47.0,"key":"Nunchaku"},{"floor":47.0,"key":"Anchor"},{"floor":55,"key":"Oddly Smooth Stone"},{"floor":55,"key":"Kunai"}],"event_choices":[{"damage_healed":0.0,"max_hp_gain":0.0,"max_hp_loss":0.0,"gold_gain":0.0,"event_name":"Liars Game","player_choice":"Ignored","floor":13.0,"gold_loss":0.0,"damage_taken":0.0},{"damage_healed":0.0,"max_hp_gain":0.0,"max_hp_loss":0.0,"gold_gain":275.0,"event_name":"Golden Shrine","player_choice":"Desecrate","floor":14.0,"gold_loss":0.0,"damage_taken":0.0,"cards_obtained":["Regret"]},{"damage_healed":0.0,"max_hp_gain":0.0,"max_hp_loss":0.0,"gold_gain":50.0,"event_name":"FaceTrader","player_choice":"Touch","floor":20.0,"gold_loss":0.0,"damage_taken":6.0},{"damage_healed":0.0,"max_hp_gain":0.0,"max_hp_loss":0.0,"gold_gain":0.0,"event_name":"Duplicator","player_choice":"Copied","floor":31.0,"gold_loss":0.0,"damage_taken":0.0,"cards_obtained":["Vault"]},{"damage_healed":0.0,"max_hp_gain":0.0,"max_hp_loss":0.0,"gold_gain":0.0,"event_name":"WeMeetAgain","player_choice":"Gave Potion","floor":38.0,"gold_loss":0.0,"damage_taken":0.0,"relics_obtained":["Lizard Tail"]},{"cards_removed":["MentalFortress"],"damage_healed":0.0,"max_hp_gain":0.0,"max_hp_loss":0.0,"gold_gain":0.0,"event_name":"Falling","player_choice":"Removed Power","floor":44.0,"gold_loss":0.0,"damage_taken":0.0},{"damage_healed":0.0,"max_hp_gain":0.0,"max_hp_loss":0.0,"gold_gain":0.0,"event_name":"Winding Halls","player_choice":"Embrace Madness","floor":46.0,"gold_loss":0.0,"damage_taken":19.0,"cards_obtained":["Madness","Madness"]}],"is_beta":false,"boss_relics":[{"not_picked":["Ectoplasm","SlaversCollar"],"picked":"Black Star"},{"not_picked":["Sozu","Astrolabe"],"picked":"Snecko Eye"}],"items_purged_floors":[4,24,24,29,36,36,54],"is_endless":false,"potions_floor_spawned":[2,6,7,8,11,16,19,25,28,30,35,39,42,47,55],"ascension_level":20}}