{"host":"3c8ytfy490czj03c","time":1613854755,"event":{"mods":["BaseMod","Downfall","Minty Spire (QoL Compilation)","StSLib"],"gold_per_floor":[99,116,136,47,47,47,47,47,47,78,78,90,0,19,39,39,39,39],"floor_reached":16,"language":"ENG","playtime":1207,"items_purged":["hexamod:Defend"],"score":100,"play_id":"6c36878e-09f0-483c-a066-8e67ebc55b29","local_time":"20210220125915","is_ascension_mode":false,"campfire_choices":[{"data":"hexamod:Float","floor":1,"key":"SMITH"},{"data":"hexamod:CatchUp","floor":6,"key":"SMITH"},{"data":"hexamod:BurningTouch","floor":9,"key":"SMITH"},{"data":"hexamod:FastForward","floor":11,"key":"SMITH"}],"circlet_count":0,"master_deck":["hexamod:Strike","hexamod:Strike","hexamod:Strike","hexamod:Strike","hexamod:Defend","hexamod:Defend","hexamod:Defend","hexamod:Sear","hexamod:Float+1","hexamod:CatchUp+1","hexamod:BurningTouch+1","hexamod:ExtraCrispy","hexamod:FastForward+1","hexamod:GhostOfSpireFuture"],"relics":["hexamod:SpiritBrand","StoneCalendar","WingedGreaves","Meat on the Bone","Ornamental Fan"],"acts_visited":["Exordium"],"potions_floor_usage":[15,16],"damage_taken":[{"damage":0,"enemies":"Small Slimes","floor":2,"turns":3},{"damage":1,"enemies":"Jaw Worm","floor":3,"turns":4},{"damage":0,"enemies":"downfall:FleeingMerchant","floor":4,"turns":4},{"damage":19,"enemies":"3 Sentries","floor":10,"turns":7},{"damage":1,"enemies":"Cultist","floor":12,"turns":3},{"damage":0,"enemies":"downfall:FleeingMerchant","floor":13,"turns":4},{"damage":9,"enemies":"2 Fungi Beasts","floor":14,"turns":4},{"damage":39,"enemies":"Gremlin Gang","floor":15,"turns":5},{"damage":30,"enemies":"DF_ARCHETYPE_STREAMLINE","floor":16,"turns":6}],"seed_played":"-8691449443932867143","potions_obtained":[{"floor":10,"key":"DuplicationPotion"},{"floor":12,"key":"Strength Potion"},{"floor":15,"key":"PowerPotion"}],"is_trial":false,"path_per_floor":["R","M","M","$","?","R","T","T","R","E","R","M","$","M","M","B"],"character_chosen":"THE_SPIRIT","items_purchased":["hexamod:ExtraCrispy"],"campfire_rested":0,"item_purchase_floors":[4],"current_hp_per_floor":[77,77,76,76,76,76,76,76,76,57,57,56,56,47,20,0,0,0],"gold":39,"neow_bonus":"TEN_PERCENT_HP_BONUS","is_daily":false,"chose_seed":false,"campfire_upgraded":4,"win_rate":0.0,"timestamp":1613854755,"path_taken":["R","M","M","$","?","R","T","?","R","E","R","M","?","M","M","BOSS"],"items_purchased_type":["Card"],"build_version":"2020-12-22","purchased_purges":1,"victory":false,"max_hp_per_floor":[77,77,77,77,77,77,77,77,77,77,77,77,77,77,77,77,77,77],"card_choices":[{"not_picked":["hexamod:Firestarter","hexamod:NightmareGuise"],"picked":"hexamod:CatchUp","floor":2},{"not_picked":["hexamod:GhostflameBarrier","hexamod:DynamicBlow"],"picked":"hexamod:BurningTouch","floor":3},{"not_picked":["hexamod:GhostLash","hexamod:NightmareStrike","hexamod:GhostShield"],"picked":"SKIP","floor":4},{"not_picked":["hexamod:BurningTouch","hexamod:RainOfEmbers"],"picked":"hexamod:FastForward","floor":10},{"not_picked":["hexamod:GhostflameBarrier","hexamod:AdvancingGuard","hexamod:GhostShield"],"picked":"SKIP","floor":12},{"not_picked":["hexamod:NightmareGuise","hexamod:SearingWound"],"picked":"hexamod:GhostOfSpireFuture","floor":13},{"not_picked":["hexamod:BacktrackSmack","hexamod:HeatCrush","hexamod:BurningTouch"],"picked":"SKIP","floor":14},{"not_picked":["hexamod:NightmareGuise","hexamod:ExtraCrispy","hexamod:PhantomFireball"],"picked":"SKIP","floor":15}],"player_experience":197954,"relics_obtained":[{"floor":7,"key":"WingedGreaves"},{"floor":8,"key":"Meat on the Bone"},{"floor":10,"key":"Ornamental Fan"}],"event_choices":[],"is_beta":false,"boss_relics":[],"items_purged_floors":[13],"is_endless":false,"potions_floor_spawned":[10,12,15],"killed_by":"DF_ARCHETYPE_STREAMLINE","ascension_level":0}}