{"host":"a9gsz7kv8aebwp1f","time":1613809011,"event":{"mods":["AchievementEnabler","BaseMod","Minty Spire (QoL Compilation)"],"gold_per_floor":[117,192,19,19,19,51,51,76,123,123,20,20,20,37,37,137,187,199,199,211,44,63,63,63,63],"floor_reached":24,"language":"KOR","playtime":654,"items_purged":[],"score":345,"play_id":"2bf943d6-7577-4de6-a31e-4ad62068691b","local_time":"20210220171651","is_ascension_mode":true,"campfire_choices":[{"floor":7,"key":"REST"},{"floor":10,"key":"REST"},{"floor":12,"key":"REST"},{"floor":15,"key":"REST"},{"floor":23,"key":"REST"}],"circlet_count":0,"master_deck":["AscendersBane","Strike_B","Strike_B","Strike_B","Strike_B","Defend_B","Defend_B","Defend_B","Defend_B","Zap+1","Dualcast","Leap","Defragment+1","Streamline+1","Seek","Sunder","Go for the Eyes","Leap","Redo","Melter","Go for the Eyes","Conserve Battery","Thunder Strike","Coolheaded","Gash","Conserve Battery","Auto Shields","Stack","Defragment","Steam","White Noise"],"relics":["Cracked Core","Ancient Tea Set","Art of War","Mango","Bottled Tornado","Dream Catcher","Tiny House"],"acts_visited":["Exordium","TheCity"],"potions_floor_usage":[24,24],"damage_taken":[{"damage":1,"enemies":"Cultist","floor":1,"turns":3},{"damage":28,"enemies":"Gremlin Nob","floor":6,"turns":4},{"damage":29,"enemies":"Lagavulin","floor":8,"turns":6},{"damage":0,"enemies":"2 Louse","floor":14,"turns":2},{"damage":55,"enemies":"The Guardian","floor":16,"turns":11},{"damage":19,"enemies":"Spheric Guardian","floor":18,"turns":5},{"damage":7,"enemies":"Shell Parasite","floor":20,"turns":4},{"damage":28,"enemies":"Snake Plant","floor":22,"turns":5},{"damage":57,"enemies":"Gremlin Leader","floor":24,"turns":5}],"seed_played":"-4114319123523354488","potions_obtained":[{"floor":8,"key":"SkillPotion"},{"floor":16,"key":"Weak Potion"},{"floor":17,"key":"EssenceOfDarkness"},{"floor":18,"key":"ColorlessPotion"}],"is_trial":false,"path_per_floor":["M","?","$","?","?","E","R","E","T","R","$","R","$","M","R","B",null,"M","?","M","$","M","R","E"],"character_chosen":"DEFECT","items_purchased":["Ancient Tea Set","Streamline","Leap","Redo","Auto Shields","Stack","Defragment"],"campfire_rested":5,"item_purchase_floors":[3,3,11,11,21,21,21],"current_hp_per_floor":[67,56,56,44,29,15,41,12,12,38,38,64,64,64,89,34,80,61,52,45,45,17,45,0,0],"gold":63,"neow_bonus":"THREE_CARDS","is_daily":false,"chose_seed":false,"campfire_upgraded":0,"win_rate":0.0,"timestamp":1613809011,"path_taken":["M","?","$","?","?","E","R","E","T","R","$","R","?","M","R","BOSS","M","?","M","$","M","R","E"],"items_purchased_type":["Relic","Card","Card","Card","Card","Card","Card"],"build_version":"2020-12-22","purchased_purges":0,"victory":false,"max_hp_per_floor":[75,75,75,75,75,89,89,89,89,89,89,89,89,89,89,89,94,94,94,94,94,94,94,94,94],"card_choices":[{"not_picked":["Capacitor","Gash"],"picked":"Leap","floor":0},{"not_picked":["Ball Lightning","Doom and Gloom"],"picked":"Defragment","floor":1},{"not_picked":["Reinforced Body","All For One"],"picked":"Seek","floor":6},{"not_picked":["Coolheaded","Streamline"],"picked":"Sunder","floor":8},{"not_picked":["Barrage","Compile Driver"],"picked":"Go for the Eyes","floor":10},{"not_picked":["Aggregate","Chill"],"picked":"Melter","floor":12},{"not_picked":["Turbo","Consume"],"picked":"Go for the Eyes","floor":14},{"not_picked":["Redo","Barrage"],"picked":"Conserve Battery","floor":15},{"not_picked":["Biased Cognition","All For One"],"picked":"Thunder Strike","floor":16},{"not_picked":["Redo","Ball Lightning"],"picked":"Coolheaded","floor":17},{"not_picked":["Beam Cell","Darkness+1"],"picked":"Gash","floor":18},{"not_picked":["Gash","Barrage"],"picked":"Conserve Battery","floor":20},{"not_picked":["Force Field","Aggregate"],"picked":"Steam","floor":22},{"not_picked":["Capacitor","Creative AI"],"picked":"White Noise","floor":23}],"player_experience":470837,"relics_obtained":[{"floor":6,"key":"Mango"},{"floor":8,"key":"Bottled Tornado"},{"floor":9,"key":"Dream Catcher"}],"event_choices":[{"damage_healed":0,"gold_gain":75,"player_choice":"Gather Gold","damage_taken":11,"max_hp_gain":0,"max_hp_loss":0,"event_name":"World of Goop","floor":2,"gold_loss":0},{"damage_healed":0,"gold_gain":0,"player_choice":"Success","damage_taken":12,"relics_obtained":["Art of War"],"max_hp_gain":0,"max_hp_loss":0,"event_name":"Scrap Ooze","floor":4,"gold_loss":0},{"damage_healed":0,"gold_gain":0,"player_choice":"Entered Light","damage_taken":15,"max_hp_gain":0,"max_hp_loss":0,"event_name":"Shining Light","floor":5,"gold_loss":0,"cards_upgraded":["Defragment","Zap"]},{"damage_healed":0,"gold_gain":0,"player_choice":"Damaged","damage_taken":9,"max_hp_gain":0,"max_hp_loss":0,"event_name":"Wheel of Change","floor":19,"gold_loss":0}],"is_beta":false,"boss_relics":[{"not_picked":["Ectoplasm","Sozu"],"picked":"Tiny House"}],"items_purged_floors":[],"is_endless":false,"potions_floor_spawned":[8,16,18],"killed_by":"Gremlin Leader","ascension_level":12}}