{"host":"y9sq25med6ebkxz5","time":1613830557,"event":{"mods":["2.2 Compatiblity","AchievementEnabler","BaseMod","Card Forge","Colored Map","Colored Powertips","DeckTracker","Friendly Minions","Minty Spire (QoL Compilation)","Permanent Neow","Remove Card Discount Mod","Shop Mod","StSLib","SuperFastMode","Thrall Mod","WarShipGirlsR/??á´Ò³R mod"],"gold_per_floor":[211,17,0,16,191,217,217,249,249,284,284,284,296,307,307,408,408,419,437,455,122,137,163,173,199,199,199,199,228,255,8,8,103,103,113,113,126,173,173,200,210,210,210,238,238,40,75,93,93,93,93,93,47,76,76],"floor_reached":56,"language":"KOR","playtime":1848,"items_purged":[],"score":2156,"play_id":"4903af5a-ac7c-4aaf-bf5f-1d9c0e4c103c","local_time":"20210220231557","is_ascension_mode":true,"campfire_choices":[{"floor":7.0,"key":"RECALL"},{"floor":11.0,"key":"REST"},{"floor":15.0,"key":"REST"},{"floor":28.0,"key":"REST"},{"floor":32.0,"key":"REST"},{"floor":42.0,"key":"REST"},{"floor":49.0,"key":"REST"},{"floor":52.0,"key":"REST"}],"circlet_count":0,"master_deck":["Defend_Thrall+1","Defend_Thrall+1","Thecoin+1","Maelstromportal+1","Thecoin+1","Maelstromportal+1","Thecoin+1","Therunespear+1","Flametonguetotem+1","Impatience+1","Spiritofthefrog+1","Thestormbringer+1","CurseOfTheBell","Farsight+1","Panache+1","Thecoin+1","Farsight+1","Witchsapprentice+1"],"relics":["Totem","Hammer of Thor","Seething Fire","Anvil of the Gods","MerchantsRug","PreservedInsect","Mercury Hourglass","Darkstone Periapt","SacredBark","InkBottle","Bag of Preparation","Lantern","Ice Cream","Happy Flower","Kunai","CaptainsWheel","Bird Faced Urn","Question Card","Prayer Wheel","Sundial","Orichalcum","Shuriken"],"acts_visited":["Exordium","TheCity","TheBeyond","TheEnding"],"potions_floor_usage":[],"damage_taken":[{"damage":3.0,"enemies":"2 Louse","floor":1.0,"turns":3.0},{"damage":0.0,"enemies":"Small Slimes","floor":4.0,"turns":2.0},{"damage":15.0,"enemies":"Lagavulin","floor":6.0,"turns":4.0},{"damage":10.0,"enemies":"3 Sentries","floor":8.0,"turns":3.0},{"damage":9.0,"enemies":"Gremlin Nob","floor":10.0,"turns":4.0},{"damage":0.0,"enemies":"Jaw Worm","floor":13.0,"turns":1.0},{"damage":3.0,"enemies":"Exordium Thugs","floor":14.0,"turns":3.0},{"damage":39.0,"enemies":"The Guardian","floor":16.0,"turns":8.0},{"damage":11.0,"enemies":"Spheric Guardian","floor":18.0,"turns":3.0},{"damage":3.0,"enemies":"2 Thieves","floor":19.0,"turns":2.0},{"damage":0.0,"enemies":"Centurion and Healer","floor":20.0,"turns":2.0},{"damage":24.0,"enemies":"Snake Plant","floor":22.0,"turns":3.0},{"damage":0.0,"enemies":"Gremlin Leader","floor":23.0,"turns":2.0},{"damage":20.0,"enemies":"Sentry and Sphere","floor":24.0,"turns":1.0},{"damage":0.0,"enemies":"Book of Stabbing","floor":25.0,"turns":1.0},{"damage":0.0,"enemies":"Slavers","floor":29.0,"turns":1.0},{"damage":5.0,"enemies":"Automaton","floor":33.0,"turns":3.0},{"damage":0.0,"enemies":"Orb Walker","floor":35.0,"turns":1.0},{"damage":0.0,"enemies":"3 Shapes","floor":37.0,"turns":1.0},{"damage":0.0,"enemies":"2 Orb Walkers","floor":38.0,"turns":1.0},{"damage":0.0,"enemies":"Reptomancer","floor":40.0,"turns":1.0},{"damage":0.0,"enemies":"Spire Growth","floor":41.0,"turns":2.0},{"damage":0.0,"enemies":"Giant Head","floor":44.0,"turns":3.0},{"damage":0.0,"enemies":"Nemesis","floor":47.0,"turns":1.0},{"damage":0.0,"enemies":"3 Darklings","floor":48.0,"turns":1.0},{"damage":17.0,"enemies":"Time Eater","floor":50.0,"turns":2.0},{"damage":0.0,"enemies":"Shield and Spear","floor":54.0,"turns":1.0},{"damage":57,"enemies":"The Heart","floor":55,"turns":4}],"seed_played":"3530696177228062193","potions_obtained":[{"floor":8.0,"key":"Energy Potion"},{"floor":10.0,"key":"BlessingOfTheForge"},{"floor":13.0,"key":"Weak Potion"},{"floor":16.0,"key":"EntropicBrew"},{"floor":18.0,"key":"Fire Potion"},{"floor":20.0,"key":"Explosive Potion"},{"floor":21.0,"key":"Ancient Potion"},{"floor":21.0,"key":"Regen Potion"},{"floor":21.0,"key":"Energy Potion"},{"floor":23.0,"key":"Regen Potion"},{"floor":33.0,"key":"BlessingOfTheForge"},{"floor":35.0,"key":"Strength Potion"},{"floor":38.0,"key":"FearPotion"},{"floor":48.0,"key":"LiquidBronze"}],"is_trial":false,"path_per_floor":["M","$","?","M","?","E","R","E","T","E","R","?","M","M","R","B",null,"M","M","M","$","M","E","M","E","T","?","R","E","T","$","R","B",null,"M","?","M","?","?","E","M","R","T","E","?","$","E","M","R","B",null,"R","$","E","B",null],"character_chosen":"THRALL","items_purchased":["MerchantsRug","Thecoin","Flametonguetotem","InkBottle","Cauldron","Impatience","Ice Cream","Sundial","Panache","Witchsapprentice"],"campfire_rested":7,"item_purchase_floors":[2,2,21,21,21,21,31,46,46,53],"current_hp_per_floor":[62,62,62,64,64,59,59,49,49,42,66,72,72,69,86,49,77,68,67,67,67,45,45,27,27,27,10,37,37,37,37,64,59,89,89,103,103,103,103,103,103,103,103,103,103,103,103,103,103,90,100,103,103,103,103],"gold":76,"neow_bonus":"HUNDRED_GOLD","is_daily":false,"chose_seed":false,"campfire_upgraded":0,"win_rate":0.0,"timestamp":1613830557,"path_taken":["M","$","?","M","?","E","R","E","T","E","R","?","M","?","R","BOSS","M","M","M","$","M","E","M","E","T","?","R","E","?","$","R","BOSS","M","?","M","?","?","E","?","R","T","E","?","$","E","?","R","BOSS","R","$","E","BOSS"],"items_purchased_type":["Relic","Card","Card","Relic","Relic","Card","Relic","Relic","Card","Card"],"build_version":"2020-12-22","purchased_purges":0,"victory":true,"max_hp_per_floor":[70,70,70,70,70,80,80,80,80,80,80,86,86,86,86,86,86,86,86,86,86,86,86,86,86,86,91,91,91,91,91,91,91,97,97,103,103,103,103,103,103,103,103,103,103,103,103,103,103,103,103,103,103,103,103],"card_choices":[{"not_picked":["Earthshock","Reincarnate"],"picked":"Maelstromportal","floor":1.0},{"not_picked":[],"picked":"Zap","floor":3.0},{"not_picked":[],"picked":"Dustdevil","floor":3.0},{"not_picked":[],"picked":"Unstable","floor":3.0},{"not_picked":["Jadelightning","Earthelemental"],"picked":"Maelstromportal","floor":4.0},{"not_picked":["Healingwave","Reincarnate"],"picked":"Thecoin","floor":6.0},{"not_picked":["Rockbiter","Healingwave","Lightningstorm"],"picked":"SKIP","floor":8.0},{"not_picked":["Lightningbolt","Fireguard","Dustdevil"],"picked":"SKIP","floor":10.0},{"not_picked":["Drakkaridefender","Wartbringer","Doomhammer"],"picked":"SKIP","floor":13.0},{"not_picked":["Menacingnimbus","Drakkaridefender","Lightningbolt"],"picked":"SKIP","floor":14.0},{"not_picked":["Eternalsentinel","Shudderwock"],"picked":"Therunespear","floor":16.0},{"not_picked":["Tidalsurge+1","Jadelightning+1"],"picked":"Dunemaul","floor":18.0},{"not_picked":["Earthelemental","Doomhammer","Fireguard"],"picked":"SKIP","floor":19.0},{"not_picked":["Healingwave","Frostshock","Drakkaridefender"],"picked":"SKIP","floor":20.0},{"not_picked":["Frostshock","Airelemental+1","Crackle"],"picked":"SKIP","floor":22.0},{"not_picked":["Doomhammer+1","Healingwave"],"picked":"Spiritofthefrog+1","floor":23.0},{"not_picked":["Wartbringer+1","Healingrain+1","Lightningstorm+1"],"picked":"SKIP","floor":24.0},{"not_picked":["Manatidetotem","Earthshock+1"],"picked":"Evolve+1","floor":25.0},{"not_picked":["Tidalsurge","Murksparkeel","Whiteeyes"],"picked":"SKIP","floor":29.0},{"not_picked":["Whiteeyes","Lavaburst"],"picked":"Thestormbringer","floor":33.0},{"not_picked":["Cryostasis","Lightningbolt"],"picked":"Farsight+1","floor":35.0},{"not_picked":["Hex","Elementaryreaction","Tunneltrogg"],"picked":"SKIP","floor":37.0},{"not_picked":["Frostshock+1","Healingrain","Jadecheiftain+1"],"picked":"SKIP","floor":40.0},{"not_picked":["Zap+1","Volcano"],"picked":"Ancestralknow","floor":41.0},{"not_picked":["Tidalsurge","Fireguard","Tunneltrogg"],"picked":"Maelstromportal","floor":44.0},{"not_picked":["Tidalsurge+1","Dunemaul+1","Jadecheiftain+1","Forkedlightning"],"picked":"SKIP","floor":47.0},{"not_picked":["Earthshock","Witchsapprentice","Zap+1"],"picked":"Thecoin+1","floor":48.0},{"not_picked":["Earthshock","Thralldeathseer","Eureka+1"],"picked":"Farsight+1","floor":48.0},{"not_picked":["Drakkaridefender","Elementaldestruction","Earthshock","Airelemental+1"],"picked":"SKIP","floor":54.0}],"player_experience":469972,"relics_obtained":[{"floor":6.0,"key":"Pear"},{"floor":8.0,"key":"PreservedInsect"},{"floor":10.0,"key":"Mercury Hourglass"},{"floor":23.0,"key":"Centennial Puzzle"},{"floor":25.0,"key":"Bag of Preparation"},{"floor":26.0,"key":"StrikeDummy"},{"floor":29.0,"key":"Pen Nib"},{"floor":30.0,"key":"Lantern"},{"floor":34.0,"key":"Happy Flower"},{"floor":34.0,"key":"Kunai"},{"floor":34.0,"key":"CaptainsWheel"},{"floor":38.0,"key":"Bird Faced Urn"},{"floor":40.0,"key":"Unceasing Top"},{"floor":43.0,"key":"Question Card"},{"floor":44.0,"key":"Prayer Wheel"},{"floor":47.0,"key":"Orichalcum"},{"floor":54.0,"key":"Shuriken"}],"event_choices":[{"damage_healed":0.0,"max_hp_gain":0.0,"max_hp_loss":0.0,"gold_gain":175.0,"event_name":"Liars Game","player_choice":"AGREE","floor":5.0,"gold_loss":0.0,"damage_taken":0.0,"cards_obtained":["Doubt"]},{"damage_healed":0.0,"max_hp_gain":0.0,"max_hp_loss":0.0,"gold_gain":0.0,"event_name":"Big Fish","player_choice":"Box","floor":12.0,"gold_loss":0.0,"damage_taken":0.0,"relics_obtained":["Darkstone Periapt"],"cards_obtained":["Regret"]},{"damage_healed":0.0,"max_hp_gain":5.0,"max_hp_loss":0.0,"gold_gain":0.0,"event_name":"Forgotten Altar","player_choice":"Shed Blood","floor":27.0,"gold_loss":0.0,"damage_taken":22.0},{"damage_healed":24.0,"max_hp_gain":0.0,"max_hp_loss":0.0,"gold_gain":0.0,"event_name":"Winding Halls","player_choice":"Writhe","floor":36.0,"gold_loss":0.0,"damage_taken":0.0,"cards_obtained":["Writhe"]},{"damage_healed":0.0,"max_hp_gain":0.0,"max_hp_loss":0.0,"gold_gain":0.0,"event_name":"Mysterious Sphere","player_choice":"Fight","floor":38.0,"gold_loss":0.0,"damage_taken":0.0},{"damage_healed":0.0,"max_hp_gain":0.0,"max_hp_loss":0.0,"gold_gain":0.0,"event_name":"Upgrade Shrine","player_choice":"Ignored","floor":39.0,"gold_loss":0.0,"damage_taken":0.0},{"cards_removed":["Maelstromportal"],"damage_healed":0.0,"max_hp_gain":0.0,"max_hp_loss":0.0,"gold_gain":0.0,"event_name":"Purifier","player_choice":"Purged","floor":45.0,"gold_loss":0.0,"damage_taken":0.0}],"is_beta":false,"boss_relics":[{"not_picked":["Snecko Eye","Velvet Choker"],"picked":"SacredBark"},{"not_picked":["Totemicslam","Fusion Hammer"],"picked":"Calling Bell"}],"items_purged_floors":[],"is_endless":false,"potions_floor_spawned":[8,10,13,16,18,20,23,33,35,38,48],"ascension_level":9}}