{"host":"jx3f6ezc0g3s9edc","time":1613788137,"event":{"mods":["AchievementEnabler","BaseMod","Bestiary","Colored Map","Highlight Path","Minty Spire (QoL Compilation)","StSLib"],"gold_per_floor":[114,114,125,140,19,19,45,45,116,166,232,246,246,261,261,261,261],"floor_reached":16,"language":"ENG","playtime":926,"items_purged":["Strike_R"],"score":173,"play_id":"176284bd-b419-46f4-9c72-adbf6b1e3d57","local_time":"20210219212857","is_ascension_mode":true,"campfire_choices":[{"data":"Uppercut","floor":6,"key":"SMITH"},{"data":"Bash","floor":8,"key":"SMITH"},{"data":"Cleave","floor":13,"key":"SMITH"},{"data":"Warcry","floor":15,"key":"SMITH"}],"circlet_count":0,"master_deck":["AscendersBane","Strike_R","Strike_R","Strike_R","Strike_R","Defend_R","Defend_R","Defend_R","Defend_R","Bash+1","Master of Strategy","Uppercut+1","Shrug It Off","Sword Boomerang","Feel No Pain","Cleave+1","Shrug It Off","Headbutt","Warcry+1"],"relics":["Burning Blood","SsserpentHead","Regal Pillow","Meat on the Bone","Sundial"],"acts_visited":["Exordium"],"potions_floor_usage":[7,11,11,16],"damage_taken":[{"damage":2,"enemies":"2 Louse","floor":1,"turns":3},{"damage":0,"enemies":"Cultist","floor":3,"turns":3},{"damage":0,"enemies":"Jaw Worm","floor":4,"turns":3},{"damage":25,"enemies":"3 Sentries","floor":7,"turns":10},{"damage":23,"enemies":"Exordium Wildlife","floor":11,"turns":5},{"damage":3,"enemies":"Blue Slaver","floor":12,"turns":5},{"damage":15,"enemies":"Large Slime","floor":14,"turns":5},{"damage":53,"enemies":"Slime Boss","floor":16,"turns":9}],"seed_played":"6825769376908747056","potions_obtained":[{"floor":3,"key":"AttackPotion"},{"floor":7,"key":"EntropicBrew"},{"floor":14,"key":"Weak Potion"}],"is_trial":false,"path_per_floor":["M","?","M","M","$","R","E","R","T","T","M","M","R","M","R","B"],"character_chosen":"IRONCLAD","items_purchased":["Feel No Pain","Cleave"],"campfire_rested":0,"item_purchase_floors":[5,5],"current_hp_per_floor":[68,68,68,68,68,68,49,49,49,49,44,47,47,50,50,0,0],"gold":261,"neow_bonus":"RANDOM_COLORLESS_2","is_daily":false,"chose_seed":false,"campfire_upgraded":4,"win_rate":0.0,"timestamp":1613788137,"path_taken":["M","?","M","M","?","R","E","R","T","?","?","M","R","M","R","BOSS"],"items_purchased_type":["Card","Card"],"build_version":"2020-12-22","purchased_purges":1,"victory":false,"max_hp_per_floor":[68,68,68,68,68,68,68,68,68,68,68,68,68,68,68,68,68],"card_choices":[{"not_picked":["Secret Technique","The Bomb"],"picked":"Master of Strategy","floor":0},{"not_picked":["Body Slam","Warcry"],"picked":"Uppercut","floor":1},{"not_picked":["Intimidate","Anger"],"picked":"Shrug It Off","floor":3},{"not_picked":["True Grit","Shrug It Off"],"picked":"Sword Boomerang","floor":4},{"not_picked":["Wild Strike","Seeing Red"],"picked":"Shrug It Off","floor":7},{"not_picked":["Shrug It Off","Heavy Blade"],"picked":"Headbutt","floor":11},{"not_picked":["Cleave","Power Through","Perfected Strike"],"picked":"SKIP","floor":12},{"not_picked":["Rage","Warcry","Searing Blow"],"picked":"SKIP","floor":14},{"not_picked":["Rage","Searing Blow"],"picked":"Warcry","floor":14}],"player_experience":891745,"relics_obtained":[{"floor":7,"key":"Regal Pillow"},{"floor":9,"key":"Meat on the Bone"},{"floor":10,"key":"Sundial"}],"event_choices":[{"damage_healed":0,"gold_gain":0,"player_choice":"Trade","damage_taken":0,"relics_obtained":["SsserpentHead"],"max_hp_gain":0,"max_hp_loss":0,"event_name":"FaceTrader","floor":2,"gold_loss":0}],"is_beta":false,"boss_relics":[],"items_purged_floors":[5],"is_endless":false,"potions_floor_spawned":[3,7,14],"killed_by":"Slime Boss","ascension_level":14}}