{"host":"mo324zvkdr1xwprd","time":1613834320,"event":{"mods":["A Penny For Your Troubles","BaseMod","Better Note","Better Third Choice","BetterRewards","Hermit","Highlight Path","Hubris","Minty Spire (QoL Compilation)","Quick Restart","Rare Cards Sparkle","Shop Mod","StSLib","The Cursed","The Hierophant","The Servant 0.9.4","Transform Curses"],"gold_per_floor":[29,42,58,71,85,119,119,454,454,483,125,159,170,185,185,263,263,277,257,271,5,5,5,38,38,87,87,87,98,373,387,387,460,460,472,491,391,401,419,419,151,170,170,170,197,210,235,247,247,248,248,248,20,55,55],"floor_reached":56,"language":"ENG","playtime":3397,"items_purged":[],"score":2900,"play_id":"2e5a9c8d-9e43-457e-ba53-978fa8d326d0","local_time":"20210220151840","is_ascension_mode":true,"campfire_choices":[{"data":"hubris:EnhanceAbility","floor":7.0,"key":"SMITH"},{"data":"1","floor":15.0,"key":"LIFT"},{"data":"2","floor":23.0,"key":"LIFT"},{"data":"3","floor":25.0,"key":"LIFT"},{"floor":28.0,"key":"REST"},{"data":"Immolate","floor":32.0,"key":"SMITH"},{"floor":40.0,"key":"RECALL"},{"data":"Limit Break","floor":44.0,"key":"SMITH"},{"data":"Demon Form","floor":49.0,"key":"SMITH"},{"data":"Pommel Strike","floor":52,"key":"SMITH"}],"circlet_count":0,"master_deck":["AscendersBane","Bash","Strike_R","Strike_R","Strike_R","Strike_R","Strike_R","Defend_R","Defend_R","Defend_R","Bash","Battle Trance","Reaper","hubris:EnhanceAbility+1","Shrug It Off","Dual Wield","Headbutt","Seeing Red+1","Cleave","True Grit","Seeing Red","Sword Boomerang","Cleave","Shrug It Off","Seeing Red","Ghostly Armor","Cleave","Limit Break+1","Flame Barrier+1","Shockwave+1","Wild Strike","Writhe","Necronomicurse","Flex","Regret","Immolate+1","Impervious","Sword Boomerang+1","Anger","Heavy Blade+1","Shrug It Off","Clumsy","Infernal Blade+1","Cleave","Pommel Strike+1","Demon Form+1","hubris:ReadiedAction","Rage","Dropkick","Perfected Strike","Battle Trance"],"relics":["Burning Blood","Matryoshka","hubris:BundleOfHerbs","FossilizedHelix","hubris:OldNail","Incense Burner","HornCleat","Old Coin","Meat on the Bone","Magic Flower","Girya","Ornamental Fan","Cursed Key","hubris:SphereOfDissonance","InkBottle","Nunchaku","War Paint","Necronomicon","SlaversCollar","Letter Opener","hubris:AstralHammer","Juzu Bracelet","Thread and Needle","hubris:DeckOfHolding"],"acts_visited":["Exordium","TheCity","TheBeyond","TheEnding"],"potions_floor_usage":[55,55],"damage_taken":[{"damage":0.0,"enemies":"2 Louse","floor":1.0,"turns":4.0},{"damage":1.0,"enemies":"Cultist","floor":2.0,"turns":4.0},{"damage":2.0,"enemies":"Jaw Worm","floor":3.0,"turns":5.0},{"damage":0.0,"enemies":"2 Fungi Beasts","floor":4.0,"turns":4.0},{"damage":5.0,"enemies":"3 Louse","floor":5.0,"turns":3.0},{"damage":6.0,"enemies":"Lagavulin","floor":6.0,"turns":11.0},{"damage":12.0,"enemies":"Gremlin Nob","floor":8.0,"turns":5.0},{"damage":0.0,"enemies":"Lagavulin","floor":10.0,"turns":4.0},{"damage":0.0,"enemies":"3 Sentries","floor":12.0,"turns":7.0},{"damage":0.0,"enemies":"Lots of Slimes","floor":13.0,"turns":4.0},{"damage":7.0,"enemies":"Gremlin Gang","floor":14.0,"turns":5.0},{"damage":18.0,"enemies":"The Guardian","floor":16.0,"turns":15.0},{"damage":0.0,"enemies":"Shell Parasite","floor":18.0,"turns":4.0},{"damage":0.0,"enemies":"Spheric Guardian","floor":20.0,"turns":4.0},{"damage":5.0,"enemies":"Gremlin Leader","floor":24.0,"turns":6.0},{"damage":0.0,"enemies":"Snecko","floor":29.0,"turns":5.0},{"damage":0.0,"enemies":"3 Cultists","floor":31.0,"turns":3.0},{"damage":37.0,"enemies":"hubris:MusketHawk","floor":33.0,"turns":8.0},{"damage":0.0,"enemies":"Orb Walker","floor":35.0,"turns":3.0},{"damage":0.0,"enemies":"3 Shapes","floor":36.0,"turns":4.0},{"damage":0.0,"enemies":"Transient","floor":38.0,"turns":6.0},{"damage":0.0,"enemies":"Sphere and 2 Shapes","floor":39.0,"turns":2.0},{"damage":0.0,"enemies":"Maw","floor":42.0,"turns":3.0},{"damage":4.0,"enemies":"Nemesis","floor":45.0,"turns":5.0},{"damage":0.0,"enemies":"Spire Growth","floor":46.0,"turns":1.0},{"damage":0.0,"enemies":"Reptomancer","floor":47.0,"turns":3.0},{"damage":0.0,"enemies":"3 Darklings","floor":48.0,"turns":1.0},{"damage":22,"enemies":"Donu and Deca","floor":50,"turns":4},{"damage":0,"enemies":"Shield and Spear","floor":54,"turns":2},{"damage":35,"enemies":"The Heart","floor":55,"turns":6}],"seed_played":"-4961289041056571655","potions_obtained":[{"floor":1.0,"key":"DistilledChaos"},{"floor":5.0,"key":"FearPotion"},{"floor":8.0,"key":"DistilledChaos"},{"floor":14.0,"key":"SkillPotion"},{"floor":16.0,"key":"SpeedPotion"},{"floor":18.0,"key":"DistilledChaos"},{"floor":19.0,"key":"BlessingOfTheForge"},{"floor":33.0,"key":"Dexterity Potion"},{"floor":36.0,"key":"Weak Potion"}],"is_trial":false,"path_per_floor":["M","M","M","M","M","E","R","E","T","E","$","E","M","M","R","B",null,"M","?","M","$","$","R","E","R","T","?","R","M","?","M","R","B",null,"M","M","NS","M","M","R","$","M","T","R","E","M","E","M","R","B",null,"R","$","E","B",null],"character_chosen":"IRONCLAD","items_purchased":["Battle Trance","Reaper","hubris:EnhanceAbility","hubris:OldNail","Incense Burner","Shrug It Off","Girya","Shrug It Off","hubris:SphereOfDissonance","Letter Opener","hubris:ReadiedAction","Rage","Dropkick","Perfected Strike"],"campfire_rested":1,"item_purchase_floors":[0,0,0,0,0,0,11,11,21,41,53,53,53,53],"current_hp_per_floor":[35,46,54,68,75,75,75,69,69,75,75,75,75,75,75,66,73,75,75,75,75,75,75,75,75,75,54,75,75,75,75,75,47,68,75,75,75,75,75,75,75,75,75,75,75,75,75,75,75,62,72,72,72,75,63],"gold":55,"neow_bonus":"","is_daily":false,"chose_seed":false,"campfire_upgraded":5,"win_rate":0.0,"timestamp":1613834320,"path_taken":["M","M","M","M","M","E","R","E","T","E","$","E","M","M","R","BOSS","M","?","?","?","$","R","E","R","T","?","R","M","?","M","R","BOSS","M","?","NS","M","M","R","$","M","T","R","E","M","E","M","R","BOSS","R","$","E","BOSS"],"items_purchased_type":["Card","Card","Card","Relic","Relic","Card","Relic","Card","Relic","Relic","Card","Card","Card","Card"],"build_version":"2020-12-22","purchased_purges":0,"victory":true,"max_hp_per_floor":[75,75,75,75,75,75,75,75,75,75,75,75,75,75,75,75,75,75,75,75,75,75,75,75,75,75,75,75,75,75,75,75,75,75,75,75,75,75,75,75,75,75,75,75,75,75,75,75,75,75,75,75,75,75,75],"card_choices":[{"not_picked":["Rupture","Hemokinesis"],"picked":"Dual Wield","floor":1.0},{"not_picked":["Sword Boomerang","Rupture"],"picked":"Headbutt","floor":2.0},{"not_picked":["Whirlwind","Shockwave"],"picked":"Seeing Red","floor":3.0},{"not_picked":["Perfected Strike","Pommel Strike"],"picked":"Cleave","floor":4.0},{"not_picked":["Clothesline","Reckless Charge"],"picked":"True Grit","floor":5.0},{"not_picked":["Burning Pact","Carnage"],"picked":"Seeing Red","floor":6.0},{"not_picked":["Fiend Fire","Whirlwind"],"picked":"Sword Boomerang","floor":8.0},{"not_picked":["Clash","Shrug It Off"],"picked":"Cleave","floor":10.0},{"not_picked":["Hemokinesis","Rampage"],"picked":"Seeing Red","floor":12.0},{"not_picked":["Battle Trance","Sentinel"],"picked":"Ghostly Armor","floor":13.0},{"not_picked":["True Grit","Bloodletting"],"picked":"Cleave","floor":14.0},{"not_picked":["Double Tap","Offering"],"picked":"Limit Break","floor":16.0},{"not_picked":["Clash","Shrug It Off"],"picked":"Flame Barrier+1","floor":18.0},{"not_picked":["Heavy Blade","Flex"],"picked":"Shockwave+1","floor":20.0},{"not_picked":["hubris:CleavingFinish","True Grit"],"picked":"Wild Strike","floor":24.0},{"not_picked":["Shrug It Off","Thunderclap"],"picked":"Flex","floor":29.0},{"not_picked":["Clash","Pummel"],"picked":"Immolate","floor":31.0},{"not_picked":["Berserk","Exhume"],"picked":"Impervious","floor":33.0},{"not_picked":["Body Slam","Sword Boomerang+1"],"picked":"Warcry+1","floor":35.0},{"not_picked":["Bloodletting","Warcry"],"picked":"Sword Boomerang+1","floor":36.0},{"not_picked":["hubris:SharpeningStone","Dropkick"],"picked":"Anger","floor":38.0},{"not_picked":["Cleave+1","Disarm"],"picked":"Heavy Blade+1","floor":39.0},{"not_picked":["Evolve","Flex"],"picked":"Shrug It Off","floor":42.0},{"not_picked":["Battle Trance","Disarm"],"picked":"Infernal Blade+1","floor":45.0},{"not_picked":["Second Wind","Blood for Blood+1"],"picked":"Cleave","floor":46.0},{"not_picked":["Fire Breathing","Thunderclap"],"picked":"Pommel Strike","floor":47.0},{"not_picked":["Disarm+1","Perfected Strike"],"picked":"Demon Form","floor":48.0},{"not_picked":["Rupture","Burning Pact"],"picked":"Battle Trance","floor":54}],"player_experience":772000,"relics_obtained":[{"floor":6.0,"key":"HornCleat"},{"floor":8.0,"key":"Old Coin"},{"floor":9.0,"key":"Meat on the Bone"},{"floor":10.0,"key":"Magic Flower"},{"floor":12.0,"key":"Ornamental Fan"},{"floor":24.0,"key":"InkBottle"},{"floor":26.0,"key":"Nunchaku"},{"floor":26.0,"key":"War Paint"},{"floor":27.0,"key":"Necronomicon"},{"floor":43.0,"key":"hubris:AstralHammer"},{"floor":45.0,"key":"Juzu Bracelet"},{"floor":47.0,"key":"Thread and Needle"},{"floor":54,"key":"hubris:DeckOfHolding"}],"event_choices":[{"damage_healed":0.0,"max_hp_gain":0.0,"max_hp_loss":0.0,"gold_gain":0.0,"event_name":"The Woman in Blue","player_choice":"Bought 1 Potion","floor":19.0,"gold_loss":0.0,"damage_taken":0.0},{"damage_healed":0.0,"max_hp_gain":0.0,"max_hp_loss":0.0,"gold_gain":0.0,"event_name":"Cursed Tome","player_choice":"Obtained Book","floor":27.0,"gold_loss":0.0,"damage_taken":21.0},{"damage_healed":0.0,"max_hp_gain":0.0,"max_hp_loss":0.0,"gold_gain":275.0,"event_name":"Golden Shrine","player_choice":"Desecrate","floor":30.0,"gold_loss":0.0,"damage_taken":0.0,"cards_obtained":["Regret"]}],"is_beta":false,"boss_relics":[{"not_picked":["Busted Crown","Coffee Dripper"],"picked":"Cursed Key"},{"not_picked":["SacredBark","Runic Dome"],"picked":"SlaversCollar"}],"items_purged_floors":[],"is_endless":false,"potions_floor_spawned":[1,5,8,14,16,18,33,36,39,45,47],"ascension_level":17}}