{"host":"t39frk1gt0zfm79h","time":1613841958,"event":{"mods":["BaseMod","Better Altar","Better Match","Better Note","Better Sensory Stone","Better Skull","Better Third Choice","Block Reminder","Colored Map","Downfall","Hermit","Minty Spire (QoL Compilation)","Relic Stats","StSLib"],"gold_per_floor":[99,110,110,134,152,52,52,69,97,2,17,17,30,44,58,154,154,154,172,189,209,209,209,209,209,228,243,276,291,291,311,326,422,422,422,437,449,182,197,216,216,216,116,101,101,101,119,144,44,44,44,44],"floor_reached":50,"language":"ENG","playtime":3446,"items_purged":[],"score":550,"play_id":"002eabb8-d859-4c8a-9e8a-ee24a64f5d5c","local_time":"20210220092558","is_ascension_mode":false,"campfire_choices":[{"floor":1.0,"key":"RECALL"},{"data":"Slimebound:Repurpose","floor":6.0,"key":"SMITH"},{"data":"Slimebound:Gluttony","floor":18,"key":"SMITH"},{"data":"Slimebound:SamplingLick","floor":23,"key":"SMITH"},{"data":"Slimebound:TongueLash","floor":30,"key":"SMITH"},{"data":"Slimebound:Gluttony","floor":35,"key":"SMITH"},{"data":"Slimebound:LeadByExample","floor":43,"key":"SMITH"},{"data":"Slimebound:AcidTongue","floor":45,"key":"SMITH"},{"data":"Slimebound:AcidTongue","floor":49,"key":"SMITH"}],"circlet_count":0,"master_deck":["Slimebound:Strike_Slimebound+1","Slimebound:Strike_Slimebound","Slimebound:Strike_Slimebound","Slimebound:Tackle","Slimebound:Defend_Slimebound","Slimebound:Defend_Slimebound+1","Slimebound:Defend_Slimebound","Slimebound:Defend_Slimebound","Slimebound:Split","Slimebound:CorrosiveSpit","Slimebound:LivingWall+1","downfall:Malfunctioning","Slimebound:Repurpose+1","Slimebound:LeechEnergy","Slimebound:SplitLeeching","Slimebound:Gluttony+1","Slimebound:Gluttony+1","Slimebound:Schlurp","Slimebound:LeechEnergy","Slimebound:SamplingLick+1","Slimebound:LeechingTouch","Slimebound:RallyTheTroops","Slimebound:LivingWall","Slimebound:Schlurp+1","Slimebound:AcidTongue+1","hermit:GhostlyPresence","Slimebound:Equalize","Slimebound:TongueLash+1","Slimebound:SplitMire","Slimebound:LeadByExample+1","Slimebound:LeechLife","CurseOfTheBell","Slimebound:LeechEnergy+1","Slimebound:AcidTongue+1","Slimebound:PressTheAttack+1","Slimebound:AcidTongue+1","Slimebound:SlimeTap+1","Slimebound:RainOfGoop+1","Slimebound:SplitLeeching+1","Slimebound:GrowthPunch+1"],"relics":["Slimebound:AbsorbEndCombat","Happy Flower","downfall:HeartBlessingRed","StoneCalendar","Eternal Feather","Unceasing Top","Sozu","Bird Faced Urn","Mummified Hand","Calling Bell","Dream Catcher","Molten Egg 2","Calipers","Pantograph","downfall:HeartBlessingBlue","Nunchaku","Bottled Flame","downfall:HeartBlessingGreen"],"acts_visited":["Exordium","TheCity","TheBeyond"],"potions_floor_usage":[28,38,50],"damage_taken":[{"damage":13.0,"enemies":"Jaw Worm","floor":2.0,"turns":4.0},{"damage":7.0,"enemies":"Cultist","floor":5.0,"turns":4.0},{"damage":9.0,"enemies":"2 Louse","floor":8.0,"turns":2.0},{"damage":42,"enemies":"3 Sentries","floor":9,"turns":7},{"damage":0,"enemies":"downfall:FleeingMerchant","floor":10,"turns":4},{"damage":6,"enemies":"Large Slime","floor":11,"turns":5},{"damage":17,"enemies":"Exordium Thugs","floor":13,"turns":3},{"damage":2,"enemies":"Gremlin Gang","floor":14,"turns":4},{"damage":8,"enemies":"Red Slaver","floor":15,"turns":3},{"damage":16,"enemies":"IC_STATUS_ARCHETYPE","floor":16,"turns":7},{"damage":26,"enemies":"Chosen","floor":19,"turns":7},{"damage":6,"enemies":"Spheric Guardian","floor":20,"turns":5},{"damage":27,"enemies":"Shelled Parasite and Fungi","floor":21,"turns":6},{"damage":12,"enemies":"Snecko","floor":26,"turns":6},{"damage":1,"enemies":"Snake Plant","floor":27,"turns":4},{"damage":45,"enemies":"Slavers","floor":28,"turns":5},{"damage":14,"enemies":"Centurion and Healer","floor":29,"turns":5},{"damage":7,"enemies":"Chosen and Byrds","floor":31,"turns":5},{"damage":12,"enemies":"Cultist and Chosen","floor":32,"turns":5},{"damage":61,"enemies":"DF_ARCHETYPE_CLAW","floor":33,"turns":7},{"damage":11,"enemies":"Orb Walker","floor":36,"turns":2},{"damage":16,"enemies":"3 Shapes","floor":37,"turns":4},{"damage":0,"enemies":"downfall:FleeingMerchant","floor":38,"turns":4},{"damage":33,"enemies":"Sphere and 2 Shapes","floor":39,"turns":6},{"damage":21,"enemies":"Writhing Mass","floor":40,"turns":5},{"damage":4,"enemies":"downfall:FleeingMerchant","floor":44,"turns":4},{"damage":8,"enemies":"4 Shapes","floor":47,"turns":5},{"damage":18,"enemies":"Nemesis","floor":48,"turns":5},{"damage":88,"enemies":"WA_ARCHETYPE_DIVINITY","floor":50,"turns":9}],"seed_played":"6185244501970367788","potions_obtained":[{"floor":2.0,"key":"FearPotion"},{"floor":11,"key":"bronze:BurnAndBuffPotion"},{"floor":14,"key":"BlessingOfTheForge"},{"floor":16,"key":"champ:CounterPotion"}],"is_trial":false,"path_per_floor":["R","M","?","T","M","R","T","M","E","$","M","?","M","M","M","B",null,"R","M","M","M","?","R","T","?","M","M","E","M","R","M","M","B",null,"R","M","M","$","M","M","T","?","R","?","R","T","M","E","R","B"],"character_chosen":"SLIMEBOUND","items_purchased":["Slimebound:Gluttony","Pantograph"],"campfire_rested":0,"item_purchase_floors":[10,38],"current_hp_per_floor":[71,64,64,64,63,63,63,56,16,20,22,22,11,17,15,7,71,71,51,53,34,34,49,49,49,49,66,43,45,60,71,62,25,71,71,70,59,71,50,66,66,62,72,72,72,72,68,67,72,0,0,0],"gold":44,"neow_bonus":"TEN_PERCENT_HP_BONUS","is_daily":false,"chose_seed":false,"campfire_upgraded":8,"win_rate":0.0,"timestamp":1613841958,"path_taken":["R","M","?","?","?","R","T","M","E","$","M","?","M","M","M","BOSS","R","M","M","M","?","R","T","?","?","M","E","M","R","M","M","BOSS","R","M","M","$","M","M","T","?","R","?","R","?","M","E","R","BOSS"],"items_purchased_type":["Card","Relic"],"build_version":"2020-12-22","purchased_purges":0,"victory":false,"max_hp_per_floor":[71,71,71,71,71,71,71,71,71,71,71,71,71,71,71,71,71,71,71,71,71,71,71,71,71,71,71,71,71,71,71,71,71,71,71,71,71,71,71,71,71,62,72,72,72,72,72,72,72,72,72,72],"relic_stats":{"Sozu":7,"Dream Catcher":0,"Nunchaku":[3],"Happy Flower":[46],"counters":[29,141],"Mummified Hand":[53],"Bird Faced Urn":[64],"Pantograph":0,"StoneCalendar":[95],"Eternal Feather":35,"obtain_stats":[{"Calipers":34,"Happy Flower":4,"downfall:HeartBlessingRed":6,"StoneCalendar":7,"Eternal Feather":9,"downfall:HeartBlessingGreen":49,"Sozu":17,"Calling Bell":34,"Dream Catcher":34,"Nunchaku":46,"Bottled Flame":48,"Mummified Hand":28,"downfall:HeartBlessingBlue":43,"Bird Faced Urn":24,"Pantograph":38,"Molten Egg 2":34,"Slimebound:AbsorbEndCombat":0,"Unceasing Top":12},{"Calipers":20,"Happy Flower":1,"downfall:HeartBlessingRed":2,"StoneCalendar":2,"Eternal Feather":4,"downfall:HeartBlessingGreen":28,"Sozu":10,"Calling Bell":20,"Dream Catcher":20,"Nunchaku":26,"Bottled Flame":28,"Mummified Hand":16,"downfall:HeartBlessingBlue":25,"Bird Faced Urn":13,"Pantograph":23,"Molten Egg 2":20,"Slimebound:AbsorbEndCombat":0,"Unceasing Top":6},{"Calipers":98,"Happy Flower":4,"downfall:HeartBlessingRed":8,"StoneCalendar":8,"Eternal Feather":17,"downfall:HeartBlessingGreen":132,"Sozu":43,"Calling Bell":98,"Dream Catcher":98,"Nunchaku":122,"Bottled Flame":132,"Mummified Hand":76,"downfall:HeartBlessingBlue":118,"Bird Faced Urn":61,"Pantograph":108,"Molten Egg 2":98,"Slimebound:AbsorbEndCombat":0,"Unceasing Top":26}],"Unceasing Top":[31]},"card_choices":[{"not_picked":["Slimebound:LevelUp","Slimebound:SlimeBarrage"],"picked":"Slimebound:LivingWall","floor":2.0},{"not_picked":["Slimebound:SamplingLick","Slimebound:FlameTackle"],"picked":"Slimebound:Repurpose","floor":5.0},{"not_picked":["Slimebound:RollThrough","Slimebound:SplitLeeching"],"picked":"Slimebound:LeechEnergy","floor":8.0},{"not_picked":["Slimebound:SplitBruiser","Slimebound:LeechEnergy"],"picked":"Slimebound:SplitLeeching","floor":9},{"not_picked":["Slimebound:OneTwoCombo","Slimebound:AcidTongue"],"picked":"Slimebound:Gluttony","floor":10},{"not_picked":["Slimebound:FinishingTackle","Slimebound:ComboTackle"],"picked":"Slimebound:Schlurp","floor":11},{"not_picked":["Slimebound:Nibble","Slimebound:PressTheAttack"],"picked":"Slimebound:LeechEnergy","floor":13},{"not_picked":["Slimebound:SplitMire","Slimebound:HauntingLick"],"picked":"Slimebound:SamplingLick","floor":14},{"not_picked":["Slimebound:Chomp","Slimebound:Replication"],"picked":"Slimebound:LeechingTouch","floor":15},{"not_picked":["Slimebound:Teamwork","Slimebound:DuplicatedForm"],"picked":"Slimebound:RallyTheTroops","floor":16},{"not_picked":["Slimebound:GoopTackle","Slimebound:ViciousTackle+1"],"picked":"Slimebound:LivingWall","floor":19},{"not_picked":["Slimebound:SplitMire","Slimebound:ComboTackle"],"picked":"Slimebound:Schlurp+1","floor":20},{"not_picked":["Slimebound:SlimeBrawl+1","Slimebound:Gluttony"],"picked":"Slimebound:AcidTongue","floor":21},{"not_picked":["Slimebound:SplitMire+1","Slimebound:LeechingTouch"],"picked":"Slimebound:Equalize","floor":26},{"not_picked":["Slimebound:Repurpose+1","Slimebound:DisruptingSlam"],"picked":"Slimebound:TongueLash","floor":27},{"not_picked":["Slimebound:GoopTackle+1","Slimebound:SplitBruiser"],"picked":"Slimebound:SplitMire","floor":28},{"not_picked":["Slimebound:ItLooksTasty","Slimebound:SplitAcid","Slimebound:ComboTackle+1"],"picked":"SKIP","floor":29},{"not_picked":["Slimebound:Repurpose+1","Slimebound:SplitAcid"],"picked":"Slimebound:LeadByExample","floor":31},{"not_picked":["Slimebound:SplitBruiser","Slimebound:SlimeBarrage","Slimebound:MassFeed"],"picked":"SKIP","floor":32},{"not_picked":["Slimebound:MassRepurpose","Slimebound:RallyTheTroops"],"picked":"Slimebound:LeechLife","floor":33},{"not_picked":["Slimebound:Replication+1","Slimebound:Schlurp"],"picked":"Slimebound:LeechEnergy+1","floor":36},{"not_picked":["Slimebound:Repurpose","Slimebound:FinishingTackle+1"],"picked":"Slimebound:AcidTongue+1","floor":37},{"not_picked":["Slimebound:HauntingLick+1","Slimebound:Grow"],"picked":"Slimebound:PressTheAttack+1","floor":38},{"not_picked":["Slimebound:FlameTackle+1","Slimebound:Prepare+1"],"picked":"Slimebound:AcidTongue","floor":39},{"not_picked":["Slimebound:Chomp+1","Slimebound:PressTheAttack+1"],"picked":"Slimebound:SlimeTap+1","floor":40},{"not_picked":["Slimebound:SplitAcid+1","Slimebound:Repurpose"],"picked":"Slimebound:RainOfGoop+1","floor":44},{"not_picked":["Slimebound:SplitAcid","Slimebound:ComboTackle+1"],"picked":"Slimebound:SplitLeeching+1","floor":47},{"not_picked":["Slimebound:MegaLick","Slimebound:Nibble+1"],"picked":"Slimebound:GrowthPunch+1","floor":48}],"player_experience":13088,"relics_obtained":[{"floor":4.0,"key":"Happy Flower"},{"floor":7.0,"key":"StoneCalendar"},{"floor":9,"key":"Eternal Feather"},{"floor":24,"key":"Bird Faced Urn"},{"floor":28,"key":"Mummified Hand"},{"floor":34,"key":"Dream Catcher"},{"floor":34,"key":"Molten Egg 2"},{"floor":34,"key":"Calipers"},{"floor":46,"key":"Nunchaku"},{"floor":48,"key":"Bottled Flame"}],"event_choices":[{"cards_removed":["Slimebound:SamplingLick"],"damage_healed":0,"gold_gain":0,"player_choice":"Take \u0026 Give","damage_taken":0,"max_hp_gain":0,"max_hp_loss":0,"event_name":"betterNote:BetterNote","floor":25,"gold_loss":0,"cards_obtained":["hermit:GhostlyPresence"]}],"is_beta":false,"boss_relics":[{"not_picked":["Cursed Key","SacredBark"],"picked":"Sozu"},{"not_picked":["Velvet Choker","Fusion Hammer"],"picked":"Calling Bell"}],"items_purged_floors":[],"is_endless":false,"potions_floor_spawned":[2,11,14,16,20,27,28,31,32,36,40,48],"killed_by":"WA_ARCHETYPE_DIVINITY","ascension_level":0}}