{"host":"tod","time":1613833665,"event":{"mods":["ATMod(∞¢Ë™Mod)","AchievementEnabler","Act Like it!","BaseMod","CapriCore","Energized Spire","Highlight Path","Lobotomy","Marisa£®ÏF”Í°°ƒß¿Ì…≥£©","Minty Spire (QoL Compilation)","Quick Restart","Reimu£®≤©¿ˆ¡È√Œ£©","Relic Filter Mod","Relic Stats","Remilia£®¿Ÿ√◊¿Ú—«£©","Replay The Spire","Shop Mod","StSLib","The Cursed","The Immortal","Yakumo Yukari mod","Youmu£®ªÍ∆«—˝√Œ£©"],"gold_per_floor":[17,37,48,48,48,48,48,64,64,64,82,116,116,131,131,251,251,275,275,293,308,328,366,366,366,366,366,380,394,114,114,114,243,243,266,282,305,132,465,465,492,505,554,600,21,37,52,62,62,62,62],"floor_reached":52,"language":"ZHS","playtime":1781,"items_purged":["Strike_G","Wrath_TH"],"score":1983,"play_id":"310152ee-c1df-4d59-be8d-8906af744de6","local_time":"20210220230745","is_ascension_mode":false,"campfire_choices":[{"data":"Finisher","floor":6.0,"key":"SMITH"},{"floor":15.0,"key":"REST"},{"data":"Poison Darts","floor":25.0,"key":"SMITH"},{"floor":27.0,"key":"REST"},{"floor":32.0,"key":"DIG"},{"data":"After Image","floor":40.0,"key":"SMITH"},{"floor":49,"key":"DIG"}],"circlet_count":0,"master_deck":["Survivor","Neutralize","AT_FocusSwordFire+1","Hidden Blade","Finisher+1","Flying Knee","AT_WindFlip+1","A Thousand Cuts","Hidden Blade","Poison Darts+1","AT_EmpoweredMortalDraw+1","AT_WindFlip+1","EndlessPower","Dagger Spray","Underhanded Strike","AT_EssenceShift","Blade Dance","Cloak And Dagger","After Image+1","Dash","Wraith Form v2","Venomology","All Out Attack","Deadly Poison","Dash","Wraith Form v2","Parasite","Accuracy","Cloak And Dagger+1","Blade Dance+1","AT_WindRun","AT_ShadowStep+1"],"relics":["Ring of the Snake","AT_ATBox","Replay:Bottled Eggs","Replay:Kaleidoscope","AT_MortalBlade","Whetstone","Ornamental Fan","Lantern","AT_Manta","Pandora\u0027s Box","Replay:WaspNest","Bag of Marbles","FossilizedHelix","Eternal Feather","Shovel","AT_RedTearstoneRing"],"acts_visited":["Exordium","TheCity","TheBeyond"],"potions_floor_usage":[41,41,42,44,46,46,48,50,50,50,50],"damage_taken":[{"damage":1.0,"enemies":"2 Louse","floor":1.0,"turns":3.0},{"damage":0.0,"enemies":"Jaw Worm","floor":2.0,"turns":3.0},{"damage":0.0,"enemies":"Small Slimes","floor":3.0,"turns":2.0},{"damage":28.0,"enemies":"Gremlin Gang","floor":8.0,"turns":4.0},{"damage":0.0,"enemies":"2 Fungi Beasts","floor":11.0,"turns":2.0},{"damage":0.0,"enemies":"Lagavulin","floor":12.0,"turns":2.0},{"damage":5.0,"enemies":"Blue Slaver","floor":14.0,"turns":3.0},{"damage":28.0,"enemies":"Hexaghost","floor":16.0,"turns":8.0},{"damage":0.0,"enemies":"Spheric Guardian","floor":18.0,"turns":2.0},{"damage":6.0,"enemies":"Chosen","floor":20.0,"turns":2.0},{"damage":10.0,"enemies":"Snecko","floor":21.0,"turns":3.0},{"damage":0.0,"enemies":"3 Cultists","floor":22.0,"turns":2.0},{"damage":17.0,"enemies":"Book of Stabbing","floor":23.0,"turns":4.0},{"damage":5.0,"enemies":"Cultist and Chosen","floor":28.0,"turns":2.0},{"damage":5.0,"enemies":"Snecko","floor":29.0,"turns":2.0},{"damage":21.0,"enemies":"Pondfish","floor":33.0,"turns":6.0},{"damage":1.0,"enemies":"Orb Walker","floor":35.0,"turns":2.0},{"damage":0.0,"enemies":"3 Shapes","floor":36.0,"turns":1.0},{"damage":1.0,"enemies":"Writhing Mass","floor":37.0,"turns":4.0},{"damage":15,"enemies":"Giant Head","floor":41,"turns":5},{"damage":0,"enemies":"Maw","floor":42,"turns":4},{"damage":22,"enemies":"2 Orb Walkers","floor":44,"turns":4},{"damage":0,"enemies":"Spire Growth","floor":46,"turns":3},{"damage":0,"enemies":"Sphere and 2 Shapes","floor":47,"turns":1},{"damage":4,"enemies":"3 Darklings","floor":48,"turns":3},{"damage":0,"enemies":"Donu and Deca","floor":50,"turns":3}],"seed_played":"8010000422638700300","potions_obtained":[{"floor":2.0,"key":"Dexterity Potion"},{"floor":3.0,"key":"CultistPotion"},{"floor":11.0,"key":"Toxic Potion"},{"floor":14.0,"key":"AttackPotion"},{"floor":20.0,"key":"SpeedPotion"},{"floor":22.0,"key":"LifebloodPotion"},{"floor":23.0,"key":"AttackPotion"},{"floor":36.0,"key":"SteroidPotion"},{"floor":42,"key":"Milkshake"},{"floor":44,"key":"BlessingOfTheForge"},{"floor":48,"key":"SteroidPotion"}],"is_trial":false,"path_per_floor":["M","M","M","?","$","R","?","M","T","?","M","E","?","M","R","B",null,"M","?","M","M","M","E","T","R","T","R","M","M","$","?","R","B",null,"M","M","M","$","?","R","E","M","T","?","$","M","M","M","R","B",null,null],"character_chosen":"THE_SILENT","items_purchased":["Lantern","Cloak And Dagger","Accuracy","Eternal Feather","Blade Dance+1","Shovel"],"campfire_rested":2,"item_purchase_floors":[30,30,38,45,45,45],"current_hp_per_floor":[69,69,69,69,69,69,69,41,41,41,41,41,41,36,55,27,65,65,65,59,49,49,32,32,32,32,51,46,41,41,65,65,44,65,64,64,63,63,63,63,48,48,48,26,26,26,26,22,40,40,40],"gold":62,"neow_bonus":"REMOVE_TWO","is_daily":false,"chose_seed":false,"campfire_upgraded":3,"win_rate":0.0,"timestamp":1613833665,"path_taken":["M","M","M","?","$","R","?","M","T","?","M","E","?","M","R","BOSS","M","?","M","M","M","E","?","R","T","R","?","M","$","?","R","BOSS","M","?","M","$","?","R","E","M","T","?","?","M","M","M","R","BOSS"],"items_purchased_type":["Card","Card","Card","Relic","Card","Relic"],"build_version":"2020-12-18","purchased_purges":2,"victory":true,"max_hp_per_floor":[70,70,70,70,70,70,70,70,70,65,65,65,65,65,65,65,65,65,65,65,65,65,65,65,65,65,65,65,65,65,65,65,65,65,65,65,65,65,65,65,65,65,65,65,65,65,65,65,65,65,65],"relic_stats":{"Shovel":2,"counters":[26,80],"Ornamental Fan":[172],"Pandora\u0027s Box":["Dash","Wraith Form v2","Venomology","All Out Attack","Deadly Poison","Dash","Wraith Form v2"],"Eternal Feather":18,"Whetstone":["AT_WindFlip","AT_EmpoweredMortalDraw"],"obtain_stats":[{"Lantern":30,"AT_RedTearstoneRing":49,"AT_ATBox":0,"AT_Manta":32,"Golden Idol":10,"AT_MortalBlade":17,"Eternal Feather":45,"Replay:WaspNest":41,"Replay:Kaleidoscope":12,"Whetstone":23,"Shovel":45,"Ornamental Fan":26,"Pandora\u0027s Box":34,"Bag of Marbles":43,"Replay:Bottled Eggs":9,"FossilizedHelix":44,"Ring of the Snake":0},{"Lantern":15,"AT_RedTearstoneRing":25,"AT_ATBox":0,"AT_Manta":15,"Golden Idol":4,"AT_MortalBlade":8,"Eternal Feather":22,"Replay:WaspNest":20,"Replay:Kaleidoscope":6,"Whetstone":13,"Shovel":22,"Ornamental Fan":13,"Pandora\u0027s Box":16,"Bag of Marbles":21,"Replay:Bottled Eggs":4,"FossilizedHelix":22,"Ring of the Snake":0},{"Lantern":44,"AT_RedTearstoneRing":77,"AT_ATBox":0,"AT_Manta":44,"Golden Idol":12,"AT_MortalBlade":27,"Eternal Feather":70,"Replay:WaspNest":62,"Replay:Kaleidoscope":16,"Whetstone":40,"Shovel":70,"Ornamental Fan":40,"Pandora\u0027s Box":50,"Bag of Marbles":66,"Replay:Bottled Eggs":12,"FossilizedHelix":70,"Ring of the Snake":0}],"Ring of the Snake":[52]},"card_choices":[{"not_picked":["Flying Knee","Well Laid Plans"],"picked":"Hidden Blade","floor":1.0},{"not_picked":["Choke","Predator"],"picked":"Finisher","floor":2.0},{"not_picked":["ReplayTheSpireMod:Exploit Weakness","Poisoned Stab"],"picked":"Flying Knee","floor":3.0},{"not_picked":["Toxin Wave","Hidden Blade"],"picked":"AT_WindFlip","floor":8.0},{"not_picked":["Dagger Throw","Flying Knee","Caltrops"],"picked":"SKIP","floor":11.0},{"not_picked":["Catalyst","Prepared"],"picked":"A Thousand Cuts","floor":12.0},{"not_picked":["Fluid Movement","Sucker Punch"],"picked":"Hidden Blade","floor":14.0},{"not_picked":["Corpse Explosion","ReplayTheSpireMod:From All Sides"],"picked":"Poison Darts","floor":16.0},{"not_picked":["Slice+1","PiercingWail"],"picked":"AT_WindFlip+1","floor":18.0},{"not_picked":["Sucker Punch+1","Acrobatics+1"],"picked":"Dagger Spray","floor":20.0},{"not_picked":["Slice","Calculated Gamble"],"picked":"Underhanded Strike","floor":21.0},{"not_picked":["Acrobatics","Outmaneuver","Hidden Blade+1"],"picked":"SKIP","floor":22.0},{"not_picked":["Acrobatics","Outmaneuver","Hidden Blade+1"],"picked":"SKIP","floor":22.0},{"not_picked":["Distraction","Dagger Spray"],"picked":"AT_EssenceShift","floor":23.0},{"not_picked":["AT_WomanClash+1","Acrobatics","Flying Knee"],"picked":"SKIP","floor":28.0},{"not_picked":["All Out Attack+1","Dagger Throw"],"picked":"Blade Dance","floor":29.0},{"not_picked":["Corpse Explosion","ReplayTheSpireMod:From All Sides"],"picked":"After Image","floor":33.0},{"not_picked":["Sucker Punch","AT_WindFlip","Distraction"],"picked":"SKIP","floor":35.0},{"not_picked":["Quick Slash","Slice+1","Blur"],"picked":"SKIP","floor":36.0},{"not_picked":["Quick Slash+1","Dagger Spray","Expertise"],"picked":"SKIP","floor":37.0},{"not_picked":["Quick Slash","Blade Dance"],"picked":"Cloak And Dagger+1","floor":41},{"not_picked":["Slice","Eviscerate","AT_MyraUnstableElement"],"picked":"SKIP","floor":42},{"not_picked":["Outmaneuver","Dagger Throw+1"],"picked":"AT_WindRun","floor":46},{"not_picked":["Reflex","Deadly Poison+1","Expertise"],"picked":"SKIP","floor":47},{"not_picked":["Flying Knee","Dodge and Roll+1"],"picked":"AT_ShadowStep+1","floor":48}],"player_experience":422990,"relics_obtained":[{"floor":9.0,"key":"Replay:Bottled Eggs"},{"floor":12.0,"key":"Replay:Kaleidoscope"},{"floor":23.0,"key":"Whetstone"},{"floor":26.0,"key":"Ornamental Fan"},{"floor":32.0,"key":"AT_Manta"},{"floor":41,"key":"Replay:WaspNest"},{"floor":43,"key":"Bag of Marbles"},{"floor":44,"key":"FossilizedHelix"},{"floor":49,"key":"AT_RedTearstoneRing"}],"event_choices":[{"damage_healed":0.0,"max_hp_gain":0.0,"max_hp_loss":0.0,"gold_gain":0.0,"event_name":"The Cleric","player_choice":"Leave","floor":7.0,"gold_loss":0.0,"damage_taken":0.0},{"damage_healed":0.0,"max_hp_gain":0.0,"max_hp_loss":5.0,"gold_gain":0.0,"event_name":"Golden Idol","player_choice":"Lose Max HP","floor":10.0,"gold_loss":0.0,"damage_taken":0.0,"relics_obtained":["Golden Idol"]},{"damage_healed":0.0,"max_hp_gain":0.0,"max_hp_loss":0.0,"gold_gain":0.0,"event_name":"Shining Light","player_choice":"Ignored","floor":13.0,"gold_loss":0.0,"damage_taken":0.0},{"damage_healed":24.0,"max_hp_gain":0.0,"max_hp_loss":0.0,"gold_gain":0.0,"event_name":"Wheel of Change","player_choice":"Full Heal","floor":31.0,"gold_loss":0.0,"damage_taken":0.0},{"damage_healed":0.0,"max_hp_gain":0.0,"max_hp_loss":0.0,"gold_gain":333.0,"event_name":"The Moai Head","player_choice":"Gave Idol","floor":39.0,"relics_lost":["Golden Idol"],"gold_loss":0.0,"damage_taken":0.0},{"damage_healed":0,"gold_gain":0,"player_choice":"Fight","damage_taken":0,"max_hp_gain":0,"max_hp_loss":0,"event_name":"Mysterious Sphere","floor":44,"gold_loss":0}],"is_beta":true,"boss_relics":[{"not_picked":["Honey Jar","Snecko Scales"],"picked":"AT_MortalBlade"},{"not_picked":["Cursed Key","Replay:Ancient Bell"],"picked":"Pandora\u0027s Box"}],"items_purged_floors":[30,38],"is_endless":false,"potions_floor_spawned":[2,3,11,14,20,22,23,29,36,42,44,48],"ascension_level":0}}