{"host":"x5w9zppki4gdwvc7","time":1613790820,"event":{"mods":["AchievementEnabler","BaseMod","Colored Powertips","DeckTracker","Minty Spire (QoL Compilation)","SuperFastMode"],"gold_per_floor":[119,69,87,105,116,150,150,167,167,202,302,334,345,365,365,466,466,481,481,481,498,513,513,547,558,558,571,571,603,630,645,645,645,645],"floor_reached":33,"language":"ENG","playtime":2017,"items_purged":[],"score":311,"play_id":"d440ab95-764e-41e6-832b-e6124ba87ba3","local_time":"20210220041340","is_ascension_mode":false,"campfire_choices":[{"data":"Streamline","floor":7,"key":"SMITH"},{"data":"Dramatic Entrance","floor":15,"key":"SMITH"},{"data":"Core Surge","floor":23,"key":"SMITH"},{"data":"Leap","floor":28,"key":"SMITH"},{"data":"Defragment","floor":32,"key":"SMITH"}],"circlet_count":0,"master_deck":["Strike_B","Strike_B","Strike_B","Defend_B+1","Defend_B","Defend_B","Defend_B","Zap+1","Dramatic Entrance+1","Leap+1","Streamline+1","Self Repair","Leap","Rip and Tear","Melter","Hologram","Cold Snap","Go for the Eyes","Core Surge+1","BootSequence","Rebound","Self Repair+1","Machine Learning","Defragment+1"],"relics":["Cracked Core","War Paint","Orichalcum","DataDisk","White Beast Statue","Empty Cage","Calipers","Smiling Mask","Red Mask"],"acts_visited":["Exordium","TheCity"],"potions_floor_usage":[6,12,14,16,16,22,24,27,29,29,33,33,33],"damage_taken":[{"damage":1,"enemies":"Jaw Worm","floor":1,"turns":3},{"damage":0,"enemies":"2 Louse","floor":3,"turns":2},{"damage":0,"enemies":"Cultist","floor":4,"turns":3},{"damage":12,"enemies":"Blue Slaver","floor":5,"turns":3},{"damage":14,"enemies":"Gremlin Nob","floor":6,"turns":4},{"damage":2,"enemies":"Looter","floor":8,"turns":3},{"damage":14,"enemies":"Lagavulin","floor":10,"turns":5},{"damage":12,"enemies":"Gremlin Nob","floor":12,"turns":3},{"damage":0,"enemies":"2 Fungi Beasts","floor":13,"turns":2},{"damage":0,"enemies":"Blue Slaver","floor":14,"turns":2},{"damage":28,"enemies":"Hexaghost","floor":16,"turns":8},{"damage":0,"enemies":"Spheric Guardian","floor":18,"turns":3},{"damage":1,"enemies":"2 Thieves","floor":21,"turns":3},{"damage":12,"enemies":"Centurion and Healer","floor":22,"turns":7},{"damage":18,"enemies":"Gremlin Leader","floor":24,"turns":8},{"damage":5,"enemies":"Snecko","floor":25,"turns":4},{"damage":0,"enemies":"Snake Plant","floor":27,"turns":4},{"damage":33,"enemies":"Slavers","floor":29,"turns":5},{"damage":12,"enemies":"Masked Bandits","floor":30,"turns":5},{"damage":2,"enemies":"Centurion and Healer","floor":31,"turns":7},{"damage":66,"enemies":"Collector","floor":33,"turns":11}],"seed_played":"-1344916103864902507","potions_obtained":[{"floor":1,"key":"AttackPotion"},{"floor":3,"key":"Fire Potion"},{"floor":5,"key":"LiquidBronze"},{"floor":8,"key":"AttackPotion"},{"floor":13,"key":"ColorlessPotion"},{"floor":14,"key":"PowerPotion"},{"floor":16,"key":"SteroidPotion"},{"floor":18,"key":"Swift Potion"},{"floor":22,"key":"DistilledChaos"},{"floor":24,"key":"AttackPotion"},{"floor":25,"key":"LiquidMemories"},{"floor":27,"key":"Fruit Juice"},{"floor":29,"key":"ColorlessPotion"},{"floor":30,"key":"PotionOfCapacity"}],"is_trial":false,"path_per_floor":["M","?","M","M","M","E","R","M","T","E","?","E","M","M","R","B",null,"M","?","?","M","M","R","E","M","T","M","R","E","?","M","R","B"],"character_chosen":"DEFECT","items_purchased":[],"campfire_rested":0,"item_purchase_floors":[],"current_hp_per_floor":[74,74,74,74,62,55,55,60,60,53,53,48,55,62,62,41,75,75,61,61,60,55,55,44,39,39,56,56,45,50,65,65,0,0],"gold":645,"neow_bonus":"RANDOM_COLORLESS","is_daily":false,"chose_seed":false,"campfire_upgraded":5,"win_rate":0.0,"timestamp":1613790820,"path_taken":["M","?","M","M","M","E","R","M","T","E","?","E","?","M","R","BOSS","M","?","?","M","M","R","E","M","T","M","R","E","?","?","R","BOSS"],"items_purchased_type":[],"build_version":"2020-12-22","purchased_purges":0,"victory":false,"max_hp_per_floor":[75,75,75,75,75,75,75,75,75,75,75,75,75,75,75,75,75,75,80,80,80,80,80,80,80,80,80,80,85,85,85,85,85,85],"card_choices":[{"not_picked":["Purity","Flash of Steel"],"picked":"Dramatic Entrance","floor":0},{"not_picked":["Aggregate","Compile Driver"],"picked":"Leap","floor":1},{"not_picked":["Rebound","Glacier"],"picked":"Streamline","floor":3},{"not_picked":["Coolheaded","Glacier"],"picked":"Self Repair","floor":4},{"not_picked":["Rebound","Hologram"],"picked":"Leap","floor":5},{"not_picked":["Turbo","Streamline"],"picked":"Rip and Tear","floor":6},{"not_picked":["Blizzard","Rebound"],"picked":"Melter","floor":8},{"not_picked":["Ball Lightning","Turbo"],"picked":"Hologram","floor":10},{"not_picked":["Streamline","Turbo"],"picked":"Cold Snap","floor":12},{"not_picked":["Ball Lightning","Genetic Algorithm"],"picked":"Consume","floor":13},{"not_picked":["Barrage","Coolheaded"],"picked":"Go for the Eyes","floor":14},{"not_picked":["Machine Learning","Meteor Strike"],"picked":"Core Surge","floor":16},{"not_picked":["Sunder","Rebound+1"],"picked":"BootSequence","floor":18},{"not_picked":["Sweeping Beam","Cold Snap","Turbo"],"picked":"SKIP","floor":21},{"not_picked":["Double Energy","White Noise","Doom and Gloom"],"picked":"SKIP","floor":22},{"not_picked":["Biased Cognition","Compile Driver","Conserve Battery"],"picked":"SKIP","floor":24},{"not_picked":["Turbo","Cold Snap+1"],"picked":"Self Repair+1","floor":25},{"not_picked":["Beam Cell","Compile Driver","Sweeping Beam"],"picked":"SKIP","floor":27},{"not_picked":["Blizzard+1","Go for the Eyes"],"picked":"Machine Learning","floor":29},{"not_picked":["Rebound+1","Self Repair+1"],"picked":"Defragment","floor":30},{"not_picked":["Sweeping Beam","Go for the Eyes","Hologram"],"picked":"SKIP","floor":31}],"player_experience":693381,"relics_obtained":[{"floor":6,"key":"War Paint"},{"floor":9,"key":"Orichalcum"},{"floor":10,"key":"DataDisk"},{"floor":12,"key":"White Beast Statue"},{"floor":24,"key":"Calipers"},{"floor":29,"key":"Smiling Mask"},{"floor":30,"key":"Red Mask"}],"event_choices":[{"cards_removed":["Dualcast"],"damage_healed":0,"gold_gain":0,"player_choice":"Card Removal","damage_taken":0,"max_hp_gain":0,"max_hp_loss":0,"event_name":"The Cleric","floor":2,"gold_loss":50},{"damage_healed":0,"gold_gain":100,"player_choice":"Pray","damage_taken":0,"max_hp_gain":0,"max_hp_loss":0,"event_name":"Golden Shrine","floor":11,"gold_loss":0},{"damage_healed":0,"gold_gain":0,"player_choice":"Shed Blood","damage_taken":19,"max_hp_gain":5,"max_hp_loss":0,"event_name":"Forgotten Altar","floor":19,"gold_loss":0},{"damage_healed":0,"gold_gain":0,"player_choice":"Read","damage_taken":0,"max_hp_gain":0,"max_hp_loss":0,"event_name":"The Library","floor":20,"gold_loss":0,"cards_obtained":["Rebound"]},{"damage_healed":0,"gold_gain":0,"player_choice":"Fought Bandits","damage_taken":0,"max_hp_gain":0,"max_hp_loss":0,"event_name":"Masked Bandits","floor":30,"gold_loss":0}],"is_beta":false,"boss_relics":[{"not_picked":["Sozu","Snecko Eye"],"picked":"Empty Cage"}],"items_purged_floors":[],"is_endless":false,"potions_floor_spawned":[1,3,5,8,10,13,14,16,18,21,22,24,25,27,29,30,31],"killed_by":"Collector","ascension_level":0}}