{"host":"hemqwg9ve6welna9","time":1613815529,"event":{"mods":["2.2 Compatiblity","AchievementEnabler","Act Like it!","BaseMod","Beaked The Cultist","Bestiary","Better Match","Better Note","Better Third Choice","BetterRewards","Conspire","Curses Come First","Dio Mod","Downfall","Gremlin Mod","Hermit","Highlight Path","Hubris","Melee Mod","Minty Spire (QoL Compilation)","Permanent Neow","Potionbrewer","Quick Restart","Rare Cards Sparkle","Relic Stats","Reliquary","Robot Space Explorer","Ruina","SOS???????","Shop Mod","StSLib","SuperFastMode","Td1madao Mod","The Bug Knight","The Cursed","The Disciple","The Forsaken","The Hierophant","The Jungle","The Marked","The Runesmith","The Senshi","The Servant 0.9.4","The Wild Card","TheBandit","TheVacant","UnlockEverythingMod","everything is the same but u backflip on backflip"],"gold_per_floor":[113,113,10,28,47,47,72,72,72,72,50,109,128,81,81,178,178,192,218,50,77,77,111,111,123,123,136,136,136],"floor_reached":28,"language":"ENG","playtime":1906,"items_purged":["Regret"],"score":234,"play_id":"ccfd922e-3c81-41fc-88e3-bfce9c5a0c13","local_time":"20210220040529","is_ascension_mode":false,"campfire_choices":[{"data":"Machining","floor":6.0,"key":"SMITH"},{"floor":10.0,"key":"RECALL"},{"floor":15.0,"key":"REST"},{"floor":24.0,"key":"REST"}],"circlet_count":0,"master_deck":["Strike_C","Strike_C","Strike_C","Strike_C","Defend_C","Defend_C","Defend_C","Defend_C","Knight Kick","Chip","Here Defend Chip","Machining","Sudden Beat","Fire Up","Fire Blade","Weapon Shift","Preloading","Afterwards","Machining+1","Twin Teeth","Defend System","De Ware Chip","Provocative","Machining","Fixing","Revenge","Pain"],"relics":["Apod","Prayer Wheel","hubris:GlazedTorus","Lee\u0027s Waffle","CaptainsWheel","reliquary:Sideboard","reliquary:SilkGlove","betterThird:SlimedRelic","SlaversCollar","Red Mask","Unceasing Top","WarpedTongs","reliquary:Boomerang","conspire:DecoderRing"],"acts_visited":["Exordium","TheCity"],"potions_floor_usage":[],"damage_taken":[{"damage":0.0,"enemies":"2 Louse","floor":1.0,"turns":2.0},{"damage":0.0,"enemies":"Cultist","floor":4.0,"turns":4.0},{"damage":3.0,"enemies":"Small Slimes","floor":5.0,"turns":3.0},{"damage":11.0,"enemies":"3 Sentries","floor":7.0,"turns":5.0},{"damage":27.0,"enemies":"Lagavulin Event","floor":12.0,"turns":6.0},{"damage":2.0,"enemies":"2 Fungi Beasts","floor":13.0,"turns":3.0},{"damage":38.0,"enemies":"Slime Boss","floor":16.0,"turns":9.0},{"damage":0.0,"enemies":"Chosen","floor":18.0,"turns":5.0},{"damage":42.0,"enemies":"Masked Bandits","floor":19.0,"turns":6.0},{"damage":11.0,"enemies":"conspire:MimicChest","floor":21.0,"turns":5.0},{"damage":23.0,"enemies":"Book of Stabbing","floor":23.0,"turns":4.0},{"damage":6.0,"enemies":"3 Byrds","floor":25.0,"turns":6.0},{"damage":9.0,"enemies":"Shelled Parasite and Fungi","floor":27.0,"turns":4.0},{"damage":9,"enemies":"Colosseum Slavers","floor":28,"turns":1}],"seed_played":"-2126390339727138946","potions_obtained":[{"floor":1.0,"key":"potionbrewer:EndurancePotion"},{"floor":5.0,"key":"SteroidPotion"},{"floor":7.0,"key":"Explosive Potion"},{"floor":18.0,"key":"Block Potion"},{"floor":19.0,"key":"potionbrewer:AcidPotion"}],"is_trial":false,"path_per_floor":["M","?","$","M","M","R","E","?","T","R","$","?","M","?","R","B",null,"M","?","$","?","?","E","R","M","T","M","?"],"character_chosen":"TD1MADAO_CLASS","items_purchased":["Prayer Wheel","Here Defend Chip","Machining","Sudden Beat","Lee\u0027s Waffle","Fire Up","potionbrewer:DiscountPotion","Preloading","Afterwards","Machining","Fixing","Revenge"],"campfire_rested":2,"item_purchase_floors":[0,0,0,0,0,0,0,3,3,11,20,20],"current_hp_per_floor":[77,77,77,77,74,74,63,63,63,63,63,36,34,23,46,8,77,77,35,35,24,24,1,24,18,18,9,0,0],"gold":136,"neow_bonus":"","is_daily":false,"chose_seed":false,"campfire_upgraded":1,"win_rate":0.0,"timestamp":1613815529,"path_taken":["M","?","?","?","M","R","E","?","T","R","$","?","M","?","R","BOSS","M","?","$","?","?","E","R","M","T","?","?"],"items_purchased_type":["Relic","Card","Card","Card","Relic","Card","Potion","Card","Card","Card","Card","Card"],"build_version":"2020-12-22","purchased_purges":1,"victory":false,"max_hp_per_floor":[77,77,77,77,77,77,77,77,77,77,77,77,77,77,77,77,77,77,77,77,77,77,77,77,77,77,77,77,77],"relic_stats":{"Lee\u0027s Waffle":39,"counters":[84,383],"Prayer Wheel":7,"obtain_stats":[{"Gremlin Horn":26,"potionbrewer:AlchemistFlask":6,"Vajra":0,"theSenshi:FeatherClipsRelic":23,"Blood Vial":26,"conspire:GlowingRock":6,"conspire:DecoderRing":26,"Prayer Wheel":0,"reliquary:FingerTrap":0,"conspire:TreasureMap":28,"hubris:DuctTape":27,"reliquary:Sideboard":8,"reliquary:TatteredRug":6,"reliquary:WeakTea":9,"Akabeko":24,"WarpedTongs":22,"potionbrewer:Torch":0,"SlaversCollar":17,"Pandora\u0027s Box":17,"Molten Egg 2":9,"hubris:TenFootPole":2,"conspire:BottledYoYo":17,"Unceasing Top":21,"reliquary:SilkGlove":22,"reliquary:Boomerang":23,"reliquary:Aerogel":12,"hubris:RunicObelisk":17,"PrismaticShard":5,"conspire:TopHat":3,"conspire:InfiniteJournal":17,"Frozen Eye":18,"Nunchaku":17,"Dream Catcher":9,"hubris:Icosahedron":7,"reliquary:NewFriend":2,"Tiny Chest":9,"WingedGreaves":6,"Red Mask":19,"hubris:GlazedTorus":0,"Potion Belt":8,"Runesmith:Nanobots":12,"Lee\u0027s Waffle":0,"Golden Idol":7,"Lsj Skin":14,"hubris:Towel":9,"Calling Bell":17,"CaptainsWheel":7,"reliquary:RedPaperclip":17,"hubris:Spice":14,"betterThird:SlimedRelic":12,"hubris:BundleOfHerbs":7,"reliquary:Stiletto":0,"Bag of Marbles":0,"Apod":0,"Bottled Lightning":10,"potionbrewer:SlideRule":31,"hubris:OldNail":11},{"Gremlin Horn":20,"potionbrewer:AlchemistFlask":4,"Vajra":47,"theSenshi:FeatherClipsRelic":46,"Blood Vial":32,"conspire:GlowingRock":51,"conspire:DecoderRing":82,"Prayer Wheel":70,"reliquary:FingerTrap":63,"conspire:TreasureMap":21,"hubris:DuctTape":21,"reliquary:Sideboard":74,"reliquary:TatteredRug":66,"reliquary:WeakTea":8,"Akabeko":20,"WarpedTongs":80,"potionbrewer:Torch":22,"SlaversCollar":77,"Pandora\u0027s Box":17,"Molten Egg 2":26,"hubris:TenFootPole":6,"conspire:BottledYoYo":28,"Unceasing Top":80,"reliquary:SilkGlove":45,"reliquary:Boomerang":81,"reliquary:Aerogel":15,"hubris:RunicObelisk":43,"PrismaticShard":65,"conspire:TopHat":12,"conspire:InfiniteJournal":28,"Frozen Eye":17,"Nunchaku":28,"Dream Catcher":39,"hubris:Icosahedron":38,"reliquary:NewFriend":54,"Tiny Chest":66,"WingedGreaves":38,"Red Mask":79,"hubris:GlazedTorus":70,"Potion Belt":8,"Runesmith:Nanobots":40,"Lee\u0027s Waffle":70,"Golden Idol":7,"Lsj Skin":68,"hubris:Towel":4,"Calling Bell":28,"CaptainsWheel":74,"reliquary:RedPaperclip":60,"hubris:Spice":16,"betterThird:SlimedRelic":27,"hubris:BundleOfHerbs":4,"reliquary:Stiletto":35,"Bag of Marbles":0,"Apod":0,"Bottled Lightning":8,"potionbrewer:SlideRule":34,"hubris:OldNail":14},{"Gremlin Horn":105,"potionbrewer:AlchemistFlask":21,"Vajra":227,"theSenshi:FeatherClipsRelic":225,"Blood Vial":169,"conspire:GlowingRock":244,"conspire:DecoderRing":378,"Prayer Wheel":324,"reliquary:FingerTrap":294,"conspire:TreasureMap":111,"hubris:DuctTape":111,"reliquary:Sideboard":335,"reliquary:TatteredRug":303,"reliquary:WeakTea":40,"Akabeko":105,"WarpedTongs":368,"potionbrewer:Torch":112,"SlaversCollar":352,"Pandora\u0027s Box":89,"Molten Egg 2":125,"hubris:TenFootPole":28,"conspire:BottledYoYo":137,"Unceasing Top":368,"reliquary:SilkGlove":220,"reliquary:Boomerang":372,"reliquary:Aerogel":75,"hubris:RunicObelisk":214,"PrismaticShard":300,"conspire:TopHat":59,"conspire:InfiniteJournal":137,"Frozen Eye":89,"Nunchaku":137,"Dream Catcher":200,"hubris:Icosahedron":197,"reliquary:NewFriend":254,"Tiny Chest":303,"WingedGreaves":197,"Red Mask":363,"hubris:GlazedTorus":324,"Potion Belt":40,"Runesmith:Nanobots":204,"Lee\u0027s Waffle":324,"Golden Idol":32,"Lsj Skin":315,"hubris:Towel":21,"Calling Bell":137,"CaptainsWheel":335,"reliquary:RedPaperclip":276,"hubris:Spice":81,"betterThird:SlimedRelic":128,"hubris:BundleOfHerbs":21,"reliquary:Stiletto":183,"Bag of Marbles":0,"Apod":0,"Bottled Lightning":40,"potionbrewer:SlideRule":177,"hubris:OldNail":70}],"Unceasing Top":[2],"WarpedTongs":[15]},"card_choices":[{"not_picked":["Resistance","Fire Up"],"picked":"Fire Blade","floor":1.0},{"not_picked":["Fixing","Black Execution"],"picked":"Weapon Shift","floor":1.0},{"not_picked":["Reflection Mechanism","Black Spear"],"picked":"Machining","floor":4.0},{"not_picked":["Money Cant Rescue","Weapon Shift"],"picked":"Twin Teeth","floor":4.0},{"not_picked":["Floating Even","Fire Blade"],"picked":"Defend System","floor":5.0},{"not_picked":["Pod Laser","Lore"],"picked":"De Ware Chip","floor":5.0},{"not_picked":["Here Defend Chip","Bugfix"],"picked":"Provocative","floor":7.0},{"not_picked":["Money Cant Rescue","Defend System"],"picked":"Fire Blade","floor":12.0},{"not_picked":["Black Execution","Trader"],"picked":"Load Balancing","floor":13.0},{"not_picked":["Twin Teeth","Provocative"],"picked":"Three Hit","floor":13.0},{"not_picked":["Memory Alloy","Furious"],"picked":"Chip Synthesis","floor":16.0},{"not_picked":["Reflection Mechanism","Cursed Blade"],"picked":"Provocative+1","floor":18.0},{"not_picked":["Money Cant Rescue","Black Shadow"],"picked":"Oblique Hack","floor":18.0},{"not_picked":["New Defend Magic","Ruin Defend+1"],"picked":"Lunge","floor":19.0},{"not_picked":["Sudden Beat","Fixing"],"picked":"Cooling Song","floor":21.0},{"not_picked":["Afterwards","Fire Blade"],"picked":"Oblique Hack","floor":23.0},{"not_picked":["Preloading","Afterwards+1"],"picked":"Moon Tear","floor":25.0},{"not_picked":["Preloading+1","Resistance"],"picked":"Light Attack","floor":25.0},{"not_picked":["Cursed Blade","Fire Up"],"picked":"Pod Fire","floor":27.0},{"not_picked":["E MP","Cursed Blade"],"picked":"Preloading","floor":27.0}],"player_experience":33394,"relics_obtained":[{"floor":7.0,"key":"CaptainsWheel"},{"floor":12.0,"key":"reliquary:SilkGlove"},{"floor":19.0,"key":"Red Mask"},{"floor":21.0,"key":"Unceasing Top"},{"floor":23.0,"key":"reliquary:Boomerang"},{"floor":26.0,"key":"conspire:DecoderRing"}],"event_choices":[{"damage_healed":0.0,"max_hp_gain":0.0,"max_hp_loss":0.0,"gold_gain":0.0,"event_name":"betterNote:BetterNote","player_choice":"Ignored","floor":2.0,"gold_loss":0.0,"damage_taken":0.0,"cards_obtained":["theForsaken:Preservation"]},{"damage_healed":0.0,"max_hp_gain":0.0,"max_hp_loss":0.0,"gold_gain":0.0,"event_name":"Big Fish","player_choice":"Box","floor":8.0,"gold_loss":0.0,"damage_taken":0.0,"relics_obtained":["reliquary:Sideboard"],"cards_obtained":["Regret"]},{"damage_healed":0.0,"max_hp_gain":0.0,"max_hp_loss":0.0,"gold_gain":0.0,"event_name":"Dead Adventurer","player_choice":"Searched \u00271\u0027 times","floor":12.0,"gold_loss":0.0,"damage_taken":0.0},{"damage_healed":0.0,"max_hp_gain":0.0,"max_hp_loss":0.0,"gold_gain":0.0,"event_name":"betterThird:BetterGoop","player_choice":"Slimed","floor":14.0,"gold_loss":47.0,"damage_taken":11.0},{"damage_healed":0.0,"max_hp_gain":0.0,"max_hp_loss":0.0,"gold_gain":0.0,"event_name":"Masked Bandits","player_choice":"Fought Bandits","floor":19.0,"gold_loss":0.0,"damage_taken":0.0},{"damage_healed":0.0,"max_hp_gain":0.0,"max_hp_loss":0.0,"gold_gain":0.0,"event_name":"Accursed Blacksmith","player_choice":"Rummage","floor":22.0,"gold_loss":0.0,"damage_taken":0.0,"relics_obtained":["WarpedTongs"],"cards_obtained":["Pain"]},{"damage_healed":0,"gold_gain":0,"player_choice":"Fight","damage_taken":0,"max_hp_gain":0,"max_hp_loss":0,"event_name":"Colosseum","floor":28,"gold_loss":0}],"is_beta":false,"boss_relics":[{"not_picked":["bronze:MakeshiftBattery","Runic Dome"],"picked":"SlaversCollar"}],"items_purged_floors":[20],"is_endless":false,"potions_floor_spawned":[1,5,7,18,19],"killed_by":"Colosseum Slavers","ascension_level":0}}