{"host":"i2ieyndca3ivj85d","time":1613783277,"event":{"mods":["Act Like it!","Arknights","BaseMod","Minty Spire (QoL Compilation)","Quick Restart","StSLib","¡¾ÒÅÎï¿¨ÅÆ¡¿REMEMod"],"gold_per_floor":[113,131,147,147,161,196,196,196,196],"floor_reached":8,"language":"ZHS","playtime":282,"items_purged":[],"score":67,"play_id":"955f148a-59ff-40ed-a9e9-4883b3c69547","local_time":"20210220090757","is_ascension_mode":true,"campfire_choices":[],"circlet_count":0,"master_deck":["Strike_R","Strike_R","Strike_R","Strike_R","Strike_R","Defend_R","Defend_R","Defend_R","Bash","Dropkick","Perfected Strike","Twin Strike","Pommel Strike"],"relics":["Burning Blood","REME_ComplimentaryCards","Art of War","Sundial"],"acts_visited":["Exordium"],"potions_floor_usage":[],"damage_taken":[{"damage":1,"enemies":"Cultist","floor":1,"turns":4},{"damage":9,"enemies":"2 Louse","floor":2,"turns":2},{"damage":11,"enemies":"Jaw Worm","floor":3,"turns":4},{"damage":26,"enemies":"Gremlin Gang","floor":5,"turns":6},{"damage":35,"enemies":"Gremlin Nob","floor":6,"turns":5},{"damage":25,"enemies":"3 Sentries","floor":8,"turns":4}],"seed_played":"-1073275526666852503","potions_obtained":[{"floor":3,"key":"SmokeBomb"},{"floor":6,"key":"HeartOfIron"}],"is_trial":false,"path_per_floor":["M","M","M","?","M","E","?","E"],"character_chosen":"IRONCLAD","items_purchased":[],"campfire_rested":0,"item_purchase_floors":[],"current_hp_per_floor":[80,77,72,77,57,28,28,3,3],"gold":196,"neow_bonus":"RANDOM_COMMON_RELIC","is_daily":false,"chose_seed":false,"campfire_upgraded":0,"win_rate":0.0,"timestamp":1613783277,"path_taken":["M","?","M","?","M","E","?","E"],"items_purchased_type":[],"build_version":"2020-12-22","purchased_purges":0,"victory":false,"max_hp_per_floor":[80,80,80,85,85,85,85,85,85],"card_choices":[{"not_picked":["Entrench","Combust","True Grit"],"picked":"SKIP","floor":1},{"not_picked":["Bloodletting","Iron Wave"],"picked":"Perfected Strike","floor":2},{"not_picked":["Flame Barrier","Whirlwind"],"picked":"Twin Strike","floor":3},{"not_picked":["Cleave","Barricade"],"picked":"Pommel Strike","floor":5},{"not_picked":["Rage","Flex","Iron Wave"],"picked":"SKIP","floor":6}],"player_experience":182962,"relics_obtained":[{"floor":6,"key":"Sundial"}],"event_choices":[{"damage_healed":0,"gold_gain":0,"player_choice":"Donut","damage_taken":0,"max_hp_gain":5,"max_hp_loss":0,"event_name":"Big Fish","floor":4,"gold_loss":0},{"cards_removed":["Defend_R"],"damage_healed":0,"gold_gain":0,"player_choice":"Purged","damage_taken":0,"max_hp_gain":0,"max_hp_loss":0,"event_name":"Purifier","floor":7,"gold_loss":0}],"is_beta":false,"boss_relics":[],"items_purged_floors":[],"is_endless":false,"potions_floor_spawned":[3,6],"killed_by":"3 Sentries","ascension_level":3}}