{"host":"21daswlctsv3qaxk","time":1613856869,"event":{"mods":["Act Like it!","BaseMod","Downfall","Hallownest","Hermit","Infinite Spire","Minty Spire (QoL Compilation)","Replay The Spire","StSLib","The Animator","The Bug Knight","The Cursed","The Jungle","The Servant 0.9.4"],"gold_per_floor":[111,129,148,161,161,161,161,179,179,189,201,201,211,229,229,325,325,344,355,355,374,392,417,417,431,499,499,499,499,517,533,533,533,533],"floor_reached":33,"language":"ENG","playtime":2243,"items_purged":[],"score":412,"play_id":"66ab0978-b7b6-4ddf-bd19-81bd978fa2f7","local_time":"20210220223429","is_ascension_mode":true,"campfire_choices":[{"floor":6,"key":"RECALL"},{"data":"infinitespire:OneForAll","floor":15,"key":"SMITH"},{"floor":27,"key":"REST"},{"floor":32,"key":"DIG"}],"circlet_count":1,"master_deck":["Strike_R","Strike_R","Strike_R","Strike_R","Strike_R","Defend_R","Defend_R","Defend_R","Defend_R","Bash","Metallicize","infinitespire:OneForAll+1","Metallicize","Impervious","Infernal Blade","Cleave","Flex","Thunderclap","Demon Form+1","Twin Strike","ReplayTheSpireMod:Muscle Training","Master of Strategy","Dark Shackles","Massacre+1","Sword Boomerang+1","Sword Boomerang","Writhe","Heavy Blade"],"relics":["Burning Blood","Orichalcum","Hallownest:DreamNailRelic","Circlet","ReplayTheSpireMod:Spearhead","Snecko Heart","ReplayTheSpireMod:ShopPack","Anchor","ReplayTheSpireMod:Ninjato","Shovel","Regal Pillow"],"acts_visited":["Exordium","Hallownest:Greenpath"],"potions_floor_usage":[11,16,16,19,19,25,25,33],"damage_taken":[{"damage":4,"enemies":"Hallownest:2_MossCreeps","floor":1,"turns":6},{"damage":10,"enemies":"Hallownest:2_Tiktiks_and_1_Crawlid","floor":2,"turns":4},{"damage":2,"enemies":"2_ Uuma","floor":3,"turns":5},{"damage":0,"enemies":"Hallownest:Wandering_and_Horned","floor":4,"turns":7},{"damage":2,"enemies":"Hallownest:monsterFoolEater","floor":8,"turns":5},{"damage":16,"enemies":"Hallownest:1_Ooma_and_2_Uuma","floor":10,"turns":9},{"damage":11,"enemies":"Hallownest:1_Baldur_1_Crawlid_1_Warrior","floor":11,"turns":6},{"damage":13,"enemies":"Hallownest:Guard_and_Warrior","floor":13,"turns":8},{"damage":0,"enemies":"Hallownest:monsterMossCharger","floor":14,"turns":6},{"damage":29,"enemies":"Hallownest:BossBrokenVessel","floor":16,"turns":8},{"damage":33,"enemies":"theJungle:Flameango_and_Byrd","floor":18,"turns":4},{"damage":8,"enemies":"Shell Parasite","floor":19,"turns":4},{"damage":18,"enemies":"theJungle:JungleHuntersEncounter","floor":21,"turns":8},{"damage":22,"enemies":"theJungle:Lyon","floor":22,"turns":4},{"damage":2,"enemies":"theJungle:MamaSnecko","floor":23,"turns":4},{"damage":12,"enemies":"theJungle:2_Snecko_Cultists","floor":25,"turns":3},{"damage":6,"enemies":"theJungle:SlimyTreeVines","floor":30,"turns":4},{"damage":0,"enemies":"Snake Plant","floor":31,"turns":4},{"damage":63,"enemies":"theJungle:TotemBoss","floor":33,"turns":4}],"seed_played":"-3478512195000012595","potions_obtained":[{"floor":1,"key":"SpeedPotion"},{"floor":10,"key":"champ:CounterPotion"},{"floor":13,"key":"Energy Potion"},{"floor":14,"key":"Strength Potion"},{"floor":16,"key":"SneckoOil"},{"floor":21,"key":"GamblersBrew"},{"floor":23,"key":"SneckoOil"},{"floor":30,"key":"Explosive Potion"},{"floor":31,"key":"Elixir"}],"is_trial":false,"path_per_floor":["M","M","M","M","?","R","?","M","T","M","M","T","M","M","R","B",null,"M","M","AVR","M","M","E","?","M","T","R","?","?","M","M","R","B"],"character_chosen":"IRONCLAD","items_purchased":[],"campfire_rested":1,"item_purchase_floors":[],"current_hp_per_floor":[74,70,74,80,80,80,80,80,80,70,65,65,58,64,64,41,70,43,41,41,29,13,17,17,11,11,35,35,46,51,57,57,0,0],"gold":533,"neow_bonus":"RANDOM_COMMON_RELIC","is_daily":false,"chose_seed":false,"campfire_upgraded":1,"win_rate":0.0,"timestamp":1613856869,"path_taken":["M","M","M","M","?","R","?","?","T","?","?","?","M","?","R","BOSS","M","M","AVR","M","M","E","?","?","T","R","?","?","?","M","R","BOSS"],"items_purchased_type":[],"build_version":"2020-12-22","purchased_purges":0,"victory":false,"max_hp_per_floor":[80,80,80,80,80,80,80,80,80,80,80,80,80,80,80,80,80,80,80,80,80,80,80,80,80,80,80,80,80,80,80,80,80,80],"card_choices":[{"not_picked":["Thunderclap","Clothesline"],"picked":"Metallicize","floor":1},{"not_picked":["Entrench","Pommel Strike"],"picked":"infinitespire:OneForAll","floor":2},{"not_picked":["Body Slam","Armaments"],"picked":"Metallicize","floor":3},{"not_picked":["Hemokinesis","Body Slam"],"picked":"Impervious","floor":4},{"not_picked":["Evolve","Rupture"],"picked":"Infernal Blade","floor":8},{"not_picked":["Clash","True Grit"],"picked":"Cleave","floor":10},{"not_picked":["Clash","ReplayTheSpireMod:Strike From Hell"],"picked":"Flex","floor":11},{"not_picked":["Burning Pact","Run Through"],"picked":"Thunderclap","floor":13},{"not_picked":["Clash","Iron Wave","Thunderclap"],"picked":"SKIP","floor":14},{"not_picked":["Limit Break","Bludgeon"],"picked":"Demon Form","floor":16},{"not_picked":["Clothesline","Run Through"],"picked":"Twin Strike","floor":18},{"not_picked":["Metallicize","Shrug It Off+1"],"picked":"ReplayTheSpireMod:Muscle Training","floor":19},{"not_picked":["ReplayUltimateDefense","Secret Weapon"],"picked":"Master of Strategy","floor":20},{"not_picked":["PanicButton","Replay:Sssssssssshield"],"picked":"Dark Shackles","floor":20},{"not_picked":["Pommel Strike","Shrug It Off"],"picked":"Massacre+1","floor":21},{"not_picked":["Replay:Undeath\u0027s Touch","Juggernaut"],"picked":"Sword Boomerang+1","floor":22},{"not_picked":["Second Wind","Abandon+1","ReplayTheSpireMod:Strike From Hell"],"picked":"SKIP","floor":23},{"not_picked":["Cleave+1","Disarm"],"picked":"Sword Boomerang","floor":25},{"not_picked":["Havoc","Battle Trance"],"picked":"Heavy Blade","floor":30},{"not_picked":["Thunderclap+1","Iron Wave","Pommel Strike+1"],"picked":"SKIP","floor":31}],"player_experience":229334,"relics_obtained":[{"floor":12,"key":"ReplayTheSpireMod:Spearhead"},{"floor":23,"key":"Anchor"},{"floor":26,"key":"ReplayTheSpireMod:Ninjato"},{"floor":32,"key":"Regal Pillow"}],"event_choices":[{"damage_healed":0,"gold_gain":0,"player_choice":"Upgraded","damage_taken":0,"max_hp_gain":0,"max_hp_loss":0,"event_name":"Upgrade Shrine","floor":24,"gold_loss":0,"cards_upgraded":["Demon Form"]}],"is_beta":false,"boss_relics":[{"not_picked":["Runic Pyramid","Replay:Wanted Poster"],"picked":"Snecko Heart"}],"items_purged_floors":[],"is_endless":false,"potions_floor_spawned":[1,10,13,14,16,21,23,30,31],"killed_by":"theJungle:TotemBoss","ascension_level":6}}