{"host":"rw1trt79hfpl7pom","time":1613827579,"event":{"mods":["BaseMod","Bestiary","Colored Map","Jorbs\u0027s Wanderer Trilogy","Minty Spire (QoL Compilation)","Relic Stats","StSLib","SuperFastMode"],"gold_per_floor":[113,1,1,1,51,78,88,114,114,146,166,166,180,206,206,285,285,303,321,339,339,339,351,375,48,48,82,105,116,129,139,139,214,214,233,158,178,190,206,241,241,258,258,282,282,292,323,356,356,361,366,366,366,201,241,246],"floor_reached":57,"language":"ENG","playtime":5612,"items_purged":["stsjorbsmod:Strike_Wanderer","stsjorbsmod:Strike_Wanderer"],"score":3161,"play_id":"794ff6e2-ed4a-441c-a636-1718cc3f39fd","local_time":"20210220052619","is_ascension_mode":true,"campfire_choices":[{"floor":12.0,"key":"REST"},{"data":"stsjorbsmod:Inferno","floor":15.0,"key":"SMITH"},{"floor":23.0,"key":"REST"},{"data":"stsjorbsmod:Banish","floor":32.0,"key":"SMITH"},{"floor":41.0,"key":"RECALL"},{"data":"stsjorbsmod:OldPocket","floor":49.0,"key":"SMITH"},{"floor":53.0,"key":"REST"}],"circlet_count":0,"master_deck":["AscendersBane","stsjorbsmod:ForbiddenGrimoire+1","stsjorbsmod:Strike_Wanderer+1","stsjorbsmod:Defend_Wanderer+1","stsjorbsmod:Defend_Wanderer+1","stsjorbsmod:Defend_Wanderer+1","stsjorbsmod:Defend_Wanderer+1","stsjorbsmod:FreshAdventure+1","stsjorbsmod:EyeOfTheStorm+1","stsjorbsmod:FranticSearch","stsjorbsmod:ScorchingRay+1","stsjorbsmod:Prestidigitation+1","stsjorbsmod:Determination+1","stsjorbsmod:FindFamiliar+1","stsjorbsmod:DisguiseSelf+1","stsjorbsmod:Inferno+1","stsjorbsmod:Message+1","stsjorbsmod:Fireball+1","stsjorbsmod:Firebolt+1","stsjorbsmod:SchoolsOfMagic+1","stsjorbsmod:Will+1","stsjorbsmod:Banish+1","stsjorbsmod:Withdraw+1","stsjorbsmod:Introspection+1","stsjorbsmod:Index+1","stsjorbsmod:SiphonEnergy+1","stsjorbsmod:Index+1","stsjorbsmod:GatherPower+1","stsjorbsmod:Rest+1","Panache+1","stsjorbsmod:Patron+1","stsjorbsmod:OldPocket+1","stsjorbsmod:Firebolt"],"relics":["stsjorbsmod:GrimoireRelic","NeowsBlessing","Mummified Hand","Ice Cream","Akabeko","Lantern","HornCleat","Sozu","Enchiridion","MawBank","Membership Card","Oddly Smooth Stone","Lizard Tail","Bag of Preparation","Runic Pyramid","Singing Bowl","Prayer Wheel","Blue Candle","ClockworkSouvenir","Strawberry","Anchor"],"acts_visited":["Exordium","TheCity","TheBeyond","TheEnding"],"potions_floor_usage":[56,56],"damage_taken":[{"damage":0.0,"enemies":"2 Louse","floor":1.0,"turns":1.0},{"damage":0.0,"enemies":"Gremlin Nob","floor":6.0,"turns":1.0},{"damage":0.0,"enemies":"Jaw Worm","floor":7.0,"turns":1.0},{"damage":13.0,"enemies":"3 Sentries","floor":8.0,"turns":6.0},{"damage":8.0,"enemies":"Gremlin Nob","floor":10.0,"turns":3.0},{"damage":0.0,"enemies":"Cultist","floor":11.0,"turns":4.0},{"damage":0.0,"enemies":"3 Louse","floor":13.0,"turns":6.0},{"damage":15.0,"enemies":"3 Sentries","floor":14.0,"turns":6.0},{"damage":0.0,"enemies":"Hexaghost","floor":16.0,"turns":6.0},{"damage":2.0,"enemies":"Shell Parasite","floor":18.0,"turns":3.0},{"damage":8.0,"enemies":"Spheric Guardian","floor":19.0,"turns":4.0},{"damage":29.0,"enemies":"Shelled Parasite and Fungi","floor":20.0,"turns":6.0},{"damage":0.0,"enemies":"Centurion and Healer","floor":24.0,"turns":4.0},{"damage":0.0,"enemies":"Gremlin Leader","floor":27.0,"turns":3.0},{"damage":0.0,"enemies":"Snecko","floor":29.0,"turns":4.0},{"damage":0.0,"enemies":"Snake Plant","floor":30.0,"turns":4.0},{"damage":19.0,"enemies":"Shelled Parasite and Fungi","floor":31.0,"turns":3.0},{"damage":5.0,"enemies":"Collector","floor":33.0,"turns":5.0},{"damage":0.0,"enemies":"3 Darklings","floor":35.0,"turns":6.0},{"damage":0.0,"enemies":"Orb Walker","floor":37.0,"turns":3.0},{"damage":1.0,"enemies":"3 Darklings","floor":38.0,"turns":3.0},{"damage":4.0,"enemies":"Writhing Mass","floor":39.0,"turns":5.0},{"damage":5.0,"enemies":"Reptomancer","floor":40.0,"turns":5.0},{"damage":0.0,"enemies":"Jaw Worm Horde","floor":42.0,"turns":1.0},{"damage":3.0,"enemies":"Maw","floor":44.0,"turns":6.0},{"damage":0.0,"enemies":"Spire Growth","floor":46.0,"turns":3.0},{"damage":3.0,"enemies":"Nemesis","floor":47.0,"turns":3.0},{"damage":2.0,"enemies":"4 Shapes","floor":48.0,"turns":3.0},{"damage":15.0,"enemies":"Donu and Deca","floor":50.0,"turns":5.0},{"damage":12.0,"enemies":"Awakened One","floor":51.0,"turns":5.0},{"damage":3,"enemies":"Shield and Spear","floor":55,"turns":5},{"damage":92,"enemies":"The Heart","floor":56,"turns":7}],"seed_played":"-2928948010935705971","potions_obtained":[{"floor":1.0,"key":"Explosive Potion"},{"floor":6.0,"key":"LiquidBronze"},{"floor":14.0,"key":"GamblersBrew"}],"is_trial":false,"path_per_floor":["M","$","?","$","?","E","M","E","T","E","M","R","M","E","R","B",null,"M","M","M","?","?","R","M","$","T","E","T","M","M","M","R","B",null,"M","?","M","M","M","E","R","M","T","M","?","M","E","M","R","B","B",null,"R","$","E","B",null],"character_chosen":"WANDERER","items_purchased":["stsjorbsmod:ScorchingRay","Membership Card","Oddly Smooth Stone","stsjorbsmod:Banish","ClockworkSouvenir","Strawberry"],"campfire_rested":3,"item_purchase_floors":[2,25,25,25,54,54],"current_hp_per_floor":[59,59,40,40,40,41,42,31,31,24,27,46,50,35,35,40,58,59,55,30,9,9,28,31,31,31,35,35,38,42,26,26,24,56,61,61,67,68,68,67,67,70,70,74,68,70,76,82,82,70,62,80,86,93,93,5],"gold":246,"neow_bonus":"THREE_ENEMY_KILL","is_daily":false,"chose_seed":false,"campfire_upgraded":3,"win_rate":0.0,"timestamp":1613827579,"path_taken":["M","$","?","$","?","E","?","E","T","E","M","R","M","E","R","BOSS","M","M","M","?","?","R","?","$","T","E","?","M","M","M","R","BOSS","M","?","?","M","M","E","R","M","T","M","?","M","E","M","R","BOSS","BOSS","R","$","E","BOSS"],"items_purchased_type":["Card","Relic","Relic","Card","Relic","Relic"],"build_version":"2020-12-22","purchased_purges":2,"victory":true,"max_hp_per_floor":[64,64,64,64,64,64,64,64,64,64,64,64,64,64,64,64,64,64,64,64,64,64,64,64,64,64,64,64,64,66,66,66,66,66,66,66,68,68,68,68,68,70,70,74,78,78,82,86,86,86,86,86,86,93,93,93],"relic_stats":{"Sozu":7,"Lizard Tail":0,"Singing Bowl":14,"counters":[32,130],"Mummified Hand":[122],"Blue Candle":[0],"Prayer Wheel":3,"Bag of Preparation":[36],"MawBank":36,"obtain_stats":[{"Ice Cream":8,"Lantern":10,"NeowsBlessing":0,"Singing Bowl":40,"Blue Candle":47,"Enchiridion":21,"Oddly Smooth Stone":25,"stsjorbsmod:GrimoireRelic":0,"Bag of Preparation":28,"MawBank":22,"Akabeko":9,"ClockworkSouvenir":54,"Sozu":17,"Lizard Tail":27,"Anchor":55,"HornCleat":14,"Mummified Hand":6,"Strawberry":54,"Prayer Wheel":43,"Membership Card":25,"Runic Pyramid":34},{"Ice Cream":4,"Lantern":5,"NeowsBlessing":0,"Singing Bowl":23,"Blue Candle":27,"Enchiridion":12,"Oddly Smooth Stone":13,"stsjorbsmod:GrimoireRelic":0,"Bag of Preparation":14,"MawBank":12,"Akabeko":4,"ClockworkSouvenir":30,"Sozu":9,"Lizard Tail":14,"Anchor":31,"HornCleat":8,"Mummified Hand":2,"Strawberry":30,"Prayer Wheel":24,"Membership Card":13,"Runic Pyramid":18},{"Ice Cream":9,"Lantern":12,"NeowsBlessing":0,"Singing Bowl":92,"Blue Candle":105,"Enchiridion":47,"Oddly Smooth Stone":51,"stsjorbsmod:GrimoireRelic":0,"Bag of Preparation":54,"MawBank":47,"Akabeko":9,"ClockworkSouvenir":118,"Sozu":34,"Lizard Tail":54,"Anchor":123,"HornCleat":28,"Mummified Hand":2,"Strawberry":118,"Prayer Wheel":93,"Membership Card":51,"Runic Pyramid":70}]},"card_choices":[{"not_picked":["stsjorbsmod:ParryingBlow","stsjorbsmod:MageArmor"],"picked":"stsjorbsmod:FranticSearch","floor":1.0},{"not_picked":["stsjorbsmod:Index","stsjorbsmod:MagicMissiles"],"picked":"stsjorbsmod:Prestidigitation","floor":6.0},{"not_picked":["stsjorbsmod:Mending","stsjorbsmod:OldPocket"],"picked":"stsjorbsmod:Determination","floor":7.0},{"not_picked":["stsjorbsmod:Materialize","stsjorbsmod:Patron"],"picked":"stsjorbsmod:FindFamiliar","floor":8.0},{"not_picked":["stsjorbsmod:Prepare","stsjorbsmod:ParryingBlow"],"picked":"stsjorbsmod:DisguiseSelf","floor":10.0},{"not_picked":["stsjorbsmod:Prestidigitation","stsjorbsmod:BurningFlask","stsjorbsmod:BlackTentacles"],"picked":"SKIP","floor":11.0},{"not_picked":["stsjorbsmod:Introspection","stsjorbsmod:BookOfTongues"],"picked":"stsjorbsmod:Inferno","floor":13.0},{"not_picked":["stsjorbsmod:Patron","stsjorbsmod:Channel"],"picked":"stsjorbsmod:Message","floor":14.0},{"not_picked":["stsjorbsmod:ThirstingSword","stsjorbsmod:GatherPower"],"picked":"stsjorbsmod:Fireball","floor":16.0},{"not_picked":["stsjorbsmod:Hurt","stsjorbsmod:Prepare"],"picked":"stsjorbsmod:Index+1","floor":18.0},{"not_picked":["stsjorbsmod:FranticSearch","stsjorbsmod:Channel"],"picked":"stsjorbsmod:Firebolt","floor":19.0},{"not_picked":["stsjorbsmod:Will","stsjorbsmod:Introspection"],"picked":"stsjorbsmod:SchoolsOfMagic+1","floor":20.0},{"not_picked":["stsjorbsmod:Prepare","stsjorbsmod:Prestidigitation"],"picked":"stsjorbsmod:Will+1","floor":24.0},{"not_picked":["stsjorbsmod:Hurt","stsjorbsmod:FracturedMind"],"picked":"stsjorbsmod:Withdraw","floor":27.0},{"not_picked":["stsjorbsmod:SchoolsOfMagic","stsjorbsmod:Prestidigitation","stsjorbsmod:DoubleCheck"],"picked":"SKIP","floor":29.0},{"not_picked":["stsjorbsmod:ArcaneWeapon","stsjorbsmod:WeightOfMemory"],"picked":"stsjorbsmod:Introspection","floor":30.0},{"not_picked":["stsjorbsmod:MagicMissiles","stsjorbsmod:FracturedMind+1"],"picked":"stsjorbsmod:Index","floor":31.0},{"not_picked":["stsjorbsmod:ArcaneForm","stsjorbsmod:Feast"],"picked":"stsjorbsmod:SiphonEnergy","floor":33.0},{"not_picked":["stsjorbsmod:WanderingMind","stsjorbsmod:SmithingStrike+1"],"picked":"stsjorbsmod:Index+1","floor":35.0},{"not_picked":["stsjorbsmod:BurningFlask","stsjorbsmod:TollTheDead","stsjorbsmod:ArcaneWeapon+1"],"picked":"SKIP","floor":37.0},{"not_picked":["stsjorbsmod:Index","stsjorbsmod:FranticSearch","stsjorbsmod:Prestidigitation"],"picked":"SKIP","floor":38.0},{"not_picked":["stsjorbsmod:DoubleCheck","stsjorbsmod:FaerieFire","stsjorbsmod:ChatteringStrike"],"picked":"SKIP","floor":39.0},{"not_picked":["stsjorbsmod:ParryingBlow","stsjorbsmod:Withdraw"],"picked":"stsjorbsmod:GatherPower","floor":40.0},{"not_picked":["stsjorbsmod:RayOfFrost","stsjorbsmod:UnseenServant","stsjorbsmod:ArcaneWeapon"],"picked":"Singing Bowl","floor":42.0},{"not_picked":["stsjorbsmod:FracturedMind","stsjorbsmod:FranticSearch","stsjorbsmod:DisguiseSelf"],"picked":"Singing Bowl","floor":44.0},{"not_picked":["stsjorbsmod:DisguiseSelf","stsjorbsmod:Prepare"],"picked":"stsjorbsmod:Rest","floor":44.0},{"not_picked":["Enlightenment","Purity","Bandage Up"],"picked":"Singing Bowl","floor":45.0},{"not_picked":["Impatience","Deep Breath","Flash of Steel"],"picked":"Singing Bowl","floor":45.0},{"not_picked":["Bandage Up","Panacea"],"picked":"Panache","floor":45.0},{"not_picked":["stsjorbsmod:DoubleCheck","stsjorbsmod:Prestidigitation"],"picked":"stsjorbsmod:Patron","floor":46.0},{"not_picked":["stsjorbsmod:Introspection","stsjorbsmod:Message"],"picked":"stsjorbsmod:OldPocket","floor":46.0},{"not_picked":["stsjorbsmod:Channel","stsjorbsmod:Hurt","stsjorbsmod:Prestidigitation+1"],"picked":"Singing Bowl","floor":47.0},{"not_picked":["stsjorbsmod:DoubleCheck+1","stsjorbsmod:Aid+1","stsjorbsmod:WeightOfMemory"],"picked":"Singing Bowl","floor":48.0},{"not_picked":["stsjorbsmod:DisguiseSelf","stsjorbsmod:OldPocket","stsjorbsmod:TrueStrike"],"picked":"Singing Bowl","floor":48.0},{"not_picked":["stsjorbsmod:SmithingStrike+1","stsjorbsmod:Fireball"],"picked":"stsjorbsmod:Firebolt","floor":55}],"player_experience":2830889,"relics_obtained":[{"floor":6.0,"key":"Mummified Hand"},{"floor":8.0,"key":"Ice Cream"},{"floor":9.0,"key":"Akabeko"},{"floor":10.0,"key":"Lantern"},{"floor":14.0,"key":"HornCleat"},{"floor":21.0,"key":"Enchiridion"},{"floor":27.0,"key":"Lizard Tail"},{"floor":28.0,"key":"Bag of Preparation"},{"floor":40.0,"key":"Singing Bowl"},{"floor":43.0,"key":"Prayer Wheel"},{"floor":47.0,"key":"Blue Candle"},{"floor":55,"key":"Anchor"}],"event_choices":[{"damage_healed":0.0,"max_hp_gain":0.0,"max_hp_loss":0.0,"gold_gain":0.0,"event_name":"Shining Light","player_choice":"Entered Light","floor":3.0,"gold_loss":0.0,"damage_taken":19.0,"cards_upgraded":["stsjorbsmod:Strike_Wanderer","stsjorbsmod:FreshAdventure"]},{"damage_healed":0.0,"max_hp_gain":0.0,"max_hp_loss":0.0,"gold_gain":50.0,"event_name":"Golden Shrine","player_choice":"Pray","floor":5.0,"gold_loss":0.0,"damage_taken":0.0},{"damage_healed":0.0,"max_hp_gain":0.0,"max_hp_loss":0.0,"gold_gain":0.0,"event_name":"Cursed Tome","player_choice":"Obtained Book","floor":21.0,"gold_loss":0.0,"damage_taken":21.0},{"cards_removed":["stsjorbsmod:Index"],"damage_healed":0.0,"max_hp_gain":0.0,"max_hp_loss":0.0,"gold_gain":0.0,"event_name":"WeMeetAgain","player_choice":"Gave Card","floor":22.0,"gold_loss":0.0,"damage_taken":0.0,"relics_obtained":["MawBank"]},{"cards_removed":["stsjorbsmod:Strike_Wanderer"],"damage_healed":0.0,"max_hp_gain":0.0,"max_hp_loss":0.0,"gold_gain":0.0,"event_name":"Designer","player_choice":"Single Remove","floor":36.0,"gold_loss":75.0,"damage_taken":0.0},{"damage_healed":0.0,"max_hp_gain":0.0,"max_hp_loss":0.0,"gold_gain":0.0,"event_name":"SensoryStone","player_choice":"Memory 3","floor":45.0,"gold_loss":0.0,"damage_taken":10.0}],"is_beta":false,"boss_relics":[{"not_picked":["Busted Crown","Ectoplasm"],"picked":"Sozu"},{"not_picked":["SlaversCollar","Cursed Key"],"picked":"Runic Pyramid"}],"items_purged_floors":[2,25],"is_endless":false,"potions_floor_spawned":[1,6,14,16,19,29,33,40,44,46,55],"ascension_level":20}}