{"host":"szcsc05p6ieg5q76","time":1613827463,"event":{"mods":["ATMod(阿瑾Mod)","Act Like it!","Arknights","BaseMod","Minty Spire (QoL Compilation)","Reimu（博丽灵梦）","Remilia（蕾米莉亚）","SOS（斯巴达之子）","StSLib","The Bug Knight","The Servant 0.9.4","Yakumo Yukari mod","Youmu（魂魄妖梦）","【功能Mod】聪明的最终Boss"],"gold_per_floor":[112,126,142,142,160,160,160,160,232,106,76,76,107,125,125,245,245,280,280,195,195,205,205,221,221,221,267,169,196,251,306,306,450,450,489,399,454,67,84,156,156,48,48,84,135,135,1,41,41,61],"floor_reached":51,"language":"ZHS","playtime":4090,"items_purged":["Strike_RM"],"score":734,"play_id":"7f7b4695-7cc3-4eff-8024-3fa99d86bf76","local_time":"20210220142423","is_ascension_mode":false,"campfire_choices":[{"data":"AfternoonTea","floor":6,"key":"SMITH"},{"data":"ScarletShoot","floor":8,"key":"SMITH"},{"data":"FitfulNightmare","floor":12,"key":"SMITH"},{"data":"StarOfDavid","floor":15,"key":"SMITH"},{"data":"NightDance","floor":23,"key":"SMITH"},{"data":"BloodAndWine","floor":25,"key":"SMITH"},{"floor":32,"key":"REST"},{"data":"DemonKingCradle","floor":41,"key":"SMITH"},{"floor":46,"key":"REST"},{"data":"MastersStateliness","floor":49,"key":"SMITH"}],"circlet_count":0,"master_deck":["Defend_RM","Defend_RM","Defend_RM","RedMoon","ScarletShoot+1","RedRainbow","RedRainbow+1","AfternoonTea+1","FitfulNightmare+1","FavorOfDestiny+1","StarOfDavid+1","UnstableMagic","NightDance+1","ScarletCoffin","StarOfDavid","VampireKiss","BloodAndWine+1","MastersStateliness+1","MastersStateliness","FavorOfDestiny","FavorOfDestiny+1","CharismaGuard","DemonKingCradle+1","Ultimatum+1","ScarletImprint+1","BombardNight","CharismaGuard+1","DevilSight+1","MastersStateliness","MastersStateliness+1"],"relics":["ScarletHat","AT_ATBox","NeowsBlessing","APieceOfRedMist","AT_SeraphEmbrace","Bottled Tornado","Lantern","Sundial","Philosopher\u0027s Stone","AT_BellowingDragoncrestRing","Membership Card","CrazyTorch:ReiMu","Happy Flower","Bottled Lightning","Lee\u0027s Waffle","Potion Belt"],"acts_visited":["Exordium","TheCity","TheBeyond"],"potions_floor_usage":[5,16,16,16,27,27,29,30,30,30,31,33,37,37,37,37,39,40,40,40,45,45,50,50,50,50],"damage_taken":[{"damage":0,"enemies":"Small Slimes","floor":1,"turns":1},{"damage":0,"enemies":"2 Louse","floor":2,"turns":1},{"damage":0,"enemies":"Cultist","floor":3,"turns":1},{"damage":0,"enemies":"Large Slime","floor":5,"turns":10},{"damage":0,"enemies":"Looter","floor":11,"turns":4},{"damage":17,"enemies":"Exordium Wildlife","floor":13,"turns":4},{"damage":1,"enemies":"Large Slime","floor":14,"turns":3},{"damage":23,"enemies":"The Guardian","floor":16,"turns":10},{"damage":8,"enemies":"Shell Parasite","floor":18,"turns":7},{"damage":4,"enemies":"Spheric Guardian","floor":22,"turns":5},{"damage":20,"enemies":"Centurion and Healer","floor":24,"turns":8},{"damage":0,"enemies":"HollowMod:Nosk","floor":27,"turns":10},{"damage":24,"enemies":"Slavers","floor":29,"turns":7},{"damage":8,"enemies":"Sentry and Sphere","floor":30,"turns":4},{"damage":19,"enemies":"Cultist and Chosen","floor":31,"turns":9},{"damage":57,"enemies":"Automaton","floor":33,"turns":10},{"damage":34,"enemies":"3 Darklings","floor":35,"turns":6},{"damage":9,"enemies":"Orb Walker","floor":37,"turns":3},{"damage":1,"enemies":"Jaw Worm Horde","floor":39,"turns":2},{"damage":46,"enemies":"Nemesis","floor":40,"turns":5},{"damage":39,"enemies":"Sphere and 2 Shapes","floor":44,"turns":5},{"damage":11,"enemies":"4 Shapes","floor":45,"turns":9},{"damage":0,"enemies":"Maw","floor":48,"turns":8},{"damage":13,"enemies":"Donu and Deca","floor":50,"turns":7}],"seed_played":"-7444248696419759673","potions_obtained":[{"floor":2,"key":"PanachePotion"},{"floor":3,"key":"LiquidMemories"},{"floor":11,"key":"PowerPotion"},{"floor":14,"key":"LiquidBronze"},{"floor":18,"key":"SpeedPotion"},{"floor":24,"key":"AttackPotion"},{"floor":24,"key":"EssenceOfSteel"},{"floor":27,"key":"AttackPotion"},{"floor":29,"key":"LiquidMemories"},{"floor":29,"key":"AttackPotion"},{"floor":31,"key":"CultistPotion"},{"floor":35,"key":"SteroidPotion"},{"floor":35,"key":"EntropicBrew"},{"floor":37,"key":"DistilledChaos"},{"floor":40,"key":"ZuzhouPotion:ReiMu"},{"floor":44,"key":"SkillPotion"},{"floor":48,"key":"EssenceOfSteel"}],"is_trial":false,"path_per_floor":["M","M","M","?","M","R","?","R","T","$","M","R","M","M","R","B",null,"M","?","?","?","M","R","M","R","T","E","$","E","M","M","R","B",null,"M","?","M","$","M","E","R","$","T","M","M","R","$","M","R","B",null],"character_chosen":"REMILIA","items_purchased":["FitfulNightmare","FavorOfDestiny","MastersStateliness","AT_BellowingDragoncrestRing","Membership Card","MastersStateliness","Happy Flower","Block Potion","Lee\u0027s Waffle","MastersStateliness","Swift Potion","Explosive Potion"],"campfire_rested":2,"item_purchase_floors":[10,10,28,38,38,42,42,42,47,47,47,47],"current_hp_per_floor":[75,75,75,68,70,70,70,70,70,70,70,70,54,55,55,42,75,69,55,55,55,51,51,47,47,47,62,62,44,39,29,53,47,80,49,49,56,56,58,44,44,44,44,13,9,33,87,87,87,87],"gold":61,"neow_bonus":"THREE_ENEMY_KILL","is_daily":false,"chose_seed":false,"campfire_upgraded":8,"win_rate":0.0,"timestamp":1613827463,"path_taken":["M","M","M","?","M","R","?","R","T","$","?","R","M","M","R","BOSS","M","?","?","?","M","R","M","R","T","E","$","E","M","?","R","BOSS","M","?","M","$","M","E","R","$","T","?","?","R","?","M","R","BOSS"],"items_purchased_type":["Card","Card","Card","Relic","Relic","Card","Relic","Potion","Relic","Card","Potion","Potion"],"build_version":"2020-12-22","purchased_purges":1,"victory":true,"max_hp_per_floor":[75,75,75,75,75,75,75,75,75,75,75,75,75,75,75,75,75,75,80,80,80,80,80,80,80,80,80,80,80,80,80,80,80,80,80,80,80,80,80,80,80,80,80,80,80,80,87,87,87,87],"card_choices":[{"not_picked":["UnstableMagic","EndlessAdversity"],"picked":"RedRainbow","floor":1},{"not_picked":["BloodyTrap","UnstableMagic"],"picked":"RedRainbow","floor":2},{"not_picked":["GlobalNightmare","ScarletNetherworld","EndlessAdversity"],"picked":"SKIP","floor":3},{"not_picked":["BloodAndWine","VampireSweep"],"picked":"AfternoonTea","floor":5},{"not_picked":["Stigmanizer","UnstableMagic"],"picked":"StarOfDavid","floor":11},{"not_picked":["BloodHunter","GlobalNightmare"],"picked":"UnstableMagic","floor":13},{"not_picked":["ScarletImprint","VampirishNight"],"picked":"NightDance","floor":14},{"not_picked":["BloodRain","TricksterDevil"],"picked":"ScarletCoffin","floor":16},{"not_picked":["BloodHunter","Stigmanizer"],"picked":"StarOfDavid","floor":18},{"not_picked":["BloodHunter","BloodyMagicSquare"],"picked":"VampireKiss","floor":22},{"not_picked":["CharismaGuard","StarOfDavid"],"picked":"BloodAndWine","floor":24},{"not_picked":["BombardNight","DiffusionOfMisfortune"],"picked":"MastersStateliness","floor":27},{"not_picked":["VampireKiss","StarOfDavid"],"picked":"FavorOfDestiny","floor":29},{"not_picked":["BlasphemousPunishment","ChaoticDestiny"],"picked":"FavorOfDestiny+1","floor":30},{"not_picked":["ScarletImprint","SuperhumanBloodyKnife"],"picked":"CharismaGuard","floor":31},{"not_picked":["BatForm","ForecastOfChange"],"picked":"DemonKingCradle","floor":33},{"not_picked":["EndlessAdversity","Maim+1"],"picked":"Ultimatum+1","floor":35},{"not_picked":["Maim","VampireClaw+1"],"picked":"ScarletImprint+1","floor":35},{"not_picked":["UnstableMagic+1","CurseOfVladTepes"],"picked":"BombardNight","floor":37},{"not_picked":["MastersStateliness+1","EndlessAdversity"],"picked":"CharismaGuard+1","floor":39},{"not_picked":["TransientEternity","UltimateOffering"],"picked":"DevilSight+1","floor":40},{"not_picked":["RedMagic","DiffusionOfMisfortune+1","RedRainbow"],"picked":"SKIP","floor":44},{"not_picked":["Ultimatum","FavorOfDestiny","VampireKiss"],"picked":"SKIP","floor":45},{"not_picked":["FavorOfDestiny","ScarletDevil+1","Stigmanizer"],"picked":"SKIP","floor":48}],"player_experience":190411,"relics_obtained":[{"floor":26,"key":"Bottled Tornado"},{"floor":27,"key":"Lantern"},{"floor":29,"key":"Sundial"},{"floor":40,"key":"CrazyTorch:ReiMu"},{"floor":43,"key":"Bottled Lightning"},{"floor":48,"key":"Potion Belt"}],"event_choices":[{"cards_removed":["Strike_RM"],"damage_healed":0,"gold_gain":0,"player_choice":"Card Removal","damage_taken":7,"max_hp_gain":0,"max_hp_loss":0,"event_name":"Golden Wing","floor":4,"gold_loss":0},{"cards_removed":["Defend_RM"],"damage_healed":0,"gold_gain":0,"player_choice":"Purged","damage_taken":0,"max_hp_gain":0,"max_hp_loss":0,"event_name":"Purifier","floor":7,"gold_loss":0},{"damage_healed":0,"gold_gain":0,"player_choice":"Shed Blood","damage_taken":19,"max_hp_gain":5,"max_hp_loss":0,"event_name":"Forgotten Altar","floor":19,"gold_loss":0},{"damage_healed":0,"gold_gain":0,"player_choice":"Obtained Relic","damage_taken":0,"relics_obtained":["AT_ArchangelStaff"],"max_hp_gain":0,"max_hp_loss":0,"event_name":"Addict","floor":20,"gold_loss":85},{"cards_removed":["Strike_RM"],"damage_healed":0,"gold_gain":0,"player_choice":"Elegance","damage_taken":0,"max_hp_gain":0,"max_hp_loss":0,"event_name":"Back to Basics","floor":21,"gold_loss":0},{"cards_removed":["Strike_RM"],"damage_healed":0,"gold_gain":0,"player_choice":"Upgrade and Remove","damage_taken":0,"max_hp_gain":0,"max_hp_loss":0,"event_name":"Designer","floor":36,"gold_loss":90,"cards_upgraded":["FavorOfDestiny"]}],"is_beta":false,"boss_relics":[{"not_picked":["Cursed Key","Runic Dome"],"picked":"APieceOfRedMist"},{"not_picked":["AT_TrinityForce","Pandora\u0027s Box"],"picked":"Philosopher\u0027s Stone"}],"items_purged_floors":[28],"is_endless":false,"potions_floor_spawned":[2,3,14,24,27,31,37,40,44],"ascension_level":0}}