{"host":"1dhlu4qzehvrzpot","time":1613862967,"event":{"mods":["2.2 Compatiblity","AchievementEnabler","BaseMod","Block Reminder","Minty Spire (QoL Compilation)","Permanent Neow","Quick Restart","Rare Cards Sparkle","Relic Stats","Say the Spire","Slay-I","StSLib","SuperFastMode"],"gold_per_floor":[117,117,128,142,152,152,184,184,184,214,214,247,212,20,20,124,124,141,56,56,56,70,100,118,144,194,194,25,25,36,78,78,190,190,206,206,270,284,302,333,333,333,333],"floor_reached":42,"language":"ENG","playtime":1098,"items_purged":["Static Discharge"],"score":880,"play_id":"5a4f64ef-ffd7-448a-8294-b8ba8dd265bd","local_time":"20210221001607","is_ascension_mode":true,"campfire_choices":[{"data":"Double Energy","floor":6,"key":"SMITH"},{"data":"Seek","floor":8,"key":"SMITH"},{"data":"Multi-Cast","floor":15,"key":"SMITH"},{"data":"Biased Cognition","floor":27,"key":"SMITH"},{"data":"Seek","floor":32,"key":"SMITH"},{"data":"Fission","floor":41,"key":"SMITH"}],"circlet_count":0,"master_deck":["AscendersBane","Self Repair","Electrodynamics","Auto Shields","BootSequence","Double Energy+1","Chill","FTL+1","Seek+1","Multi-Cast+1","Biased Cognition+1","FTL","Ball Lightning","Lockon","Capacitor","Seek+1","Streamline+1","Fission+1","White Noise","Dramatic Entrance","Echo Form"],"relics":["Pandora\u0027s Box","Whetstone","Boot","StrikeDummy","Vajra","Membership Card","Empty Cage","Incense Burner","Symbiotic Virus","Lantern","CeramicFish","TheAbacus","Smiling Mask","Cursed Key","Turnip","Dream Catcher"],"acts_visited":["Exordium","TheCity","TheBeyond"],"potions_floor_usage":[16,33,42,42],"damage_taken":[{"damage":8,"enemies":"Small Slimes","floor":1,"turns":3},{"damage":6,"enemies":"Cultist","floor":3,"turns":4},{"damage":0,"enemies":"2 Louse","floor":4,"turns":1},{"damage":13,"enemies":"Large Slime","floor":5,"turns":4},{"damage":21,"enemies":"Gremlin Nob","floor":7,"turns":4},{"damage":0,"enemies":"Lagavulin","floor":10,"turns":5},{"damage":18,"enemies":"Gremlin Nob","floor":12,"turns":4},{"damage":21,"enemies":"Slime Boss","floor":16,"turns":6},{"damage":15,"enemies":"Chosen","floor":18,"turns":5},{"damage":0,"enemies":"2 Thieves","floor":22,"turns":3},{"damage":17,"enemies":"Gremlin Leader","floor":23,"turns":5},{"damage":0,"enemies":"Shelled Parasite and Fungi","floor":24,"turns":3},{"damage":0,"enemies":"Slavers","floor":25,"turns":5},{"damage":1,"enemies":"Centurion and Healer","floor":30,"turns":3},{"damage":27,"enemies":"Book of Stabbing","floor":31,"turns":4},{"damage":53,"enemies":"Automaton","floor":33,"turns":7},{"damage":1,"enemies":"3 Darklings","floor":35,"turns":4},{"damage":0,"enemies":"2 Orb Walkers","floor":37,"turns":3},{"damage":10,"enemies":"3 Shapes","floor":38,"turns":4},{"damage":46,"enemies":"Giant Head","floor":40,"turns":7},{"damage":45,"enemies":"3 Darklings","floor":42,"turns":3}],"seed_played":"3814210112932320847","potions_obtained":[{"floor":4,"key":"CultistPotion"},{"floor":10,"key":"FearPotion"},{"floor":18,"key":"Strength Potion"},{"floor":22,"key":"Block Potion"},{"floor":25,"key":"ColorlessPotion"},{"floor":37,"key":"PowerPotion"}],"is_trial":false,"path_per_floor":["M","?","M","M","M","R","E","R","T","E","?","E","?","$","R","B",null,"M","?","?","?","M","E","M","E","T","R","$","?","M","E","R","B",null,"M","?","?","M","?","E","R","M"],"character_chosen":"DEFECT","items_purchased":["Membership Card","Chill","Capacitor","Seek","TheAbacus"],"campfire_rested":0,"item_purchase_floors":[14,14,28,28,28],"current_hp_per_floor":[67,72,73,73,67,67,53,53,53,60,53,42,60,60,60,46,68,60,60,60,60,67,57,64,71,71,71,71,71,75,55,55,9,59,65,65,72,69,69,37,37,0,0],"gold":333,"neow_bonus":"BOSS_RELIC","is_daily":false,"chose_seed":false,"campfire_upgraded":6,"win_rate":0.0,"timestamp":1613862967,"path_taken":["M","?","M","?","?","R","E","R","T","E","?","E","?","$","R","BOSS","M","?","?","?","?","E","M","E","T","R","$","?","M","E","R","BOSS","M","?","?","M","?","E","R","?"],"items_purchased_type":["Relic","Card","Card","Card","Relic"],"build_version":"2020-12-22","purchased_purges":1,"victory":false,"max_hp_per_floor":[75,75,75,75,75,75,75,75,75,75,75,75,75,75,75,75,75,75,75,75,75,75,75,75,75,75,75,75,75,75,75,75,75,75,75,75,75,75,75,75,75,75,75],"relic_stats":{"Dream Catcher":0,"TheAbacus":[84],"counters":[21,87],"CeramicFish":63,"Pandora\u0027s Box":["Self Repair","Electrodynamics","Electrodynamics","Stack","Auto Shields","BootSequence","Redo","Double Energy"],"Turnip":[0],"Whetstone":["FTL"],"Boot":[5],"Smiling Mask":0,"Cursed Key":0,"obtain_stats":[{"Lantern":25,"CeramicFish":26,"Vajra":12,"Incense Burner":19,"Whetstone":7,"Boot":9,"Empty Cage":17,"Smiling Mask":31,"Cursed Key":34,"Dream Catcher":40,"TheAbacus":28,"Pandora\u0027s Box":0,"Turnip":37,"Membership Card":14,"Cracked Core":0,"StrikeDummy":10,"Symbiotic Virus":23},{"Lantern":13,"CeramicFish":13,"Vajra":7,"Incense Burner":9,"Whetstone":5,"Boot":5,"Empty Cage":8,"Smiling Mask":15,"Cursed Key":16,"Dream Catcher":20,"TheAbacus":13,"Pandora\u0027s Box":0,"Turnip":18,"Membership Card":7,"Cracked Core":0,"StrikeDummy":6,"Symbiotic Virus":11},{"Lantern":52,"CeramicFish":52,"Vajra":25,"Incense Burner":36,"Whetstone":16,"Boot":16,"Empty Cage":31,"Smiling Mask":59,"Cursed Key":66,"Dream Catcher":84,"TheAbacus":52,"Pandora\u0027s Box":0,"Turnip":73,"Membership Card":25,"Cracked Core":0,"StrikeDummy":21,"Symbiotic Virus":44}]},"card_choices":[{"not_picked":["Go for the Eyes","Turbo"],"picked":"Static Discharge","floor":1},{"not_picked":["Conserve Battery","Compile Driver"],"picked":"Chill","floor":3},{"not_picked":["Cold Snap","Leap","Sweeping Beam"],"picked":"SKIP","floor":4},{"not_picked":["Barrage","Streamline"],"picked":"FTL","floor":5},{"not_picked":["Coolheaded","Ball Lightning"],"picked":"Seek","floor":7},{"not_picked":["Steam","Leap"],"picked":"Multi-Cast","floor":10},{"not_picked":["Conserve Battery","Streamline","Chaos"],"picked":"SKIP","floor":12},{"not_picked":["Seek","Meteor Strike"],"picked":"Biased Cognition","floor":16},{"not_picked":["Stack","Barrage"],"picked":"FTL","floor":18},{"not_picked":["Compile Driver","Reprogram"],"picked":"Lockon","floor":22},{"not_picked":["Ball Lightning","Hello World","Scrape"],"picked":"SKIP","floor":23},{"not_picked":["Coolheaded","Barrage","Turbo"],"picked":"SKIP","floor":24},{"not_picked":["Sweeping Beam+1","Compile Driver","Gash"],"picked":"SKIP","floor":25},{"not_picked":["Storm","Cold Snap","Conserve Battery"],"picked":"SKIP","floor":30},{"not_picked":["Turbo","Ball Lightning"],"picked":"Streamline+1","floor":31},{"not_picked":["All For One","Electrodynamics"],"picked":"Fission","floor":33},{"not_picked":["Turbo","Ball Lightning","Coolheaded"],"picked":"SKIP","floor":35},{"not_picked":["Compile Driver","Ball Lightning"],"picked":"White Noise","floor":37},{"not_picked":["Steam Power","Beam Cell","Ball Lightning+1"],"picked":"SKIP","floor":38},{"not_picked":["Stack","Rebound","Coolheaded+1"],"picked":"SKIP","floor":40}],"player_experience":561080,"relics_obtained":[{"floor":7,"key":"Whetstone"},{"floor":9,"key":"Boot"},{"floor":10,"key":"StrikeDummy"},{"floor":12,"key":"Vajra"},{"floor":23,"key":"Symbiotic Virus"},{"floor":25,"key":"Lantern"},{"floor":26,"key":"CeramicFish"},{"floor":31,"key":"Smiling Mask"},{"floor":37,"key":"Turnip"},{"floor":40,"key":"Dream Catcher"}],"event_choices":[{"cards_removed":["Stack"],"damage_healed":5,"gold_gain":0,"player_choice":"Offered Common","damage_taken":0,"max_hp_gain":0,"max_hp_loss":0,"event_name":"Bonfire Elementals","floor":2,"gold_loss":0},{"cards_removed":["Stack"],"damage_healed":5,"gold_gain":0,"player_choice":"Offered Special","damage_taken":0,"max_hp_gain":0,"max_hp_loss":0,"event_name":"Bonfire Elementals","floor":2,"gold_loss":0},{"cards_removed":["Zap"],"damage_healed":0,"gold_gain":0,"player_choice":"Card Removal","damage_taken":7,"max_hp_gain":0,"max_hp_loss":0,"event_name":"Golden Wing","floor":11,"gold_loss":0},{"damage_healed":18,"gold_gain":0,"player_choice":"Healed","damage_taken":0,"max_hp_gain":0,"max_hp_loss":0,"event_name":"The Cleric","floor":13,"gold_loss":35},{"damage_healed":0,"gold_gain":0,"player_choice":"Obtained Relic","damage_taken":0,"relics_obtained":["Incense Burner"],"max_hp_gain":0,"max_hp_loss":0,"event_name":"Addict","floor":19,"gold_loss":85},{"damage_healed":0,"gold_gain":0,"player_choice":"Read","damage_taken":0,"max_hp_gain":0,"max_hp_loss":0,"event_name":"The Library","floor":20,"gold_loss":0,"cards_obtained":["Ball Lightning"]},{"cards_removed":["Redo"],"damage_healed":0,"gold_gain":0,"player_choice":"Purged","damage_taken":0,"max_hp_gain":0,"max_hp_loss":0,"event_name":"Purifier","floor":21,"gold_loss":0},{"cards_removed":["Chill"],"damage_healed":0,"gold_gain":0,"player_choice":"Elegance","damage_taken":0,"max_hp_gain":0,"max_hp_loss":0,"event_name":"Back to Basics","floor":29,"gold_loss":0},{"damage_healed":0,"gold_gain":0,"player_choice":"Ignored","damage_taken":0,"max_hp_gain":0,"max_hp_loss":0,"event_name":"Tomb of Lord Red Mask","floor":36,"gold_loss":0},{"damage_healed":0,"gold_gain":0,"player_choice":"Fight","damage_taken":0,"max_hp_gain":0,"max_hp_loss":0,"event_name":"Mysterious Sphere","floor":37,"gold_loss":0},{"damage_healed":0,"gold_gain":0,"player_choice":"2 cards matched","damage_taken":0,"max_hp_gain":0,"max_hp_loss":0,"event_name":"Match and Keep!","floor":39,"gold_loss":0,"cards_obtained":["Dramatic Entrance","Echo Form"]}],"is_beta":false,"boss_relics":[{"not_picked":["Runic Dome","Velvet Choker"],"picked":"Empty Cage"},{"not_picked":["Tiny House","Nuclear Battery"],"picked":"Cursed Key"}],"items_purged_floors":[28],"is_endless":false,"potions_floor_spawned":[4,10,12,18,22,24,25,37,40],"killed_by":"3 Darklings","ascension_level":12}}