{"host":"a4s27ghlnr83kbqz","time":1613812680,"event":{"mods":["AchievementEnabler","BaseMod","Colored Map","Minty Spire (QoL Compilation)","Permanent Neow","SuperFastMode"],"gold_per_floor":[119,69,69,32,107,107,123,158,158,174,198,198,216,241,241,330,330,330,330,255,195,195,195,195,195,195,195,195,195,2,2,2,2,2,2,2,2,2,2,2,2,2],"floor_reached":41,"language":"KOR","playtime":1077,"items_purged":["Strike_G","Regret"],"score":716,"play_id":"c1507b46-5035-4098-9c88-d0e06d50406e","local_time":"20210220181800","is_ascension_mode":true,"campfire_choices":[{"data":"Dash","floor":6,"key":"SMITH"},{"data":"Caltrops","floor":15,"key":"SMITH"},{"data":"Envenom","floor":23,"key":"SMITH"},{"data":"Terror","floor":29,"key":"SMITH"},{"floor":32,"key":"REST"},{"floor":40,"key":"REST"}],"circlet_count":0,"master_deck":["AscendersBane","Strike_G","Defend_G","Defend_G","Defend_G","Defend_G","Survivor","Neutralize","Leg Sweep","Dash+1","Caltrops+1","Quick Slash","Terror+1","Tactician","Envenom+1","Acrobatics","Noxious Fumes","Doppelganger","All Out Attack","Flechettes","Escape Plan","Backflip","Prepared+1"],"relics":["Ring of the Snake","NeowsBlessing","Juzu Bracelet","Snake Skull","Pocketwatch","Art of War","Golden Idol","Ectoplasm","Bronze Scales","Orichalcum","SacredBark"],"acts_visited":["Exordium","TheCity","TheBeyond"],"potions_floor_usage":[18,31,33,35,38],"damage_taken":[{"damage":0,"enemies":"Jaw Worm","floor":1,"turns":1},{"damage":0,"enemies":"2 Louse","floor":7,"turns":1},{"damage":0,"enemies":"Lagavulin","floor":8,"turns":1},{"damage":0,"enemies":"Small Slimes","floor":10,"turns":3},{"damage":0,"enemies":"Looter","floor":13,"turns":3},{"damage":7,"enemies":"Exordium Wildlife","floor":14,"turns":6},{"damage":5,"enemies":"Hexaghost","floor":16,"turns":10},{"damage":0,"enemies":"3 Byrds","floor":18,"turns":3},{"damage":3,"enemies":"2 Thieves","floor":21,"turns":4},{"damage":26,"enemies":"Gremlin Leader","floor":25,"turns":6},{"damage":9,"enemies":"Snake Plant","floor":27,"turns":3},{"damage":9,"enemies":"Cultist and Chosen","floor":31,"turns":6},{"damage":31,"enemies":"Champ","floor":33,"turns":11},{"damage":18,"enemies":"3 Darklings","floor":35,"turns":3},{"damage":12,"enemies":"Orb Walker","floor":37,"turns":4},{"damage":16,"enemies":"3 Darklings","floor":38,"turns":7},{"damage":32,"enemies":"Nemesis","floor":41,"turns":2}],"seed_played":"4157962377265836331","potions_obtained":[{"floor":1,"key":"Weak Potion"},{"floor":7,"key":"Fruit Juice"},{"floor":14,"key":"Dexterity Potion"},{"floor":18,"key":"Swift Potion"},{"floor":33,"key":"AttackPotion"},{"floor":35,"key":"SkillPotion"}],"is_trial":false,"path_per_floor":["M","?","?","$","?","R","M","E","T","M","T","?","M","M","R","B",null,"M","?","$","M","?","R","?","E","T","M","?","R","$","M","R","B",null,"M","$","M","M","?","R","E"],"character_chosen":"THE_SILENT","items_purchased":["Dash","Escape Plan","Backflip"],"campfire_rested":2,"item_purchase_floors":[4,30,30],"current_hp_per_floor":[63,63,51,51,40,40,40,40,40,40,40,40,40,33,33,28,56,61,61,61,58,58,58,58,32,32,23,23,23,23,14,35,4,54,36,36,24,8,8,29,0,0],"gold":2,"neow_bonus":"THREE_ENEMY_KILL","is_daily":false,"chose_seed":false,"campfire_upgraded":4,"win_rate":0.0,"timestamp":1613812680,"path_taken":["M","?","?","$","?","R","M","E","T","M","?","?","M","M","R","BOSS","M","?","$","M","?","R","?","E","T","M","?","R","$","M","R","BOSS","M","?","M","M","?","R","E"],"items_purchased_type":["Card","Card","Card"],"build_version":"2020-12-22","purchased_purges":2,"victory":false,"max_hp_per_floor":[70,70,70,70,70,70,70,70,70,70,70,65,65,65,65,65,65,70,70,70,70,70,70,70,70,70,70,70,70,70,70,70,70,70,70,70,70,70,70,70,70,70],"card_choices":[{"not_picked":["Caltrops","Acrobatics"],"picked":"Leg Sweep","floor":1},{"not_picked":["Underhanded Strike","Backstab"],"picked":"Caltrops","floor":7},{"not_picked":["Deflect","Expertise"],"picked":"Quick Slash","floor":8},{"not_picked":["Deflect","Bane"],"picked":"Terror","floor":10},{"not_picked":["Distraction","Dagger Throw"],"picked":"Tactician","floor":13},{"not_picked":["Slice","Endless Agony","Finisher"],"picked":"SKIP","floor":14},{"not_picked":["Burst","Bullet Time"],"picked":"Envenom","floor":16},{"not_picked":["Dodge and Roll","Dash"],"picked":"Acrobatics","floor":18},{"not_picked":["Sucker Punch+1","Catalyst"],"picked":"Noxious Fumes","floor":21},{"not_picked":["Deflect","Outmaneuver+1","Choke+1"],"picked":"SKIP","floor":25},{"not_picked":["Poisoned Stab","Caltrops","Sucker Punch"],"picked":"SKIP","floor":27},{"not_picked":["Slice","Phantasmal Killer","Prepared"],"picked":"SKIP","floor":31},{"not_picked":["Backstab","Deadly Poison"],"picked":"Prepared+1","floor":35},{"not_picked":["Setup","Outmaneuver","Quick Slash+1"],"picked":"SKIP","floor":37},{"not_picked":["Outmaneuver","Caltrops","Night Terror"],"picked":"SKIP","floor":38}],"player_experience":1139378,"relics_obtained":[{"floor":8,"key":"Snake Skull"},{"floor":9,"key":"Pocketwatch"},{"floor":11,"key":"Art of War"},{"floor":25,"key":"Bronze Scales"},{"floor":26,"key":"Orichalcum"}],"event_choices":[{"cards_removed":["Strike_G"],"damage_healed":0,"gold_gain":0,"player_choice":"Card Removal","damage_taken":0,"max_hp_gain":0,"max_hp_loss":0,"event_name":"The Cleric","floor":2,"gold_loss":50},{"damage_healed":0,"gold_gain":0,"player_choice":"Success","damage_taken":12,"relics_obtained":["Juzu Bracelet"],"max_hp_gain":0,"max_hp_loss":0,"event_name":"Scrap Ooze","floor":3,"gold_loss":0},{"damage_healed":0,"gold_gain":75,"player_choice":"Gather Gold","damage_taken":11,"max_hp_gain":0,"max_hp_loss":0,"event_name":"World of Goop","floor":5,"gold_loss":0},{"damage_healed":0,"gold_gain":0,"player_choice":"Lose Max HP","damage_taken":0,"relics_obtained":["Golden Idol"],"max_hp_gain":0,"max_hp_loss":5,"event_name":"Golden Idol","floor":12,"gold_loss":0},{"damage_healed":0,"gold_gain":99,"player_choice":"Stole From Cult","damage_taken":0,"max_hp_gain":0,"max_hp_loss":0,"event_name":"Nest","floor":19,"gold_loss":0},{"damage_healed":0,"gold_gain":0,"cards_transformed":["Strike_G"],"player_choice":"Transformed","damage_taken":0,"max_hp_gain":0,"max_hp_loss":0,"event_name":"Transmorgrifier","floor":22,"gold_loss":0,"cards_obtained":["Doppelganger"]},{"damage_healed":0,"gold_gain":0,"cards_transformed":["Strike_G","Defend_G"],"player_choice":"Became Test Subject","damage_taken":0,"max_hp_gain":0,"max_hp_loss":0,"event_name":"Drug Dealer","floor":24,"gold_loss":0,"cards_obtained":["All Out Attack","Flechettes"]},{"damage_healed":0,"gold_gain":275,"player_choice":"Desecrate","damage_taken":0,"max_hp_gain":0,"max_hp_loss":0,"event_name":"Golden Shrine","floor":28,"gold_loss":0,"cards_obtained":["Regret"]},{"damage_healed":0,"gold_gain":0,"player_choice":"Ignored","damage_taken":0,"max_hp_gain":0,"max_hp_loss":0,"event_name":"Mysterious Sphere","floor":39,"gold_loss":0}],"is_beta":false,"boss_relics":[{"not_picked":["Pandora\u0027s Box","Busted Crown"],"picked":"Ectoplasm"},{"not_picked":["Sozu","SlaversCollar"],"picked":"SacredBark"}],"items_purged_floors":[20,30],"is_endless":false,"potions_floor_spawned":[1,7,14,18,21,25,33,35],"killed_by":"Nemesis","ascension_level":13}}