{"host":"vx9g5eyuglzorf3u","time":1613838377,"event":{"mods":["2.2 Compatiblity","BaseMod","DeckTracker","Keyboard Shortcuts","Minty Spire (QoL Compilation)","Relic Stats","StSLib","SuperFastMode","everything is the same but u backflip on backflip"],"gold_per_floor":[116,41,41,41,41,71,71,87,110,110,126,142,142,159,159,159,159],"floor_reached":16,"language":"KOR","playtime":308,"items_purged":["Defend_G"],"score":250,"play_id":"9afc4d06-9b68-465e-97ed-a6d92927b524","local_time":"20210221012617","is_ascension_mode":true,"campfire_choices":[{"data":"Blade Dance","floor":7.0,"key":"SMITH"},{"data":"Bouncing Flask","floor":10.0,"key":"SMITH"},{"data":"Acrobatics","floor":15.0,"key":"SMITH"}],"circlet_count":0,"master_deck":["AscendersBane","Strike_G","Strike_G","Strike_G","Strike_G","Defend_G","Defend_G","Defend_G","Defend_G","Survivor","Neutralize","Blade Dance+1","Adrenaline","Crippling Poison","Bouncing Flask+1","Footwork+1","Acrobatics+1"],"relics":["Ring of the Snake","NeowsBlessing","Prayer Wheel","Art of War"],"acts_visited":["Exordium"],"potions_floor_usage":[16,16],"damage_taken":[{"damage":0.0,"enemies":"Small Slimes","floor":1.0,"turns":1.0},{"damage":0.0,"enemies":"3 Sentries","floor":6.0,"turns":1.0},{"damage":0.0,"enemies":"2 Louse","floor":8.0,"turns":1.0},{"damage":0.0,"enemies":"Cultist","floor":11.0,"turns":3.0},{"damage":4.0,"enemies":"2 Fungi Beasts","floor":12.0,"turns":3.0},{"damage":6.0,"enemies":"Lots of Slimes","floor":14.0,"turns":3.0},{"damage":43,"enemies":"Slime Boss","floor":16,"turns":12}],"seed_played":"939056806591640350","potions_obtained":[{"floor":11.0,"key":"DistilledChaos"},{"floor":12.0,"key":"GamblersBrew"}],"is_trial":false,"path_per_floor":["M","$","?","?","?","E","R","M","T","R","M","M","?","M","R","B"],"character_chosen":"THE_SILENT","items_purchased":[],"campfire_rested":0,"item_purchase_floors":[],"current_hp_per_floor":[59,59,59,59,59,59,59,59,59,59,59,55,55,49,49,6,6],"gold":159,"neow_bonus":"THREE_ENEMY_KILL","is_daily":false,"chose_seed":false,"campfire_upgraded":3,"win_rate":0.0,"timestamp":1613838377,"path_taken":["M","$","?","?","?","E","R","M","T","R","M","?","?","?","R","BOSS"],"items_purchased_type":[],"build_version":"2020-12-22","purchased_purges":1,"victory":false,"max_hp_per_floor":[66,66,66,66,66,66,66,66,66,66,66,66,66,66,66,66,66],"relic_stats":{"counters":[7,24],"Prayer Wheel":4,"Art of War":[7],"obtain_stats":[{"NeowsBlessing":0,"Prayer Wheel":6,"Art of War":9,"Ring of the Snake":0},{"NeowsBlessing":0,"Prayer Wheel":2,"Art of War":3,"Ring of the Snake":0},{"NeowsBlessing":0,"Prayer Wheel":2,"Art of War":3,"Ring of the Snake":0}],"Ring of the Snake":[14]},"card_choices":[{"not_picked":["Underhanded Strike","Reflex"],"picked":"Blade Dance","floor":1.0},{"not_picked":["Leg Sweep","Blade Dance"],"picked":"Adrenaline","floor":6.0},{"not_picked":["Expertise","Sucker Punch"],"picked":"Crippling Poison","floor":8.0},{"not_picked":["Setup","Crippling Poison"],"picked":"Bouncing Flask","floor":8.0},{"not_picked":["Flying Knee","Quick Slash"],"picked":"Footwork","floor":11.0},{"not_picked":["Dodge and Roll","Finisher","Slice"],"picked":"SKIP","floor":11.0},{"not_picked":["Dodge and Roll","Finisher","Slice"],"picked":"SKIP","floor":11.0},{"not_picked":["Flying Knee","Blade Dance","Night Terror"],"picked":"SKIP","floor":12.0},{"not_picked":["Prepared","Setup","All Out Attack"],"picked":"SKIP","floor":12.0},{"not_picked":["Cloak And Dagger","PiercingWail"],"picked":"Acrobatics","floor":14.0},{"not_picked":["Deadly Poison","Dagger Throw","Dash"],"picked":"SKIP","floor":14.0},{"not_picked":["Deadly Poison","Dagger Throw","Dash"],"picked":"SKIP","floor":14.0}],"player_experience":1532655,"relics_obtained":[{"floor":6.0,"key":"Prayer Wheel"},{"floor":9.0,"key":"Art of War"}],"event_choices":[{"damage_healed":0.0,"max_hp_gain":0.0,"max_hp_loss":0.0,"gold_gain":0.0,"event_name":"Liars Game","player_choice":"Ignored","floor":3.0,"gold_loss":0.0,"damage_taken":0.0},{"damage_healed":0.0,"max_hp_gain":0.0,"max_hp_loss":0.0,"gold_gain":0.0,"event_name":"The Cleric","player_choice":"Leave","floor":4.0,"gold_loss":0.0,"damage_taken":0.0},{"cards_removed":["Strike_G"],"damage_healed":0.0,"max_hp_gain":0.0,"max_hp_loss":0.0,"gold_gain":0.0,"event_name":"Bonfire Elementals","player_choice":"Offered Basic","floor":5.0,"gold_loss":0.0,"damage_taken":0.0},{"damage_healed":0.0,"max_hp_gain":0.0,"max_hp_loss":0.0,"gold_gain":0.0,"event_name":"Accursed Blacksmith","player_choice":"Forge","floor":13.0,"gold_loss":0.0,"damage_taken":0.0,"cards_upgraded":["Footwork"]}],"is_beta":false,"boss_relics":[],"items_purged_floors":[2],"is_endless":false,"potions_floor_spawned":[11,12,14],"killed_by":"Slime Boss","ascension_level":20}}