{"host":"57rcrwhzj4x4jlaj","time":1613837280,"event":{"mods":["2.2 Compatiblity","Act Like it!","Arknights","BaseMod","BetterRewards","Bossed Relics","Colored Map","Conspire","Dota2Spire","Downfall","Energized Spire","Grow up Mod","Hermit","Hubris","Infinite Spire","Jorbs\u0027s Wanderer Trilogy","Marisa????????","Minty Spire (QoL Compilation)","Relic Stats","Remilia??????","Replay The Spire","Shop Mod","StSLib","SuperFastMode","The Accelerator","The Bug Knight","The Jungle","[IsaacMod]????"],"gold_per_floor":[110,110,126,183,197,226,240,265,312,353,353,379,405,427,427,537,537,557,577,596,610,610,610,634,644,644,669,669,706,735,735,735,844,853,867,885,907,907,907,891,948,986,1011,1036,1056,1056,1074,1085,1085,1189,1189,1189],"floor_reached":51,"language":"ENG","playtime":3516,"items_purged":["ats:Strike G+1"],"score":907,"play_id":"829c9d72-2e7e-401a-a8d6-780e3be25904","local_time":"20210220230800","is_ascension_mode":false,"campfire_choices":[{"data":"ats:Spore Proliferation","floor":11,"key":"SMITH"},{"data":"ats:Roar Of Ursus","floor":15,"key":"SMITH"},{"data":"ats:Burning Ground","floor":23,"key":"SMITH"},{"data":"ats:Ambush","floor":28,"key":"SMITH"},{"floor":32,"key":"REST"},{"data":"Apotheosis","floor":46,"key":"SMITH"},{"data":"ats:Flame Of Heaven","floor":49,"key":"SMITH"}],"circlet_count":0,"master_deck":["ats:Strike C","ats:Armor Crushing Shot","ats:Defend","ats:Defend","ats:Defend","ats:Defend","ats:Emotion Absorption","ats:Soul Absorption","ats:Explosion Area Strengthen+1","ats:Powerful Strike","ats:Closed Bolt Burst Fire","ats:Very Hot Blade","ats:Spore Proliferation+1","ats:Demon Strength","ats:Roar Of Ursus+1","ats:Red Shift","ats:Curse Doll","ats:Phantom","ats:Burning Ground+1","ats:Ambush+1","ats:Very Hot Blade+1","ats:Flame Of Heaven+1","ats:Sunburst+1","ats:Ignite+1","ats:Healing Drone","ats:Shadow Assault","Apotheosis+1","ats:Ignite+1","ats:Assault Order+1","ats:Flame Of Heaven+1","hubris:NaturalOne","ats:Mental Burst","ats:Wolf Pack"],"relics":["ats:Sanity","HushsDoor","GuppysHead","ats:Assault","ats:Arts","Lantern","infinitespire:WardingShard","ats:Originium","Letter Opener","Dota2Spire:AssaultCuirass","CeramicFish","Whetstone","Empty Cage","infinitespire:ShieldingShard","Mirror","ats:Hidden Killer","infinitespire:Bottled Soul","hubris:Metronome","hubris:HollowSoul","GuppysHairball","hubris:Icosahedron","Gremlin Food","hubris:FunFungus","Dota2Spire:MaskOfMadness","Dota2Spire:MonkeyKingBar","ats:Tactical Delivery"],"acts_visited":["Exordium","TheCity","TheBeyond","Exordium"],"potions_floor_usage":[6,6,8,16,24,33,33,44,50,50,50],"damage_taken":[{"damage":0,"enemies":"Small Slimes","floor":1,"turns":5},{"damage":2,"enemies":"conspire:RoseBush","floor":3,"turns":1},{"damage":0,"enemies":"ats:Genji","floor":5,"turns":4},{"damage":0,"enemies":"3 Sentries","floor":6,"turns":5},{"damage":7,"enemies":"Blue Slaver","floor":7,"turns":3},{"damage":8,"enemies":"Lagavulin","floor":8,"turns":3},{"damage":0,"enemies":"Replay:BlueRogue","floor":10,"turns":3},{"damage":8,"enemies":"Exordium Wildlife","floor":12,"turns":3},{"damage":4,"enemies":"Exordium Thugs","floor":13,"turns":5},{"damage":7,"enemies":"Gremlin Gang","floor":14,"turns":4},{"damage":29,"enemies":"The Guardian","floor":16,"turns":9},{"damage":30,"enemies":"Chosen","floor":18,"turns":6},{"damage":8,"enemies":"3 Byrds","floor":19,"turns":6},{"damage":19,"enemies":"Sentry and Sphere","floor":20,"turns":5},{"damage":39,"enemies":"Snecko","floor":21,"turns":7},{"damage":26,"enemies":"Snake Plant","floor":24,"turns":4},{"damage":25,"enemies":"Centurion and Healer","floor":25,"turns":5},{"damage":38,"enemies":"Shelled Parasite and Fungi","floor":27,"turns":5},{"damage":17,"enemies":"conspire:MimicChest","floor":29,"turns":7},{"damage":32,"enemies":"Nightmare","floor":30,"turns":9},{"damage":64,"enemies":"Automaton","floor":33,"turns":9},{"damage":0,"enemies":"Orb Walker","floor":35,"turns":2},{"damage":33,"enemies":"3 Darklings","floor":36,"turns":4},{"damage":66,"enemies":"Transient","floor":37,"turns":5},{"damage":40,"enemies":"Nemesis","floor":40,"turns":5},{"damage":39,"enemies":"2 Orb Walkers","floor":41,"turns":6},{"damage":15,"enemies":"Maw","floor":42,"turns":7},{"damage":26,"enemies":"Giant Head","floor":44,"turns":7},{"damage":27,"enemies":"Jaw Worm Horde","floor":45,"turns":4},{"damage":2,"enemies":"Spire Growth","floor":47,"turns":4},{"damage":16,"enemies":"Transient","floor":48,"turns":5},{"damage":307,"enemies":"hubris:GrandSnecko","floor":50,"turns":17}],"seed_played":"3718464919710017015","potions_obtained":[{"floor":3,"key":"SteroidPotion"},{"floor":4,"key":"PowerPotion"},{"floor":6,"key":"ats:Burn Small Potion"},{"floor":7,"key":"ColorlessPotion"},{"floor":10,"key":"Elixir"},{"floor":14,"key":"Ancient Potion"},{"floor":19,"key":"Dota2Spire:Clarity"},{"floor":24,"key":"Weak Potion"},{"floor":25,"key":"LiquidBronze"},{"floor":33,"key":"Milkshake"},{"floor":36,"key":"Dexterity Potion"},{"floor":44,"key":"AttackPotion"}],"is_trial":false,"path_per_floor":["M","?","M","?","M","E","M","E","T","E","R","M","M","M","R","B",null,"M","M","M","M","?","R","M","M","T","M","R","?","NM","T","R","B",null,"M","M","M","?","?","E","?","M","T","E","M","R","M","M","R","B",null],"character_chosen":"DOCTOR_CLASS","items_purchased":["ats:Assault","ats:Soul Absorption","ats:Arts","Lantern","Apotheosis","GuppysHairball"],"campfire_rested":1,"item_purchase_floors":[0,0,0,0,34,34],"current_hp_per_floor":[92,102,110,120,130,140,143,145,155,165,175,177,183,186,196,177,252,232,234,225,196,206,216,200,185,195,167,177,170,154,164,291,249,402,412,393,337,347,357,327,304,301,311,343,326,336,344,344,354,111,562,562],"gold":1189,"neow_bonus":"","is_daily":false,"chose_seed":false,"campfire_upgraded":6,"win_rate":0.0,"timestamp":1613837280,"path_taken":["M","?","M","?","?","E","?","E","T","E","R","M","M","M","R","BOSS","M","M","M","M","?","R","?","M","T","M","R","?","NM","?","R","BOSS","M","M","M","?","?","E","?","M","T","E","M","R","?","M","R","BOSS"],"items_purchased_type":["Relic","Card","Relic","Relic","Card","Relic"],"build_version":"2020-12-22","purchased_purges":1,"victory":false,"max_hp_per_floor":[92,102,112,122,132,142,152,162,172,182,192,202,212,222,232,242,252,262,272,282,292,302,312,322,332,342,352,362,372,382,392,402,412,402,412,422,432,442,452,462,472,482,492,502,512,522,532,542,552,562,562,562],"relic_stats":{"counters":[34,178],"CeramicFish":162,"Letter Opener":[55],"Whetstone":["ats:Explosion Area Strengthen","ats:Strike G"],"obtain_stats":[{"Dota2Spire:MaskOfMadness":43,"Lantern":0,"hubris:Metronome":31,"bronze:BronzeCore":0,"CeramicFish":9,"conspire:SpecialSausage":0,"infinitespire:Cubic Diamond":4,"Whetstone":10,"Empty Cage":17,"infinitespire:ShieldingShard":22,"hubris:Icosahedron":38,"infinitespire:Bottled Soul":30,"ats:Arts":0,"hubris:FunFungus":41,"Dota2Spire:AssaultCuirass":8,"KeepersGift":0,"Gremlin Food":40,"DoctorsRemote":0,"Dota2Spire:BlackKingBar":3,"ats:Assault":0,"ats:Hidden Killer":29,"hubris:HollowSoul":34,"Letter Opener":6,"infinitespire:WardingShard":4,"ats:Originium":6,"ats:Tactical Delivery":51,"GuppysHairball":34,"HushsDoor":0,"Mirror":26,"Dota2Spire:MonkeyKingBar":44},{"Dota2Spire:MaskOfMadness":29,"Lantern":2,"hubris:Metronome":22,"bronze:BronzeCore":0,"CeramicFish":8,"conspire:SpecialSausage":0,"infinitespire:Cubic Diamond":1,"Whetstone":9,"Empty Cage":13,"infinitespire:ShieldingShard":17,"hubris:Icosahedron":26,"infinitespire:Bottled Soul":22,"ats:Arts":2,"hubris:FunFungus":28,"Dota2Spire:AssaultCuirass":8,"KeepersGift":0,"Gremlin Food":27,"DoctorsRemote":0,"Dota2Spire:BlackKingBar":1,"ats:Assault":2,"ats:Hidden Killer":21,"hubris:HollowSoul":23,"Letter Opener":6,"infinitespire:WardingShard":4,"ats:Originium":6,"ats:Tactical Delivery":34,"GuppysHairball":23,"HushsDoor":0,"Mirror":19,"Dota2Spire:MonkeyKingBar":30},{"Dota2Spire:MaskOfMadness":141,"Lantern":4,"hubris:Metronome":103,"bronze:BronzeCore":0,"CeramicFish":25,"conspire:SpecialSausage":0,"infinitespire:Cubic Diamond":3,"Whetstone":28,"Empty Cage":49,"infinitespire:ShieldingShard":73,"hubris:Icosahedron":123,"infinitespire:Bottled Soul":103,"ats:Arts":4,"hubris:FunFungus":134,"Dota2Spire:AssaultCuirass":25,"KeepersGift":0,"Gremlin Food":128,"DoctorsRemote":0,"Dota2Spire:BlackKingBar":3,"ats:Assault":4,"ats:Hidden Killer":94,"hubris:HollowSoul":112,"Letter Opener":19,"infinitespire:WardingShard":10,"ats:Originium":19,"ats:Tactical Delivery":178,"GuppysHairball":112,"HushsDoor":0,"Mirror":82,"Dota2Spire:MonkeyKingBar":148}]},"card_choices":[{"not_picked":[],"picked":"Bomb","floor":0},{"not_picked":["ats:Apocalypse","ats:Counter Healing Mode"],"picked":"ats:Explosion Area Strengthen","floor":1},{"not_picked":["ats:Roar Of Ursus","ats:Counter Healing Mode"],"picked":"ats:Powerful Strike","floor":3},{"not_picked":["ats:Directed Diagnosis","ats:Apocalypse"],"picked":"ats:Closed Bolt Burst Fire","floor":4},{"not_picked":["ats:Shell Defense","ats:Apocalypse"],"picked":"ats:Very Hot Blade","floor":5},{"not_picked":["ats:Guard Mode","ats:Thorns"],"picked":"ats:Spore Proliferation","floor":6},{"not_picked":["Bomb","ats:Thorns"],"picked":"ats:Demon Strength","floor":7},{"not_picked":["ats:Fractured Body","ats:Cat Scratch"],"picked":"ats:Roar Of Ursus","floor":8},{"not_picked":["ats:Leaping Hammer","ats:Consecutive Shot Auto"],"picked":"ats:Red Shift","floor":10},{"not_picked":["ats:Closed Bolt Burst Fire","Bomb"],"picked":"ats:Curse Doll","floor":12},{"not_picked":["ats:Hammer On","ats:LN2 Cannon"],"picked":"ats:Phantom","floor":13},{"not_picked":["ats:Blood Oath","ats:Composite Medical Shells"],"picked":"ats:Burning Ground","floor":14},{"not_picked":["ats:Wolf Pack","ats:Calcification"],"picked":"ats:Ambush","floor":16},{"not_picked":["ats:Leaping Hammer","ats:Powerful Strike"],"picked":"ats:Very Hot Blade+1","floor":18},{"not_picked":["ats:Overload+1","ats:Explosion Area Strengthen"],"picked":"ats:Flame Of Heaven","floor":19},{"not_picked":["ats:Leaping Hammer+1","ats:Poison Spread+1","ats:Rapid Magazine"],"picked":"SKIP","floor":20},{"not_picked":["ats:Guard Mode","ats:Thermite Blade","ats:Red Shift+1"],"picked":"SKIP","floor":21},{"not_picked":["ats:Composite Medical Shells+1","ats:Very Hot Blade"],"picked":"ats:Sunburst+1","floor":24},{"not_picked":["ats:Consecutive Shot Auto","ats:Cat Scratch","ats:Shadow Raid"],"picked":"SKIP","floor":25},{"not_picked":["ats:Charging Defense","ats:Hammer On"],"picked":"ats:Ignite+1","floor":27},{"not_picked":["ats:Phantom+1","ats:LN2 Cannon"],"picked":"ats:Healing Drone","floor":29},{"not_picked":["ats:Literary Storm","ats:Calcification","ats:Shell Defense"],"picked":"SKIP","floor":30},{"not_picked":["ats:Rat Pack","ats:Echo Reverb"],"picked":"ats:Shadow Assault","floor":33},{"not_picked":["ats:Shadow Raid+1","ats:Steam Pump","ats:Cat Scratch+1"],"picked":"SKIP","floor":35},{"not_picked":["ats:Closed Bolt Burst Fire+1","ats:Consecutive Shot Auto+1","ats:Hook Shot+1"],"picked":"SKIP","floor":36},{"not_picked":["ats:Shell Defense","ats:Literary Storm"],"picked":"ats:Ignite+1","floor":37},{"not_picked":["ats:Closed Bolt Burst Fire","ats:Magnetic Hammer"],"picked":"ats:Assault Order+1","floor":40},{"not_picked":["ats:Poison Spread","ats:Serious Mode+1"],"picked":"ats:Flame Of Heaven+1","floor":41},{"not_picked":["ats:Guardian Obelisk","ats:Automatic Cover+1"],"picked":"ats:Mental Burst","floor":42},{"not_picked":["ats:Thermite Blade+1","ats:Poison Spread+1","ats:Shadow Assault"],"picked":"SKIP","floor":44},{"not_picked":["ats:Revitalization","ats:Explosion Area Strengthen","ats:Guard Mode"],"picked":"SKIP","floor":45},{"not_picked":["ats:Directed Diagnosis+1","ats:Sword Rain+1","ats:Consecutive Shot Auto+1"],"picked":"SKIP","floor":47},{"not_picked":["ats:Explosion Area Strengthen+1","ats:Apocalypse","ats:Powerful Strike"],"picked":"SKIP","floor":48},{"not_picked":["ats:True Silver Slash","ats:Fractured Body"],"picked":"ats:Wolf Pack","floor":50}],"player_experience":670560,"relics_obtained":[{"floor":4,"key":"infinitespire:WardingShard"},{"floor":6,"key":"ats:Originium"},{"floor":6,"key":"Letter Opener"},{"floor":8,"key":"ats:Originium"},{"floor":8,"key":"Dota2Spire:AssaultCuirass"},{"floor":9,"key":"CeramicFish"},{"floor":10,"key":"ats:Originium"},{"floor":10,"key":"Whetstone"},{"floor":26,"key":"Mirror"},{"floor":29,"key":"ats:Hidden Killer"},{"floor":30,"key":"ats:Originium"},{"floor":30,"key":"infinitespire:Bottled Soul"},{"floor":31,"key":"hubris:Metronome"},{"floor":40,"key":"Gremlin Food"},{"floor":41,"key":"hubris:FunFungus"},{"floor":43,"key":"Dota2Spire:MaskOfMadness"},{"floor":44,"key":"Dota2Spire:MonkeyKingBar"}],"event_choices":[{"damage_healed":0,"gold_gain":0,"player_choice":"Disagree","damage_taken":0,"max_hp_gain":0,"max_hp_loss":0,"event_name":"conspire:LoneGhost","floor":2,"gold_loss":0},{"damage_healed":0,"gold_gain":0,"player_choice":"Gave Potion","damage_taken":0,"relics_obtained":["infinitespire:ShieldingShard"],"max_hp_gain":0,"max_hp_loss":0,"event_name":"WeMeetAgain","floor":22,"gold_loss":0},{"damage_healed":0,"gold_gain":0,"player_choice":"Leave","damage_taken":0,"max_hp_gain":0,"max_hp_loss":0,"event_name":"conspire:Investor","floor":39,"gold_loss":0},{"damage_healed":0,"gold_gain":0,"player_choice":"Fight","damage_taken":0,"max_hp_gain":0,"max_hp_loss":0,"event_name":"Mysterious Sphere","floor":41,"gold_loss":0}],"is_beta":false,"boss_relics":[{"not_picked":["hubris:ScarierMask","energizedSpire:CursedPentagram"],"picked":"Empty Cage"},{"not_picked":[]},{"not_picked":["Calling Bell","Honey Jar"],"picked":"hubris:HollowSoul"},{"not_picked":[]},{"not_picked":["Cursed Key","Painkiller Herb"],"picked":"ats:Tactical Delivery"},{"not_picked":[]}],"items_purged_floors":[34],"is_endless":true,"potions_floor_spawned":[3,6,7,10,14,19,20,21,24,25,29,33,36,37,41,42,44],"ascension_level":0}}