{"host":"6pi3nqc17y3b7f6a","time":1613812193,"event":{"mods":["Act Like it!","Aspiration","Astrologer","Bartender","BaseMod","Beaked The Cultist","Bestiary","Better Match","Better Sensory Stone","Better Skull","Better Third Choice","Better Vampires","BetterRewards","CapriCore","Challenge The Spire","ChefMod","Chen","Clockwork Mod","Colored Map","Colored Powertips","Colorless Booster Pack","Conspire","Defuse TimeMaze Blight","Dio Mod","Duelist Mod","Elementarium","Energized Spire","Fox Events","Friendly Minions","Gensokyo","GifTheSpireLib","Gremlin Mod","GungeonMod","Halation","Hallownest","Highlight Path","Hubris","Hyrulean Relics","Infinite Spire","JesterMod","KinomotoSakuraMod(????)","Koishi","Mad Scientist","Magitek Elite","Marisa????????","Melee Mod","Menagerie","Mimic Mod","Minty Spire (QoL Compilation)","Nova Terra(??·??)","Pale of the Ancients","Pikachu Mod","Potionbrewer","Quarter Circle Forward PUNCH!","Quick Restart","Random Character Button","Rare Cards Sparkle","Reimu??????","Remilia??????","Replay The Spire","Robot Space Explorer","SCP261 Mod","SIMod","SOS???????","Shedinja","Shop Mod","Spikes Relics","StSLib","Stuff the Spire","SuperFastMode","The Administrix","The Alterego","The Animator","The Bug Knight","The Construct","The Dragon Tamer","The Dragonkin","The Forsaken","The Hierophant","The Immortal","The Jester","The Kombatant","The Marked","The Mystic","The Poker Player","The Problem Sleuth","The Runesmith","The Sage","The Senshi","The Servant 0.9.4","The Showman","The Spell Scribe","The Vixen","The Wild Card","TheBandit","TheHero","TheSwordswoman","Trackpad","Treasure Hunter","Wandering Minibosses","Yakumo Yukari mod","Yuyuko","??????REMEMod"],"gold_per_floor":[115,115,115,340,34,34,66,80,117,117,131,146,171,171,171,275,275,290,324,340,340,359,359,385,385,419,436,453,485,485,485,485,513,513,617,617,629,629,429,339,339,392,403,481,481,516,6,40,56,69,69,255,255,273,337,384,15,15,99,99,99,99,99,99],"floor_reached":63,"language":"ENG","playtime":7773,"items_purged":["Shame","theDragonkin:Strike","theDragonkin:Defend","theDragonkin:Strike"],"score":1148,"play_id":"ac600cb6-0f06-47d6-93ea-e06b2b5b2078","local_time":"20210220010952","is_ascension_mode":true,"campfire_choices":[{"data":"theDragonkin:HolySmite","floor":6,"key":"SMITH"},{"data":"theDragonkin:ChainsOfTruth","floor":10,"key":"SMITH"},{"data":"theDragonkin:MirrorBreath","floor":15,"key":"SMITH"},{"data":"theDragonkin:DivineVision","floor":23,"key":"SMITH"},{"floor":32,"key":"REST"},{"data":"Crystallizer","floor":34,"key":"SMITH"},{"data":"theDragonkin:CrusaderForm","floor":51,"key":"SMITH"}],"circlet_count":0,"master_deck":["theDragonkin:Strike+1","theDragonkin:Defend+1","theDragonkin:Defend","theDragonkin:Defend","theDragonkin:HolySmite+1","theDragonkin:BlazingBreath","Brilliance+1","theDragonkin:GooGrip","Clumsy","theDragonkin:ShieldGlare","theDragonkin:ChainsOfTruth+1","theDragonkin:PrismaticBreath","theDragonkin:MirrorBreath+1","theDragonkin:CorrosiveBelch","theDragonkin:Subdue+1","theDragonkin:DivineVision+1","theDragonkin:AcidArmor","theDragonkin:PrismaticBreath","theDragonkin:Sizzle","Dramatic Entrance+1","Crystallizer+1","Crow Ritual","Replay:Cycle+1","theDragonkin:PrismaticBreath+1","Iron Wave","TH:DeckOfManyThings","theDragonkin:SandBreath+1","Flying Knee","Panache","SpiritShield","theDragonkin:CrusaderForm+1","theDragonkin:HolyWordBarrier+1","theDragonkin:CrusaderForm","conspire:SpireCoStock","conspire:SpireCoStock","conspire:SpireCoStock","conspire:SpireCoStock","Gensokyo:CustomPotion","Gensokyo:PrivateSquare","Pride","theDragonkin:AncestralSeance+1","Mayhem","Panache","theDragonkin:EmberSwipe","theDragonkin:Condemnation","theDragonkin:DivineJolt","Panache","Chrysalis","theDragonkin:AcidArmor+1"],"relics":["theDragonkin:GarnetScale","REME_ComplimentaryCards","animeID:HeroCostume","Menagerie:ExplorersFlag","MerchantsRug","DemoMod:GnawedKey","potionbrewer:ToyAutogyro","aspiration:ArtOfWarUpgrade","qcfpunch:Red_Beret","trackpad:WritersBlock","REME_LowDesire","ScarletDevilRocket","Replay:Rubber Ducky","Elementarium:GoldenMirage","hubris:SlimyHat","DemoMod:ResourcefulSack","hubris:FruitBowl","Guide Book","Snack Pack","hubris:TenFootPole","Elementarium:ElementariumTrophy","aspiration:MobileForge","wanderingMiniBosses:CarrionFlame","REME_IWantAll","Regal Pillow","Garlic","StuffTheSpire:Gunfinga","conspire:GlowingRock","Philosopher\u0027s Stone","paleoftheancients:Timepiece","paleoftheancients:KeyRelic","CultistMask","paleoftheancients:SoulOfTheCollector","paleoftheancients:SoulOfTheThorton","StuffTheSpire:ForceGauntlet"],"acts_visited":["Menagerie:Menagerie","Elementarium:Elementarium","Gensokyo:Gensokyoest","paleoftheancients:PaleOfTheAncients"],"potions_floor_usage":[7,16,19,22,24,27,27,29,33,35,42,48,49,59,63],"damage_taken":[{"damage":2,"enemies":"Menagerie:MonstrousExperiment","floor":1,"turns":4},{"damage":20,"enemies":"Menagerie:Hydra","floor":7,"turns":8},{"damage":10,"enemies":"Menagerie:StygianBoar","floor":8,"turns":6},{"damage":0,"enemies":"Menagerie:WhisperingWraith","floor":9,"turns":8},{"damage":0,"enemies":"Menagerie:WhisperingWraith","floor":11,"turns":4},{"damage":0,"enemies":"Menagerie:RedMage","floor":12,"turns":4},{"damage":20,"enemies":"Menagerie:VoidReaper","floor":13,"turns":5},{"damage":13,"enemies":"Menagerie:AVATARS","floor":16,"turns":8},{"damage":13,"enemies":"Elementarium:2_ELEMENTALS","floor":18,"turns":5},{"damage":0,"enemies":"Elementarium:GOLDEN_STATUES","floor":19,"turns":8},{"damage":0,"enemies":"Elementarium:Cyclone","floor":20,"turns":7},{"damage":0,"enemies":"Elementarium:VOID_CORRUPTION_AND_TAR_GOLEM","floor":22,"turns":10},{"damage":10,"enemies":"Elementarium:FIRE_NOBILITY","floor":24,"turns":12},{"damage":0,"enemies":"Elementarium:RubyGolem","floor":26,"turns":7},{"damage":3,"enemies":"Elementarium:RubyGolem","floor":27,"turns":8},{"damage":1,"enemies":"Elementarium:CYCLONE_AND_ORB_OF_FIRE","floor":28,"turns":6},{"damage":59,"enemies":"Elementarium:ElementalPortal","floor":29,"turns":24},{"damage":4,"enemies":"Elementarium:FIRE_NOBILITY","floor":33,"turns":12},{"damage":13,"enemies":"Elementarium:GoldenDragon","floor":35,"turns":9},{"damage":40,"enemies":"Gensokyo:AncientGuardian","floor":37,"turns":8},{"damage":57,"enemies":"Gensokyo:Kasen","floor":42,"turns":12},{"damage":0,"enemies":"Gensokyo:3_Bats","floor":43,"turns":1},{"damage":28,"enemies":"Nightmare","floor":44,"turns":15},{"damage":16,"enemies":"Gensokyo:Kasen","floor":46,"turns":10},{"damage":0,"enemies":"Gensokyo:Sharpion","floor":48,"turns":8},{"damage":0,"enemies":"Gensokyo:4_Bats","floor":49,"turns":4},{"damage":6,"enemies":"Gensokyo:Dusk_and_Dawn","floor":50,"turns":5},{"damage":22,"enemies":"Gensokyo:Scarlet_Devils","floor":52,"turns":13},{"damage":98,"enemies":"Gensokyo:Scarlet_Devils","floor":54,"turns":4},{"damage":19,"enemies":"Gensokyo:Scarlet_Devils","floor":55,"turns":9},{"damage":0,"enemies":"paleoftheancients:Thorton3","floor":56,"turns":3},{"damage":57,"enemies":"paleoftheancients:Thorton3","floor":59,"turns":14},{"damage":98,"enemies":"paleoftheancients:N","floor":63,"turns":11}],"seed_played":"-1485919551947571181","potions_obtained":[{"floor":1,"key":"BlessingOfTheForge"},{"floor":7,"key":"BlessingOfTheForge"},{"floor":11,"key":"Strength Potion"},{"floor":13,"key":"DemoMod:LeadSkinPotion"},{"floor":16,"key":"SneckoOil"},{"floor":19,"key":"conspire:TimeTravelPotion"},{"floor":22,"key":"Swift Potion"},{"floor":27,"key":"DemoMod:LeadSkinPotion"},{"floor":28,"key":"Venom Potion"},{"floor":29,"key":"potionbrewer:DiscountPotion"},{"floor":33,"key":"potionbrewer:AcidPotion"},{"floor":37,"key":"Fire Potion"},{"floor":46,"key":"Block Potion"},{"floor":48,"key":"AttackPotion"},{"floor":49,"key":"potionbrewer:DiscountPotion"},{"floor":55,"key":"potionbrewer:DiscountPotion"}],"is_trial":false,"path_per_floor":["M","?","?","?","$","R","E","M","MIM","R","M","M","E","?","R","B",null,"M","?","M","?","M","R","E","$","MIM","M","M","E","PTL","PTL","R","E","R","B",null,"M","?","?","?","?","E","M","NM","T","E","$","M","M","M","R","B",null,"M","M","M","$","R","M","R","$","?","B"],"character_chosen":"THE_DRAGONKIN","items_purchased":["MerchantsRug","DemoMod:GnawedKey","hubris:FruitBowl","Guide Book","conspire:GlowingRock","Mayhem","StuffTheSpire:ForceGauntlet"],"campfire_rested":1,"item_purchase_floors":[5,5,25,25,47,47,57],"current_hp_per_floor":[85,85,85,85,85,85,69,61,65,65,70,74,56,32,32,25,85,76,85,85,54,65,65,63,34,38,44,47,10,10,10,35,45,45,44,85,49,54,59,64,69,24,26,16,16,12,17,23,32,30,30,32,89,89,85,89,89,89,72,72,72,77,0,0],"gold":99,"neow_bonus":"NOSTALGIA","is_daily":false,"chose_seed":false,"campfire_upgraded":6,"win_rate":0.0,"timestamp":1613812192,"path_taken":["M","?","?","?","$","R","E","M","MIM","R","?","M","E","?","R","BOSS","M","?","M","?","?","R","E","?","MIM","?","M","E","PTL","PTL","R","E","R","BOSS","M","?","?","?","?","E","M","NM","T","E","?","M","?","M","R","BOSS","M","M","?","$","R","M","R","$","?","BOSS"],"items_purchased_type":["Relic","Relic","Relic","Relic","Relic","Card","Relic"],"build_version":"2020-12-22","purchased_purges":4,"victory":false,"max_hp_per_floor":[85,85,85,85,85,85,85,85,85,85,85,85,85,85,85,85,85,85,85,85,85,85,85,85,85,85,85,85,85,85,85,85,85,85,85,85,85,85,85,85,85,85,85,85,85,85,85,85,85,85,85,89,89,89,89,89,89,89,89,89,89,89,89,89],"card_choices":[{"not_picked":["theDragonkin:BurningRage","theDragonkin:DivineFire"],"picked":"theDragonkin:GooGrip","floor":1},{"not_picked":["theDragonkin:DeepBreath","theDragonkin:Cauterize"],"picked":"theDragonkin:ShieldGlare","floor":7},{"not_picked":["TH:CursedSword","TH:TreasureMap"],"picked":"SKIP","floor":7},{"not_picked":["theDragonkin:DivineFire","theDragonkin:FlameBreath"],"picked":"theDragonkin:ChainsOfTruth","floor":8},{"not_picked":["theDragonkin:FlameClaw","theDragonkin:FlameBreath"],"picked":"theDragonkin:PrismaticBreath","floor":11},{"not_picked":["theDragonkin:Flashpoint","theDragonkin:FlameWard"],"picked":"theDragonkin:MirrorBreath","floor":12},{"not_picked":["theDragonkin:RevelationBreath","theDragonkin:ShieldGlare"],"picked":"theDragonkin:CorrosiveBelch","floor":13},{"not_picked":["TH:TreasureMap","TH:ElvenBoots"],"picked":"SKIP","floor":13},{"not_picked":["theDragonkin:FlashofLight","theDragonkin:MirrorBreath"],"picked":"theDragonkin:Subdue","floor":16},{"not_picked":["theDragonkin:ControlledBreath+1","theDragonkin:FlameBreath","REME_BodyOfCthun"],"picked":"theDragonkin:DivineVision","floor":18},{"not_picked":["theDragonkin:FlameWard","theDragonkin:HolyWordBarrier","conspire:Banana"],"picked":"theDragonkin:AcidArmor","floor":19},{"not_picked":["theDragonkin:BurningRage","theDragonkin:FlameWard+1","Replay:Dark Deal"],"picked":"theDragonkin:PrismaticBreath","floor":20},{"not_picked":["theDragonkin:BurnAfterReading","theDragonkin:HolyWordBarrier","TH:PixieDust"],"picked":"theDragonkin:Sizzle","floor":22},{"not_picked":["theDragonkin:BurningRage+1","theDragonkin:EmberSwipe+1","theDragonkin:AcidBreath"],"picked":"Dramatic Entrance+1","floor":24},{"not_picked":["TH:Mimic","TH:TreasureMap"],"picked":"SKIP","floor":24},{"not_picked":["Coolheaded","ReplayTheSpireMod:Dual Polarity"],"picked":"Crystallizer","floor":27},{"not_picked":["theDragonkin:FlameWard","theDragonkin:PlagueSwipe","theDragonkin:HeatShield"],"picked":"Crow Ritual","floor":27},{"not_picked":["Swivel","EmptyFist+1"],"picked":"Replay:Cycle+1","floor":28},{"not_picked":["theDragonkin:Flashpoint","theDragonkin:HolyWordBarrier","Good Instincts+1"],"picked":"theDragonkin:PrismaticBreath+1","floor":28},{"not_picked":["StuffTheSpire:RockThrow","ReplayTheSpireMod:LeadingStrike"],"picked":"Iron Wave","floor":29},{"not_picked":["TH:EnergyPotion"],"picked":"TH:DeckOfManyThings","floor":29},{"not_picked":["theDragonkin:RevelationBreath+1","theDragonkin:MoltenBreath","TH:ArmorSpikes"],"picked":"theDragonkin:SandBreath+1","floor":29},{"not_picked":["StuffTheSpire:DoubleShiv","PiercingWail"],"picked":"Flying Knee","floor":33},{"not_picked":["theDragonkin:AkatirnsDecree","theDragonkin:AcidBreath","theDragonkin:LightArmor"],"picked":"Panache","floor":33},{"not_picked":["TH:ElvenBoots","TH:BikiniMail"],"picked":"SKIP","floor":33},{"not_picked":["Brilliance","ConjureBlade"],"picked":"SpiritShield","floor":35},{"not_picked":["theDragonkin:Condemnation","theDragonkin:AkatirnsDecree","Blind"],"picked":"theDragonkin:CrusaderForm","floor":35},{"not_picked":["theDragonkin:Sizzle+1","theDragonkin:GooGrip","DemoMod:Deposit"],"picked":"theDragonkin:HolyWordBarrier+1","floor":37},{"not_picked":["TH:CopperCoins","TH:CursedSword"],"picked":"SKIP","floor":42},{"not_picked":["theDragonkin:FlameWard+1","theDragonkin:DivineBreath+1","theDragonkin:FlashofLight","REME_HeartOfCthun"],"picked":"SKIP","floor":42},{"not_picked":["theDragonkin:ControlledBreath+1","theDragonkin:FlashofLight","theDragonkin:DivineBreath","Degenerate"],"picked":"SKIP","floor":43},{"not_picked":["theDragonkin:HeatShield+1","theDragonkin:ShieldGlare","Panacea"],"picked":"theDragonkin:AncestralSeance+1","floor":44},{"not_picked":["TH:TreasureMap","TH:CopperCoins"],"picked":"SKIP","floor":44},{"not_picked":["TH:BikiniMail","TH:ElvenBoots"],"picked":"SKIP","floor":45},{"not_picked":["TH:ElvenBoots","TH:TreasureMap"],"picked":"SKIP","floor":46},{"not_picked":["theDragonkin:HolyWordBarrier+1","theDragonkin:SlowBurn+1","theDragonkin:DivineJolt+1","Swift Strike+1"],"picked":"SKIP","floor":46},{"not_picked":["theDragonkin:SlowBurn+1","theDragonkin:DivineFire+1","theDragonkin:MiasmicBreath","REME_ShortnessOfBreath+1"],"picked":"SKIP","floor":48},{"not_picked":["theDragonkin:AcidBreath","theDragonkin:Ashfall","theDragonkin:MagmaScales","StuffTheSpire:Recharge"],"picked":"SKIP","floor":49},{"not_picked":["theDragonkin:EmberSwipe","theDragonkin:Condemnation","theDragonkin:DivineJolt"],"picked":"Panache","floor":50},{"not_picked":["theDragonkin:MoltenBreath","theDragonkin:AshBreath","theDragonkin:CinderStorm"],"picked":"Singing Bowl","floor":52},{"not_picked":["theDragonkin:MiasmicBreath","theDragonkin:DivineJolt+1","theDragonkin:DeepBreath","StuffTheSpire:Recharge"],"picked":"SKIP","floor":55},{"not_picked":["theDragonkin:BurningRage","theDragonkin:RevelationBreath","theDragonkin:TwinBreath+1"],"picked":"Chrysalis","floor":56},{"not_picked":["theDragonkin:FlashofLight","theDragonkin:FlameBreath","TH:PixieDust"],"picked":"theDragonkin:AcidArmor+1","floor":59}],"player_experience":700177,"relics_obtained":[{"floor":7,"key":"potionbrewer:ToyAutogyro"},{"floor":9,"key":"Art of War"},{"floor":13,"key":"qcfpunch:Red_Beret"},{"floor":17,"key":"ScarletDevilRocket"},{"floor":17,"key":"Replay:Rubber Ducky"},{"floor":19,"key":"Elementarium:GoldenMirage"},{"floor":24,"key":"DemoMod:ResourcefulSack"},{"floor":26,"key":"qcfpunch:School_Backpack"},{"floor":29,"key":"Snack Pack"},{"floor":33,"key":"hubris:TenFootPole"},{"floor":37,"key":"wanderingMiniBosses:CarrionFlame"},{"floor":42,"key":"REME_IWantAll"},{"floor":44,"key":"Regal Pillow"},{"floor":45,"key":"Garlic"},{"floor":46,"key":"StuffTheSpire:Gunfinga"},{"floor":55,"key":"paleoftheancients:SoulOfTheCollector"},{"floor":56,"key":"paleoftheancients:SoulOfTheThorton"},{"floor":59,"key":"paleoftheancients:SoulOfTheShrineMaiden"}],"event_choices":[{"damage_healed":0,"gold_gain":0,"player_choice":"Take","damage_taken":0,"relics_obtained":["Menagerie:ExplorersFlag"],"max_hp_gain":0,"max_hp_loss":0,"event_name":"Menagerie:AtThePeak","floor":3,"gold_loss":0,"cards_obtained":["Clumsy"]},{"damage_healed":0,"gold_gain":0,"player_choice":"Ignored","damage_taken":0,"max_hp_gain":0,"max_hp_loss":0,"event_name":"Menagerie:SpiderNest","floor":4,"gold_loss":0},{"damage_healed":0,"gold_gain":225,"player_choice":"Raid","damage_taken":0,"max_hp_gain":0,"max_hp_loss":0,"event_name":"Menagerie:SpiderNest","floor":4,"gold_loss":0,"cards_obtained":["Shame"]},{"damage_healed":0,"gold_gain":0,"player_choice":"UP RE ","damage_taken":33,"relics_obtained":["trackpad:WritersBlock"],"max_hp_gain":0,"max_hp_loss":0,"event_name":"betterSkull:BetterSkull","floor":14,"gold_loss":0,"cards_upgraded":["theDragonkin:Defend"]},{"damage_healed":0,"gold_gain":0,"player_choice":"Fight","damage_taken":0,"max_hp_gain":0,"max_hp_loss":0,"event_name":"Elementarium:GoldenStatues","floor":19,"gold_loss":0},{"damage_healed":0,"gold_gain":0,"player_choice":"UP RE ","damage_taken":35,"relics_obtained":["hubris:SlimyHat"],"max_hp_gain":0,"max_hp_loss":0,"event_name":"betterSkull:BetterSkull","floor":21,"gold_loss":0,"cards_upgraded":["theDragonkin:Strike"]},{"damage_healed":0,"gold_gain":0,"player_choice":"Invest 4","damage_taken":0,"max_hp_gain":0,"max_hp_loss":0,"event_name":"conspire:Investor","floor":39,"gold_loss":0}],"is_beta":false,"boss_relics":[{"not_picked":["Replay:Drink Me","SacredBark"],"picked":"REME_LowDesire"},{"not_picked":["qcfpunch:Crimson_Sash","trackpad:Coffee"],"picked":"aspiration:MobileForge"},{"not_picked":["conspire:RunicOctahedron","halation:Prosthetics"],"picked":"Philosopher\u0027s Stone"}],"items_purged_floors":[5,25,47,57],"is_endless":true,"potions_floor_spawned":[1,7,11,13,16,19,22,27,28,29,33,37,46,48,49,55],"killed_by":"paleoftheancients:N","ascension_level":1}}