{"host":"9op7xyky91xc1g6p","time":1613789464,"event":{"mods":["100% Spire Juice","Act Like it!","Astrologer","Bartender","BaseMod","Beaked The Cultist","Better Altar","Better Note","Better Sensory Stone","Better Skull","Better Third Choice","Better Vampires","Bossed Relics","BshForSts","CapriCore","Energized Spire","Gensokyo","Hallownest","Hermit","HololiveMod","Infinite Spire","Koishi","Magitek Elite","Marisa????????","Minty Spire (QoL Compilation)","Random Character Button","Remilia??????","Retaliation","Robot Space Explorer","Shade Mod","SpireExporter+","StSLib","The Animator","The Disciple","The Dragon Tamer","The Elementalist","The Hierophant","The Immortal","The Marked","The Mystic","The Poker Player","The Problem Sleuth","The Runesmith","The Spell Scribe","TheBandit","Trackpad","Yuyuko","??????REMEMod"],"gold_per_floor":[360,102,102,112,132,161,161,161,185,45,45,63,16,26,26,125,125,144,144,0,47,47,75,75,86,110,124,96,96,113,131,131,131,131,131],"floor_reached":33,"language":"ENG","playtime":2807,"items_purged":[],"score":267,"play_id":"fb2220f2-fd74-41ee-92b1-b192bcc8e3f4","local_time":"20210219185104","is_ascension_mode":false,"metric_token":3091,"campfire_choices":[{"floor":7,"key":"REST"},{"floor":15,"key":"REST"},{"floor":29,"key":"REST"},{"floor":32,"key":"REST"}],"dtmod_dragon_data":[13,50,2,-1,14,0],"circlet_count":0,"master_deck":["DTMod:Strike","DTMod:Strike","DTMod:Strike","DTMod:Strike","DTMod:DoubleHit","DTMod:TargetDefense","DTMod:TargetDefense","DTMod:TargetDefense","DTMod:TargetDefense","DTMod:SwitchingTactic","DTMod:ShieldDrain+1","DTMod:MaximumCharge","DTMod:QuickFly+1","DTMod:Training","DTMod:Training","DTMod:BlazingStrike+1","DTMod:TriAttack","DTMod:StarRain+1","DTMod:ComboAttack","DTMod:MagiciansMark","DTMod:Outburst","DTMod:MagicField+1","DTMod:ForkedFire","DTMod:OpeningTactic","DTMod:Cover+1","DTMod:CleansingStrike","Gensokyo:ReactiveArmor","DTMod:BlueScale","DTMod:Cover"],"relics":["DTMod:PactStone","REME_ComplimentaryCards","Angel_Ring","Anchor","trackpad:CultistFigurine","Whetstone","betterThird:SlimedRelic","Tiny House","Gensokyo:ConquerorOfFear","Kunai","Black Star","Ornamental Fan","infinitespire:Eraser","Gensokyo:RedStar","Smiling Mask"],"acts_visited":["Exordium","Gensokyo:Gensokyoer"],"potions_floor_usage":[21,21,21,21,23,25,27],"damage_taken":[{"damage":1,"enemies":"Jaw Worm","floor":1,"turns":4},{"damage":0,"enemies":"Cultist","floor":4,"turns":3},{"damage":0,"enemies":"2 Louse","floor":5,"turns":2},{"damage":3,"enemies":"3 Sentries","floor":6,"turns":9},{"damage":0,"enemies":"Exordium Thugs","floor":12,"turns":4},{"damage":0,"enemies":"2 Fungi Beasts","floor":14,"turns":2},{"damage":9,"enemies":"Hexaghost","floor":16,"turns":9},{"damage":0,"enemies":"Gensokyo:AngelMirror","floor":18,"turns":2},{"damage":1,"enemies":"Gensokyo:Chomper","floor":21,"turns":5},{"damage":14,"enemies":"Gensokyo:Reisen","floor":23,"turns":8},{"damage":9,"enemies":"Gensokyo:Swordslinger","floor":25,"turns":4},{"damage":3,"enemies":"Gensokyo:Chomper_and_Gloop","floor":27,"turns":7},{"damage":10,"enemies":"Gensokyo:3_Gloops","floor":30,"turns":6},{"damage":14,"enemies":"Gensokyo:Mirror_and_Dog","floor":31,"turns":6},{"damage":39,"enemies":"Gensokyo:Eiki","floor":33,"turns":7}],"seed_played":"2948119724390283536","potions_obtained":[{"floor":1,"key":"GamblersBrew"},{"floor":6,"key":"Weak Potion"},{"floor":14,"key":"SneckoOil"},{"floor":16,"key":"PowerPotion"},{"floor":18,"key":"EntropicBrew"},{"floor":21,"key":"PowerPotion"}],"is_trial":false,"path_per_floor":["M","$","?","M","M","E","R","?","T","$","?","M","?","M","R","B",null,"M","?","?","M","AVR","E","?","M","T","M","COS","R","M","M","R","B"],"character_chosen":"THE_DT","items_purchased":["Angel_Ring","DTMod:MaximumCharge","DTMod:QuickFly","DTMod:TriAttack"],"campfire_rested":4,"item_purchase_floors":[2,2,2,10],"current_hp_per_floor":[32,32,32,32,32,29,42,42,42,42,42,42,31,31,44,35,45,45,45,45,44,44,30,30,21,21,20,20,33,23,20,33,0,0,0],"gold":131,"neow_bonus":"TWO_FIFTY_GOLD","is_daily":false,"chose_seed":false,"campfire_upgraded":0,"win_rate":0.0,"timestamp":1613789464,"path_taken":["M","$","?","?","M","E","R","?","T","$","?","?","?","M","R","BOSS","M","?","?","M","AVR","E","?","M","T","?","COS","R","M","M","R","BOSS"],"items_purchased_type":["Relic","Card","Card","Card"],"build_version":"2020-12-22","purchased_purges":0,"victory":false,"max_hp_per_floor":[45,45,45,45,45,45,45,45,45,45,45,45,45,45,45,45,45,45,45,45,45,45,45,45,45,45,45,45,45,45,45,45,23,23,23],"card_choices":[{"not_picked":["DTMod:DeepFocus","DTMod:Shift"],"picked":"DTMod:ShieldDrain","floor":1},{"not_picked":["DTMod:Adaptation","DTMod:LowKick"],"picked":"DTMod:Training","floor":4},{"not_picked":["DTMod:BurningForce","DTMod:SneakAttack"],"picked":"DTMod:Training","floor":5},{"not_picked":["DTMod:BalancedStrike","DTMod:FlameSlash"],"picked":"DTMod:BlazingStrike","floor":6},{"not_picked":["DTMod:MagicField","DTMod:Hide"],"picked":"DTMod:ComboAttack","floor":12},{"not_picked":["DTMod:RunningTactic","DTMod:Training"],"picked":"DTMod:MagiciansMark","floor":14},{"not_picked":["DTMod:FierySynthesis","DTMod:ExcessFootwork"],"picked":"DTMod:Outburst","floor":16},{"not_picked":["DTMod:Haste","DTMod:Feint"],"picked":"DTMod:MagicField","floor":18},{"not_picked":["DTMod:BurningEnergy+1","DTMod:MagiciansMark+1"],"picked":"DTMod:ForkedFire","floor":21},{"not_picked":["DTMod:ComboAttack","DTMod:Training"],"picked":"DTMod:OpeningTactic","floor":23},{"not_picked":["DTMod:BizarreTactic+1","DTMod:Coolant"],"picked":"DTMod:Cover+1","floor":25},{"not_picked":["DTMod:Adaptation+1","DTMod:Hide"],"picked":"DTMod:CleansingStrike","floor":27},{"not_picked":["DTMod:QuickFly","DTMod:MaximumCharge+1"],"picked":"DTMod:BlueScale","floor":30},{"not_picked":["DTMod:LowKick","DTMod:TauntingStrike"],"picked":"DTMod:Cover","floor":31}],"player_experience":434007,"relics_obtained":[{"floor":6,"key":"Anchor"},{"floor":8,"key":"trackpad:CultistFigurine"},{"floor":9,"key":"Whetstone"},{"floor":21,"key":"Gensokyo:ConquerorOfFear"},{"floor":23,"key":"Ornamental Fan"},{"floor":23,"key":"infinitespire:Eraser"},{"floor":26,"key":"Smiling Mask"}],"event_choices":[{"damage_healed":0,"gold_gain":0,"player_choice":"Bought 0 Potions","damage_taken":0,"max_hp_gain":0,"max_hp_loss":0,"event_name":"The Woman in Blue","floor":3,"gold_loss":0},{"cards_removed":["DTMod:ShieldDrain"],"damage_healed":0,"gold_gain":0,"player_choice":"Take \u0026 Give","damage_taken":0,"max_hp_gain":0,"max_hp_loss":0,"event_name":"betterNote:BetterNote","floor":11,"gold_loss":0,"cards_obtained":["DTMod:StarRain"]},{"damage_healed":0,"gold_gain":0,"player_choice":"Slimed","damage_taken":11,"max_hp_gain":0,"max_hp_loss":0,"event_name":"betterThird:BetterGoop","floor":13,"gold_loss":47}],"is_beta":false,"boss_relics":[{"not_picked":["Coffee Dripper","energizedSpire:StickyHand"],"picked":"Tiny House"}],"items_purged_floors":[],"is_endless":false,"potions_floor_spawned":[1,6,14,16,18,21],"killed_by":"Gensokyo:Eiki","ascension_level":0}}