{"host":"a4s27ghlnr83kbqz","time":1613789076,"event":{"mods":["AchievementEnabler","BaseMod","Colored Map","Minty Spire (QoL Compilation)","Permanent Neow","SuperFastMode"],"gold_per_floor":[114,41,216,216,166,202,222,240,240,265,308,326,351,113,113,233,233,233,203,113,24,24,24,24,24,24,24,24,24,24,24,24,24,24,24,24,24,24,24,24,0,0,0,0,0,0,0,0,0,0],"floor_reached":51,"language":"KOR","playtime":1722,"items_purged":["Strike_G"],"score":1389,"play_id":"f0e03dae-b5e2-4a78-9b2b-967a15bbf03f","local_time":"20210220114436","is_ascension_mode":true,"campfire_choices":[{"data":"Apotheosis","floor":15.0,"key":"SMITH"},{"floor":23.0,"key":"REST"},{"data":"Acrobatics","floor":27.0,"key":"SMITH"},{"floor":32.0,"key":"REST"},{"floor":42,"key":"REST"},{"floor":47,"key":"REST"},{"data":"Reflex","floor":49,"key":"SMITH"}],"circlet_count":0,"master_deck":["AscendersBane","Strike_G","Strike_G","Strike_G","Defend_G","Defend_G","Defend_G","Defend_G+1","Defend_G","Survivor","Neutralize","Dagger Throw","Backstab","Blade Dance","Acrobatics+1","Poisoned Stab","Apotheosis+1","Venomology","Prepared+1","Dagger Spray+1","Footwork","PiercingWail","Accuracy","Blur+1","Crippling Poison","Footwork","Cloak And Dagger","Catalyst+1","Bullet Time","Bouncing Flask","A Thousand Cuts","Reflex+1","Dodge and Roll"],"relics":["Ring of the Snake","NeowsBlessing","Mercury Hourglass","Bird Faced Urn","Ectoplasm","Smiling Mask","Matryoshka","Nloth\u0027s Gift","Potion Belt","Oddly Smooth Stone","Red Mask","Kunai","CeramicFish","Boot","The Specimen","Bag of Preparation","Akabeko","Dream Catcher"],"acts_visited":["Exordium","TheCity","TheBeyond"],"potions_floor_usage":[40,40,44,44,45,45,45,50],"damage_taken":[{"damage":0.0,"enemies":"Jaw Worm","floor":1.0,"turns":1.0},{"damage":0.0,"enemies":"Lagavulin","floor":6.0,"turns":1.0},{"damage":0.0,"enemies":"2 Louse","floor":7.0,"turns":1.0},{"damage":0.0,"enemies":"Cultist","floor":8.0,"turns":2.0},{"damage":5.0,"enemies":"Gremlin Gang","floor":10.0,"turns":3.0},{"damage":6.0,"enemies":"Gremlin Nob","floor":11.0,"turns":3.0},{"damage":4.0,"enemies":"Looter","floor":12.0,"turns":3.0},{"damage":4.0,"enemies":"Lots of Slimes","floor":13.0,"turns":2.0},{"damage":0.0,"enemies":"Slime Boss","floor":16.0,"turns":4.0},{"damage":0.0,"enemies":"Shell Parasite","floor":18.0,"turns":4.0},{"damage":11.0,"enemies":"2 Thieves","floor":19.0,"turns":4.0},{"damage":14.0,"enemies":"Snake Plant","floor":22.0,"turns":5.0},{"damage":0.0,"enemies":"Centurion and Healer","floor":24.0,"turns":1.0},{"damage":0.0,"enemies":"Gremlin Leader","floor":25.0,"turns":6.0},{"damage":0.0,"enemies":"3 Cultists","floor":28.0,"turns":4.0},{"damage":36.0,"enemies":"Slavers","floor":30.0,"turns":5.0},{"damage":12.0,"enemies":"Chosen and Byrds","floor":31.0,"turns":6.0},{"damage":33.0,"enemies":"Automaton","floor":33.0,"turns":8.0},{"damage":7.0,"enemies":"3 Darklings","floor":35.0,"turns":6.0},{"damage":0.0,"enemies":"3 Shapes","floor":36.0,"turns":4.0},{"damage":9.0,"enemies":"Spire Growth","floor":38.0,"turns":6.0},{"damage":3,"enemies":"4 Shapes","floor":39,"turns":5},{"damage":33,"enemies":"Nemesis","floor":40,"turns":9},{"damage":31,"enemies":"Reptomancer","floor":44,"turns":7},{"damage":4,"enemies":"2 Orb Walkers","floor":45,"turns":4},{"damage":6,"enemies":"Nemesis","floor":46,"turns":7},{"damage":18,"enemies":"Awakened One","floor":50,"turns":17}],"seed_played":"6017624896010478123","potions_obtained":[{"floor":6.0,"key":"ColorlessPotion"},{"floor":8.0,"key":"Fire Potion"},{"floor":11.0,"key":"CunningPotion"},{"floor":16.0,"key":"EntropicBrew"},{"floor":18.0,"key":"SpeedPotion"},{"floor":30.0,"key":"Strength Potion"},{"floor":33.0,"key":"GhostInAJar"},{"floor":39,"key":"SmokeBomb"},{"floor":40,"key":"FearPotion"},{"floor":44,"key":"SneckoOil"}],"is_trial":false,"path_per_floor":["M","$","?","?","?","E","M","M","T","M","E","M","M","$","R","B",null,"M","M","?","$","M","R","M","E","T","R","M","?","E","M","R","B",null,"M","M","$","M","M","E","?","R","T","E","?","E","R","T","R","B",null],"character_chosen":"THE_SILENT","items_purchased":["Backstab","Apotheosis","Footwork","PiercingWail"],"campfire_rested":4,"item_purchase_floors":[2,14,21,21],"current_hp_per_floor":[63,63,63,63,63,63,63,63,63,58,52,48,44,44,44,44,60,60,49,49,49,37,56,56,58,58,58,60,60,28,20,39,10,51,48,54,54,51,54,27,27,46,46,21,21,23,42,42,42,32],"gold":0,"neow_bonus":"THREE_ENEMY_KILL","is_daily":false,"chose_seed":false,"campfire_upgraded":3,"win_rate":0.0,"timestamp":1613789076,"path_taken":["M","$","?","?","?","E","M","M","T","M","E","M","M","$","R","BOSS","M","M","?","$","?","R","?","E","T","R","M","?","E","M","R","BOSS","M","M","?","M","?","E","?","R","T","E","?","E","R","?","R","BOSS"],"items_purchased_type":["Card","Card","Card","Card"],"build_version":"2020-12-22","purchased_purges":1,"victory":true,"max_hp_per_floor":[70,70,70,65,65,65,65,65,65,65,65,65,65,65,65,65,65,65,65,65,65,65,65,65,65,65,65,65,65,65,65,65,65,65,65,65,65,65,65,65,65,65,65,65,65,65,65,65,65,65],"card_choices":[{"not_picked":["Deflect","Expertise"],"picked":"Dagger Throw","floor":1.0},{"not_picked":["Expertise","Calculated Gamble","Underhanded Strike"],"picked":"SKIP","floor":6.0},{"not_picked":["Footwork","Dodge and Roll"],"picked":"Blade Dance","floor":7.0},{"not_picked":["Blade Dance","Deflect"],"picked":"Acrobatics","floor":8.0},{"not_picked":["Deflect","Dagger Throw"],"picked":"Poisoned Stab","floor":10.0},{"not_picked":["Blade Dance","Dagger Throw","Doppelganger"],"picked":"SKIP","floor":11.0},{"not_picked":["Heel Hook","Prepared","Dodge and Roll"],"picked":"SKIP","floor":12.0},{"not_picked":["Bane","Prepared","Poisoned Stab"],"picked":"SKIP","floor":13.0},{"not_picked":["Phantasmal Killer","Night Terror"],"picked":"Venomology","floor":16.0},{"not_picked":["Concentrate","PiercingWail"],"picked":"Prepared+1","floor":18.0},{"not_picked":["Blade Dance","Catalyst"],"picked":"Dagger Spray+1","floor":19.0},{"not_picked":["Prepared","Acrobatics","Eviscerate"],"picked":"SKIP","floor":22.0},{"not_picked":["Deflect","Calculated Gamble","Skewer"],"picked":"SKIP","floor":25.0},{"not_picked":["PiercingWail","Caltrops"],"picked":"Accuracy","floor":28.0},{"not_picked":["Endless Agony","Acrobatics"],"picked":"Blur+1","floor":30.0},{"not_picked":["Cloak And Dagger","Prepared+1"],"picked":"Crippling Poison","floor":31.0},{"not_picked":["Leg Sweep","Prepared"],"picked":"Footwork","floor":35.0},{"not_picked":["Deadly Poison","Dagger Throw"],"picked":"Cloak And Dagger","floor":36.0},{"not_picked":["Caltrops","Cloak And Dagger"],"picked":"Catalyst+1","floor":38.0},{"not_picked":["Dagger Spray+1","Deadly Poison"],"picked":"Bullet Time","floor":39},{"not_picked":["Blur","Expertise"],"picked":"Bouncing Flask","floor":40},{"not_picked":["Underhanded Strike","Footwork+1"],"picked":"A Thousand Cuts","floor":44},{"not_picked":["Dash+1","Skewer+1"],"picked":"Reflex","floor":45},{"not_picked":["Sucker Punch","Prepared"],"picked":"Dodge and Roll","floor":46}],"player_experience":1131320,"relics_obtained":[{"floor":6.0,"key":"Mercury Hourglass"},{"floor":11.0,"key":"Bird Faced Urn"},{"floor":25.0,"key":"Smiling Mask"},{"floor":26.0,"key":"Matryoshka"},{"floor":30.0,"key":"Potion Belt"},{"floor":40,"key":"Oddly Smooth Stone"},{"floor":43,"key":"Kunai"},{"floor":43,"key":"CeramicFish"},{"floor":44,"key":"Boot"},{"floor":45,"key":"The Specimen"},{"floor":46,"key":"Bag of Preparation"},{"floor":48,"key":"Akabeko"},{"floor":48,"key":"Dream Catcher"}],"event_choices":[{"damage_healed":0.0,"max_hp_gain":0.0,"max_hp_loss":0.0,"gold_gain":175.0,"event_name":"Liars Game","player_choice":"AGREE","floor":3.0,"gold_loss":0.0,"damage_taken":0.0,"cards_obtained":["Doubt"]},{"damage_healed":0.0,"max_hp_gain":0.0,"max_hp_loss":5.0,"gold_gain":0.0,"event_name":"Golden Idol","player_choice":"Lose Max HP","floor":4.0,"gold_loss":0.0,"damage_taken":0.0,"relics_obtained":["Golden Idol"]},{"cards_removed":["Doubt"],"damage_healed":0.0,"max_hp_gain":0.0,"max_hp_loss":0.0,"gold_gain":0.0,"event_name":"The Cleric","player_choice":"Card Removal","floor":5.0,"gold_loss":50.0,"damage_taken":0.0},{"cards_removed":["Strike_G"],"damage_healed":0.0,"max_hp_gain":0.0,"max_hp_loss":0.0,"gold_gain":0.0,"event_name":"Designer","player_choice":"Upgrade and Remove","floor":20.0,"gold_loss":90.0,"damage_taken":0.0,"cards_upgraded":["Defend_G"]},{"damage_healed":0.0,"max_hp_gain":0.0,"max_hp_loss":0.0,"gold_gain":0.0,"event_name":"N\u0027loth","player_choice":"Traded Relic","floor":29.0,"relics_lost":["Golden Idol"],"gold_loss":0.0,"damage_taken":0.0,"relics_obtained":["Nloth\u0027s Gift"]},{"damage_healed":0,"gold_gain":0,"player_choice":"Paid","damage_taken":0,"relics_obtained":["Red Mask"],"max_hp_gain":0,"max_hp_loss":0,"event_name":"Tomb of Lord Red Mask","floor":41,"gold_loss":24},{"damage_healed":0,"gold_gain":0,"player_choice":"Fight","damage_taken":0,"max_hp_gain":0,"max_hp_loss":0,"event_name":"Mysterious Sphere","floor":45,"gold_loss":0}],"is_beta":false,"boss_relics":[{"not_picked":["WristBlade","HoveringKite"],"picked":"Ectoplasm"},{"not_picked":["Ring of the Serpent","Sozu","Runic Dome"]}],"items_purged_floors":[14],"is_endless":false,"potions_floor_spawned":[6,8,11,12,16,18,30,33,39,40,44],"ascension_level":12}}