{"host":"Sylvester","time":1613806451,"event":{"mods":["AchievementEnabler","BaseMod","Filter the Spire","Lobotomy","Minty Spire (QoL Compilation)","Replay The Spire","StSLib"],"gold_per_floor":[110,124,124,136,150,175,175,206,233,213,245,264,264,264,264,264,264],"floor_reached":16,"language":"ENG","playtime":384,"items_purged":[],"score":240,"play_id":"4358c465-a9c1-4e06-b6f4-91d6ff661f7c","local_time":"20210219233410","is_ascension_mode":true,"campfire_choices":[{"data":"1","floor":7,"key":"LIFT"},{"data":"2","floor":13,"key":"LIFT"}],"circlet_count":0,"master_deck":["AscendersBane","Strike_R","Strike_R","Strike_R","Strike_R","Defend_R","Defend_R","Defend_R","Defend_R","Bash+1","Inflame","Clash","Iron Wave","Dual Wield","Double Tap"],"relics":["Coffee Dripper","Girya","Gremlin Food","MealTicket","Boot"],"acts_visited":["Exordium"],"potions_floor_usage":[6,8,11,16,16],"damage_taken":[{"damage":7,"enemies":"Jaw Worm","floor":1,"turns":3},{"damage":5,"enemies":"Small Slimes","floor":2,"turns":3},{"damage":1,"enemies":"Cultist","floor":4,"turns":3},{"damage":0,"enemies":"Large Slime","floor":5,"turns":4},{"damage":10,"enemies":"3 Sentries","floor":6,"turns":7},{"damage":15,"enemies":"Gremlin Nob","floor":8,"turns":4},{"damage":10,"enemies":"Lagavulin","floor":11,"turns":4},{"damage":7,"enemies":"Looter","floor":12,"turns":3},{"damage":15,"enemies":"The Guardian","floor":16,"turns":2}],"seed_played":"27927852804466888","potions_obtained":[{"floor":1,"key":"Languid Potion"},{"floor":2,"key":"SmokeBomb"},{"floor":5,"key":"AttackPotion"},{"floor":6,"key":"LifebloodPotion"},{"floor":10,"key":"Venom Potion"},{"floor":15,"key":"LifebloodPotion"},{"floor":15,"key":"Weak Potion"}],"is_trial":false,"path_per_floor":["M","M","?","M","M","E","R","E","T","?","E","M","R","?","R","B"],"character_chosen":"IRONCLAD","items_purchased":[],"campfire_rested":0,"item_purchase_floors":[],"current_hp_per_floor":[61,56,49,48,48,38,38,23,23,23,13,6,6,6,6,0,0],"gold":264,"neow_bonus":"BOSS_RELIC","is_daily":false,"chose_seed":false,"campfire_upgraded":0,"win_rate":0.0,"timestamp":1613806450,"path_taken":["M","M","?","M","M","E","R","E","T","?","E","?","R","?","R","BOSS"],"items_purchased_type":[],"build_version":"2020-11-17","purchased_purges":0,"victory":false,"max_hp_per_floor":[75,75,75,75,75,75,75,75,75,75,75,75,75,75,75,75,75],"card_choices":[{"not_picked":["Armaments","Searing Blow"],"picked":"Inflame","floor":1},{"not_picked":["Abandon","Thunderclap"],"picked":"Clash","floor":2},{"not_picked":["Sentinel","True Grit"],"picked":"Iron Wave","floor":4},{"not_picked":["ReplayTheSpireMod:Muscle Training","Rupture","Flex"],"picked":"SKIP","floor":5},{"not_picked":["Exhume","Wild Strike"],"picked":"Dual Wield","floor":6},{"not_picked":["Anger","Twin Strike"],"picked":"Double Tap","floor":8},{"not_picked":["Anger","Evolve","ReplayTheSpireMod:Corrosion Curse"],"picked":"SKIP","floor":11},{"not_picked":["Perfected Strike","Warcry","Evolve"],"picked":"SKIP","floor":12}],"player_experience":280676,"relics_obtained":[{"floor":6,"key":"Girya"},{"floor":8,"key":"Gremlin Food"},{"floor":9,"key":"MealTicket"},{"floor":11,"key":"Boot"}],"event_choices":[{"cards_removed":["Strike_R"],"damage_healed":0,"gold_gain":0,"player_choice":"Card Removal","damage_taken":7,"max_hp_gain":0,"max_hp_loss":0,"event_name":"Golden Wing","floor":3,"gold_loss":0},{"damage_healed":0,"gold_gain":0,"player_choice":"Bought 1 Potion","damage_taken":0,"max_hp_gain":0,"max_hp_loss":0,"event_name":"The Woman in Blue","floor":10,"gold_loss":0}],"is_beta":true,"boss_relics":[],"items_purged_floors":[],"is_endless":false,"potions_floor_spawned":[1,2,5,6],"killed_by":"The Guardian","ascension_level":20}}