{"host":"8u9gkmadxi1im6dj","time":1613828545,"event":{"mods":["Act Like it!","Bard","BaseMod","Block Reminder","Colored Map","Colored Powertips","DeckTracker","Downfall","Infinite Spire","Jorbs\u0027s Wanderer Trilogy","Marisa????????","Minty Spire (QoL Compilation)","Pale of the Ancients","Permanent Neow","Quick Restart","Random Character Button","Relic Sorter","Relic Stats","Replay The Spire","Shade Mod","StSLib","The Bug Knight","The Cursed","The IronCluck","The Necromancer","The Servant 0.9.4"],"gold_per_floor":[219,63,73,73,84,84,117,117,142,142,142,142,172,6,6,102,102,102,102],"floor_reached":18,"language":"ENG","playtime":688,"items_purged":["Strike_G"],"score":191,"play_id":"d7cbfed3-89c4-4fee-9439-1af8ea284895","local_time":"20210220144225","is_ascension_mode":true,"campfire_choices":[{"data":"Noxious Fumes","floor":6,"key":"SMITH"},{"data":"Deadly Poison","floor":8,"key":"SMITH"},{"data":"Bouncing Flask","floor":10,"key":"SMITH"},{"floor":12,"key":"RECALL"},{"floor":15,"key":"REST"}],"circlet_count":0,"master_deck":["Strike_G+1","Strike_G","Strike_G","Strike_G","Defend_G","Defend_G","Defend_G","Defend_G+2","Defend_G","Survivor+1","Neutralize","Dagger Spray","Noxious Fumes+1","Deadly Poison+1","Bouncing Flask+1","All Out Attack+1","Fluid Movement","Dodge and Roll","Wraith Form v2"],"relics":["Ring of the Snake","Nunchaku","War Paint","Simple Rune","Membership Card","Replay:Bronze Core"],"acts_visited":["Exordium","TheCity"],"potions_floor_usage":[7],"damage_taken":[{"damage":5,"enemies":"Small Slimes","floor":1,"turns":5},{"damage":2,"enemies":"Jaw Worm","floor":3,"turns":5},{"damage":1,"enemies":"2 Louse","floor":5,"turns":3},{"damage":16,"enemies":"3 Sentries","floor":7,"turns":6},{"damage":28,"enemies":"Gremlin Nob","floor":13,"turns":4},{"damage":26,"enemies":"Fading Forest","floor":16,"turns":11},{"damage":0,"enemies":"2 Thieves","floor":18,"turns":1}],"seed_played":"4297332129332271195","potions_obtained":[{"floor":3,"key":"Block Potion"},{"floor":5,"key":"Strength Potion"},{"floor":16,"key":"Doom Potion"}],"is_trial":false,"path_per_floor":["M","$","M","?","M","R","E","R","T","R","?","R","E","$","R","B",null,"M"],"character_chosen":"THE_SILENT","items_purchased":["Noxious Fumes","Membership Card","Dodge and Roll"],"campfire_rested":1,"item_purchase_floors":[2,14,14],"current_hp_per_floor":[65,65,63,63,62,62,46,46,46,46,46,46,18,18,39,21,70,70,70],"gold":102,"neow_bonus":"HUNDRED_GOLD","is_daily":false,"chose_seed":false,"campfire_upgraded":3,"win_rate":0.0,"timestamp":1613828545,"path_taken":["M","$","M","?","M","R","E","R","T","R","?","R","E","$","R","BOSS","M"],"items_purchased_type":["Card","Relic","Card"],"build_version":"2020-12-22","purchased_purges":1,"victory":false,"max_hp_per_floor":[70,70,70,70,70,70,70,70,70,70,70,70,70,70,70,70,70,70,70],"relic_stats":{"Nunchaku":[1],"counters":[7,35],"War Paint":["Defend_G","Dodge and Roll"],"obtain_stats":[{"Nunchaku":7,"Replay:Bronze Core":17,"Simple Rune":13,"Membership Card":14,"War Paint":9,"Ring of the Snake":0},{"Nunchaku":4,"Replay:Bronze Core":6,"Simple Rune":5,"Membership Card":5,"War Paint":4,"Ring of the Snake":0},{"Nunchaku":19,"Replay:Bronze Core":34,"Simple Rune":23,"Membership Card":23,"War Paint":19,"Ring of the Snake":0}],"Ring of the Snake":[14]},"card_choices":[{"not_picked":["Flechettes","Prepared"],"picked":"Dagger Spray","floor":1},{"not_picked":["Backflip","Bane"],"picked":"Deadly Poison","floor":3},{"not_picked":["Dodge and Roll","Accuracy"],"picked":"Bouncing Flask","floor":5},{"not_picked":["Dagger Throw","Riddle With Holes"],"picked":"Dodge and Roll","floor":7},{"not_picked":["ReplayTheSpireMod:Speed Training","Sucker Punch"],"picked":"Fluid Movement","floor":13},{"not_picked":["Storm of Steel","Grand Finale"],"picked":"Wraith Form v2","floor":16}],"player_experience":106828,"relics_obtained":[{"floor":7,"key":"Nunchaku"},{"floor":9,"key":"War Paint"},{"floor":13,"key":"Simple Rune"}],"event_choices":[],"is_beta":false,"boss_relics":[{"not_picked":["Replay:Wanted Poster","Snecko Eye"],"picked":"Replay:Bronze Core"}],"items_purged_floors":[2],"is_endless":false,"potions_floor_spawned":[3,5,16],"killed_by":"2 Thieves","ascension_level":3}}