{"host":"cc6r8m2qe4jvlwua","time":1613863826,"event":{"mods":["BaseMod","Hubris","Marisa????????","Minty Spire (QoL Compilation)","Morshu Shopkeeper","Replay The Spire","Spicy Shops","StSLib","The Cursed","The Marked","The Necromancer"],"gold_per_floor":[110,121,121,132,132,159,159,173,173,173,186,186,221,40,40,40,40],"floor_reached":16,"language":"ENG","playtime":480,"items_purged":["Strike_B","Defend_B"],"score":127,"play_id":"5c19ecfd-f2e4-464d-9302-997fe7cf21ff","local_time":"20210220173026","is_ascension_mode":true,"campfire_choices":[{"floor":7,"key":"REST"},{"floor":10,"key":"REST"},{"floor":12,"key":"REST"},{"floor":15,"key":"REST"}],"circlet_count":0,"master_deck":["Strike_B","Strike_B","Strike_B","Defend_B","Defend_B","Defend_B","Zap","Dualcast","Streamline","Redo","Static Discharge","Cold Snap"],"relics":["Cracked Core","WingedGreaves","hubris:Icosahedron","hubris:Towel","The Courier","Nunchaku","Potion Belt"],"acts_visited":["Exordium"],"potions_floor_usage":[6,8,16],"damage_taken":[{"damage":16,"enemies":"2 Louse","floor":1,"turns":3},{"damage":0,"enemies":"Cultist","floor":2,"turns":4},{"damage":12,"enemies":"Small Slimes","floor":4,"turns":2},{"damage":33,"enemies":"Lagavulin","floor":6,"turns":6},{"damage":24,"enemies":"Exordium Wildlife","floor":8,"turns":5},{"damage":10,"enemies":"3 Louse","floor":11,"turns":3},{"damage":32,"enemies":"Gremlin Nob","floor":13,"turns":4},{"damage":23,"enemies":"Hexaghost","floor":16,"turns":10}],"seed_played":"3966442682343728709","potions_obtained":[{"floor":2,"key":"FearPotion"},{"floor":4,"key":"SkillPotion"},{"floor":13,"key":"Flashbang"}],"is_trial":false,"path_per_floor":["M","M","?","M","?","E","R","M","T","R","M","R","E","$","R","B"],"character_chosen":"DEFECT","items_purchased":["Cold Snap"],"campfire_rested":4,"item_purchase_floors":[14],"current_hp_per_floor":[52,52,52,40,40,7,27,3,3,23,13,33,1,1,21,0,0],"gold":40,"neow_bonus":"ONE_RARE_RELIC","is_daily":false,"chose_seed":false,"campfire_upgraded":0,"win_rate":0.0,"timestamp":1613863826,"path_taken":["M","M","?","M","?","E","R","M","T","R","M","R","E","$","R","BOSS"],"items_purchased_type":["Card"],"build_version":"2020-12-22","purchased_purges":2,"victory":false,"max_hp_per_floor":[68,68,68,68,68,68,68,68,68,68,68,68,68,68,68,68,68],"card_choices":[{"not_picked":["Compile Driver","Aggregate","Consume"],"picked":"SKIP","floor":1},{"not_picked":["Stack","Skim","FTL"],"picked":"SKIP","floor":2},{"not_picked":["Barrage","Panic Button"],"picked":"Streamline","floor":4},{"not_picked":["Compile Driver","FTL"],"picked":"Redo","floor":6},{"not_picked":["Sweeping Beam","Aggregate","Leap"],"picked":"SKIP","floor":8},{"not_picked":["Barrage","Streamline","Reinforced Body"],"picked":"SKIP","floor":11},{"not_picked":["Redo","Turbo"],"picked":"Static Discharge","floor":13}],"player_experience":273670,"relics_obtained":[{"floor":6,"key":"The Courier"},{"floor":9,"key":"Nunchaku"},{"floor":13,"key":"Potion Belt"}],"event_choices":[],"is_beta":false,"boss_relics":[],"items_purged_floors":[14,14],"is_endless":false,"potions_floor_spawned":[2,4,13],"killed_by":"Hexaghost","ascension_level":3}}