{"host":"flm17o2q7bfjyna6","time":1613779791,"event":{"mods":["2.2 Compatiblity","Act Like it!","BaseMod","Better Altar","Better Match","Better Note","Better Sensory Stone","Better Skull","Better Third Choice","Better Vampires","Colored Map","Colored Powertips","DeckTracker","Downfall","Fox Events","Minty Spire (QoL Compilation)","Quick Restart","Replay The Spire","Reworked Bosses","Spicy Shops","StSLib","TheSwordswoman","Wandering Minibosses"],"gold_per_floor":[99,109,46,61,78,106,183,183,202,202,18,30,30,45,62,158,235,235,254,273,30,40,40,117,117,145,145,180,180,180,180,196,301,378,653,671,685,44,60,79,156,233,243,143,159,190,207,236,255,255],"floor_reached":51,"language":"ENG","playtime":8446,"items_purged":["champ:Strike","Regret"],"score":917,"play_id":"e1e93728-4f09-4b4e-b716-740ab0ef0440","local_time":"20210219190951","is_ascension_mode":true,"campfire_choices":[{"data":"champ:Taunt","floor":1,"key":"SMITH"},{"data":"champ:FanOfKnives","floor":8,"key":"SMITH"},{"data":"champ:EnragedBash","floor":13,"key":"SMITH"},{"data":"champ:SwordThrow","floor":18,"key":"SMITH"},{"data":"champ:Backstep","floor":23,"key":"SMITH"},{"data":"champ:GutPunch","floor":25,"key":"SMITH"},{"data":"champ:RisingSlash","floor":27,"key":"SMITH"},{"data":"champ:AdrenalArmor","floor":29,"key":"SMITH"},{"floor":44,"key":"REST"}],"circlet_count":0,"master_deck":["champ:Strike","champ:Defend","champ:Defend","champ:Defend","champ:Execute","champ:Taunt+1","champ:CalledShot","champ:Haymaker","champ:FanOfKnives+1","champ:BerserkersShout","champ:RisingSlash+1","champ:EnragedBash+1","champ:GutPunch+1","expansioncontent:QuickStudy+1","champ:AdrenalArmor+1","champ:Backstep+1","champ:SwordThrow+1","champ:Duel+1","champ:DeathBlow+1","champ:LastStand+1","champ:Shatter","champ:Shatter","champ:IronFortress","champ:FocusedBerserking","champ:Backstep+1","champ:ShieldSlam","champ:Devastate","champ:EnGarde+1","champ:VampiricStrike+1","expansioncontent:YouAreMine","expansioncontent:AwakenDeath","Replay:SS_forest_2","champ:ShieldWall","champ:SetATrap+1","champ:AdrenalArmor+1","champ:BerserkersShout+1","champ:ShieldWall","champ:BringItOn+1","champ:EnragedBash+1"],"relics":["champ:ChampionCrown","foxEvents:LuckyCharm","Bird Faced Urn","Astrolabe","Sling","Replay:Ringing Soul","The Courier","Tiny Chest","sneckomod:SneckoTalon","BargainBundle","Oddly Smooth Stone","Gremlin Food","Orichalcum","Bottled Tornado","downfall:HeartBlessingBlue","champ:DefensiveTrainingManual","Regal Pillow"],"acts_visited":["Exordium","TheCity","TheBeyond"],"potions_floor_usage":[11,15,16,26,26,50,50],"damage_taken":[{"damage":11,"enemies":"Cultist","floor":2,"turns":4},{"damage":20,"enemies":"downfall:FleeingMerchant","floor":3,"turns":4},{"damage":17,"enemies":"Small Slimes","floor":4,"turns":3},{"damage":1,"enemies":"2 Louse","floor":5,"turns":2},{"damage":18,"enemies":"Colosseum Slavers","floor":6,"turns":3},{"damage":29,"enemies":"downfall:LooterAlt","floor":9,"turns":3},{"damage":40,"enemies":"downfall:FleeingMerchant","floor":11,"turns":4},{"damage":23,"enemies":"Blue Slaver","floor":12,"turns":2},{"damage":34,"enemies":"Exordium Thugs","floor":14,"turns":3},{"damage":26,"enemies":"Gremlin Gang","floor":15,"turns":3},{"damage":30,"enemies":"IC_STATUS_ARCHETYPE","floor":16,"turns":6},{"damage":38,"enemies":"downfall:LooterAlt2","floor":19,"turns":3},{"damage":15,"enemies":"Chosen","floor":20,"turns":4},{"damage":50,"enemies":"downfall:FleeingMerchant","floor":21,"turns":4},{"damage":56,"enemies":"Centurion and Healer","floor":22,"turns":6},{"damage":14,"enemies":"Book of Stabbing","floor":26,"turns":3},{"damage":39,"enemies":"Gremlin Leader","floor":28,"turns":4},{"damage":20,"enemies":"Snecko","floor":32,"turns":5},{"damage":65,"enemies":"WA_ARCHETYPE_CALM","floor":33,"turns":8},{"damage":58,"enemies":"3 Darklings","floor":36,"turns":5},{"damage":86,"enemies":"Orb Walker","floor":37,"turns":5},{"damage":37,"enemies":"downfall:FleeingMerchant","floor":38,"turns":4},{"damage":29,"enemies":"3 Darklings","floor":39,"turns":5},{"damage":103,"enemies":"Transient","floor":40,"turns":5},{"damage":51,"enemies":"4 Shapes","floor":43,"turns":7},{"damage":35,"enemies":"Maw","floor":45,"turns":6},{"damage":84,"enemies":"Reptomancer","floor":46,"turns":7},{"damage":16,"enemies":"Jaw Worm Horde","floor":47,"turns":4},{"damage":32,"enemies":"Nemesis","floor":48,"turns":5},{"damage":43,"enemies":"4 Shapes","floor":49,"turns":10},{"damage":50,"enemies":"SI_POISON_ARCHETYPE","floor":50,"turns":13}],"seed_played":"5356052257240826322","potions_obtained":[{"floor":2,"key":"Block Potion"},{"floor":4,"key":"PowerPotion"},{"floor":9,"key":"FearPotion"},{"floor":10,"key":"Explosive Potion"},{"floor":12,"key":"AttackPotion"},{"floor":19,"key":"Toxic Potion"},{"floor":26,"key":"ColorlessPotion"},{"floor":31,"key":"FairyPotion"},{"floor":31,"key":"Doom Potion"},{"floor":39,"key":"LiquidMemories"},{"floor":43,"key":"Reflective Coating"},{"floor":46,"key":"bronze:BurnAndBuffPotion"}],"is_trial":false,"path_per_floor":["R","M","$","M","M","?","T","R","M","?","$","M","R","M","M","B",null,"R","M","M","$","M","R","T","R","E","R","E","R","?","?","M","B",null,"R_BF","M","M","$","M","M","T","T","M","R","M","E","M","E","M","B",null],"character_chosen":"THE_CHAMP","items_purchased":["champ:FanOfKnives","expansioncontent:QuickStudy+1","Sling","BargainBundle","expansioncontent:YouAreMine","expansioncontent:AwakenDeath","Replay:SS_forest_2","Oddly Smooth Stone","Gremlin Food","Orichalcum"],"campfire_rested":1,"item_purchase_floors":[3,11,21,38,38,38,38,38,38,38],"current_hp_per_floor":[90,89,89,82,81,73,73,73,59,59,49,41,41,27,17,25,90,90,82,82,74,42,42,42,42,35,35,30,30,30,30,35,21,99,102,97,60,46,42,36,36,36,13,61,70,44,34,30,25,35],"gold":255,"neow_bonus":"RANDOM_COMMON_RELIC","is_daily":false,"chose_seed":false,"campfire_upgraded":8,"win_rate":0.0,"timestamp":1613779791,"path_taken":["R","M","?","?","M","?","T","R","M","?","$","M","R","M","M","BOSS","R","M","?","$","M","R","T","R","E","R","E","R","?","?","M","BOSS","R_BF","M","?","$","M","M","T","?","?","R","M","E","?","E","M","BOSS"],"items_purchased_type":["Card","Card","Relic","Relic","Card","Card","Card","Relic","Relic","Relic"],"build_version":"2020-12-22","purchased_purges":2,"victory":true,"max_hp_per_floor":[90,90,90,90,90,90,90,90,90,90,90,90,90,90,90,90,90,90,90,90,90,90,90,90,90,93,93,93,93,93,93,96,99,99,102,105,105,108,111,114,114,114,117,127,130,133,133,136,139,139],"card_choices":[{"not_picked":["champ:ViciousMockery","champ:AdrenalArmor"],"picked":"champ:CalledShot","floor":2},{"not_picked":["champ:Parry","champ:DefensiveStyle"],"picked":"champ:Haymaker","floor":3},{"not_picked":["champ:CrownThrow","champ:Haymaker"],"picked":"champ:BerserkersShout","floor":4},{"not_picked":["champ:GutPunch","champ:BringItOn"],"picked":"champ:RisingSlash","floor":5},{"not_picked":["champ:TripleStrike","champ:Encircle"],"picked":"champ:EnragedBash","floor":9},{"not_picked":["champ:FanOfKnives","champ:BerserkersShout"],"picked":"champ:GutPunch","floor":11},{"not_picked":["champ:TornadoPunch","champ:RapidStrikes"],"picked":"champ:AdrenalArmor","floor":12},{"not_picked":["champ:AdrenalArmor","champ:EnGarde","champ:CrownThrow"],"picked":"SKIP","floor":14},{"not_picked":["champ:Haymaker","champ:ShieldSigil"],"picked":"champ:Backstep","floor":15},{"not_picked":["champ:HeavySlash","champ:StrikeOfGenius"],"picked":"champ:SwordThrow","floor":16},{"not_picked":["champ:BladeFlurry","champ:GutPunch+1"],"picked":"champ:Shatter","floor":19},{"not_picked":["champ:BringItOn","champ:PerfectedStrike"],"picked":"champ:Shatter","floor":20},{"not_picked":["champ:BladeFlurry","champ:AdrenalArmor"],"picked":"champ:IronFortress","floor":21},{"not_picked":["champ:RisingSlash+1","champ:Encircle+1"],"picked":"champ:FocusedBerserking","floor":22},{"not_picked":["champ:StanceDance","champ:ArenaPreparation+1"],"picked":"champ:Backstep+1","floor":26},{"not_picked":["champ:Backstep","champ:Haymaker","champ:CrownThrow"],"picked":"SKIP","floor":28},{"not_picked":["champ:GladiatorStyle","champ:BringItOn"],"picked":"champ:ShieldSlam","floor":32},{"not_picked":["champ:IgnorePain","champ:ShieldThrow"],"picked":"champ:Devastate","floor":33},{"not_picked":["champ:Haymaker","champ:GutPunch+1"],"picked":"champ:EnGarde+1","floor":36},{"not_picked":["champ:PreciseThrust+1","champ:BladeFlurry","champ:TornadoPunch"],"picked":"SKIP","floor":37},{"not_picked":["champ:BerserkersShout","champ:Endure+1"],"picked":"champ:VampiricStrike","floor":38},{"not_picked":["champ:PerfectedStrike","champ:Lariat+1"],"picked":"champ:ShieldWall","floor":39},{"not_picked":["champ:StanceDance","champ:CalledShot"],"picked":"champ:SetATrap+1","floor":40},{"not_picked":["champ:SetATrap+1","champ:EnGarde+1"],"picked":"champ:AdrenalArmor+1","floor":43},{"not_picked":["champ:FalseCounter","champ:FlashCut+1"],"picked":"champ:BerserkersShout+1","floor":45},{"not_picked":["champ:TornadoPunch","champ:Duel"],"picked":"champ:ShieldWall","floor":46},{"not_picked":["champ:PerfectedStrike+1","champ:RapidStrikes","champ:FlashCut+1"],"picked":"SKIP","floor":47},{"not_picked":["champ:Shatter","champ:ViciousMockery"],"picked":"champ:BringItOn+1","floor":48},{"not_picked":["champ:ShieldWall+1","champ:PerfectedStrike+1"],"picked":"champ:EnragedBash+1","floor":49}],"player_experience":1966052,"relics_obtained":[{"floor":6,"key":"foxEvents:LuckyCharm"},{"floor":7,"key":"Bird Faced Urn"},{"floor":24,"key":"Replay:Ringing Soul"},{"floor":26,"key":"The Courier"},{"floor":28,"key":"Tiny Chest"},{"floor":41,"key":"Bottled Tornado"},{"floor":46,"key":"champ:DefensiveTrainingManual"},{"floor":48,"key":"Regal Pillow"}],"event_choices":[{"damage_healed":0,"gold_gain":0,"player_choice":"Got Potions","damage_taken":0,"max_hp_gain":0,"max_hp_loss":0,"event_name":"Lab","floor":10,"gold_loss":0},{"cards_removed":["champ:Strike"],"damage_healed":0,"gold_gain":0,"player_choice":"Give","damage_taken":0,"max_hp_gain":0,"max_hp_loss":0,"event_name":"betterNote:BetterNote","floor":30,"gold_loss":0,"cards_obtained":["champ:Strike"]}],"is_beta":false,"boss_relics":[{"not_picked":["Snecko Heart","Runic Pyramid"],"picked":"Astrolabe"},{"not_picked":["Snecko Eye","Honey Jar"],"picked":"sneckomod:SneckoTalon"}],"items_purged_floors":[21,38],"is_endless":false,"potions_floor_spawned":[2,4,9,12,14,19,26,32,39,43,46,47,48,49],"ascension_level":2}}