{"host":"5dhwd44u3dydylwe","time":1613813700,"event":{"mods":["AchievementEnabler","BaseMod","BetterRewards","Dota2Spire","Duelist Mod","GifTheSpireLib","Hubris","Minty Spire (QoL Compilation)","Shop Mod","StSLib","Wandering Minibosses"],"gold_per_floor":[138,207,207,275,335,400,480,545,545,574,644,600,679,727,814,129,143,174,174,271,271,271,367,367,385,139,159,221,244,244,326,326,415,415,484,157,209,232,309,309,420,420,483,483,507,507,507,468,497,530,530,560,584,636,636,336,439,439,505,547,547,547,547,547,547,183,211,211],"floor_reached":69,"language":"ENG","playtime":6217,"items_purged":["theDuelist:CastleWalls","theDuelist:CastleWalls","theDuelist:BabyDragon","theDuelist:LesserDragon","theDuelist:YamataDragon+1","theDuelist:HazyFlameHydra","theDuelist:GoldenSparks+1"],"score":3398,"play_id":"b6bd06a2-9dcc-468a-9671-f6b357c53169","local_time":"20210220173500","is_ascension_mode":true,"campfire_choices":[{"floor":9,"key":"REST"},{"data":"theDuelist:MoltenDestruction","floor":19,"key":"SMITH"},{"floor":22,"key":"RECALL"},{"floor":30,"key":"REST"},{"floor":32,"key":"REST"},{"floor":40,"key":"REST"},{"data":"theDuelist:TimeWizard","floor":51,"key":"SMITH"},{"data":"theDuelist:DefenseDraw+2","floor":55,"key":"SMITH"},{"floor":61,"key":"REST"},{"data":"theDuelist:ApprenticeIllusionMagician+1","floor":62,"key":"SMITH"},{"data":"theDuelist:ApprenticeIllusionMagician+3","floor":65,"key":"SMITH"}],"circlet_count":0,"master_deck":["theDuelist:WhiteMagicalHat+1","theDuelist:MysticalElf+1","theDuelist:DefenseDraw+3","theDuelist:BSkullDragon+1","theDuelist:TimeWizard+1","theDuelist:DarkMagician+1","theDuelist:TrihornedDragon+1","theDuelist:ApprenticeIllusionMagician+5","theDuelist:SliferSky+1","theDuelist:DarkSparks+1","theDuelist:WingedKuribohLv10+1","theDuelist:BlackTyranno+1","theDuelist:MagiciansRod+1","theDuelist:SpiralSpearStrike+3","theDuelist:AncientRules+1","theDuelist:Earthquake+1","theDuelist:NeoMagic+1","AscendersBane","theDuelist:BlizzardPrincess+1","theDuelist:MoltenDestruction+1"],"relics":["theDuelist:MillenniumPuzzle","theDuelist:CardPoolRelic","theDuelist:CardPoolBasicRelic","theDuelist:BoosterPackPoolRelic","theDuelist:CardPoolAddRelic","theDuelist:CardPoolMinusRelic","theDuelist:CardPoolSaveRelic","theDuelist:CardPoolOptionsRelic","Self Forming Clay","Du-Vu Doll","OrangePellets","Incense Burner","Oddly Smooth Stone","CeramicFish","Dota2Spire:EchoSabre","Lantern","Dota2Spire:UrnOfShadows","Dota2Spire:OrchidMalevolence","hubris:TenFootPole","Snake Skull","TheAbacus","theDuelist:ResummonBranch","Dota2Spire:CrimsonGuard","Dota2Spire:MaskOfMadness","Philosopher\u0027s Stone","Dota2Spire:RefresherOrb","theDuelist:TributeEggRelic","Ornamental Fan","Art of War","hubris:SoftwareUpdate","TwistedFunnel","Dota2Spire:LotusOrb","hubris:Backtick","theDuelist:ElectricToken","theDuelist:MerchantPendant","theDuelist:DuelistOrichalcum","theDuelist:KaibaToken","Bag of Preparation","Whetstone","Membership Card","wanderingMiniBosses:OtherGremlinHorn","HornCleat","Dota2Spire:BlackKingBar","theDuelist:MonsterEggRelic"],"acts_visited":["Exordium","TheCity","TheBeyond","TheEnding"],"potions_floor_usage":[29,49,52,68,68],"damage_taken":[{"damage":0.0,"enemies":"Cultist","floor":1.0,"turns":4.0},{"damage":0,"enemies":"2 Louse","floor":2,"turns":2},{"damage":0,"enemies":"Small Slimes","floor":4,"turns":4},{"damage":0,"enemies":"Exordium Wildlife","floor":5,"turns":3},{"damage":0,"enemies":"Lots of Slimes","floor":6,"turns":3},{"damage":0,"enemies":"3 Sentries","floor":7,"turns":6},{"damage":3,"enemies":"Looter","floor":8,"turns":3},{"damage":12,"enemies":"Gremlin Nob","floor":10,"turns":4},{"damage":0,"enemies":"Gremlin Gang","floor":13,"turns":3},{"damage":2,"enemies":"3 Sentries","floor":15,"turns":7},{"damage":0,"enemies":"Red Slaver","floor":17,"turns":2},{"damage":0,"enemies":"Gremlin Nob","floor":18,"turns":3},{"damage":4,"enemies":"Hexaghost","floor":20,"turns":4},{"damage":8,"enemies":"Hexaghost","floor":23,"turns":7},{"damage":20,"enemies":"2 Thieves","floor":25,"turns":3},{"damage":12,"enemies":"3 Byrds","floor":27,"turns":7},{"damage":0,"enemies":"Centurion and Healer","floor":28,"turns":4},{"damage":6,"enemies":"Chosen and Byrds","floor":29,"turns":4},{"damage":0,"enemies":"Gremlin Leader","floor":31,"turns":5},{"damage":0,"enemies":"Book of Stabbing","floor":33,"turns":5},{"damage":7,"enemies":"Snecko","floor":35,"turns":3},{"damage":12,"enemies":"Snake Plant","floor":38,"turns":3},{"damage":0,"enemies":"Centurion and Healer","floor":39,"turns":8},{"damage":9,"enemies":"Champ","floor":41,"turns":6},{"damage":0,"enemies":"3 Shapes","floor":43,"turns":3},{"damage":0,"enemies":"3 Darklings","floor":45,"turns":5},{"damage":14,"enemies":"Maw","floor":49,"turns":5},{"damage":0,"enemies":"Giant Head","floor":50,"turns":6},{"damage":21,"enemies":"Reptomancer","floor":52,"turns":6},{"damage":0,"enemies":"Spire Growth","floor":57,"turns":7},{"damage":0,"enemies":"Sphere and 2 Shapes","floor":59,"turns":4},{"damage":0,"enemies":"Writhing Mass","floor":60,"turns":4},{"damage":0,"enemies":"Donu and Deca","floor":63,"turns":7},{"damage":6,"enemies":"Shield and Spear","floor":67,"turns":10},{"damage":0,"enemies":"The Heart","floor":68,"turns":5}],"seed_played":"7378937758114538222","potions_obtained":[{"floor":1.0,"key":"theDuelist:BurningPotion"},{"floor":8,"key":"SkillPotion"},{"floor":20,"key":"theDuelist:FreezingPotion"},{"floor":31,"key":"theDuelist:MegaupgradePotion"},{"floor":49,"key":"BloodPotion"},{"floor":50,"key":"DistilledChaos"},{"floor":52,"key":"theDuelist:CoolBottle"}],"is_trial":false,"path_per_floor":["M","M","$","M","M","M","E","M","R","E","T","?","M","T","E","$","M","E","R","B",null,"R","B",null,"M","$","M","M","M","R","E","R","E","T","M","$","T","M","M","R","B",null,"M","?","M","?","?","$","M","E","R","E","T","T","R","$","M","?","M","M","R","R","B",null,"R","$","E","B",null],"character_chosen":"THE_DUELIST","items_purchased":["Self Forming Clay","Du-Vu Doll","OrangePellets","Incense Burner","Oddly Smooth Stone","theDuelist:BlizzardPrincess","CeramicFish","Dota2Spire:EchoSabre","Lantern","theDuelist:SpiralSpearStrike","FearPotion","TheAbacus","theDuelist:ResummonBranch","Dota2Spire:CrimsonGuard","theDuelist:TributeEggRelic","TwistedFunnel","theDuelist:HazyFlameHydra","theDuelist:MerchantPendant","Membership Card","theDuelist:WingedKuribohLv10","HornCleat","Dota2Spire:BlackKingBar"],"campfire_rested":5,"item_purchase_floors":[0,0,0,0,0,0,0,0,0,0,0,16,16,16,26,36,48,48,56,56,66,66],"current_hp_per_floor":[24,24,24,24,24,24,24,21,45,33,33,33,33,33,31,31,31,37,37,33,33,33,25,66,46,46,40,46,46,70,76,80,80,80,73,73,73,61,61,80,71,78,78,78,78,78,78,78,80,80,80,59,59,59,59,59,59,59,65,65,80,80,80,80,80,80,74,74],"gold":211,"neow_bonus":"","is_daily":false,"chose_seed":false,"campfire_upgraded":5,"win_rate":0.0,"timestamp":1613813700,"path_taken":["M","?","?","M","M","?","E","M","R","E","T","?","M","?","E","$","M","E","R","BOSS","R","BOSS","M","?","M","?","M","R","E","R","E","T","?","$","?","M","M","R","BOSS","M","?","M","?","?","$","M","E","R","E","T","T","R","$","?","?","?","M","R","R","BOSS","R","$","E","BOSS"],"items_purchased_type":["Relic","Relic","Relic","Relic","Relic","Card","Relic","Relic","Relic","Card","Potion","Relic","Relic","Relic","Relic","Relic","Card","Relic","Relic","Card","Relic","Relic"],"build_version":"2020-12-22","purchased_purges":7,"victory":true,"max_hp_per_floor":[80,80,80,80,80,80,80,80,80,80,80,80,80,80,80,80,80,80,80,80,80,80,80,80,80,80,80,80,80,80,80,80,80,80,80,80,80,80,80,80,80,80,80,80,80,80,80,80,80,80,80,80,80,80,80,80,80,80,80,80,80,80,80,80,80,80,80,80],"card_choices":[{"not_picked":["theDuelist:DarkMagician","theDuelist:ExodiaRL","theDuelist:MegafleetDragon","theDuelist:YamataDragon","theDuelist:WhiteHowling"],"picked":"SKIP","floor":1.0},{"not_picked":["theDuelist:SilentDoom","theDuelist:HymnOfLight","theDuelist:MagiciansRod","theDuelist:SystemDown"],"picked":"theDuelist:AncientRules","floor":2},{"not_picked":["theDuelist:SpellShatteringArrow","theDuelist:Earthquake","theDuelist:MoltenDestruction","theDuelist:DefenseZone","theDuelist:SilverWing"],"picked":"SKIP","floor":4},{"not_picked":["theDuelist:AltarTribute","theDuelist:Graverobber","theDuelist:StarlightRoad","theDuelist:BurstBreath","theDuelist:ArtifactSanctum"],"picked":"SKIP","floor":5},{"not_picked":["theDuelist:TwinHeadedFire","theDuelist:SnowDragon","theDuelist:ViceDragon","theDuelist:CallAtlanteans","theDuelist:MegafleetDragon"],"picked":"SKIP","floor":6},{"not_picked":["theDuelist:TwinHeadedFire","theDuelist:BlackPtera","theDuelist:TornadoDragon","theDuelist:SphereChaos","theDuelist:CyberEltanin"],"picked":"SKIP","floor":7},{"not_picked":["theDuelist:VoidExpansion","theDuelist:CastleDragonSouls","theDuelist:BoosterDragon","theDuelist:AutorokketDragon"],"picked":"SKIP","floor":8},{"not_picked":["theDuelist:ClearKuriboh","theDuelist:DestroyerGolem","theDuelist:LightningDarts","theDuelist:DarklordSuperbia","theDuelist:FuryFire"],"picked":"SKIP","floor":10},{"not_picked":["theDuelist:SpellShatteringArrow","theDuelist:CallAtlanteans","theDuelist:PowerKaishin","theDuelist:CyberRevsystem"],"picked":"theDuelist:Earthquake","floor":13},{"not_picked":["theDuelist:MirageDragon","theDuelist:Kabazauls","theDuelist:HazyFlameHydra","theDuelist:WonderWand"],"picked":"theDuelist:MoltenDestruction","floor":15},{"not_picked":["theDuelist:CallAtlanteans","theDuelist:Illusionist","theDuelist:MoltenDestruction","theDuelist:Frostosaurus","theDuelist:VeilDarkness"],"picked":"SKIP","floor":17},{"not_picked":["theDuelist:BattleguardKing","theDuelist:PowerGiant","theDuelist:GemElephant","theDuelist:Kuribohrn","theDuelist:ClearKuriboh"],"picked":"SKIP","floor":18},{"not_picked":["theDuelist:RedRisingDragon+1","theDuelist:RedEyesZombie+1","theDuelist:CyberEndDragon","theDuelist:BeserkDragon","theDuelist:BabyDragon"],"picked":"SKIP","floor":25},{"not_picked":["theDuelist:MudragonSwamp","theDuelist:Kuribohrn","theDuelist:Mudora","theDuelist:ScrapFactory","theDuelist:MagicHoleGolem"],"picked":"SKIP","floor":27},{"not_picked":["theDuelist:DarkMagician+1","theDuelist:ViceDragon","theDuelist:Kabazauls","theDuelist:Beatraptor","theDuelist:Hydrogeddon"],"picked":"SKIP","floor":28},{"not_picked":["theDuelist:MagiciansRobe+1","theDuelist:BadReaction+1","theDuelist:SurvivalFittest+1","theDuelist:SliferSky+1"],"picked":"theDuelist:MagiciansRod+1","floor":29},{"not_picked":["theDuelist:Pyrorex","theDuelist:Earthquake","theDuelist:StarlightRoad","theDuelist:CaveDragon","theDuelist:MindAir+1"],"picked":"SKIP","floor":31},{"not_picked":["theDuelist:FiveHeaded","theDuelist:FrozenFitzgerald","theDuelist:BlasterDragonInfernos","theDuelist:ExodiaHead"],"picked":"theDuelist:BlackTyranno+1","floor":33},{"not_picked":["theDuelist:SpellShatteringArrow","theDuelist:Earthquake","theDuelist:PowerKaishin","theDuelist:DefenseZone+1","theDuelist:UltraEvolutionPill"],"picked":"SKIP","floor":35},{"not_picked":["theDuelist:GiantRex","theDuelist:BlackStego","theDuelist:MadSwordBeast","theDuelist:BlackTyranno"],"picked":"theDuelist:TrihornedDragon","floor":38},{"not_picked":["theDuelist:YamataDragon","theDuelist:BusterDrake","theDuelist:Kabazauls+1","theDuelist:BackgroundDragon"],"picked":"theDuelist:WhiteMagicalHat+1","floor":39},{"not_picked":["theDuelist:GrandSpellbookTower","theDuelist:DarkPaladin","theDuelist:SurvivalFittest","theDuelist:Scapegoat"],"picked":"theDuelist:SliferSky","floor":41},{"not_picked":["theDuelist:BlackPtera","theDuelist:BlackBrachios","theDuelist:BarrelDragon","theDuelist:TrihornedDragon","theDuelist:Kabazauls"],"picked":"SKIP","floor":43},{"not_picked":["theDuelist:StatueAnguishPattern","theDuelist:DragonTreasure+1","theDuelist:DragonRavine"],"picked":"theDuelist:TimeWizard","floor":45},{"not_picked":["theDuelist:TwinHeadedFire","theDuelist:LavaDragon","theDuelist:CloudianGhost+1","theDuelist:WhiteNightDragon+1"],"picked":"theDuelist:DefenseDraw+2","floor":49},{"not_picked":["theDuelist:BusterBlader","theDuelist:BlackBrutdrago","theDuelist:ScrapIronScarecrow","theDuelist:LordD","theDuelist:StatueAnguishPattern"],"picked":"SKIP","floor":50},{"not_picked":["theDuelist:BattleOx","theDuelist:BlackPendant","theDuelist:PotDichotomy","theDuelist:PreventRat","theDuelist:ArtifactIgnition"],"picked":"SKIP","floor":52},{"not_picked":["theDuelist:GiantRex+1","theDuelist:SpiralSpearStrike+1","theDuelist:DragonZombie","theDuelist:BurstBreath"],"picked":"theDuelist:BSkullDragon","floor":57},{"not_picked":["theDuelist:MagicalBlast+1","theDuelist:StampingDestruction+1","theDuelist:OneDayPeace","theDuelist:ArtifactIgnition","theDuelist:ClawHermos+1"],"picked":"SKIP","floor":59},{"not_picked":["theDuelist:DragonShield+1","theDuelist:DragonCaptureJar","theDuelist:DefenseZone+1","theDuelist:DefenseDraw"],"picked":"theDuelist:ApprenticeIllusionMagician+1","floor":60},{"not_picked":["theDuelist:Pyrorex+1","theDuelist:BlackBrutdrago+1","theDuelist:DarkHorus+1","theDuelist:BurstBreath+1","theDuelist:AncientGearGadjiltron+1"],"picked":"SKIP","floor":67}],"player_experience":242586,"relics_obtained":[{"floor":7,"key":"Dota2Spire:UrnOfShadows"},{"floor":10,"key":"Dota2Spire:OrchidMalevolence"},{"floor":14,"key":"hubris:TenFootPole"},{"floor":15,"key":"Snake Skull"},{"floor":18,"key":"Dota2Spire:MaskOfMadness"},{"floor":31,"key":"Ornamental Fan"},{"floor":33,"key":"Art of War"},{"floor":34,"key":"hubris:SoftwareUpdate"},{"floor":37,"key":"Dota2Spire:LotusOrb"},{"floor":50,"key":"theDuelist:DuelistOrichalcum"},{"floor":52,"key":"theDuelist:KaibaToken"},{"floor":53,"key":"Bag of Preparation"},{"floor":54,"key":"Whetstone"},{"floor":57,"key":"wanderingMiniBosses:OtherGremlinHorn"},{"floor":67,"key":"theDuelist:MonsterEggRelic"}],"event_choices":[{"damage_healed":0,"gold_gain":0,"player_choice":"Left Gold","damage_taken":0,"max_hp_gain":0,"max_hp_loss":0,"event_name":"World of Goop","floor":12,"gold_loss":44},{"total_magic_score":135,"gold_gain":0,"duelist":true,"damage_taken":0,"relics_obtained":[],"points":3,"max_hp_gain":0,"max_hp_loss":0,"spent_points":{"magic":0,"greed":3,"war":0,"power":0,"hunger":0},"event_name":"Nameless Tomb","floor":44,"gold_loss":0,"cards_obtained":[]},{"damage_healed":0,"gold_gain":0,"player_choice":"Ignored","damage_taken":0,"max_hp_gain":0,"max_hp_loss":0,"event_name":"Tomb of Lord Red Mask","floor":46,"gold_loss":0},{"damage_healed":0,"gold_gain":0,"player_choice":"Leave","duelist":true,"damage_taken":0,"max_hp_gain":0,"max_hp_loss":0,"event_name":"Card Trader","floor":47,"gold_loss":0},{"damage_healed":0,"gold_gain":0,"player_choice":"Forge","damage_taken":0,"max_hp_gain":0,"max_hp_loss":0,"event_name":"Accursed Blacksmith","floor":58,"gold_loss":0,"cards_upgraded":["theDuelist:BSkullDragon"]}],"is_beta":false,"boss_relics":[{"not_picked":["Runic Cube","Tiny House"],"picked":"Philosopher\u0027s Stone"},{"not_picked":["SacredBark","Empty Cage"],"picked":"Dota2Spire:RefresherOrb"},{"not_picked":["Mark of Pain","theDuelist:ElectricKey"],"picked":"hubris:Backtick"}],"items_purged_floors":[0,0,0,0,36,56,66],"is_endless":false,"potions_floor_spawned":[1,8,10,15,20,23,27,28,31,35,38,43,49,50,52],"ascension_level":12}}