{"host":"nsc6ozq3atyrdr3m","time":1613853379,"event":{"mods":["BaseMod","Colored Map","Minty Spire (QoL Compilation)"],"gold_per_floor":[116,129,22,41,55,55,55,69,69,69,82,82,82,102,102,206,206,206],"floor_reached":17,"language":"FRA","playtime":295,"items_purged":[],"score":201,"play_id":"daf5b435-79e0-48ed-97ab-722b7250e35a","local_time":"20210220213619","is_ascension_mode":true,"campfire_choices":[{"data":"Static Discharge","floor":6,"key":"SMITH"},{"data":"White Noise","floor":13,"key":"SMITH"},{"floor":15,"key":"REST"}],"circlet_count":0,"master_deck":["Strike_B","Strike_B","Strike_B","Defend_B","Defend_B","Defend_B","Defend_B","Zap","Dualcast","Static Discharge+1","Force Field","White Noise+1","Recycle","White Noise"],"relics":["Busted Crown","Mummified Hand","Velvet Choker"],"acts_visited":["Exordium","TheCity"],"potions_floor_usage":[],"damage_taken":[{"damage":1,"enemies":"Cultist","floor":1,"turns":4},{"damage":3,"enemies":"Small Slimes","floor":2,"turns":4},{"damage":2,"enemies":"Jaw Worm","floor":4,"turns":4},{"damage":11,"enemies":"2 Fungi Beasts","floor":5,"turns":3},{"damage":6,"enemies":"Red Slaver","floor":8,"turns":6},{"damage":6,"enemies":"Looter","floor":11,"turns":4},{"damage":5,"enemies":"Exordium Wildlife","floor":14,"turns":2},{"damage":38,"enemies":"Hexaghost","floor":16,"turns":5}],"seed_played":"-7981721647815492072","potions_obtained":[{"floor":1,"key":"ColorlessPotion"},{"floor":5,"key":"LiquidBronze"},{"floor":8,"key":"FocusPotion"}],"is_trial":false,"path_per_floor":["M","M","$","M","M","R","?","M","T","$","M","?","R","M","R","B",null],"character_chosen":"DEFECT","items_purchased":["Static Discharge","Force Field"],"campfire_rested":1,"item_purchase_floors":[3,3],"current_hp_per_floor":[67,64,64,62,51,51,51,45,45,45,39,39,39,34,56,18,61,61],"gold":206,"neow_bonus":"BOSS_RELIC","is_daily":false,"chose_seed":false,"campfire_upgraded":2,"win_rate":0.0,"timestamp":1613853379,"path_taken":["M","?","$","M","M","R","?","?","T","$","M","?","R","?","R","BOSS"],"items_purchased_type":["Card","Card"],"build_version":"2020-12-22","purchased_purges":0,"victory":false,"max_hp_per_floor":[75,75,75,75,75,75,75,75,75,75,75,75,75,75,75,75,75,75],"card_choices":[{"not_picked":["Chaos"],"picked":"SKIP","floor":1},{"not_picked":["Compile Driver"],"picked":"SKIP","floor":2},{"not_picked":["Stack"],"picked":"SKIP","floor":4},{"not_picked":[],"picked":"White Noise","floor":5},{"not_picked":["Barrage"],"picked":"SKIP","floor":8},{"not_picked":["Redo"],"picked":"SKIP","floor":11},{"not_picked":[],"picked":"White Noise","floor":14}],"player_experience":438475,"relics_obtained":[{"floor":9,"key":"Mummified Hand"}],"event_choices":[{"damage_healed":0,"gold_gain":0,"player_choice":"1 cards matched","damage_taken":0,"max_hp_gain":0,"max_hp_loss":0,"event_name":"Match and Keep!","floor":7,"gold_loss":0,"cards_obtained":["Recycle"]},{"cards_removed":["Strike_B"],"damage_healed":0,"gold_gain":0,"player_choice":"Purged","damage_taken":0,"max_hp_gain":0,"max_hp_loss":0,"event_name":"Purifier","floor":12,"gold_loss":0}],"is_beta":false,"boss_relics":[{"not_picked":["Empty Cage","SacredBark"],"picked":"Velvet Choker"}],"items_purged_floors":[],"is_endless":false,"potions_floor_spawned":[1,5,8,16],"ascension_level":7}}