{"host":"xsuxkwaivmtd234a","time":1613836911,"event":{"mods":["BaseMod","Bestiary","Colored Map","Filter the Spire","Minty Spire (QoL Compilation)","Relic Stats","StSLib"],"gold_per_floor":[367,384,384,433,443,443,476,490,490,518,536,63,63,109,109,208,208,228,228,228,15,28,60,20,36,36,36,53,68,81,112,112,112,112],"floor_reached":33,"language":"ENG","playtime":1361,"items_purged":["Strike_B"],"score":446,"play_id":"e2730eae-3e83-4ab7-a479-3483537e4216","local_time":"20210220110151","is_ascension_mode":true,"campfire_choices":[{"data":"Self Repair","floor":6,"key":"SMITH"},{"floor":15,"key":"DIG"},{"data":"Fission","floor":27,"key":"SMITH"},{"floor":32,"key":"DIG"}],"circlet_count":0,"master_deck":["AscendersBane","Strike_B","Strike_B","Strike_B","Defend_B","Defend_B","Defend_B","Defend_B","Zap","Dualcast","Ball Lightning","Go for the Eyes+1","Self Repair+1","Sweeping Beam","Aggregate","Sunder","Ball Lightning+1","BootSequence+1","Fission+1","Glacier","Turbo","Capacitor+1","Barrage+1","Double Energy+1","Reprogram+1"],"relics":["Cracked Core","Toy Ornithopter","Ginger","Shovel","PreservedInsect","Torii","ClockworkSouvenir","Bag of Marbles","Gremlin Horn","SlaversCollar","Membership Card","Gambling Chip","Potion Belt","Turnip","FossilizedHelix"],"acts_visited":["Exordium","TheCity"],"potions_floor_usage":[7,23,24,25,28,31,31],"damage_taken":[{"damage":7,"enemies":"Small Slimes","floor":1,"turns":4},{"damage":2,"enemies":"Jaw Worm","floor":2,"turns":3},{"damage":1,"enemies":"Cultist","floor":5,"turns":3},{"damage":10,"enemies":"Gremlin Nob","floor":7,"turns":3},{"damage":1,"enemies":"Red Slaver","floor":8,"turns":4},{"damage":25,"enemies":"3 Sentries","floor":10,"turns":7},{"damage":7,"enemies":"Exordium Wildlife","floor":11,"turns":4},{"damage":25,"enemies":"Hexaghost","floor":16,"turns":9},{"damage":8,"enemies":"Chosen","floor":18,"turns":5},{"damage":8,"enemies":"Shell Parasite","floor":22,"turns":6},{"damage":20,"enemies":"Slavers","floor":23,"turns":4},{"damage":2,"enemies":"Snake Plant","floor":25,"turns":5},{"damage":14,"enemies":"3 Cultists","floor":28,"turns":4},{"damage":9,"enemies":"Shelled Parasite and Fungi","floor":29,"turns":6},{"damage":24,"enemies":"Snake Plant","floor":30,"turns":5},{"damage":13,"enemies":"Book of Stabbing","floor":31,"turns":5},{"damage":63,"enemies":"Automaton","floor":33,"turns":8}],"seed_played":"-6851067445927273613","potions_obtained":[{"floor":2,"key":"ColorlessPotion"},{"floor":10,"key":"Ancient Potion"},{"floor":16,"key":"Dexterity Potion"},{"floor":24,"key":"Fruit Juice"},{"floor":24,"key":"Swift Potion"},{"floor":24,"key":"Explosive Potion"},{"floor":28,"key":"Ancient Potion"},{"floor":29,"key":"FocusPotion"},{"floor":30,"key":"Weak Potion"},{"floor":31,"key":"GamblersBrew"}],"is_trial":false,"path_per_floor":["M","M","?","T","M","R","E","M","T","E","M","$","?","T","R","B",null,"M","?","?","$","M","E","?","M","T","R","M","M","M","E","R","B"],"character_chosen":"DEFECT","items_purchased":["BootSequence","Torii","ClockworkSouvenir","Membership Card","Turbo"],"campfire_rested":0,"item_purchase_floors":[12,12,12,21,21],"current_hp_per_floor":[61,59,59,59,58,58,63,68,68,53,46,46,32,32,32,17,55,57,57,57,57,59,54,64,73,73,73,69,70,56,63,63,0,0],"gold":112,"neow_bonus":"TWO_FIFTY_GOLD","is_daily":false,"chose_seed":false,"campfire_upgraded":2,"win_rate":0.0,"timestamp":1613836911,"path_taken":["M","M","?","?","M","R","E","?","T","E","M","$","?","?","R","BOSS","M","?","?","$","?","E","?","M","T","R","?","M","M","E","R","BOSS"],"items_purchased_type":["Card","Relic","Relic","Relic","Card"],"build_version":"2020-12-22","purchased_purges":1,"victory":false,"max_hp_per_floor":[68,68,68,68,68,68,68,68,68,68,68,68,68,68,68,68,68,68,68,68,68,68,68,73,73,73,73,73,73,73,73,73,73,73],"relic_stats":{"Shovel":2,"Torii":46,"Gremlin Horn":[7,7],"counters":[17,85],"Gambling Chip":[18],"PreservedInsect":83,"Turnip":[0],"Ginger":[12],"obtain_stats":[{"Potion Belt":26,"Torii":12,"Gremlin Horn":15,"PreservedInsect":10,"Ginger":7,"ClockworkSouvenir":12,"SlaversCollar":17,"Shovel":9,"Gambling Chip":23,"Turnip":31,"Bag of Marbles":14,"Membership Card":21,"Cracked Core":0,"Toy Ornithopter":4,"FossilizedHelix":32},{"Potion Belt":12,"Torii":7,"Gremlin Horn":7,"PreservedInsect":6,"Ginger":4,"ClockworkSouvenir":7,"SlaversCollar":8,"Shovel":5,"Gambling Chip":11,"Turnip":16,"Bag of Marbles":7,"Membership Card":9,"Cracked Core":0,"Toy Ornithopter":2,"FossilizedHelix":16},{"Potion Belt":57,"Torii":28,"Gremlin Horn":28,"PreservedInsect":24,"Ginger":13,"ClockworkSouvenir":28,"SlaversCollar":37,"Shovel":17,"Gambling Chip":52,"Turnip":77,"Bag of Marbles":28,"Membership Card":42,"Cracked Core":0,"Toy Ornithopter":7,"FossilizedHelix":77}],"Toy Ornithopter":30},"card_choices":[{"not_picked":["Cold Snap","Reinforced Body"],"picked":"Ball Lightning","floor":1},{"not_picked":["Steam","Undo"],"picked":"Go for the Eyes","floor":2},{"not_picked":["Hello World","Beam Cell"],"picked":"Self Repair","floor":5},{"not_picked":["Hologram","Reprogram"],"picked":"Sweeping Beam","floor":7},{"not_picked":["Loop","Beam Cell"],"picked":"Aggregate","floor":8},{"not_picked":["Consume","Double Energy"],"picked":"Sunder","floor":10},{"not_picked":["Compile Driver","Coolheaded"],"picked":"Ball Lightning","floor":11},{"not_picked":["Reboot","Amplify"],"picked":"Fission","floor":16},{"not_picked":["Stack+1","Gash","Blizzard"],"picked":"SKIP","floor":18},{"not_picked":["Aggregate","Cold Snap","Sweeping Beam"],"picked":"SKIP","floor":22},{"not_picked":["Aggregate","Cold Snap","Sweeping Beam"],"picked":"SKIP","floor":22},{"not_picked":["Lockon+1","All For One"],"picked":"Capacitor+1","floor":23},{"not_picked":["Conserve Battery","Ball Lightning"],"picked":"Barrage+1","floor":25},{"not_picked":["Conserve Battery","Beam Cell","Cold Snap"],"picked":"SKIP","floor":28},{"not_picked":["Coolheaded+1","Genetic Algorithm"],"picked":"Double Energy+1","floor":29},{"not_picked":["Redo","Reprogram","Storm+1"],"picked":"SKIP","floor":30},{"not_picked":["Capacitor","Ball Lightning"],"picked":"Reprogram+1","floor":31}],"player_experience":1319856,"relics_obtained":[{"floor":4,"key":"Toy Ornithopter"},{"floor":7,"key":"Ginger"},{"floor":9,"key":"Shovel"},{"floor":10,"key":"PreservedInsect"},{"floor":14,"key":"Bag of Marbles"},{"floor":15,"key":"Gremlin Horn"},{"floor":23,"key":"Gambling Chip"},{"floor":26,"key":"Potion Belt"},{"floor":31,"key":"Turnip"},{"floor":32,"key":"FossilizedHelix"}],"event_choices":[{"damage_healed":0,"gold_gain":0,"player_choice":"Grow","damage_taken":0,"max_hp_gain":0,"max_hp_loss":0,"event_name":"Living Wall","floor":3,"gold_loss":0,"cards_upgraded":["Go for the Eyes"]},{"damage_healed":0,"gold_gain":0,"player_choice":"Entered Light","damage_taken":14,"max_hp_gain":0,"max_hp_loss":0,"event_name":"Shining Light","floor":13,"gold_loss":0,"cards_upgraded":["BootSequence","Ball Lightning"]},{"damage_healed":0,"gold_gain":0,"player_choice":"Read","damage_taken":0,"max_hp_gain":0,"max_hp_loss":0,"event_name":"The Library","floor":19,"gold_loss":0,"cards_obtained":["Glacier"]},{"damage_healed":0,"gold_gain":0,"player_choice":"Ignored","damage_taken":0,"max_hp_gain":0,"max_hp_loss":0,"event_name":"NoteForYourself","floor":20,"gold_loss":0},{"damage_healed":0,"gold_gain":0,"player_choice":"Bought 3 Potions","damage_taken":0,"max_hp_gain":0,"max_hp_loss":0,"event_name":"The Woman in Blue","floor":24,"gold_loss":0}],"is_beta":false,"boss_relics":[{"not_picked":["Black Star","Sozu"],"picked":"SlaversCollar"}],"items_purged_floors":[21],"is_endless":false,"potions_floor_spawned":[2,10,16,28,29,30,31],"killed_by":"Automaton","ascension_level":10}}