{"host":"g7uq9uzahx9e0kti","time":1613835679,"event":{"mods":["100% Spire Juice","AchievementEnabler","Act Like it!","Arknights","BaseMod","CapriCore","Hermit","Koishi","Minty Spire (QoL Compilation)","Permanent Neow","Quick Restart","StSLib","SuperFastMode","The Bug Knight","The Cursed","The Hierophant","The Poker Player","Together in Spire","WarShipGirlsR/??á´Ò³R mod"],"gold_per_floor":[7,22,22,22,22,54,54,67,67,78,90,105,26,86,86,182,62,77,103,119,119,132,158,158,158],"floor_reached":24,"language":"KOR","playtime":1593,"items_purged":[],"score":218,"play_id":"a0e5e9fa-43a9-4fa2-8f09-fc86f0dfb7af","local_time":"20210221004119","is_ascension_mode":false,"campfire_choices":[{"data":"Moonworks:DevilHand","floor":7,"key":"SMITH"},{"data":"Moonworks:Ambush","floor":15,"key":"SMITH"}],"circlet_count":0,"master_deck":["Moonworks:Strike+1","Moonworks:Strike+1","Moonworks:Strike+1","Moonworks:Strike+1","Moonworks:Defend+1","Moonworks:Defend+1","Moonworks:Defend+1","Moonworks:Defend+1","Moonworks:Ambush+1","Moonworks:LongDistanceShot","TheCursedMod:Dregs","Moonworks:Dash","Moonworks:NicePresent","Moonworks:AwakeningOfTalent","Moonworks:RedAndBlue","Moonworks:DevilHand+1","Moonworks:CookingTime","Moonworks:CloudOfSeagulls","Moonworks:JonathanRush+1","Moonworks:CloudOfSeagulls+1","Moonworks:ReflectiveShell","Moonworks:BigBangBell","Moonworks:SakisCookie","Moonworks:EvilSpyWorkPreparation+1","Moonworks:TacticalRetreat+1"],"relics":["Moonworks:BrokenBomb","Moonworks:Homemark","HollowMod:StagPassRelic","The Courier","Ornamental Fan","SacredBark","Red Mask","Toxic Egg 2"],"acts_visited":["Exordium","TheCity"],"potions_floor_usage":[23],"damage_taken":[{"damage":4,"enemies":"Cultist","floor":1,"turns":4},{"damage":0,"enemies":"Small Slimes","floor":2,"turns":3},{"damage":9,"enemies":"Gremlin Nob","floor":6,"turns":4},{"damage":0,"enemies":"2 Louse","floor":8,"turns":1},{"damage":0,"enemies":"2 Fungi Beasts","floor":10,"turns":2},{"damage":0,"enemies":"Gremlin Gang","floor":11,"turns":3},{"damage":0,"enemies":"Blue Slaver","floor":12,"turns":3},{"damage":2,"enemies":"Lagavulin Event","floor":14,"turns":6},{"damage":38,"enemies":"The Guardian","floor":16,"turns":8},{"damage":2,"enemies":"3 Byrds","floor":18,"turns":4},{"damage":17,"enemies":"Masked Bandits","floor":19,"turns":5},{"damage":6,"enemies":"Shell Parasite","floor":20,"turns":4},{"damage":18,"enemies":"Centurion and Healer","floor":22,"turns":7},{"damage":32,"enemies":"Book of Stabbing","floor":23,"turns":6},{"damage":20,"enemies":"Snecko","floor":24,"turns":5}],"seed_played":"8900709290985011064","potions_obtained":[{"floor":1,"key":"Dexterity Potion"},{"floor":2,"key":"BlessingOfTheForge"},{"floor":10,"key":"SpeedPotion"},{"floor":20,"key":"Explosive Potion"},{"floor":23,"key":"Dexterity Potion"}],"is_trial":false,"path_per_floor":["M","M","$","$","?","E","R","M","T","M","M","M","$","?","R","B",null,"M","?","M","?","M","E","M"],"character_chosen":"THE_STARBREAKER","items_purchased":["Moonworks:JonathanRush","Moonworks:CloudOfSeagulls"],"campfire_rested":0,"item_purchase_floors":[13,13],"current_hp_per_floor":[56,56,56,56,56,47,47,47,47,53,59,60,60,58,58,22,60,60,43,43,43,31,7,0,0],"gold":158,"neow_bonus":"TWO_FIFTY_GOLD","is_daily":false,"chose_seed":false,"campfire_upgraded":2,"win_rate":0.0,"timestamp":1613835679,"path_taken":["M","M","?","$","?","E","R","?","T","M","?","M","$","?","R","BOSS","M","?","M","?","M","E","M"],"items_purchased_type":["Card","Card"],"build_version":"2020-12-22","purchased_purges":0,"victory":false,"max_hp_per_floor":[60,60,60,60,60,60,60,60,60,60,60,60,60,60,60,60,60,60,60,60,60,60,60,60,60],"card_choices":[{"not_picked":["Moonworks:CompletionReward","Moonworks:EvilSpyWorkPreparation"],"picked":"Moonworks:Dash","floor":1},{"not_picked":["Moonworks:IndiscriminateFireSupport","Moonworks:EvilSpyWorkPreparation"],"picked":"Moonworks:NicePresent","floor":2},{"not_picked":["Moonworks:LulusLuckyEgg","Moonworks:FinalSurgery"],"picked":"Moonworks:DevilHand","floor":6},{"not_picked":["Moonworks:BigMagnum","Moonworks:CloudOfSeagulls"],"picked":"Moonworks:CookingTime","floor":8},{"not_picked":["Moonworks:Assault","Moonworks:Accelerator","Moonworks:EvilSpyWorkPreparation"],"picked":"SKIP","floor":10},{"not_picked":["Moonworks:MiracleWalker","Moonworks:EvilSpyWorkPreparation","Moonworks:LulusLuckyEgg"],"picked":"SKIP","floor":11},{"not_picked":["Moonworks:Assault","Moonworks:MiracleWalker"],"picked":"Moonworks:CloudOfSeagulls","floor":12},{"not_picked":["Moonworks:Gamble","Moonworks:SubspaceTunnel"],"picked":"Moonworks:ReflectiveShell","floor":16},{"not_picked":["Moonworks:SelfDestruct","Moonworks:RedAndBlue","Moonworks:LulusLuckyEgg"],"picked":"SKIP","floor":18},{"not_picked":["Moonworks:Assault","Moonworks:EvilSpyWorkPreparation"],"picked":"Moonworks:BigBangBell","floor":19},{"not_picked":["Moonworks:Assault","Moonworks:AwakeningOfTalent"],"picked":"Moonworks:SakisCookie","floor":20},{"not_picked":["Moonworks:DeployBits","Moonworks:ExtendedPhotonRifle"],"picked":"Moonworks:EvilSpyWorkPreparation+1","floor":22},{"not_picked":["Moonworks:ImmovableObject+1","Moonworks:WindyEnchantment+1"],"picked":"Moonworks:TacticalRetreat+1","floor":23}],"player_experience":151008,"relics_obtained":[{"floor":6,"key":"HollowMod:StagPassRelic"},{"floor":9,"key":"The Courier"},{"floor":14,"key":"Ornamental Fan"},{"floor":19,"key":"Red Mask"},{"floor":23,"key":"Toxic Egg 2"}],"event_choices":[{"damage_healed":0,"gold_gain":0,"player_choice":"2 cards matched","damage_taken":0,"max_hp_gain":0,"max_hp_loss":0,"event_name":"Match and Keep!","floor":5,"gold_loss":0,"cards_obtained":["Moonworks:AwakeningOfTalent","Moonworks:RedAndBlue"]},{"damage_healed":0,"gold_gain":0,"player_choice":"Searched \u00272\u0027 times","damage_taken":0,"max_hp_gain":0,"max_hp_loss":0,"event_name":"Dead Adventurer","floor":14,"gold_loss":0},{"damage_healed":0,"gold_gain":0,"player_choice":"Fought Bandits","damage_taken":0,"max_hp_gain":0,"max_hp_loss":0,"event_name":"Masked Bandits","floor":19,"gold_loss":0},{"damage_healed":0,"gold_gain":0,"player_choice":"Simplicity","damage_taken":0,"max_hp_gain":0,"max_hp_loss":0,"event_name":"Back to Basics","floor":21,"gold_loss":0,"cards_upgraded":["Moonworks:Strike","Moonworks:Strike","Moonworks:Strike","Moonworks:Strike","Moonworks:Defend","Moonworks:Defend","Moonworks:Defend","Moonworks:Defend"]}],"is_beta":false,"boss_relics":[{"not_picked":["Ectoplasm","Fusion Hammer"],"picked":"SacredBark"}],"items_purged_floors":[],"is_endless":false,"potions_floor_spawned":[1,2,10,19,20,23],"killed_by":"Snecko","ascension_level":0}}