{"host":"y080dcqw8fj32q7d","time":1613833744,"event":{"mods":["AchievementEnabler","BaseMod","Colored Map","Colored Powertips","DeckTracker","Minty Spire (QoL Compilation)","Relic Sorter"],"gold_per_floor":[118,118,136,22,22,22,32,58,58,76,110,121,154,181,181,279,279,289,303,318,337,356,393,428,468,518,518,518,559,168,204,204,204,204],"floor_reached":33,"language":"ENG","playtime":3131,"items_purged":["Strike_R","Strike_R"],"score":395,"play_id":"947f7263-a71a-4aa9-bcb5-b0279e979522","local_time":"20210220180904","is_ascension_mode":true,"campfire_choices":[{"floor":6.0,"key":"RECALL"},{"floor":15.0,"key":"REST"},{"floor":27.0,"key":"REST"},{"data":"Strike_R","floor":32.0,"key":"PURGE"}],"circlet_count":0,"master_deck":["Strike_R","Strike_R","Defend_R","Defend_R","Defend_R","Defend_R","Bash","Berserk+1","Shrug It Off","Thunderclap","Combust+1","Dropkick","Infernal Blade","Metallicize","Flame Barrier","Bloodletting","Pommel Strike","Dark Embrace","Rampage","Bludgeon","Wild Strike","Wild Strike+1","Wild Strike+1","Hemokinesis","Second Wind+1","Cleave","Sword Boomerang","Reckless Charge+1","Anger","Cleave","Demon Form","Headbutt+1","Infernal Blade","Blood for Blood","Wild Strike+1","Iron Wave+1","Shrug It Off+1"],"relics":["Burning Blood","HornCleat","Prayer Wheel","Lantern","Odd Mushroom","Mark of Pain","CeramicFish","Peace Pipe","Orichalcum","Mummified Hand","Lee\u0027s Waffle","Akabeko"],"acts_visited":["Exordium","TheCity"],"potions_floor_usage":[33],"damage_taken":[{"damage":6.0,"enemies":"Jaw Worm","floor":1.0,"turns":4.0},{"damage":4.0,"enemies":"Cultist","floor":3.0,"turns":5.0},{"damage":0.0,"enemies":"2 Louse","floor":7.0,"turns":2.0},{"damage":27.0,"enemies":"Gremlin Nob","floor":8.0,"turns":4.0},{"damage":9.0,"enemies":"Gremlin Gang","floor":10.0,"turns":3.0},{"damage":22.0,"enemies":"Lagavulin","floor":11.0,"turns":6.0},{"damage":12.0,"enemies":"Large Slime","floor":12.0,"turns":8.0},{"damage":15.0,"enemies":"Gremlin Nob","floor":13.0,"turns":4.0},{"damage":18.0,"enemies":"The Mushroom Lair","floor":14.0,"turns":6.0},{"damage":24.0,"enemies":"Hexaghost","floor":16.0,"turns":13.0},{"damage":0.0,"enemies":"3 Byrds","floor":18.0,"turns":2.0},{"damage":8.0,"enemies":"Shell Parasite","floor":19.0,"turns":3.0},{"damage":21.0,"enemies":"Cultist and Chosen","floor":20.0,"turns":5.0},{"damage":2.0,"enemies":"Centurion and Healer","floor":21.0,"turns":8.0},{"damage":15.0,"enemies":"Shelled Parasite and Fungi","floor":22.0,"turns":4.0},{"damage":47.0,"enemies":"Book of Stabbing","floor":23.0,"turns":5.0},{"damage":13.0,"enemies":"3 Cultists","floor":24.0,"turns":4.0},{"damage":23.0,"enemies":"Gremlin Leader","floor":25.0,"turns":6.0},{"damage":24.0,"enemies":"Slavers","floor":29.0,"turns":4.0},{"damage":0.0,"enemies":"Centurion and Healer","floor":31.0,"turns":5.0},{"damage":93,"enemies":"Automaton","floor":33,"turns":8}],"seed_played":"6051817139992760995","potions_obtained":[{"floor":2.0,"key":"FairyPotion"},{"floor":2.0,"key":"GamblersBrew"},{"floor":2.0,"key":"AttackPotion"},{"floor":8.0,"key":"Energy Potion"},{"floor":10.0,"key":"FearPotion"},{"floor":13.0,"key":"PowerPotion"},{"floor":16.0,"key":"CultistPotion"},{"floor":18.0,"key":"Dexterity Potion"},{"floor":21.0,"key":"Weak Potion"},{"floor":24.0,"key":"SpeedPotion"},{"floor":29.0,"key":"DistilledChaos"},{"floor":31.0,"key":"SpeedPotion"}],"is_trial":false,"path_per_floor":["M","?","M","$","?","R","M","E","T","M","E","M","E","?","R","B",null,"M","M","M","M","M","E","M","E","T","R","?","E","$","M","R","B"],"character_chosen":"IRONCLAD","items_purchased":["Combust","Lee\u0027s Waffle","Akabeko"],"campfire_rested":2,"item_purchase_floors":[4,30,30],"current_hp_per_floor":[80,80,80,80,80,80,80,59,59,56,40,34,25,13,37,19,80,80,78,63,67,58,17,10,20,20,44,44,26,87,87,87,0,0],"gold":204,"neow_bonus":"ONE_RANDOM_RARE_CARD","is_daily":false,"chose_seed":false,"campfire_upgraded":0,"win_rate":0.0,"timestamp":1613833744,"path_taken":["M","?","?","$","?","R","M","E","T","?","E","M","E","?","R","BOSS","M","M","M","M","M","E","M","E","T","R","?","E","$","M","R","BOSS"],"items_purchased_type":["Card","Relic","Relic"],"build_version":"2020-12-22","purchased_purges":2,"victory":false,"max_hp_per_floor":[80,80,80,80,80,80,80,80,80,80,80,80,80,80,80,80,80,80,80,80,80,80,80,80,80,80,80,80,80,87,87,87,87,87],"card_choices":[{"not_picked":["Warcry","Twin Strike"],"picked":"Shrug It Off","floor":1.0},{"not_picked":["Havoc","Bloodletting"],"picked":"Thunderclap","floor":3.0},{"not_picked":["Body Slam","Perfected Strike"],"picked":"Dropkick","floor":7.0},{"not_picked":["Body Slam","Dark Embrace"],"picked":"Infernal Blade","floor":8.0},{"not_picked":["Flex","Clothesline"],"picked":"Metallicize","floor":10.0},{"not_picked":["Flex","Thunderclap"],"picked":"Flame Barrier","floor":11.0},{"not_picked":["Sentinel","Berserk"],"picked":"Bloodletting","floor":12.0},{"not_picked":["Warcry","Flex"],"picked":"Pommel Strike","floor":12.0},{"not_picked":["Flex","Clash"],"picked":"Dark Embrace","floor":13.0},{"not_picked":["Burning Pact","Perfected Strike"],"picked":"Rampage","floor":14.0},{"not_picked":["Reaper","Berserk"],"picked":"Bludgeon","floor":16.0},{"not_picked":["Carnage","Havoc"],"picked":"Wild Strike","floor":18.0},{"not_picked":["Searing Blow+1","Twin Strike"],"picked":"Wild Strike+1","floor":18.0},{"not_picked":["Thunderclap","Fiend Fire"],"picked":"Wild Strike+1","floor":19.0},{"not_picked":["Sever Soul","Flex"],"picked":"Hemokinesis","floor":19.0},{"not_picked":["Headbutt","Burning Pact"],"picked":"Second Wind+1","floor":20.0},{"not_picked":["Rupture","Clash"],"picked":"Cleave","floor":20.0},{"not_picked":["Flex","Whirlwind"],"picked":"Sword Boomerang","floor":21.0},{"not_picked":["Havoc","Dual Wield+1"],"picked":"Reckless Charge+1","floor":21.0},{"not_picked":["Pummel","Perfected Strike"],"picked":"Anger","floor":22.0},{"not_picked":["Sword Boomerang","Perfected Strike"],"picked":"Cleave","floor":22.0},{"not_picked":["Flex+1","Rupture"],"picked":"Demon Form","floor":23.0},{"not_picked":["Inflame","Evolve"],"picked":"Headbutt+1","floor":24.0},{"not_picked":["Headbutt+1","Burning Pact"],"picked":"Infernal Blade","floor":24.0},{"not_picked":["Reckless Charge","Infernal Blade"],"picked":"Blood for Blood","floor":25.0},{"not_picked":["Flex+1","Berserk"],"picked":"Wild Strike+1","floor":29.0},{"not_picked":["Wild Strike","Cleave"],"picked":"Iron Wave+1","floor":31.0},{"not_picked":["Twin Strike+1","Whirlwind"],"picked":"Shrug It Off+1","floor":31.0}],"player_experience":349253,"relics_obtained":[{"floor":8.0,"key":"HornCleat"},{"floor":11.0,"key":"Prayer Wheel"},{"floor":13.0,"key":"Lantern"},{"floor":14.0,"key":"Odd Mushroom"},{"floor":23.0,"key":"CeramicFish"},{"floor":25.0,"key":"Peace Pipe"},{"floor":26.0,"key":"Orichalcum"},{"floor":29.0,"key":"Mummified Hand"}],"event_choices":[{"damage_healed":0.0,"max_hp_gain":0.0,"max_hp_loss":0.0,"gold_gain":0.0,"event_name":"Lab","player_choice":"Got Potions","floor":2.0,"gold_loss":0.0,"damage_taken":0.0},{"damage_healed":0.0,"max_hp_gain":0.0,"max_hp_loss":0.0,"gold_gain":0.0,"event_name":"Upgrade Shrine","player_choice":"Upgraded","floor":5.0,"gold_loss":0.0,"damage_taken":0.0,"cards_upgraded":["Combust"]},{"damage_healed":0.0,"max_hp_gain":0.0,"max_hp_loss":0.0,"gold_gain":0.0,"event_name":"Mushrooms","player_choice":"Fought Mushrooms","floor":14.0,"gold_loss":0.0,"damage_taken":0.0},{"damage_healed":0.0,"max_hp_gain":0.0,"max_hp_loss":0.0,"gold_gain":0.0,"event_name":"Accursed Blacksmith","player_choice":"Forge","floor":28.0,"gold_loss":0.0,"damage_taken":0.0,"cards_upgraded":["Berserk"]}],"is_beta":false,"boss_relics":[{"not_picked":["SlaversCollar","Tiny House"],"picked":"Mark of Pain"}],"items_purged_floors":[4,30],"is_endless":false,"potions_floor_spawned":[8,10,12,13,16,18,21,24,29,31],"killed_by":"Automaton","ascension_level":1}}