{"host":"rantoq7h0pygex6x","time":1613796628,"event":{"mods":["AchievementEnabler","BaseMod","BetterRewards","Minty Spire (QoL Compilation)","SuperFastMode"],"gold_per_floor":[111,111,131,151,166,166,179,179,248,248,265,265,5,35,35,109,109,128,128,128,53,64,91,105,105,105,105,105,123,142,41,41,120,120,135,152,71,51,62,91,109,127,127,38,63,63,88,114,126,138,138],"floor_reached":50,"language":"ENG","playtime":1193,"items_purged":["Strike_R","Defend_R","Strike_R","Strike_R"],"score":1458,"play_id":"c013411d-e67b-4d29-b19c-0c3073db9491","local_time":"20210220125028","is_ascension_mode":true,"campfire_choices":[{"data":"Armaments","floor":6.0,"key":"SMITH"},{"data":"Uppercut","floor":8.0,"key":"SMITH"},{"data":"Metallicize","floor":10.0,"key":"SMITH"},{"floor":12.0,"key":"REST"},{"data":"Juggernaut","floor":15.0,"key":"SMITH"},{"data":"Juggernaut","floor":25.0,"key":"SMITH"},{"floor":27.0,"key":"REST"},{"data":"Juggernaut","floor":32.0,"key":"SMITH"},{"data":"Barricade","floor":46,"key":"SMITH"},{"data":"Impervious","floor":49,"key":"SMITH"}],"circlet_count":0,"master_deck":["AscendersBane","Strike_R","Strike_R","Defend_R","Defend_R","Defend_R","Bash","Feed+1","Uppercut+1","Shrug It Off","Metallicize+1","Cleave","Armaments+1","Dropkick","Juggernaut+1","Flash of Steel+1","Dropkick+1","Juggernaut+1","Necronomicurse","Juggernaut+1","Shrug It Off","Barricade+1","Entrench+1","Anger+1","Impervious+1","Inflame+1","Iron Wave+1"],"relics":["Burning Blood","Ornamental Fan","Membership Card","StoneCalendar","Self Forming Clay","Molten Egg 2","Turnip","Busted Crown","Necronomicon","Lantern","Toy Ornithopter","MutagenicStrength","Coffee Dripper","ClockworkSouvenir","Art of War","Sundial","PreservedInsect","MawBank"],"acts_visited":["Exordium","TheCity","TheBeyond"],"potions_floor_usage":[45,45,48],"damage_taken":[{"damage":0.0,"enemies":"Cultist","floor":1.0,"turns":4.0},{"damage":16.0,"enemies":"Jaw Worm","floor":3.0,"turns":5.0},{"damage":4.0,"enemies":"2 Louse","floor":4.0,"turns":3.0},{"damage":18.0,"enemies":"Exordium Wildlife","floor":5.0,"turns":7.0},{"damage":2.0,"enemies":"Gremlin Gang","floor":7.0,"turns":5.0},{"damage":2.0,"enemies":"Looter","floor":11.0,"turns":4.0},{"damage":12.0,"enemies":"3 Sentries","floor":14.0,"turns":7.0},{"damage":16.0,"enemies":"Slime Boss","floor":16.0,"turns":7.0},{"damage":13.0,"enemies":"Spheric Guardian","floor":18.0,"turns":4.0},{"damage":6.0,"enemies":"2 Thieves","floor":22.0,"turns":4.0},{"damage":18.0,"enemies":"Slavers","floor":23.0,"turns":4.0},{"damage":0.0,"enemies":"Cultist and Chosen","floor":24.0,"turns":4.0},{"damage":18.0,"enemies":"Centurion and Healer","floor":29.0,"turns":4.0},{"damage":8.0,"enemies":"Chosen and Byrds","floor":30.0,"turns":3.0},{"damage":16.0,"enemies":"Champ","floor":33.0,"turns":7.0},{"damage":5.0,"enemies":"3 Shapes","floor":35.0,"turns":3.0},{"damage":22.0,"enemies":"3 Darklings","floor":36.0,"turns":4.0},{"damage":0.0,"enemies":"Maw","floor":39.0,"turns":5.0},{"damage":23.0,"enemies":"Giant Head","floor":40.0,"turns":6.0},{"damage":9.0,"enemies":"Transient","floor":41.0,"turns":6.0},{"damage":26.0,"enemies":"3 Darklings","floor":42.0,"turns":4.0},{"damage":69,"enemies":"Reptomancer","floor":45,"turns":8},{"damage":6,"enemies":"Giant Head","floor":47,"turns":5},{"damage":25,"enemies":"Jaw Worm Horde","floor":48,"turns":4},{"damage":37,"enemies":"Donu and Deca","floor":50,"turns":4}],"seed_played":"-6360342791610534090","potions_obtained":[{"floor":1.0,"key":"BloodPotion"},{"floor":4.0,"key":"Block Potion"},{"floor":16.0,"key":"AttackPotion"},{"floor":18.0,"key":"BlessingOfTheForge"},{"floor":23.0,"key":"ColorlessPotion"},{"floor":24.0,"key":"AttackPotion"},{"floor":33.0,"key":"Explosive Potion"},{"floor":45,"key":"Weak Potion"},{"floor":47,"key":"BloodPotion"},{"floor":48,"key":"SteroidPotion"}],"is_trial":false,"path_per_floor":["M","?","M","M","M","R","M","R","T","R","M","R","$","E","R","B",null,"M","?","?","$","M","E","M","R","T","R","?","M","M","$","R","B",null,"M","M","$","?","M","E","M","M","T","$","E","R","E","M","R","B"],"character_chosen":"IRONCLAD","items_purchased":["Ornamental Fan","Feed","Uppercut","Shrug It Off","Metallicize","Membership Card","StoneCalendar","Molten Egg 2","Juggernaut","Flash of Steel+1","Juggernaut","Shrug It Off","ClockworkSouvenir","Impervious"],"campfire_rested":2,"item_purchase_floors":[0,0,0,0,0,0,0,13,13,13,31,31,37,44],"current_hp_per_floor":[29,29,23,29,21,21,29,29,29,29,37,64,64,62,62,52,86,79,79,58,58,58,50,56,56,56,86,86,74,81,81,81,71,97,98,82,82,82,92,75,72,52,52,52,20,20,20,31,31,0,0],"gold":138,"neow_bonus":"","is_daily":false,"chose_seed":false,"campfire_upgraded":8,"win_rate":0.0,"timestamp":1613796628,"path_taken":["M","?","M","M","M","R","M","R","T","R","M","R","$","E","R","BOSS","M","?","?","?","?","E","M","R","T","R","?","M","M","$","R","BOSS","M","M","$","?","M","E","M","M","T","$","E","R","E","?","R","BOSS"],"items_purchased_type":["Relic","Card","Card","Card","Card","Relic","Relic","Relic","Card","Card","Card","Card","Relic","Card"],"build_version":"2020-12-22","purchased_purges":4,"victory":false,"max_hp_per_floor":[73,73,77,81,85,85,89,89,89,89,93,93,93,97,97,97,97,97,97,97,97,97,101,101,101,101,101,101,101,105,105,105,105,105,105,105,105,105,109,109,109,109,109,109,109,109,109,113,113,113,113],"card_choices":[{"not_picked":["Thunderclap","Headbutt"],"picked":"Cleave","floor":1.0},{"not_picked":["Body Slam","Iron Wave"],"picked":"Armaments","floor":3.0},{"not_picked":["Pommel Strike","Reckless Charge"],"picked":"Dropkick","floor":4.0},{"not_picked":["Blood for Blood","Evolve","Clash"],"picked":"SKIP","floor":5.0},{"not_picked":["Clothesline","Thunderclap","Second Wind"],"picked":"SKIP","floor":7.0},{"not_picked":["Warcry","Carnage","Wild Strike"],"picked":"SKIP","floor":11.0},{"not_picked":["Shrug It Off","Disarm"],"picked":"Dropkick+1","floor":14.0},{"not_picked":["Exhume","Double Tap"],"picked":"Juggernaut","floor":16.0},{"not_picked":["Intimidate"],"picked":"SKIP","floor":18.0},{"not_picked":["Havoc"],"picked":"SKIP","floor":22.0},{"not_picked":["Warcry"],"picked":"SKIP","floor":23.0},{"not_picked":["Wild Strike+1"],"picked":"SKIP","floor":24.0},{"not_picked":["Headbutt+1"],"picked":"SKIP","floor":29.0},{"not_picked":["Havoc"],"picked":"SKIP","floor":30.0},{"not_picked":[],"picked":"Barricade","floor":33.0},{"not_picked":[],"picked":"Entrench+1","floor":35.0},{"not_picked":["Heavy Blade+1"],"picked":"SKIP","floor":36.0},{"not_picked":["Headbutt+1"],"picked":"SKIP","floor":39.0},{"not_picked":["Havoc"],"picked":"SKIP","floor":40.0},{"not_picked":["Infernal Blade"],"picked":"SKIP","floor":41.0},{"not_picked":[],"picked":"Anger+1","floor":42.0},{"not_picked":[],"picked":"Inflame+1","floor":45},{"not_picked":["Clash+1"],"picked":"SKIP","floor":47},{"not_picked":[],"picked":"Iron Wave+1","floor":48}],"player_experience":1006789,"relics_obtained":[{"floor":9.0,"key":"Self Forming Clay"},{"floor":14.0,"key":"Turnip"},{"floor":20.0,"key":"Necronomicon"},{"floor":23.0,"key":"Lantern"},{"floor":26.0,"key":"Toy Ornithopter"},{"floor":40.0,"key":"Art of War"},{"floor":43.0,"key":"Sundial"},{"floor":45,"key":"PreservedInsect"},{"floor":47,"key":"MawBank"}],"event_choices":[{"damage_healed":0.0,"max_hp_gain":0.0,"max_hp_loss":0.0,"gold_gain":0.0,"event_name":"Living Wall","player_choice":"Grow","floor":2.0,"gold_loss":0.0,"damage_taken":0.0,"cards_upgraded":["Feed"]},{"damage_healed":0.0,"max_hp_gain":0.0,"max_hp_loss":0.0,"gold_gain":0.0,"event_name":"Ghosts","player_choice":"Ignored","floor":19.0,"gold_loss":0.0,"damage_taken":0.0},{"damage_healed":0.0,"max_hp_gain":0.0,"max_hp_loss":0.0,"gold_gain":0.0,"event_name":"Cursed Tome","player_choice":"Obtained Book","floor":20.0,"gold_loss":0.0,"damage_taken":21.0},{"damage_healed":0.0,"max_hp_gain":0.0,"max_hp_loss":0.0,"gold_gain":0.0,"event_name":"Drug Dealer","player_choice":"Inject Mutagens","floor":28.0,"gold_loss":0.0,"damage_taken":0.0,"relics_obtained":["MutagenicStrength"]},{"damage_healed":0.0,"max_hp_gain":0.0,"max_hp_loss":0.0,"gold_gain":0.0,"event_name":"The Woman in Blue","player_choice":"Bought 1 Potion","floor":38.0,"gold_loss":0.0,"damage_taken":0.0}],"is_beta":false,"boss_relics":[{"not_picked":["Runic Pyramid","Runic Cube"],"picked":"Busted Crown"},{"not_picked":["Velvet Choker","Empty Cage"],"picked":"Coffee Dripper"}],"items_purged_floors":[0,0,0,21],"is_endless":false,"potions_floor_spawned":[1,4,16,18,23,24,33,36,42,45,47,48],"killed_by":"Donu and Deca","ascension_level":20}}