{"host":"pm6tps78s2qrawcb","time":1613786299,"event":{"mods":["BaseMod","BetterRewards","Colored Map","Downfall","Hubris","Infinite Spire","Mimic Mod","Minty Spire (QoL Compilation)","Reliquary","Replay The Spire","Shop Mod","StSLib"],"gold_per_floor":[112,131,56,6,17,17,30,30,63,63,63,91,110,120,120,218,218,230,257,257,182,182,182,182],"floor_reached":23,"language":"ENG","playtime":1307,"items_purged":[],"score":225,"play_id":"ed9097b8-d5ee-47bd-b217-59f73b53567e","local_time":"20210220015819","is_ascension_mode":true,"campfire_choices":[{"data":"Clash","floor":6,"key":"SMITH"},{"data":"Rampage","floor":15,"key":"SMITH"}],"circlet_count":0,"master_deck":["Strike_R+1","Strike_R","Defend_R","Defend_R","Defend_R","Defend_R","Bash+1","Clash+1","Inflame+1","Rampage+1","Replay:Undeath\u0027s Touch","Double Tap+1"],"relics":["Burning Blood","NeowsBlessing","Juzu Bracelet","Ancient Tea Set","hubris:Backtick","hubris:Potato","reliquary:Buckler","hubris:Towel"],"acts_visited":["Exordium","TheCity"],"potions_floor_usage":[12,12,16,23],"damage_taken":[{"damage":0,"enemies":"Cultist","floor":1,"turns":1},{"damage":0,"enemies":"2 Louse","floor":2,"turns":1},{"damage":0,"enemies":"Small Slimes","floor":5,"turns":1},{"damage":12,"enemies":"2 Fungi Beasts","floor":7,"turns":4},{"damage":4,"enemies":"Large Slime","floor":9,"turns":8},{"damage":0,"enemies":"Gremlin Nob","floor":12,"turns":2},{"damage":6,"enemies":"Large Slime","floor":13,"turns":4},{"damage":8,"enemies":"Red Slaver","floor":14,"turns":2},{"damage":39,"enemies":"Slime Boss","floor":16,"turns":10},{"damage":34,"enemies":"Shell Parasite","floor":18,"turns":6},{"damage":56,"enemies":"Gremlin Leader","floor":23,"turns":5}],"seed_played":"-8156502356066135045","potions_obtained":[{"floor":2,"key":"FearPotion"},{"floor":7,"key":"SteroidPotion"},{"floor":12,"key":"FearPotion"},{"floor":16,"key":"sneckomod:MuddlingPotion"}],"is_trial":false,"path_per_floor":["M","M","$","?","M","R","M","?","MIM","?","?","E","M","M","R","B",null,"M","T","?","?","?","E"],"character_chosen":"IRONCLAD","items_purchased":["Inflame"],"campfire_rested":0,"item_purchase_floors":[3],"current_hp_per_floor":[80,80,80,80,80,80,74,74,76,76,76,80,80,78,78,45,80,52,52,52,52,52,0,0],"gold":182,"neow_bonus":"THREE_ENEMY_KILL","is_daily":false,"chose_seed":false,"campfire_upgraded":2,"win_rate":0.0,"timestamp":1613786299,"path_taken":["M","?","$","?","M","R","M","?","MIM","?","?","E","M","M","R","BOSS","M","?","?","?","?","E"],"items_purchased_type":["Card"],"build_version":"2020-12-22","purchased_purges":0,"victory":false,"max_hp_per_floor":[80,80,80,80,80,80,80,80,80,80,80,80,80,80,80,80,80,80,80,80,80,80,80,80],"card_choices":[{"not_picked":["Warcry","Havoc"],"picked":"Clash","floor":1},{"not_picked":["Twin Strike","hubris:SharpeningStone","Fiend Fire"],"picked":"SKIP","floor":2},{"not_picked":["Heavy Blade","Headbutt","hubris:ReadiedAction"],"picked":"SKIP","floor":5},{"not_picked":["Body Slam","Bloodletting"],"picked":"Rampage","floor":7},{"not_picked":["Burning Pact","Clash"],"picked":"Double Tap","floor":12},{"not_picked":["Perfected Strike","hubris:ReadiedAction","Body Slam"],"picked":"SKIP","floor":13},{"not_picked":["Iron Wave","Disarm","Life Link"],"picked":"SKIP","floor":14},{"not_picked":["Clothesline","Thunderclap","Infernal Blade"],"picked":"SKIP","floor":18}],"player_experience":334456,"relics_obtained":[{"floor":9,"key":"Juzu Bracelet"},{"floor":12,"key":"Ancient Tea Set"},{"floor":19,"key":"reliquary:Buckler"}],"event_choices":[{"cards_removed":["Strike_R"],"damage_healed":0,"gold_gain":0,"player_choice":"Card Removal","damage_taken":0,"max_hp_gain":0,"max_hp_loss":0,"event_name":"The Cleric","floor":4,"gold_loss":50},{"damage_healed":0,"gold_gain":0,"cards_transformed":["Strike_R"],"player_choice":"Transformed","damage_taken":0,"max_hp_gain":0,"max_hp_loss":0,"event_name":"Transmorgrifier","floor":11,"gold_loss":0,"cards_obtained":["Replay:Undeath\u0027s Touch"]},{"damage_healed":0,"gold_gain":0,"player_choice":"Forge","damage_taken":0,"max_hp_gain":0,"max_hp_loss":0,"event_name":"Accursed Blacksmith","floor":20,"gold_loss":0,"cards_upgraded":["Double Tap"]},{"cards_removed":["Strike_R"],"damage_healed":0,"gold_gain":0,"player_choice":"Gave Gold","damage_taken":0,"max_hp_gain":0,"max_hp_loss":0,"event_name":"Beggar","floor":21,"gold_loss":75}],"is_beta":false,"boss_relics":[{"not_picked":["Runic Pyramid","Busted Crown"],"picked":"hubris:Backtick"}],"items_purged_floors":[],"is_endless":false,"potions_floor_spawned":[2,7,12,16],"killed_by":"Gremlin Leader","ascension_level":1}}