{"host":"zxd2l8an9de7z7b9","time":1613835512,"event":{"mods":["2.2 Compatiblity","AchievementEnabler","BaseMod","CapriCore","Colored Map","Colored Powertips","Marisa£¨Ùöéë¡¡Øª×âÞÞ£©","Minty Spire (QoL Compilation)","Rare Cards Sparkle","StSLib","SuperFastMode","Td1madao Mod","everything is the same but u backflip on backflip"],"gold_per_floor":[134,149,324,249,264,264,264,314,314,314,344,165,240,255,255,355,355,370,370,370,200,215,245,245,260,285,300,315,15,90,155,155,255,255,270,139,154,203,277,277,9,9,9,49,99,99,139,154,154,179],"floor_reached":51,"language":"KOR","playtime":2765,"items_purged":["Doubt","The Bomb","Transmutation"],"score":875,"play_id":"800f05fc-6dfd-4b32-90bf-3e6d1d7f0f51","local_time":"20210221003832","daily_mods":["Shiny","Colorless Cards","DeadlyEvents"],"is_ascension_mode":false,"campfire_choices":[{"data":"Apotheosis","floor":6.0,"key":"SMITH"},{"data":"Bloodletting","floor":10.0,"key":"SMITH"},{"floor":15.0,"key":"REST"},{"floor":24,"key":"REST"},{"data":"Limit Break","floor":32,"key":"SMITH"},{"data":"1","floor":40,"key":"LIFT"},{"data":"2","floor":46,"key":"LIFT"},{"data":"3","floor":49,"key":"LIFT"}],"circlet_count":0,"master_deck":["Double Tap","Demon Form","Fiend Fire","Berserk","Impervious","Juggernaut","Brutality","Exhume","Offering","Bludgeon+1","Feed+1","Limit Break+1","Corruption","Barricade","Reaper","Immolate","Thinking Ahead","Metamorphosis","Master of Strategy","Chrysalis","Mayhem","Secret Weapon","HandOfGreed","Apotheosis+1","Panache","Violence","Secret Technique","Bloodletting+1","Demon Form","Spot Weakness","Feel No Pain","Shrug It Off","Offering","Bloodletting","Necronomicurse","Shrug It Off","Seeing Red","Burning Pact+1","Heavy Blade","Master of Strategy","Feel No Pain","Deep Breath+1","Entrench","Madness","Madness"],"relics":["Burning Blood","Anchor","Oddly Smooth Stone","Mercury Hourglass","Turnip","Empty Cage","Necronomicon","MutagenicStrength","Whetstone","Strawberry","Peace Pipe","Matryoshka","Busted Crown","CatCart","Girya","Membership Card","Art of War","Centennial Puzzle","MealTicket","Letter Opener","Blood Vial"],"acts_visited":["Exordium","TheCity","TheBeyond"],"potions_floor_usage":[18,25,33,38,41,50,50],"damage_taken":[{"damage":6.0,"enemies":"Cultist","floor":1.0,"turns":3.0},{"damage":17.0,"enemies":"Jaw Worm","floor":2.0,"turns":2.0},{"damage":4.0,"enemies":"Small Slimes","floor":5.0,"turns":3.0},{"damage":22.0,"enemies":"3 Sentries","floor":8.0,"turns":4.0},{"damage":29.0,"enemies":"Gremlin Nob","floor":11.0,"turns":3.0},{"damage":19.0,"enemies":"Looter","floor":14.0,"turns":3.0},{"damage":42.0,"enemies":"Hexaghost","floor":16.0,"turns":5.0},{"damage":10,"enemies":"Spheric Guardian","floor":18,"turns":2},{"damage":13,"enemies":"Chosen","floor":22,"turns":4},{"damage":46,"enemies":"Slavers","floor":23,"turns":3},{"damage":24,"enemies":"Snecko","floor":25,"turns":4},{"damage":12,"enemies":"Snake Plant","floor":27,"turns":2},{"damage":13,"enemies":"Cultist and Chosen","floor":28,"turns":2},{"damage":25,"enemies":"Centurion and Healer","floor":31,"turns":5},{"damage":20,"enemies":"Collector","floor":33,"turns":4},{"damage":3,"enemies":"3 Shapes","floor":35,"turns":2},{"damage":0,"enemies":"Orb Walker","floor":37,"turns":1},{"damage":27,"enemies":"Orin","floor":38,"turns":4},{"damage":24,"enemies":"2 Orb Walkers","floor":39,"turns":4},{"damage":17,"enemies":"Writhing Mass","floor":44,"turns":2},{"damage":16,"enemies":"Maw","floor":47,"turns":5},{"damage":0,"enemies":"Jaw Worm Horde","floor":48,"turns":1},{"damage":24,"enemies":"Time Eater","floor":50,"turns":4}],"seed_played":"3618718455484561711","potions_obtained":[{"floor":14.0,"key":"BlessingOfTheForge"},{"floor":16.0,"key":"GamblersBrew"},{"floor":22,"key":"CultistPotion"},{"floor":23,"key":"SkillPotion"},{"floor":25,"key":"ColorlessPotion"},{"floor":37,"key":"Weak Potion"},{"floor":44,"key":"SkillPotion"}],"is_trial":false,"path_per_floor":["M","M","?","$","M","R","T","E","T","R","E","$","?","M","R","B",null,"M","?","?","$","M","E","R","M","T","M","M","$","T","M","R","B",null,"M","$","M","?","?","R","$","?","T","M","T","R","M","M","R","B",null],"character_chosen":"IRONCLAD","items_purchased":["Feel No Pain","Shrug It Off","Peace Pipe","Feel No Pain","BloodPotion","Membership Card","BloodPotion","Entrench","Art of War"],"campfire_rested":2,"item_purchase_floors":[12,21,29,36,36,41,41,41,41],"current_hp_per_floor":[80,69,69,69,79,79,79,67,67,67,52,52,41,28,53,47,84,80,64,64,64,79,39,64,64,71,65,59,59,59,88,88,74,95,95,95,95,74,86,86,95,83,83,91,91,91,94,95,95,95],"gold":179,"neow_bonus":"","is_daily":true,"chose_seed":false,"campfire_upgraded":3,"win_rate":0.0,"timestamp":1613835512,"path_taken":["M","M","?","$","M","R","?","?","T","R","?","$","?","M","R","BOSS","M","?","?","$","M","E","R","M","T","M","M","$","?","M","R","BOSS","M","$","M","?","?","R","$","?","T","M","?","R","M","M","R","BOSS"],"items_purchased_type":["Card","Card","Relic","Card","Potion","Relic","Potion","Card","Relic"],"build_version":"2020-12-22","purchased_purges":3,"victory":true,"max_hp_per_floor":[80,80,80,80,80,80,80,84,84,84,84,84,84,84,84,84,84,84,84,84,84,84,84,84,88,95,95,95,95,95,95,95,95,95,95,95,95,95,95,95,95,95,95,95,95,95,95,95,95,95],"card_choices":[{"not_picked":["Clash","Pommel Strike","Burning Pact"],"picked":"SKIP","floor":1.0},{"not_picked":["Anger","Headbutt","Flex"],"picked":"SKIP","floor":2.0},{"not_picked":["True Grit","Dramatic Entrance"],"picked":"Bloodletting","floor":5.0},{"not_picked":["Second Wind","Hemokinesis"],"picked":"Demon Form","floor":8.0},{"not_picked":["Dark Embrace","Clothesline"],"picked":"Spot Weakness","floor":11.0},{"not_picked":["Shrug It Off","Pommel Strike","Iron Wave"],"picked":"SKIP","floor":14.0},{"not_picked":["Pommel Strike","Iron Wave"],"picked":"Shrug It Off","floor":14.0},{"not_picked":["Sadistic Nature","Master of Strategy"],"picked":"Offering","floor":16.0},{"not_picked":["Anger","Sever Soul+1"],"picked":"Bloodletting","floor":18},{"not_picked":["Headbutt","Reckless Charge"],"picked":"Seeing Red","floor":22},{"not_picked":["Evolve","Entrench"],"picked":"Burning Pact+1","floor":23},{"not_picked":["Anger","Sword Boomerang","True Grit"],"picked":"SKIP","floor":25},{"not_picked":["Sword Boomerang+1","Flex","Twin Strike"],"picked":"SKIP","floor":27},{"not_picked":["Metallicize","Dropkick+1","Clothesline"],"picked":"SKIP","floor":28},{"not_picked":["True Grit+1","Uppercut"],"picked":"Heavy Blade","floor":31},{"not_picked":["Chrysalis","Immolate"],"picked":"Master of Strategy","floor":33},{"not_picked":["Twin Strike"],"picked":"SKIP","floor":35},{"not_picked":[],"picked":"Deep Breath+1","floor":37},{"not_picked":["Heavy Blade+1"],"picked":"SKIP","floor":44},{"not_picked":["Pummel"],"picked":"SKIP","floor":47},{"not_picked":["Havoc+1"],"picked":"SKIP","floor":48}],"player_experience":411589,"relics_obtained":[{"floor":7.0,"key":"Anchor"},{"floor":8.0,"key":"Oddly Smooth Stone"},{"floor":9.0,"key":"Mercury Hourglass"},{"floor":11.0,"key":"Turnip"},{"floor":19,"key":"Necronomicon"},{"floor":23,"key":"Whetstone"},{"floor":26,"key":"Strawberry"},{"floor":30,"key":"Matryoshka"},{"floor":38,"key":"CatCart"},{"floor":39,"key":"Girya"},{"floor":43,"key":"Centennial Puzzle"},{"floor":43,"key":"MealTicket"},{"floor":45,"key":"Letter Opener"},{"floor":45,"key":"Blood Vial"}],"event_choices":[{"damage_healed":0.0,"max_hp_gain":0.0,"max_hp_loss":0.0,"gold_gain":175.0,"event_name":"Liars Game","player_choice":"AGREE","floor":3.0,"gold_loss":0.0,"damage_taken":0.0,"cards_obtained":["Doubt"]},{"damage_healed":0.0,"max_hp_gain":0.0,"max_hp_loss":0.0,"gold_gain":75.0,"event_name":"World of Goop","player_choice":"Gather Gold","floor":13.0,"gold_loss":0.0,"damage_taken":11.0},{"damage_healed":0,"gold_gain":0,"player_choice":"Obtained Book","damage_taken":16,"max_hp_gain":0,"max_hp_loss":0,"event_name":"Cursed Tome","floor":19,"gold_loss":0},{"damage_healed":0,"gold_gain":0,"player_choice":"Inject Mutagens","damage_taken":0,"relics_obtained":["MutagenicStrength"],"max_hp_gain":0,"max_hp_loss":0,"event_name":"Drug Dealer","floor":20,"gold_loss":0},{"damage_healed":0,"gold_gain":0,"player_choice":"Fight","damage_taken":0,"max_hp_gain":0,"max_hp_loss":0,"event_name":"OrinTheCat","floor":38,"gold_loss":0},{"damage_healed":0,"gold_gain":0,"player_choice":"Fight","damage_taken":0,"max_hp_gain":0,"max_hp_loss":0,"event_name":"Mysterious Sphere","floor":39,"gold_loss":0},{"damage_healed":0,"gold_gain":0,"player_choice":"Embrace Madness","damage_taken":12,"max_hp_gain":0,"max_hp_loss":0,"event_name":"Winding Halls","floor":42,"gold_loss":0,"cards_obtained":["Madness","Madness"]}],"is_beta":false,"boss_relics":[{"not_picked":["Tiny House","Runic Dome"],"picked":"Empty Cage"},{"not_picked":["Astrolabe","Cursed Key"],"picked":"Busted Crown"}],"items_purged_floors":[4,12,21],"is_endless":false,"potions_floor_spawned":[14,16,22,23,25,37,44],"ascension_level":0}}