{"host":"spd19cimorv47raq","time":1613792023,"event":{"mods":["AchievementEnabler","BaseMod","Colored Map","DeckTracker","Keyboard Shortcuts","Minty Spire (QoL Compilation)","Quick Restart","StSLib","SuperFastMode"],"gold_per_floor":[210,220,234,248,263,263,289,289,339,339,339,373,392,422,422,500,500,520,445,445,462,474,474,489,489,535,8,26,39,11,27,27,27,27],"floor_reached":33,"language":"KOR","playtime":1088,"items_purged":[],"score":546,"play_id":"12fb2d3d-dbf6-43d9-b5ad-5c099c97abd3","local_time":"20210220123343","is_ascension_mode":true,"campfire_choices":[{"data":"Bash","floor":6.0,"key":"SMITH"},{"data":"Inflame","floor":8.0,"key":"SMITH"},{"data":"Combust","floor":10.0,"key":"SMITH"},{"floor":15.0,"key":"REST"},{"data":"Corruption","floor":23.0,"key":"SMITH"},{"data":"Dark Embrace","floor":25.0,"key":"SMITH"},{"floor":32.0,"key":"REST"}],"circlet_count":0,"master_deck":["AscendersBane","Strike_R","Defend_R","Defend_R","Defend_R","Defend_R","Bash+1","Dropkick","Combust+1","Cleave","Wild Strike","Dropkick","Havoc","Dark Embrace+1","Dropkick","Corruption+1","Metallicize+1","Battle Trance+1","Whirlwind+1","Warcry+1","Second Wind","Feel No Pain","Shrug It Off","Thunderclap"],"relics":["Burning Blood","Pear","Happy Flower","Letter Opener","Vajra","Astrolabe","Orichalcum","HandDrill","Shuriken"],"acts_visited":["Exordium","TheCity"],"potions_floor_usage":[33,33],"damage_taken":[{"damage":3.0,"enemies":"2 Louse","floor":1.0,"turns":4.0},{"damage":9.0,"enemies":"Jaw Worm","floor":2.0,"turns":3.0},{"damage":2.0,"enemies":"Cultist","floor":3.0,"turns":4.0},{"damage":34.0,"enemies":"Lots of Slimes","floor":4.0,"turns":5.0},{"damage":9.0,"enemies":"Looter","floor":5.0,"turns":4.0},{"damage":11.0,"enemies":"Gremlin Nob","floor":7.0,"turns":4.0},{"damage":0.0,"enemies":"Red Slaver","floor":11.0,"turns":1.0},{"damage":17.0,"enemies":"Lagavulin","floor":12.0,"turns":4.0},{"damage":8.0,"enemies":"Blue Slaver","floor":13.0,"turns":3.0},{"damage":34.0,"enemies":"Gremlin Nob","floor":14.0,"turns":4.0},{"damage":18.0,"enemies":"Slime Boss","floor":16.0,"turns":7.0},{"damage":20.0,"enemies":"3 Byrds","floor":18.0,"turns":4.0},{"damage":21.0,"enemies":"Chosen","floor":21.0,"turns":4.0},{"damage":20.0,"enemies":"Centurion and Healer","floor":22.0,"turns":5.0},{"damage":30.0,"enemies":"3 Cultists","floor":24.0,"turns":4.0},{"damage":1.0,"enemies":"Snake Plant","floor":28.0,"turns":4.0},{"damage":17.0,"enemies":"Centurion and Healer","floor":29.0,"turns":6.0},{"damage":10.0,"enemies":"Cultist and Chosen","floor":31.0,"turns":6.0},{"damage":1,"enemies":"Collector","floor":33,"turns":2}],"seed_played":"8862240016883318681","potions_obtained":[{"floor":4.0,"key":"SkillPotion"},{"floor":5.0,"key":"SmokeBomb"},{"floor":13.0,"key":"SneckoOil"},{"floor":16.0,"key":"Block Potion"},{"floor":24.0,"key":"ElixirPotion"},{"floor":28.0,"key":"Dexterity Potion"},{"floor":29.0,"key":"AttackPotion"},{"floor":31.0,"key":"Strength Potion"}],"is_trial":false,"path_per_floor":["M","M","M","M","M","R","E","R","T","R","M","E","M","E","R","B",null,"M","?","?","M","M","R","M","R","T","$","M","M","$","M","R","B"],"character_chosen":"IRONCLAD","items_purchased":["HandDrill","Shuriken","Feel No Pain","Thunderclap"],"campfire_rested":2,"item_purchase_floors":[27,27,27,30],"current_hp_per_floor":[71,68,72,44,41,41,46,46,46,46,52,41,39,11,36,24,70,56,56,85,70,56,56,32,32,32,32,37,26,26,22,47,46,46],"gold":27,"neow_bonus":"HUNDRED_GOLD","is_daily":false,"chose_seed":false,"campfire_upgraded":5,"win_rate":0.0,"timestamp":1613792023,"path_taken":["M","M","M","M","M","R","E","R","T","R","M","E","M","E","R","BOSS","M","?","?","M","M","R","M","R","T","$","?","M","?","M","R","BOSS"],"items_purchased_type":["Relic","Relic","Card","Card"],"build_version":"2020-12-22","purchased_purges":0,"victory":false,"max_hp_per_floor":[75,75,75,75,75,75,85,85,85,85,85,85,85,85,85,85,85,85,85,85,85,85,85,85,85,85,85,85,85,85,85,85,85,85],"card_choices":[{"not_picked":["Thunderclap","Heavy Blade"],"picked":"Dropkick","floor":1.0},{"not_picked":["Body Slam","Heavy Blade"],"picked":"Inflame","floor":2.0},{"not_picked":["Rupture","Sentinel"],"picked":"Combust","floor":3.0},{"not_picked":["Thunderclap","Armaments"],"picked":"Cleave","floor":4.0},{"not_picked":["Havoc","Berserk"],"picked":"Wild Strike","floor":5.0},{"not_picked":["Rupture","Havoc"],"picked":"Dropkick","floor":7.0},{"not_picked":["Bloodletting","Shrug It Off"],"picked":"Havoc","floor":12.0},{"not_picked":["Searing Blow","Heavy Blade"],"picked":"Dark Embrace","floor":13.0},{"not_picked":["Pommel Strike","Clash"],"picked":"Dropkick","floor":14.0},{"not_picked":["Barricade","Juggernaut"],"picked":"Corruption","floor":16.0},{"not_picked":["Ghostly Armor","True Grit"],"picked":"Warcry+1","floor":18.0},{"not_picked":["Thunderclap","Cleave","Body Slam"],"picked":"SKIP","floor":21.0},{"not_picked":["Power Through","Perfected Strike"],"picked":"Second Wind","floor":22.0},{"not_picked":["Body Slam","Cleave","Thunderclap"],"picked":"SKIP","floor":24.0},{"not_picked":["Heavy Blade","Sever Soul","Spot Weakness"],"picked":"SKIP","floor":28.0},{"not_picked":["Whirlwind+1","Metallicize"],"picked":"Shrug It Off","floor":29.0},{"not_picked":["True Grit","Anger","Clothesline"],"picked":"SKIP","floor":31.0}],"player_experience":876905,"relics_obtained":[{"floor":7.0,"key":"Pear"},{"floor":9.0,"key":"Happy Flower"},{"floor":12.0,"key":"Letter Opener"},{"floor":14.0,"key":"Vajra"},{"floor":26.0,"key":"Orichalcum"}],"event_choices":[{"cards_removed":["Strike_R"],"damage_healed":0.0,"max_hp_gain":0.0,"max_hp_loss":0.0,"gold_gain":0.0,"event_name":"Beggar","player_choice":"Gave Gold","floor":19.0,"gold_loss":75.0,"damage_taken":0.0},{"cards_removed":["Inflame"],"damage_healed":29.0,"max_hp_gain":0.0,"max_hp_loss":0.0,"gold_gain":0.0,"event_name":"Bonfire Elementals","player_choice":"Offered Uncommon","floor":20.0,"gold_loss":0.0,"damage_taken":0.0}],"is_beta":false,"boss_relics":[{"not_picked":["Velvet Choker","Sozu"],"picked":"Astrolabe"}],"items_purged_floors":[],"is_endless":false,"potions_floor_spawned":[4,5,13,16,24,28,29,31],"killed_by":"Collector","ascension_level":20}}