{"host":"fjzphzq3x7orwz98","time":1613808546,"event":{"mods":["Act Like it!","BaseMod","Friendly Minions","Gensokyo","GifTheSpireLib","Hero for Fun","Jorbs\u0027s Wanderer Trilogy","Kiyohime????","Minty Spire (QoL Compilation)","Remilia??????","StSLib","The Cursed","The Gatherer","The Necromancer","The Poker Player","The Saiyan","The Wild Card","TheHero"],"gold_per_floor":[115,195,210,7,7,38,51,51,130,144,144,69,88,100,100,200,200,214,58,0,16,16,50,69,69,147,147,159,159,159,175,175,175,175],"floor_reached":33,"language":"ENG","playtime":2177,"items_purged":["Maim"],"score":467,"play_id":"047d3906-a1a7-4140-8198-4227bc9cd877","local_time":"20210220110906","daily_mods":["Draft","Vintage","Uncertain Future"],"is_ascension_mode":false,"campfire_choices":[{"data":"DiffusionOfMisfortune","floor":8.0,"key":"SMITH"},{"floor":15.0,"key":"REST"},{"floor":27.0,"key":"REST"},{"data":"Stigmanizer","floor":30.0,"key":"SMITH"},{"data":"Gensokyo:LochNessMonster","floor":32.0,"key":"SMITH"}],"circlet_count":0,"master_deck":["RedNightlessCastle","MastersStateliness","NightDance","StarOfDavid","AfternoonTea+1","ChainGang","Stigmanizer+1","Septette","UnstableMagic","DiffusionOfMisfortune+1","EndlessAdversity","MastersStateliness","CharismaGuard","BombardNight","Gensokyo:LochNessMonster+1","ScarletImprint","HeartBreak","MastersStateliness+1"],"relics":["ScarletHat","Centennial Puzzle","Omamori","Boot","Incense Burner","White Beast Statue","Blue Candle","AntiCross","Ancient Tea Set","ScarletEmblem","Juzu Bracelet","Bronze Scales","Bag of Preparation","Unceasing Top","Potion Belt","Singing Bowl","Matryoshka","Gensokyo:ChorusOfJoy","Smiling Mask"],"acts_visited":["Exordium","Gensokyo:Gensokyo"],"potions_floor_usage":[],"damage_taken":[{"damage":0.0,"enemies":"Gensokyo:3_Fairies","floor":1.0,"turns":2.0},{"damage":0.0,"enemies":"Gensokyo:Python","floor":3.0,"turns":1.0},{"damage":0.0,"enemies":"Gensokyo:Mamizou","floor":6.0,"turns":6.0},{"damage":0.0,"enemies":"Gensokyo:2_Kodama","floor":7.0,"turns":2.0},{"damage":0.0,"enemies":"Gensokyo:Gryphon_and_Rabbit","floor":10.0,"turns":2.0},{"damage":0.0,"enemies":"Gensokyo:Python_and_Kodama","floor":13.0,"turns":2.0},{"damage":2.0,"enemies":"Gensokyo:Gryphon_and_Rabbit","floor":14.0,"turns":3.0},{"damage":4.0,"enemies":"Gensokyo:Reimu","floor":16.0,"turns":5.0},{"damage":11.0,"enemies":"Gensokyo:AngelMirror","floor":18.0,"turns":2.0},{"damage":7.0,"enemies":"Gensokyo:3_Dogs","floor":21.0,"turns":3.0},{"damage":1.0,"enemies":"Gensokyo:Reisen","floor":23.0,"turns":3.0},{"damage":12.0,"enemies":"Gensokyo:Swordslinger","floor":24.0,"turns":3.0},{"damage":0.0,"enemies":"Gensokyo:Slime_Group","floor":28.0,"turns":2.0},{"damage":5.0,"enemies":"Gensokyo:Mirror_and_Dog","floor":31.0,"turns":2.0},{"damage":97,"enemies":"Gensokyo:Eternal_Rivals","floor":33,"turns":5}],"seed_played":"-792011983503636796","potions_obtained":[{"floor":3.0,"key":"Block Potion"},{"floor":7.0,"key":"Strength Potion"},{"floor":10.0,"key":"GamblersBrew"},{"floor":24.0,"key":"DistilledChaos"},{"floor":28.0,"key":"Strength Potion"}],"is_trial":true,"path_per_floor":["M","?","M","COS","?","E","M","R","T","M","?","$","?","M","R","B",null,"M","$","?","M","?","E","M","?","T","R","M","?","R","M","R","B"],"character_chosen":"REMILIA","items_purchased":["Bronze Scales"],"campfire_rested":2,"item_purchase_floors":[19],"current_hp_per_floor":[75,75,75,75,75,75,75,75,75,75,68,68,68,66,75,74,75,64,64,64,60,65,64,56,56,56,80,80,80,80,75,75,0,0],"gold":175,"neow_bonus":"","is_daily":false,"chose_seed":false,"campfire_upgraded":3,"win_rate":0.0,"timestamp":1613808546,"path_taken":["M","?","M","COS","?","E","M","R","T","M","?","$","?","M","R","BOSS","M","$","?","M","?","E","M","?","T","R","M","?","R","M","R","BOSS"],"items_purchased_type":["Relic"],"build_version":"2020-12-22","purchased_purges":1,"victory":false,"max_hp_per_floor":[75,75,75,75,75,75,75,75,75,75,75,75,75,75,75,75,75,75,75,75,75,80,80,80,80,80,80,80,80,80,80,80,80,80],"card_choices":[{"not_picked":["BloodHunter","BloodyMagicSquare"],"picked":"RedNightlessCastle","floor":0.0},{"not_picked":["RedRainbow","DevilSight"],"picked":"MastersStateliness","floor":0.0},{"not_picked":["MastersStateliness","StarOfDavid"],"picked":"NightDance","floor":0.0},{"not_picked":["ScarletDevil","FitfulNightmare"],"picked":"StarOfDavid","floor":0.0},{"not_picked":["VampireClaw","BlasphemousPunishment"],"picked":"AfternoonTea","floor":0.0},{"not_picked":["BlasphemousPunishment","ForbiddenFruit"],"picked":"ChainGang","floor":0.0},{"not_picked":["VampireKiss","UnderTheZenith"],"picked":"Stigmanizer","floor":0.0},{"not_picked":["BloodHunter","StarOfDavid"],"picked":"Septette","floor":0.0},{"not_picked":["VampireKiss","BombardNight"],"picked":"UnstableMagic","floor":0.0},{"not_picked":["ScarletDevil","FavorOfDestiny"],"picked":"DiffusionOfMisfortune","floor":0.0},{"not_picked":["StarOfDavid","VampireClaw"],"picked":"EndlessAdversity","floor":0.0},{"not_picked":["ScarletDream","ScarletGensokyo"],"picked":"MastersStateliness","floor":0.0},{"not_picked":["DiffusionOfMisfortune","Maim"],"picked":"CharismaGuard","floor":0.0},{"not_picked":["NightDance","ChainGang"],"picked":"BombardNight","floor":0.0},{"not_picked":["ScarletNetherworld","TwelveNightmare"],"picked":"Maim","floor":0.0},{"not_picked":["VampireFantasy","VampireKiss"],"picked":"ScarletImprint","floor":6.0},{"not_picked":["BloodRain","CeilingFear"],"picked":"HeartBreak","floor":16.0},{"not_picked":["Septette","BloodHunter"],"picked":"MastersStateliness+1","floor":23.0}],"player_experience":97324,"relics_obtained":[{"floor":1.0,"key":"Centennial Puzzle"},{"floor":3.0,"key":"Omamori"},{"floor":6.0,"key":"Boot"},{"floor":7.0,"key":"Incense Burner"},{"floor":9.0,"key":"White Beast Statue"},{"floor":10.0,"key":"Blue Candle"},{"floor":13.0,"key":"AntiCross"},{"floor":14.0,"key":"Ancient Tea Set"},{"floor":18.0,"key":"Juzu Bracelet"},{"floor":21.0,"key":"Bag of Preparation"},{"floor":23.0,"key":"Unceasing Top"},{"floor":24.0,"key":"Potion Belt"},{"floor":26.0,"key":"Singing Bowl"},{"floor":28.0,"key":"Matryoshka"},{"floor":31.0,"key":"Smiling Mask"}],"event_choices":[],"is_beta":false,"boss_relics":[{"not_picked":["Ectoplasm","SacredBark"],"picked":"ScarletEmblem"}],"items_purged_floors":[12],"is_endless":true,"potions_floor_spawned":[3,7,10,13,14,16,18,21,23,24,28,31],"killed_by":"Gensokyo:Eternal_Rivals","ascension_level":0}}