{"host":"n2sr453jcjz6vvl4","time":1613830058,"event":{"mods":["BaseMod","Colored Map","Minty Spire (QoL Compilation)","Permanent Neow","Relic Stats","StSLib"],"gold_per_floor":[112,37,49,62,77,77,77,106,106,137,150,150,183,17,17,118,118,129,54,72,105,105,136,136,164,164,164,181,181,181,194,194,297,297,312,61,73,173,186,211,211,243,324,324,324],"floor_reached":44,"language":"ENG","playtime":3931,"items_purged":["Decay","Strike_B"],"score":775,"play_id":"fee006bd-dd67-4bc9-b472-30c68fc7353e","local_time":"20210220100738","is_ascension_mode":true,"campfire_choices":[{"data":"Buffer","floor":6,"key":"SMITH"},{"data":"Zap","floor":12,"key":"SMITH"},{"floor":15,"key":"DIG"},{"floor":24,"key":"DIG"},{"floor":27,"key":"REST"},{"floor":29,"key":"DIG"},{"floor":32,"key":"REST"},{"floor":41,"key":"REST"}],"circlet_count":0,"master_deck":["Strike_B","Defend_B+1","Defend_B","Zap+1","Dualcast","Undo+1","Rebound","Conserve Battery","Ball Lightning","Buffer+1","Cold Snap","Gash","Genetic Algorithm","Electrodynamics","Cold Snap+1","FTL","Conserve Battery","Streamline+1","Gash","Glacier+1","Core Surge","Self Repair","Machine Learning"],"relics":["Cracked Core","War Paint","InkBottle","Shovel","Bottled Lightning","Membership Card","Boot","Inserter","Red Mask","Toxic Egg 2","Potion Belt","Question Card","Thread and Needle","Gremlin Horn","Emotion Chip","Enchiridion","SlaversCollar","Kunai","Frozen Eye","Bottled Tornado","CaptainsWheel","Sundial"],"acts_visited":["Exordium","TheCity","TheBeyond"],"potions_floor_usage":[16,23,25,39,39],"damage_taken":[{"damage":8,"enemies":"Cultist","floor":1,"turns":4},{"damage":0,"enemies":"2 Louse","floor":3,"turns":2},{"damage":0,"enemies":"Jaw Worm","floor":4,"turns":3},{"damage":2,"enemies":"3 Louse","floor":5,"turns":3},{"damage":0,"enemies":"Gremlin Nob","floor":8,"turns":4},{"damage":0,"enemies":"3 Sentries","floor":10,"turns":7},{"damage":0,"enemies":"Blue Slaver","floor":11,"turns":2},{"damage":0,"enemies":"Lagavulin","floor":13,"turns":6},{"damage":0,"enemies":"Slime Boss","floor":16,"turns":8},{"damage":7,"enemies":"3 Byrds","floor":18,"turns":3},{"damage":3,"enemies":"Spheric Guardian","floor":20,"turns":5},{"damage":20,"enemies":"Masked Bandits","floor":21,"turns":4},{"damage":3,"enemies":"Slavers","floor":23,"turns":4},{"damage":30,"enemies":"Book of Stabbing","floor":25,"turns":7},{"damage":6,"enemies":"Shelled Parasite and Fungi","floor":28,"turns":5},{"damage":0,"enemies":"Snecko","floor":31,"turns":4},{"damage":1,"enemies":"Champ","floor":33,"turns":14},{"damage":0,"enemies":"Orb Walker","floor":35,"turns":5},{"damage":2,"enemies":"3 Darklings","floor":37,"turns":3},{"damage":10,"enemies":"Jaw Worm Horde","floor":39,"turns":4},{"damage":74,"enemies":"Giant Head","floor":40,"turns":12},{"damage":0,"enemies":"Nemesis","floor":42,"turns":7},{"damage":42,"enemies":"Giant Head","floor":44,"turns":10}],"seed_played":"-2022543128910344382","potions_obtained":[{"floor":1,"key":"Regen Potion"},{"floor":8,"key":"Fire Potion"},{"floor":11,"key":"SkillPotion"},{"floor":18,"key":"SkillPotion"},{"floor":25,"key":"PowerPotion"},{"floor":33,"key":"EssenceOfSteel"},{"floor":39,"key":"Fruit Juice"}],"is_trial":false,"path_per_floor":["M","$","M","M","M","R","?","E","T","E","M","R","E","$","R","B",null,"M","?","M","?","T","E","R","E","T","R","M","R","?","M","R","B",null,"M","$","M","?","M","E","R","E","T","E"],"character_chosen":"DEFECT","items_purchased":["Membership Card","Genetic Algorithm","Kunai","Frozen Eye"],"campfire_rested":3,"item_purchase_floors":[14,14,36,36],"current_hp_per_floor":[67,67,67,67,65,65,58,58,58,58,58,58,58,58,58,58,75,68,68,65,45,45,42,42,12,12,34,28,28,12,12,34,33,75,75,75,73,73,75,8,32,39,39,0,0],"gold":324,"neow_bonus":"TRANSFORM_TWO_CARDS","is_daily":false,"chose_seed":false,"campfire_upgraded":2,"win_rate":0.0,"timestamp":1613830058,"path_taken":["M","?","?","M","M","R","?","E","T","E","M","R","E","$","R","BOSS","M","?","M","?","?","E","R","E","T","R","M","R","?","M","R","BOSS","M","$","M","?","?","E","R","E","T","E"],"items_purchased_type":["Relic","Card","Relic","Relic"],"build_version":"2020-12-22","purchased_purges":2,"victory":false,"max_hp_per_floor":[75,75,75,75,75,75,75,75,75,75,75,75,75,75,75,75,75,75,75,75,75,75,75,75,75,75,75,75,75,75,75,75,75,75,75,75,75,75,80,80,80,80,80,80,80],"relic_stats":{"Emotion Chip":[51,27,24,0,0],"Shovel":3,"Inserter":[43],"Gremlin Horn":[3,3],"counters":[23,126],"Sundial":[0],"Kunai":[17],"War Paint":["Undo","Defend_B"],"Boot":[72],"Question Card":9,"obtain_stats":[{"Potion Belt":23,"Inserter":17,"Gremlin Horn":26,"Enchiridion":30,"Thread and Needle":25,"War Paint":8,"Bottled Tornado":40,"Boot":15,"Question Card":24,"SlaversCollar":34,"Frozen Eye":36,"Emotion Chip":29,"CaptainsWheel":42,"Shovel":10,"Sundial":43,"Red Mask":21,"Bottled Lightning":13,"Membership Card":14,"Kunai":36,"Toxic Egg 2":22,"Cracked Core":0,"InkBottle":9},{"Potion Belt":13,"Inserter":9,"Gremlin Horn":14,"Enchiridion":15,"Thread and Needle":14,"War Paint":5,"Bottled Tornado":21,"Boot":8,"Question Card":13,"SlaversCollar":17,"Frozen Eye":18,"Emotion Chip":15,"CaptainsWheel":22,"Shovel":6,"Sundial":22,"Red Mask":12,"Bottled Lightning":8,"Membership Card":8,"Kunai":18,"Toxic Egg 2":12,"Cracked Core":0,"InkBottle":5},{"Potion Belt":55,"Inserter":39,"Gremlin Horn":62,"Enchiridion":67,"Thread and Needle":62,"War Paint":16,"Bottled Tornado":109,"Boot":31,"Question Card":55,"SlaversCollar":85,"Frozen Eye":90,"Emotion Chip":67,"CaptainsWheel":116,"Shovel":23,"Sundial":116,"Red Mask":51,"Bottled Lightning":31,"Membership Card":31,"Kunai":90,"Toxic Egg 2":51,"Cracked Core":0,"InkBottle":16}],"InkBottle":[40]},"card_choices":[{"not_picked":["Beam Cell","Go for the Eyes"],"picked":"Conserve Battery","floor":1},{"not_picked":["Blizzard","Recycle","Steam Power"],"picked":"SKIP","floor":3},{"not_picked":["Coolheaded","Redo"],"picked":"Ball Lightning","floor":4},{"not_picked":["Heatsinks","Ball Lightning"],"picked":"Buffer","floor":5},{"not_picked":["Barrage","Meteor Strike","Steam"],"picked":"SKIP","floor":8},{"not_picked":["Beam Cell","Gash"],"picked":"Cold Snap","floor":10},{"not_picked":["Compile Driver","Static Discharge","Storm"],"picked":"SKIP","floor":11},{"not_picked":["Hello World","Leap"],"picked":"Gash","floor":13},{"not_picked":["Hyperbeam","Seek"],"picked":"Electrodynamics","floor":16},{"not_picked":["Hologram","Rebound"],"picked":"Cold Snap+1","floor":18},{"not_picked":["Go for the Eyes+1","Redo"],"picked":"FTL","floor":20},{"not_picked":["Hologram","Rebound"],"picked":"Conserve Battery","floor":21},{"not_picked":["Hologram+1","Sunder","Stack+1"],"picked":"SKIP","floor":23},{"not_picked":["Coolheaded+1","Conserve Battery+1","Cold Snap"],"picked":"Streamline+1","floor":25},{"not_picked":["Consume+1","Compile Driver","Hologram+1"],"picked":"Gash","floor":28},{"not_picked":["Stack+1","Sweeping Beam+1","Doom and Gloom+1"],"picked":"Glacier+1","floor":31},{"not_picked":["Buffer","Fission+1","Electrodynamics"],"picked":"Core Surge","floor":33},{"not_picked":["Hello World+1","Blizzard+1","Conserve Battery+1","Chaos+1"],"picked":"SKIP","floor":35},{"not_picked":["Conserve Battery+1","Undo+1","Ball Lightning+1"],"picked":"Self Repair","floor":37},{"not_picked":["Cold Snap+1","Double Energy+1","Streamline","Compile Driver+1"],"picked":"SKIP","floor":39},{"not_picked":["Sweeping Beam","Go for the Eyes","Cold Snap+1","Rebound+1"],"picked":"SKIP","floor":40},{"not_picked":["Go for the Eyes+1","Cold Snap+1","Streamline+1"],"picked":"Machine Learning","floor":42}],"player_experience":204455,"relics_obtained":[{"floor":8,"key":"War Paint"},{"floor":9,"key":"InkBottle"},{"floor":10,"key":"Shovel"},{"floor":13,"key":"Bottled Lightning"},{"floor":15,"key":"Boot"},{"floor":21,"key":"Red Mask"},{"floor":22,"key":"Toxic Egg 2"},{"floor":23,"key":"Potion Belt"},{"floor":24,"key":"Question Card"},{"floor":25,"key":"Thread and Needle"},{"floor":26,"key":"Gremlin Horn"},{"floor":29,"key":"Emotion Chip"},{"floor":30,"key":"Enchiridion"},{"floor":40,"key":"Bottled Tornado"},{"floor":42,"key":"CaptainsWheel"},{"floor":43,"key":"Sundial"}],"event_choices":[{"cards_removed":["Strike_B"],"damage_healed":0,"gold_gain":0,"player_choice":"Card Removal","damage_taken":7,"max_hp_gain":0,"max_hp_loss":0,"event_name":"Golden Wing","floor":7,"gold_loss":0},{"cards_removed":["Defend_B"],"damage_healed":0,"gold_gain":0,"player_choice":"Gave Gold","damage_taken":0,"max_hp_gain":0,"max_hp_loss":0,"event_name":"Beggar","floor":19,"gold_loss":75},{"damage_healed":0,"gold_gain":0,"player_choice":"Fought Bandits","damage_taken":0,"max_hp_gain":0,"max_hp_loss":0,"event_name":"Masked Bandits","floor":21,"gold_loss":0},{"damage_healed":0,"gold_gain":0,"player_choice":"Obtained Book","damage_taken":16,"max_hp_gain":0,"max_hp_loss":0,"event_name":"Cursed Tome","floor":30,"gold_loss":0},{"damage_healed":0,"gold_gain":100,"player_choice":"Pray","damage_taken":0,"max_hp_gain":0,"max_hp_loss":0,"event_name":"Golden Shrine","floor":38,"gold_loss":0}],"is_beta":false,"boss_relics":[{"not_picked":["Snecko Eye","Astrolabe"],"picked":"Inserter"},{"not_picked":["Coffee Dripper","Empty Cage"],"picked":"SlaversCollar"}],"items_purged_floors":[2,36],"is_endless":false,"potions_floor_spawned":[1,8,11,18,20,25,33,39],"killed_by":"Giant Head","ascension_level":3}}