{"host":"snwds314m19k249i","time":1613826206,"event":{"mods":["BaseMod","Colored Map","Minty Spire (QoL Compilation)","Shop Mod","StSLib","[IsaacMod]ÒÔÈö¼âËþ"],"gold_per_floor":[113,123,142,142,142,175,175,187,187,199,226,226,176,176,176,274,274,284,63,75,92,109,109,125,125,174,189,189,214,214,225,225,326,326,344,361,38,38,84,84,110,110,159,159,159,159],"floor_reached":45,"language":"ZHS","playtime":2190,"items_purged":["Strike_B","Writhe"],"score":523,"play_id":"35ae28e4-9168-4571-909e-8b490b322798","local_time":"20210220210326","is_ascension_mode":false,"campfire_choices":[{"data":"Multi-Cast","floor":7,"key":"SMITH"},{"data":"Fusion","floor":12,"key":"SMITH"},{"data":"Redo","floor":15,"key":"SMITH"},{"data":"ElectricPowerLearning","floor":23,"key":"SMITH"},{"data":"Dualcast","floor":25,"key":"SMITH"},{"data":"Auto Shields","floor":28,"key":"SMITH"},{"data":"Defragment","floor":32,"key":"SMITH"},{"data":"Zap","floor":40,"key":"SMITH"},{"data":"Consume","floor":42,"key":"SMITH"},{"data":"Defragment","floor":44,"key":"SMITH"}],"circlet_count":0,"master_deck":["Strike_B","Strike_B","Defend_B","Defend_B","Defend_B","Zap+1","Dualcast+1","BloodyBrimstone","Redo+1","Auto Shields+1","Multi-Cast+1","Fusion+1","Chill","Compile Driver","ElectricPowerLearning+1","Consume+1","Skim","Defragment+1","Self Repair","Reinforced Body","Buffer","Coolheaded+1","Defragment+1","Pulse+1"],"relics":["FrozenCore","HushsDoor","NeowsBlessing","YumHeart","Orichalcum","Centennial Puzzle","Pantograph","SharpPlug","Nunchaku","Nuclear Battery","Happy Flower","Bronze Scales","Pen Nib","Molten Egg 2","Frozen Eye","StoneCalendar","Bag of Marbles","Juzu Bracelet"],"acts_visited":["Exordium","TheCity","TheBeyond"],"potions_floor_usage":[16,16,18,33,33,33,39],"damage_taken":[{"damage":0,"enemies":"Small Slimes","floor":1,"turns":1},{"damage":0,"enemies":"2 Louse","floor":2,"turns":1},{"damage":0,"enemies":"Cultist","floor":3,"turns":1},{"damage":31,"enemies":"Gremlin Nob","floor":6,"turns":4},{"damage":0,"enemies":"Exordium Thugs","floor":8,"turns":1},{"damage":10,"enemies":"Exordium Wildlife","floor":10,"turns":5},{"damage":0,"enemies":"3 Sentries","floor":11,"turns":2},{"damage":45,"enemies":"Slime Boss","floor":16,"turns":10},{"damage":16,"enemies":"3 Byrds","floor":18,"turns":3},{"damage":13,"enemies":"Spheric Guardian","floor":20,"turns":5},{"damage":12,"enemies":"Centurion and Healer","floor":21,"turns":7},{"damage":16,"enemies":"Snecko","floor":22,"turns":7},{"damage":4,"enemies":"Chosen and Byrds","floor":24,"turns":2},{"damage":1,"enemies":"Shelled Parasite and Fungi","floor":27,"turns":4},{"damage":6,"enemies":"Book of Stabbing","floor":29,"turns":3},{"damage":1,"enemies":"Cultist and Chosen","floor":31,"turns":6},{"damage":23,"enemies":"Collector","floor":33,"turns":4},{"damage":30,"enemies":"3 Shapes","floor":35,"turns":6},{"damage":0,"enemies":"Orb Walker","floor":36,"turns":7},{"damage":15,"enemies":"2 Orb Walkers","floor":39,"turns":2},{"damage":14,"enemies":"Giant Head","floor":41,"turns":8},{"damage":40,"enemies":"Jaw Worm Horde","floor":45,"turns":6}],"seed_played":"-2203470053780738210","potions_obtained":[{"floor":8,"key":"FearPotion"},{"floor":11,"key":"SneckoOil"},{"floor":16,"key":"ColorlessPotion"},{"floor":18,"key":"PotionOfCapacity"},{"floor":20,"key":"FocusPotion"},{"floor":21,"key":"FocusPotion"},{"floor":31,"key":"Regen Potion"},{"floor":35,"key":"FocusPotion"},{"floor":41,"key":"Block Potion"}],"is_trial":false,"path_per_floor":["M","M","M","?","?","E","R","M","T","M","E","R","?","?","R","B",null,"M","$","M","M","M","R","M","R","T","M","R","E","?","M","R","B",null,"M","M","$","?","?","R","E","R","T","R","M"],"character_chosen":"DEFECT","items_purchased":["Happy Flower","Frozen Eye","Defragment"],"campfire_rested":0,"item_purchase_floors":[19,37,37],"current_hp_per_floor":[75,75,75,75,60,54,54,54,54,44,69,69,69,69,69,9,69,53,53,40,28,37,37,33,33,33,32,32,33,33,39,39,49,60,60,60,60,60,45,45,38,38,38,38,0,0],"gold":159,"neow_bonus":"THREE_ENEMY_KILL","is_daily":false,"chose_seed":false,"campfire_upgraded":10,"win_rate":0.0,"timestamp":1613826206,"path_taken":["M","M","M","?","?","E","R","M","T","?","E","R","?","?","R","BOSS","M","$","M","M","M","R","M","R","T","M","R","E","?","M","R","BOSS","M","M","$","?","?","R","E","R","T","R","M"],"items_purchased_type":["Relic","Relic","Card"],"build_version":"2020-12-22","purchased_purges":2,"victory":false,"max_hp_per_floor":[75,75,75,75,75,75,75,75,75,75,72,72,72,72,72,69,69,69,69,69,66,63,63,63,63,63,60,60,60,60,60,60,60,60,60,60,60,60,60,60,57,57,57,57,57,57],"card_choices":[{"not_picked":[],"picked":"BloodyBrimstone","floor":0},{"not_picked":["Steam","Hologram"],"picked":"Redo","floor":1},{"not_picked":["Gash","Tempest"],"picked":"Auto Shields","floor":2},{"not_picked":["Steam","Sweeping Beam"],"picked":"Multi-Cast","floor":3},{"not_picked":["Auto Shields","Cancel"],"picked":"Bomb","floor":6},{"not_picked":["Hologram","Leap"],"picked":"Fusion","floor":8},{"not_picked":["Ball Lightning","Storm"],"picked":"Chill","floor":10},{"not_picked":["Go for the Eyes","Cold Snap"],"picked":"Compile Driver","floor":11},{"not_picked":["Reboot","Multi-Cast"],"picked":"ElectricPowerLearning","floor":16},{"not_picked":["Self Repair","Blizzard"],"picked":"Consume","floor":18},{"not_picked":["Sweeping Beam","Beam Cell","Conserve Battery+1"],"picked":"SKIP","floor":20},{"not_picked":["Reprogram+1","Redo+1"],"picked":"Skim","floor":21},{"not_picked":["Ball Lightning+1","White Noise"],"picked":"Defragment","floor":22},{"not_picked":["Stack","Rainbow","Ball Lightning"],"picked":"SKIP","floor":24},{"not_picked":["Go for the Eyes","Melter+1"],"picked":"Self Repair","floor":27},{"not_picked":["Gash","Thunder Strike"],"picked":"Reinforced Body","floor":29},{"not_picked":["Chill","Coolheaded","Leap"],"picked":"SKIP","floor":31},{"not_picked":["Reboot","All For One+1"],"picked":"Buffer","floor":33},{"not_picked":["Fan","Cold Snap+1"],"picked":"Coolheaded+1","floor":35},{"not_picked":["Steam","Beam Cell+1","Barrage+1"],"picked":"SKIP","floor":36},{"not_picked":["Beam Cell+1","Fusion"],"picked":"Pulse+1","floor":39},{"not_picked":["Leap+1","Lockon+1","Coolheaded"],"picked":"SKIP","floor":41}],"player_experience":6850,"relics_obtained":[{"floor":6,"key":"Centennial Puzzle"},{"floor":9,"key":"Pantograph"},{"floor":11,"key":"SharpPlug"},{"floor":14,"key":"Nunchaku"},{"floor":26,"key":"Bronze Scales"},{"floor":29,"key":"Pen Nib"},{"floor":39,"key":"StoneCalendar"},{"floor":41,"key":"Bag of Marbles"},{"floor":43,"key":"Juzu Bracelet"}],"event_choices":[{"damage_healed":0,"gold_gain":0,"player_choice":"Ignored","damage_taken":0,"max_hp_gain":0,"max_hp_loss":0,"event_name":"Liars Game","floor":4,"gold_loss":0},{"cards_removed":["Strike_B"],"damage_healed":0,"gold_gain":0,"player_choice":"Card Removal","damage_taken":0,"max_hp_gain":0,"max_hp_loss":0,"event_name":"The Cleric","floor":13,"gold_loss":50},{"damage_healed":0,"gold_gain":0,"player_choice":"Relic","damage_taken":0,"max_hp_gain":0,"max_hp_loss":0,"event_name":"Wheel of Change","floor":14,"gold_loss":0},{"damage_healed":0,"gold_gain":0,"player_choice":"Opened","damage_taken":0,"relics_obtained":["Molten Egg 2"],"max_hp_gain":0,"max_hp_loss":0,"event_name":"The Mausoleum","floor":30,"gold_loss":0,"cards_obtained":["Writhe"]},{"cards_removed":["Defend_B"],"damage_healed":0,"gold_gain":0,"player_choice":"Removed Skill","damage_taken":0,"max_hp_gain":0,"max_hp_loss":0,"event_name":"Falling","floor":38,"gold_loss":0},{"damage_healed":0,"gold_gain":0,"player_choice":"Fight","damage_taken":0,"max_hp_gain":0,"max_hp_loss":0,"event_name":"Mysterious Sphere","floor":39,"gold_loss":0}],"is_beta":false,"boss_relics":[{"not_picked":["Coffee Dripper","Sozu"],"picked":"Nuclear Battery"},{"not_picked":[]},{"not_picked":["SlaversCollar","Runic Dome"],"picked":"FrozenCore"},{"not_picked":[]}],"items_purged_floors":[19,37],"is_endless":false,"potions_floor_spawned":[8,11,16,18,20,21,29,31,35,41],"killed_by":"Jaw Worm Horde","ascension_level":0}}