{"host":"9kesdg97wkrx2bva","time":1613804573,"event":{"mods":["AchievementEnabler","BaseMod","Colored Map","GifTheSpireLib","Infinite Spire","Minty Spire (QoL Compilation)","Replay The Spire","StSLib"],"gold_per_floor":[115,115,115,12,31,31,56,56,56,56,56,56,56,56,56,56,56],"floor_reached":16,"language":"ENG","playtime":175,"items_purged":["Strike_G"],"score":220,"play_id":"9d3c0fe4-4618-487c-a95c-fe096911adc3","local_time":"20210220010253","is_ascension_mode":true,"campfire_choices":[{"floor":6,"key":"REST"},{"data":"Catalyst","floor":10,"key":"SMITH"},{"data":"Deadly Poison","floor":12,"key":"SMITH"},{"floor":15,"key":"REST"}],"circlet_count":0,"master_deck":["AscendersBane","Strike_G","Strike_G","Strike_G","Strike_G","Defend_G","Defend_G","Defend_G","Defend_G+1","Survivor","Neutralize+1","Catalyst+1","Deadly Poison+1","Prepared","Prepared"],"relics":["Ring of the Snake","NeowsBlessing","Frozen Egg 2","ReplayFunnel","Toxic Egg 2","Eternal Feather"],"acts_visited":["Exordium"],"potions_floor_usage":[],"damage_taken":[{"damage":0,"enemies":"2 Louse","floor":1,"turns":1},{"damage":0,"enemies":"Small Slimes","floor":5,"turns":1},{"damage":0,"enemies":"Lagavulin","floor":7,"turns":1},{"damage":41,"enemies":"Slime Boss","floor":16,"turns":8}],"seed_played":"-1540604395600087458","potions_obtained":[],"is_trial":false,"path_per_floor":["M","?","?","$","M","R","E","$","T","R","$","R","?","T","R","B"],"character_chosen":"THE_SILENT","items_purchased":["Deadly Poison"],"campfire_rested":2,"item_purchase_floors":[4],"current_hp_per_floor":[59,59,14,14,14,33,33,33,33,33,33,33,13,13,41,0,0],"gold":56,"neow_bonus":"THREE_ENEMY_KILL","is_daily":false,"chose_seed":false,"campfire_upgraded":2,"win_rate":0.0,"timestamp":1613804573,"path_taken":["M","?","?","$","M","R","E","?","T","R","$","R","?","?","R","BOSS"],"items_purchased_type":["Card"],"build_version":"2020-12-22","purchased_purges":1,"victory":false,"max_hp_per_floor":[66,66,66,66,66,66,66,66,66,66,66,66,66,66,66,66,66],"card_choices":[{"not_picked":["Footwork","Calculated Gamble"],"picked":"Catalyst","floor":1},{"not_picked":["Expertise","Dagger Throw"],"picked":"Prepared","floor":5},{"not_picked":["Sneak Up","Storm of Steel"],"picked":"Prepared","floor":7}],"player_experience":1036839,"relics_obtained":[{"floor":7,"key":"ReplayFunnel"},{"floor":9,"key":"Toxic Egg 2"},{"floor":14,"key":"Eternal Feather"}],"event_choices":[{"damage_healed":0,"gold_gain":0,"player_choice":"Success","damage_taken":45,"relics_obtained":["Frozen Egg 2"],"max_hp_gain":0,"max_hp_loss":0,"event_name":"Scrap Ooze","floor":3,"gold_loss":0},{"damage_healed":0,"gold_gain":0,"player_choice":"Entered Light","damage_taken":20,"max_hp_gain":0,"max_hp_loss":0,"event_name":"Shining Light","floor":13,"gold_loss":0,"cards_upgraded":["Neutralize","Defend_G"]}],"is_beta":false,"boss_relics":[],"items_purged_floors":[4],"is_endless":false,"potions_floor_spawned":[],"killed_by":"Slime Boss","ascension_level":17}}