{"host":"ad59wuc8ynh8u2z6","time":1613817495,"event":{"mods":["AchievementEnabler","BaseMod","Colored Powertips","DeckTracker","Highlight Path","Minty Spire (QoL Compilation)","Permanent Neow"],"gold_per_floor":[111,111,122,137,62,62,96,96,122,122,122,154,154,167,167,262,262,278,278,294,307,326,326,354,372,372,399,399,425,443,457,457,560,560,570,845,857,873,511,537,555,569,592,623,623,202,214,264,264,264],"floor_reached":51,"language":"ENG","playtime":2225,"items_purged":["Defend_P","Defend_P","Strike_P"],"score":1268,"play_id":"511fed51-a593-480f-83cb-9aad1ba346f1","local_time":"20210220113815","is_ascension_mode":true,"campfire_choices":[{"data":"Wallop","floor":6.0,"key":"SMITH"},{"data":"TalkToTheHand","floor":8.0,"key":"SMITH"},{"data":"Eruption","floor":11.0,"key":"SMITH"},{"data":"Vault","floor":13.0,"key":"SMITH"},{"data":"Vigilance","floor":15.0,"key":"SMITH"},{"data":"Strike_P","floor":23.0,"key":"SMITH"},{"data":"Strike_P","floor":28.0,"key":"SMITH"},{"floor":32.0,"key":"REST"},{"data":"Blasphemy","floor":45,"key":"SMITH"},{"data":"Vault","floor":49,"key":"SMITH"}],"circlet_count":0,"master_deck":["Strike_P+1","Strike_P+1","Strike_P+1","Defend_P+1","Eruption+1","Vigilance+1","Wallop+1","TalkToTheHand+1","Vault+1","CarveReality+1","WheelKick+1","Vault+1","Wallop","Trip","Blasphemy+1"],"relics":["Philosopher\u0027s Stone","Omamori","Bag of Preparation","StoneCalendar","SacredBark","Bottled Flame","Pear","Akabeko","White Beast Statue","Velvet Choker","TheAbacus","StrikeDummy","MealTicket","Pen Nib","Frozen Eye","Ice Cream"],"acts_visited":["Exordium","TheCity","TheBeyond"],"potions_floor_usage":[38,46,50,50,50,50,50],"damage_taken":[{"damage":0.0,"enemies":"Jaw Worm","floor":1.0,"turns":5.0},{"damage":0.0,"enemies":"Small Slimes","floor":3.0,"turns":2.0},{"damage":0.0,"enemies":"2 Louse","floor":4.0,"turns":2.0},{"damage":0.0,"enemies":"Gremlin Nob","floor":7.0,"turns":3.0},{"damage":0.0,"enemies":"Lagavulin","floor":12.0,"turns":6.0},{"damage":0.0,"enemies":"Lots of Slimes","floor":14.0,"turns":2.0},{"damage":11.0,"enemies":"Hexaghost","floor":16.0,"turns":7.0},{"damage":0.0,"enemies":"Shell Parasite","floor":18.0,"turns":4.0},{"damage":0.0,"enemies":"Chosen","floor":20.0,"turns":4.0},{"damage":0.0,"enemies":"Centurion and Healer","floor":21.0,"turns":3.0},{"damage":0.0,"enemies":"3 Cultists","floor":22.0,"turns":3.0},{"damage":9.0,"enemies":"Book of Stabbing","floor":24.0,"turns":5.0},{"damage":0.0,"enemies":"Snecko","floor":25.0,"turns":3.0},{"damage":27.0,"enemies":"Slavers","floor":27.0,"turns":4.0},{"damage":25.0,"enemies":"Gremlin Leader","floor":29.0,"turns":5.0},{"damage":0.0,"enemies":"Sentry and Sphere","floor":30.0,"turns":3.0},{"damage":0.0,"enemies":"Snake Plant","floor":31.0,"turns":3.0},{"damage":33.0,"enemies":"Collector","floor":33.0,"turns":6.0},{"damage":0.0,"enemies":"Orb Walker","floor":35.0,"turns":3.0},{"damage":0.0,"enemies":"3 Shapes","floor":37.0,"turns":4.0},{"damage":0,"enemies":"Writhing Mass","floor":38,"turns":3},{"damage":0,"enemies":"Reptomancer","floor":40,"turns":3},{"damage":0,"enemies":"Spire Growth","floor":41,"turns":2},{"damage":0,"enemies":"Jaw Worm Horde","floor":42,"turns":3},{"damage":0,"enemies":"Nemesis","floor":44,"turns":3},{"damage":0,"enemies":"3 Darklings","floor":47,"turns":2},{"damage":0,"enemies":"Mind Bloom Boss Battle","floor":48,"turns":3},{"damage":0,"enemies":"Donu and Deca","floor":50,"turns":5}],"seed_played":"1339808246632642817","potions_obtained":[{"floor":3.0,"key":"SpeedPotion"},{"floor":4.0,"key":"Fruit Juice"},{"floor":7.0,"key":"Dexterity Potion"},{"floor":16.0,"key":"EntropicBrew"},{"floor":21.0,"key":"SmokeBomb"},{"floor":24.0,"key":"BlessingOfTheForge"},{"floor":25.0,"key":"Ambrosia"},{"floor":30.0,"key":"Dexterity Potion"},{"floor":31.0,"key":"Swift Potion"},{"floor":33.0,"key":"EssenceOfSteel"},{"floor":35.0,"key":"SteroidPotion"},{"floor":38,"key":"SteroidPotion"},{"floor":47,"key":"Strength Potion"},{"floor":48,"key":"EntropicBrew"}],"is_trial":false,"path_per_floor":["M","?","M","M","$","R","E","R","T","?","R","E","R","M","R","B",null,"M","?","M","M","M","R","E","M","T","E","R","E","M","M","R","B",null,"M","?","M","M","$","E","M","M","T","E","R","$","M","?","R","B",null],"character_chosen":"WATCHER","items_purchased":["Wallop","Trip","TheAbacus","Fruit Juice","PowerPotion","Frozen Eye"],"campfire_rested":1,"item_purchase_floors":[39,39,39,46,46,46],"current_hp_per_floor":[65,51,51,51,51,51,51,51,51,51,51,51,51,51,51,40,74,74,92,92,92,92,92,83,83,93,66,66,41,41,41,71,38,86,86,86,86,86,86,86,86,86,86,86,86,111,111,111,111,111],"gold":264,"neow_bonus":"BOSS_RELIC","is_daily":false,"chose_seed":false,"campfire_upgraded":9,"win_rate":0.0,"timestamp":1613817495,"path_taken":["M","?","M","M","$","R","E","R","T","?","R","E","R","M","R","BOSS","M","?","?","M","M","R","E","M","T","E","R","E","M","M","R","BOSS","M","?","M","M","$","E","?","M","T","E","R","$","M","?","R","BOSS"],"items_purchased_type":["Card","Card","Relic","Potion","Potion","Relic"],"build_version":"2020-12-22","purchased_purges":3,"victory":true,"max_hp_per_floor":[72,72,72,72,72,72,72,72,72,72,72,72,72,72,72,72,82,82,92,92,92,92,92,92,92,102,102,102,102,102,102,102,102,102,102,102,102,102,102,102,102,102,102,102,102,112,112,112,112,112],"card_choices":[{"not_picked":["EmptyBody","Adaptation"],"picked":"Wallop","floor":1.0},{"not_picked":["FollowUp","EmptyBody","Halt"],"picked":"SKIP","floor":3.0},{"not_picked":["Indignation","FlurryOfBlows"],"picked":"TalkToTheHand","floor":4.0},{"not_picked":["SashWhip","ThirdEye","ClearTheMind"],"picked":"SKIP","floor":7.0},{"not_picked":["CutThroughFate","SandsOfTime"],"picked":"Vault","floor":12.0},{"not_picked":["FlyingSleeves","FollowUp","Nirvana"],"picked":"SKIP","floor":14.0},{"not_picked":["Judgement","Alpha"],"picked":"Scrawl","floor":16.0},{"not_picked":["SashWhip","FlurryOfBlows","Protect+1"],"picked":"SKIP","floor":18.0},{"not_picked":["BowlingBash+1","Consecrate"],"picked":"CarveReality+1","floor":20.0},{"not_picked":["Sanctity","Wish"],"picked":"WheelKick+1","floor":21.0},{"not_picked":["EmptyFist","Halt","Consecrate"],"picked":"SKIP","floor":22.0},{"not_picked":["Fasting2+1","Swivel","FlurryOfBlows"],"picked":"SKIP","floor":24.0},{"not_picked":["JustLucky","Evaluate","EmptyFist+1"],"picked":"SKIP","floor":25.0},{"not_picked":["EmptyFist","Judgement","Swivel"],"picked":"SKIP","floor":27.0},{"not_picked":["Prostrate","Study+1","JustLucky"],"picked":"SKIP","floor":29.0},{"not_picked":["CutThroughFate","BowlingBash","Crescendo+1"],"picked":"SKIP","floor":30.0},{"not_picked":["FearNoEvil","CutThroughFate","FlurryOfBlows+1"],"picked":"SKIP","floor":31.0},{"not_picked":["SpiritShield","Blasphemy"],"picked":"Vault","floor":33.0},{"not_picked":["BowlingBash+1","PathToVictory","ThirdEye"],"picked":"SKIP","floor":35.0},{"not_picked":["PathToVictory+1","EmptyMind+1","EmptyFist+1"],"picked":"SKIP","floor":37.0},{"not_picked":["Consecrate+1","PathToVictory+1","JustLucky+1"],"picked":"SKIP","floor":38},{"not_picked":["Halt+1","Protect+1","BowlingBash+1"],"picked":"SKIP","floor":40},{"not_picked":["FlurryOfBlows","BowlingBash"],"picked":"Blasphemy","floor":41},{"not_picked":["Crescendo","EmptyBody+1","Consecrate"],"picked":"SKIP","floor":42},{"not_picked":["PathToVictory","Weave","Protect+1"],"picked":"SKIP","floor":44},{"not_picked":["MentalFortress+1","SashWhip","Prostrate+1"],"picked":"SKIP","floor":47}],"player_experience":111960,"relics_obtained":[{"floor":7.0,"key":"Omamori"},{"floor":9.0,"key":"Bag of Preparation"},{"floor":12.0,"key":"StoneCalendar"},{"floor":24.0,"key":"Bottled Flame"},{"floor":26.0,"key":"Pear"},{"floor":27.0,"key":"Akabeko"},{"floor":29.0,"key":"White Beast Statue"},{"floor":40,"key":"StrikeDummy"},{"floor":43,"key":"MealTicket"},{"floor":44,"key":"Pen Nib"},{"floor":48,"key":"Ice Cream"}],"event_choices":[{"damage_healed":0.0,"max_hp_gain":0.0,"max_hp_loss":0.0,"gold_gain":0.0,"event_name":"Shining Light","player_choice":"Entered Light","floor":2.0,"gold_loss":0.0,"damage_taken":14.0,"cards_upgraded":["Defend_P","Strike_P"]},{"cards_removed":["Defend_P"],"damage_healed":0.0,"max_hp_gain":0.0,"max_hp_loss":0.0,"gold_gain":0.0,"event_name":"Living Wall","player_choice":"Forget","floor":10.0,"gold_loss":0.0,"damage_taken":0.0},{"cards_removed":["Scrawl"],"damage_healed":8.0,"max_hp_gain":10.0,"max_hp_loss":0.0,"gold_gain":0.0,"event_name":"Bonfire Elementals","player_choice":"Offered Rare","floor":19.0,"gold_loss":0.0,"damage_taken":0.0},{"damage_healed":0.0,"max_hp_gain":0.0,"max_hp_loss":0.0,"gold_gain":275.0,"event_name":"Golden Shrine","player_choice":"Desecrate","floor":36.0,"gold_loss":0.0,"damage_taken":0.0,"cards_obtained":["Regret"]},{"damage_healed":0,"gold_gain":0,"player_choice":"Fight","damage_taken":0,"max_hp_gain":0,"max_hp_loss":0,"event_name":"MindBloom","floor":48,"gold_loss":0}],"is_beta":false,"boss_relics":[{"not_picked":["Calling Bell","Fusion Hammer"],"picked":"SacredBark"},{"not_picked":["Astrolabe","Pandora\u0027s Box"],"picked":"Velvet Choker"}],"items_purged_floors":[5,39,46],"is_endless":false,"potions_floor_spawned":[3,4,7,16,21,24,25,30,31,33,35,37,38,40,41,42,44,47,48],"ascension_level":6}}