{"host":"s0nrlal5fls38heo","time":1613845208,"event":{"mods":["AchievementEnabler","BaseMod","Colored Powertips","Dark Map","Displayed Cursed Tome","Downfall","Faster Ascension Climbing","GifTheSpireLib","Minty Spire (QoL Compilation)","Permanent Neow","Rare Cards Sparkle","Relic Filter Mod","StSLib"],"gold_per_floor":[99,115,115,135,155,155,201,220,20,50,70,103,553,582,600,705,705,705,725,743,743,240,269,295,295,324,338,79,91,123,142,155,259,259,159,179,198,215,229,259,309,309,4,4,21,21,52,63,80,80,80,105,23,23,23,23],"floor_reached":57,"language":"ENG","playtime":4376,"items_purged":["downfall:Icky","Guardian:Strike_Guardian+1"],"score":1963,"play_id":"f438291a-4f1e-4c5f-abed-90073a1f3d77","local_time":"20210220192008","is_ascension_mode":true,"campfire_choices":[{"data":"Apotheosis","floor":1.0,"key":"SMITH"},{"floor":6.0,"key":"RECALL"},{"floor":9.0,"key":"REST"},{"data":"Guardian:Harden","floor":18.0,"key":"SMITH"},{"data":"Guardian:SentryBeam","floor":25.0,"key":"SMITH"},{"data":"Guardian:SphericShield","floor":35.0,"key":"SMITH"},{"floor":46.0,"key":"REST"},{"floor":54,"key":"REST"}],"circlet_count":0,"master_deck":["AscendersBane","Guardian:Defend_Guardian","Guardian:Defend_Guardian","Guardian:Defend_Guardian","Guardian:Defend_Guardian+1","Guardian:CurlUp","Guardian:TwinSlam","Apotheosis+1","Guardian:ChargeCore+1","Guardian:Planning","Guardian:Recover","Guardian:Harden+1","Guardian:Orbwalk","Guardian:Recover","Guardian:ChargeUp+1","Guardian:ShieldCharger","Guardian:SphericShield+1","expansioncontent:StudyTheSpire+1","Guardian:EvasiveProtocol+1","Guardian:SentryBeam+1","Guardian:ArmoredProtocol+1","Guardian:TimeCapacitor+1","Guardian:ExploitGems","Guardian:Clone","Guardian:ConstructionForm+1","Guardian:BronzeOrb","Guardian:Recover","Guardian:TimeCapacitor+1","Guardian:BronzeOrb+1","Guardian:ChargeUp+1","Chrysalis","Guardian:PrimingBeam","Writhe","Guardian:HyperBeam_Guardian","Guardian:Repulse+1","Guardian:BronzeOrb+1","Guardian:BronzeArmor+1","Guardian:SpikerProtocol+1","expansioncontent:AwakenDeath+1"],"relics":["Guardian:ModeShifter","downfall:HeartBlessingRed","Incense Burner","Gremlin Horn","Frozen Egg 2","expansioncontent:StudyCardRelic","Nloth\u0027s Gift","Blood Vial","War Paint","Pen Nib","Anchor","Kunai","Bottled Lightning","Empty Cage","downfall:HeartBlessingGreen","Toy Ornithopter","Whetstone","Oddly Smooth Stone","Molten Egg 2","Slimebound:PreparedRelic"],"acts_visited":["Exordium","TheCity","TheBeyond","TheEnding"],"potions_floor_usage":[50],"damage_taken":[{"damage":5.0,"enemies":"Jaw Worm","floor":2.0,"turns":5.0},{"damage":1.0,"enemies":"Cultist","floor":4.0,"turns":5.0},{"damage":0.0,"enemies":"2 Louse","floor":5.0,"turns":4.0},{"damage":11.0,"enemies":"Blue Slaver","floor":8.0,"turns":4.0},{"damage":0.0,"enemies":"Lagavulin","floor":10.0,"turns":7.0},{"damage":18.0,"enemies":"Lots of Slimes","floor":11.0,"turns":4.0},{"damage":13.0,"enemies":"Gremlin Nob","floor":12.0,"turns":4.0},{"damage":0.0,"enemies":"Lagavulin","floor":14.0,"turns":7.0},{"damage":0.0,"enemies":"3 Louse","floor":15.0,"turns":3.0},{"damage":10.0,"enemies":"SI_SHIV_ARCHETYPE","floor":16.0,"turns":19.0},{"damage":11.0,"enemies":"3 Byrds","floor":19.0,"turns":7.0},{"damage":2.0,"enemies":"Chosen","floor":20.0,"turns":6.0},{"damage":0.0,"enemies":"downfall:FleeingMerchant","floor":22.0,"turns":4.0},{"damage":17.0,"enemies":"Gremlin Leader","floor":23.0,"turns":7.0},{"damage":21.0,"enemies":"Slavers","floor":26.0,"turns":6.0},{"damage":0.0,"enemies":"Snecko","floor":27.0,"turns":4.0},{"damage":0.0,"enemies":"downfall:FleeingMerchant","floor":28.0,"turns":4.0},{"damage":10.0,"enemies":"Snake Plant","floor":29.0,"turns":4.0},{"damage":0.0,"enemies":"Gremlin Leader","floor":30.0,"turns":8.0},{"damage":0.0,"enemies":"Centurion and Healer","floor":31.0,"turns":3.0},{"damage":0.0,"enemies":"Chosen and Byrds","floor":32.0,"turns":5.0},{"damage":10.0,"enemies":"IC_MUSHROOM_ARCHETYPE","floor":33.0,"turns":13.0},{"damage":0.0,"enemies":"3 Darklings","floor":36.0,"turns":6.0},{"damage":0.0,"enemies":"Orb Walker","floor":37.0,"turns":4.0},{"damage":0.0,"enemies":"Sphere and 2 Shapes","floor":38.0,"turns":4.0},{"damage":0.0,"enemies":"Jaw Worm Horde","floor":39.0,"turns":3.0},{"damage":24.0,"enemies":"Giant Head","floor":40.0,"turns":11.0},{"damage":0.0,"enemies":"downfall:FleeingMerchant","floor":43.0,"turns":4.0},{"damage":0.0,"enemies":"Spire Growth","floor":45.0,"turns":4.0},{"damage":30,"enemies":"Nemesis","floor":47,"turns":11},{"damage":0,"enemies":"Maw","floor":48,"turns":10},{"damage":29,"enemies":"Transient","floor":49,"turns":5},{"damage":33,"enemies":"DF_ARCHETYPE_ORBS","floor":50,"turns":18},{"damage":28,"enemies":"downfall:CharBossMerchant","floor":52,"turns":11},{"damage":0,"enemies":"downfall:NeowBoss","floor":55,"turns":19},{"damage":42,"enemies":"downfall:NeowBossFinal","floor":56,"turns":15}],"seed_played":"-2020531554835623878","potions_obtained":[{"floor":2.0,"key":"PowerPotion"},{"floor":3.0,"key":"Strength Potion"},{"floor":16.0,"key":"GamblersBrew"},{"floor":19.0,"key":"DistilledChaos"},{"floor":26.0,"key":"Energy Potion"},{"floor":27.0,"key":"DistilledChaos"},{"floor":38.0,"key":"Block Potion"},{"floor":40.0,"key":"Guardian:BlockOnCardUsePotion"},{"floor":47,"key":"BlessingOfTheForge"}],"is_trial":false,"path_per_floor":["R","M","?","M","M","R","T","M","R","E","M","E","?","E","M","B",null,"R","M","M","?","$","E","T","R","E","M","$","M","E","M","M","B",null,"R","M","M","M","M","E","T","?","$","?","M","R","E","M","M","B",null,"E","$","R","B","B",null],"character_chosen":"GUARDIAN","items_purchased":["expansioncontent:StudyTheSpire","Guardian:EvasiveProtocol+1","Blood Vial","Kunai","Chrysalis","expansioncontent:AwakenDeath"],"campfire_rested":3,"item_purchase_floors":[22,22,22,28,43,53],"current_hp_per_floor":[51,46,46,45,45,45,45,34,71,71,53,40,40,40,40,30,75,75,64,62,62,62,47,47,47,28,30,32,24,26,38,40,32,76,76,78,80,82,84,62,62,62,64,64,66,90,60,62,35,9,70,54,54,81,83,43],"gold":23,"neow_bonus":"RANDOM_COLORLESS_2","is_daily":false,"chose_seed":false,"campfire_upgraded":4,"win_rate":0.0,"timestamp":1613845208,"path_taken":["R","M","?","?","M","R","T","?","R","E","M","E","?","E","M","BOSS","R","M","M","?","$","E","T","R","E","M","$","M","E","M","M","BOSS","R","M","M","?","M","E","T","?","$","?","?","R","E","M","M","BOSS","E","$","R","BOSS","BOSS"],"items_purchased_type":["Card","Card","Relic","Relic","Card","Card"],"build_version":"2020-12-22","purchased_purges":2,"victory":true,"max_hp_per_floor":[80,80,80,80,80,80,80,80,90,90,90,90,90,90,90,90,90,90,90,90,90,90,90,90,90,90,90,90,90,90,90,90,90,90,90,90,90,90,90,90,90,90,90,90,90,90,90,90,90,90,90,90,90,90,90,90],"card_choices":[{"not_picked":["Mayhem","Chrysalis"],"picked":"Apotheosis","floor":0.0},{"not_picked":["Guardian:Reroute","Guardian:RollAttack"],"picked":"Guardian:ChargeCore","floor":2.0},{"not_picked":["Guardian:Gem_Lightblue","Guardian:SpikerProtocol"],"picked":"Guardian:Planning","floor":4.0},{"not_picked":["Guardian:Gem_Purple","Guardian:RollAttack"],"picked":"Guardian:Recover","floor":5.0},{"not_picked":["Guardian:EvasiveProtocol","Guardian:Recover"],"picked":"Guardian:Harden","floor":8.0},{"not_picked":["Guardian:ShieldSpikes","Guardian:VentSteam"],"picked":"Guardian:Orbwalk","floor":10.0},{"not_picked":["Guardian:Reroute","Guardian:Orbwalk"],"picked":"Guardian:Recover","floor":11.0},{"not_picked":["Guardian:ChargeCore","Guardian:Gem_Lightblue"],"picked":"Guardian:ChargeUp","floor":12.0},{"not_picked":["Guardian:ChargeCore","Guardian:GatlingBeam"],"picked":"Guardian:Gem_Cyan","floor":14.0},{"not_picked":["Guardian:WalkerClaw","Guardian:VentSteam","Guardian:Emergency"],"picked":"SKIP","floor":15.0},{"not_picked":["Guardian:FastForward","Guardian:BaubleBeam"],"picked":"Guardian:Gem_Synthetic","floor":16.0},{"not_picked":["Guardian:VentSteam+1","Guardian:WalkerClaw","Guardian:CrystalBeam+1"],"picked":"SKIP","floor":19.0},{"not_picked":["Guardian:WalkerClaw+1","Guardian:ChargeCore"],"picked":"Guardian:ShieldCharger","floor":20.0},{"not_picked":["Guardian:PrismaticBeam","Guardian:Gem_Lightblue"],"picked":"Guardian:SphericShield","floor":22.0},{"not_picked":["Guardian:PrismaticBeam+1","Guardian:BaubleBeam"],"picked":"Guardian:SentryBeam","floor":23.0},{"not_picked":["Guardian:BodySlam","Guardian:Gem_Lightblue"],"picked":"Guardian:ArmoredProtocol+1","floor":26.0},{"not_picked":["Guardian:Incinerate+1","Guardian:GemFire","Guardian:Gem_Yellow"],"picked":"SKIP","floor":27.0},{"not_picked":["Guardian:PrismaticBeam","Guardian:VentSteam","Guardian:TemporalStrike"],"picked":"SKIP","floor":28.0},{"not_picked":["Guardian:GatlingBeam","Guardian:Gem_Lightblue"],"picked":"Guardian:TimeCapacitor+1","floor":29.0},{"not_picked":["Guardian:PrismaticBeam+1","Guardian:RollAttack"],"picked":"Guardian:ExploitGems","floor":30.0},{"not_picked":["Guardian:Gem_Crimson","Guardian:StasisStrike"],"picked":"Guardian:Gem_White","floor":31.0},{"not_picked":["Guardian:WalkerClaw","Guardian:SentryBeam"],"picked":"Guardian:Clone","floor":32.0},{"not_picked":["Guardian:FierceBash","Guardian:Gem_Orange"],"picked":"Guardian:ConstructionForm+1","floor":33.0},{"not_picked":["Guardian:WalkerClaw+1","Guardian:VentSteam"],"picked":"Guardian:BronzeOrb","floor":36.0},{"not_picked":["Guardian:Gem_Green","Guardian:CrystalBeam+1"],"picked":"Guardian:Recover","floor":37.0},{"not_picked":["Guardian:ShieldCharger+1","Guardian:TimeBomb+1"],"picked":"Guardian:TimeCapacitor+1","floor":38.0},{"not_picked":["Guardian:RollAttack","Guardian:Gem_Green"],"picked":"Guardian:BronzeOrb+1","floor":39.0},{"not_picked":["Guardian:GemFire","Guardian:PrismaticBarrier","Guardian:Reroute+1"],"picked":"SKIP","floor":40.0},{"not_picked":["Guardian:Clone","Guardian:Emergency+1"],"picked":"Guardian:ChargeUp+1","floor":43.0},{"not_picked":["Guardian:TemporalStrike","Guardian:StasisStrike"],"picked":"Guardian:Repulse+1","floor":45.0},{"not_picked":["Guardian:HyperBeam_Guardian+1","Guardian:PrismaticBarrier+1"],"picked":"Guardian:BronzeOrb+1","floor":47},{"not_picked":["Guardian:Reroute+1","Guardian:ShieldCharger+1"],"picked":"Guardian:BronzeArmor+1","floor":48},{"not_picked":["Guardian:Gem_Green","Guardian:BaubleBeam+1","Guardian:Reroute+1"],"picked":"SKIP","floor":49},{"not_picked":["Guardian:Gem_Lightblue","Guardian:BronzeOrb+1"],"picked":"Guardian:SpikerProtocol+1","floor":52}],"player_experience":44964,"relics_obtained":[{"floor":10.0,"key":"Incense Burner"},{"floor":12.0,"key":"Gremlin Horn"},{"floor":14.0,"key":"Frozen Egg 2"},{"floor":23.0,"key":"War Paint"},{"floor":24.0,"key":"Pen Nib"},{"floor":26.0,"key":"Anchor"},{"floor":30.0,"key":"Bottled Lightning"},{"floor":40.0,"key":"Toy Ornithopter"},{"floor":41.0,"key":"Whetstone"},{"floor":42.0,"key":"Oddly Smooth Stone"},{"floor":47,"key":"Molten Egg 2"},{"floor":52,"key":"Slimebound:PreparedRelic"}],"event_choices":[{"damage_healed":0.0,"max_hp_gain":0.0,"max_hp_loss":0.0,"gold_gain":0.0,"event_name":"Lab","player_choice":"Got Potions","floor":3.0,"gold_loss":0.0,"damage_taken":0.0}],"is_beta":false,"boss_relics":[{"not_picked":["Velvet Choker","Black Star"],"picked":"expansioncontent:StudyCardRelic"},{"not_picked":["Calling Bell","Runic Dome"],"picked":"Empty Cage"}],"items_purged_floors":[22,43],"is_endless":false,"potions_floor_spawned":[2,5,8,10,16,19,20,26,27,31,38,40,47],"ascension_level":11}}