{"host":"khwpnvgc3av0w6xd","time":1613824752,"event":{"mods":["BaseMod","Block Reminder","Colored Map","DeckTracker","Highlight Path","Minty Spire (QoL Compilation)","Quick Restart"],"gold_per_floor":[19,19,0,0,13,13,13,51,51,51,84,98,98,98,98,224,224,247,347,335,335,335],"floor_reached":21,"language":"DEU","playtime":1671,"items_purged":[],"score":204,"play_id":"448b964d-5335-4dd5-acc8-50cef39f3c77","local_time":"20210220133912","is_ascension_mode":true,"campfire_choices":[{"data":"Transmutation","floor":6,"key":"SMITH"},{"floor":10,"key":"REST"},{"floor":13,"key":"REST"},{"data":"Eruption","floor":15,"key":"SMITH"}],"circlet_count":0,"master_deck":["Strike_P","Strike_P","Strike_P","Strike_P","Defend_P","Defend_P","Defend_P","Defend_P","Eruption+1","Vigilance","Transmutation+1","Meditate","Injury","Worship","Adaptation","JustLucky","FlurryOfBlows","Ragnarok","Evaluate+1"],"relics":["PureWater","Golden Idol","Regal Pillow","Boot","Kunai","SlaversCollar"],"acts_visited":["Exordium","TheCity"],"potions_floor_usage":[8,16,20],"damage_taken":[{"damage":11,"enemies":"Jaw Worm","floor":1,"turns":6},{"damage":1,"enemies":"2 Louse","floor":5,"turns":3},{"damage":50,"enemies":"3 Sentries","floor":8,"turns":14},{"damage":39,"enemies":"Gremlin Nob","floor":11,"turns":5},{"damage":0,"enemies":"Small Slimes","floor":12,"turns":4},{"damage":44,"enemies":"The Guardian","floor":16,"turns":7},{"damage":14,"enemies":"Chosen","floor":18,"turns":5},{"damage":41,"enemies":"2 Thieves","floor":20,"turns":4},{"damage":30,"enemies":"Sentry and Sphere","floor":21,"turns":4}],"seed_played":"8641294340581766057","potions_obtained":[{"floor":1,"key":"Energy Potion"},{"floor":11,"key":"Dexterity Potion"},{"floor":18,"key":"SteroidPotion"}],"is_trial":false,"path_per_floor":["M","?","?","?","M","R","$","E","T","R","E","M","R","?","R","B",null,"M","?","M","M"],"character_chosen":"WATCHER","items_purchased":[],"campfire_rested":2,"item_purchase_floors":[],"current_hp_per_floor":[61,61,61,66,65,65,65,15,15,53,14,14,52,52,52,8,77,63,63,22,0,0],"gold":335,"neow_bonus":"RANDOM_COLORLESS_2","is_daily":false,"chose_seed":false,"campfire_upgraded":2,"win_rate":0.0,"timestamp":1613824752,"path_taken":["M","?","?","?","?","R","$","E","T","R","E","M","R","?","R","BOSS","M","?","M","M"],"items_purchased_type":[],"build_version":"2020-12-22","purchased_purges":0,"victory":false,"max_hp_per_floor":[72,72,72,77,77,77,77,77,77,77,77,77,77,77,77,77,77,77,77,77,77,77],"card_choices":[{"not_picked":["HandOfGreed","Sadistic Nature"],"picked":"Transmutation","floor":0},{"not_picked":["Protect","SashWhip"],"picked":"Meditate","floor":1},{"not_picked":["PathToVictory","ClearTheMind"],"picked":"Worship","floor":5},{"not_picked":["FlyingSleeves","Sanctity"],"picked":"Adaptation","floor":8},{"not_picked":["PathToVictory","Meditate"],"picked":"JustLucky","floor":11},{"not_picked":["CutThroughFate","Consecrate"],"picked":"FlurryOfBlows","floor":12},{"not_picked":["Alpha","MasterReality"],"picked":"Ragnarok","floor":16},{"not_picked":["JustLucky","PathToVictory","FollowUp"],"picked":"SKIP","floor":18},{"not_picked":["FlyingSleeves","Weave"],"picked":"Evaluate+1","floor":20}],"player_experience":103586,"relics_obtained":[{"floor":8,"key":"Regal Pillow"},{"floor":11,"key":"Boot"}],"event_choices":[{"damage_healed":0,"gold_gain":0,"player_choice":"Take Wound","damage_taken":0,"relics_obtained":["Golden Idol"],"max_hp_gain":0,"max_hp_loss":0,"event_name":"Golden Idol","floor":2,"gold_loss":0,"cards_obtained":["Injury"]},{"damage_healed":0,"gold_gain":0,"player_choice":"Left Gold","damage_taken":0,"max_hp_gain":0,"max_hp_loss":0,"event_name":"World of Goop","floor":3,"gold_loss":19},{"damage_healed":0,"gold_gain":0,"player_choice":"Donut","damage_taken":0,"max_hp_gain":5,"max_hp_loss":0,"event_name":"Big Fish","floor":4,"gold_loss":0},{"damage_healed":0,"gold_gain":0,"player_choice":"Searched \u00271\u0027 times","damage_taken":0,"relics_obtained":["Kunai"],"max_hp_gain":0,"max_hp_loss":0,"event_name":"Dead Adventurer","floor":14,"gold_loss":0},{"damage_healed":0,"gold_gain":100,"player_choice":"Pray","damage_taken":0,"max_hp_gain":0,"max_hp_loss":0,"event_name":"Golden Shrine","floor":19,"gold_loss":0}],"is_beta":false,"boss_relics":[{"not_picked":["Cursed Key","Empty Cage"],"picked":"SlaversCollar"}],"items_purged_floors":[],"is_endless":false,"potions_floor_spawned":[1,11,18],"killed_by":"Sentry and Sphere","ascension_level":2}}