{"host":"9l1knhxfturzliqa","time":1613790860,"event":{"mods":["AchievementEnabler","BaseMod","Colored Map","Colored Powertips","DeckTracker","Highlight Path","Keyboard Shortcuts","Minty Spire (QoL Compilation)","Random Character Button"],"gold_per_floor":[118,132,146,116,128,128,147,161,188,208,225,225,225,239,239,335,335,351,351,122,122,137,137,153,153,178,0,17,17,35,35,35,130,130,145,158,158,158],"floor_reached":37,"language":"KOR","playtime":1443,"items_purged":["Strike_B"],"score":587,"play_id":"fc97e5be-12cf-484b-8fb7-8931d2e610d8","local_time":"20210220121420","is_ascension_mode":true,"campfire_choices":[{"data":"Creative AI","floor":6.0,"key":"SMITH"},{"data":"Zap","floor":13.0,"key":"SMITH"},{"data":"Dualcast","floor":15.0,"key":"SMITH"},{"floor":23.0,"key":"REST"},{"data":"Biased Cognition","floor":29.0,"key":"SMITH"},{"floor":32.0,"key":"REST"}],"circlet_count":0,"master_deck":["AscendersBane","Zap+1","Dualcast+1","Go for the Eyes","Creative AI+1","Conserve Battery","Steam","Turbo","Defragment","Ball Lightning","Biased Cognition+1","Defragment","Lockon","Cold Snap","Loop","Stack+1","Core Surge","Coolheaded+1"],"relics":["Cracked Core","DataDisk","Velvet Choker","Runic Capacitor","Strawberry","Empty Cage"],"acts_visited":["Exordium","TheCity","TheBeyond"],"potions_floor_usage":[37],"damage_taken":[{"damage":2.0,"enemies":"Jaw Worm","floor":1.0,"turns":3.0},{"damage":0.0,"enemies":"Cultist","floor":2.0,"turns":3.0},{"damage":0.0,"enemies":"2 Louse","floor":3.0,"turns":3.0},{"damage":0.0,"enemies":"Exordium Wildlife","floor":5.0,"turns":2.0},{"damage":2.0,"enemies":"2 Fungi Beasts","floor":7.0,"turns":4.0},{"damage":1.0,"enemies":"Looter","floor":8.0,"turns":4.0},{"damage":9.0,"enemies":"Red Slaver","floor":10.0,"turns":3.0},{"damage":4.0,"enemies":"3 Louse","floor":11.0,"turns":3.0},{"damage":6.0,"enemies":"2 Fungi Beasts","floor":14.0,"turns":3.0},{"damage":7.0,"enemies":"Slime Boss","floor":16.0,"turns":6.0},{"damage":2.0,"enemies":"Chosen","floor":18.0,"turns":4.0},{"damage":41.0,"enemies":"2 Thieves","floor":22.0,"turns":4.0},{"damage":6.0,"enemies":"Centurion and Healer","floor":24.0,"turns":7.0},{"damage":23.0,"enemies":"Snake Plant","floor":28.0,"turns":4.0},{"damage":15.0,"enemies":"Shelled Parasite and Fungi","floor":30.0,"turns":3.0},{"damage":26.0,"enemies":"Automaton","floor":33.0,"turns":8.0},{"damage":8.0,"enemies":"Orb Walker","floor":35.0,"turns":2.0},{"damage":27.0,"enemies":"3 Shapes","floor":36.0,"turns":3.0},{"damage":40,"enemies":"Transient","floor":37,"turns":2}],"seed_played":"-6807452794522069116","potions_obtained":[{"floor":3.0,"key":"Ancient Potion"},{"floor":4.0,"key":"ColorlessPotion"},{"floor":4.0,"key":"Explosive Potion"},{"floor":5.0,"key":"BlessingOfTheForge"},{"floor":10.0,"key":"Regen Potion"},{"floor":12.0,"key":"Block Potion"},{"floor":12.0,"key":"DistilledChaos"},{"floor":22.0,"key":"SteroidPotion"},{"floor":33.0,"key":"Strength Potion"},{"floor":36.0,"key":"PowerPotion"}],"is_trial":false,"path_per_floor":["M","M","M","?","M","R","M","M","T","M","M","?","R","M","R","B",null,"M","?","$","?","M","R","M","?","T","?","M","R","M","?","R","B",null,"M","M","M"],"character_chosen":"DEFECT","items_purchased":["Runic Capacitor"],"campfire_rested":2,"item_purchase_floors":[20],"current_hp_per_floor":[48,48,48,48,48,48,46,45,45,36,32,32,32,26,26,19,61,59,59,59,59,18,40,34,34,41,41,18,18,3,3,27,1,62,54,27,0,0],"gold":158,"neow_bonus":"REMOVE_TWO","is_daily":false,"chose_seed":false,"campfire_upgraded":4,"win_rate":0.0,"timestamp":1613790860,"path_taken":["M","M","M","?","M","R","M","M","T","?","M","?","R","M","R","BOSS","M","?","?","?","?","R","M","?","T","?","M","R","M","?","R","BOSS","M","M","M"],"items_purchased_type":["Relic"],"build_version":"2020-12-22","purchased_purges":1,"victory":false,"max_hp_per_floor":[75,75,75,75,75,75,75,75,75,75,75,75,75,75,75,75,75,75,75,75,75,75,75,75,75,82,82,82,82,82,82,82,82,82,82,82,82,82],"card_choices":[{"not_picked":["Streamline","Skim"],"picked":"Go for the Eyes","floor":1.0},{"not_picked":["Go for the Eyes","Beam Cell"],"picked":"Creative AI","floor":2.0},{"not_picked":["Capacitor","Beam Cell"],"picked":"Conserve Battery","floor":3.0},{"not_picked":["Auto Shields","Loop"],"picked":"Steam","floor":5.0},{"not_picked":["Defragment","Gash"],"picked":"Turbo","floor":7.0},{"not_picked":["Barrage","Doom and Gloom","Redo"],"picked":"SKIP","floor":8.0},{"not_picked":["Hello World","Tempest"],"picked":"Defragment","floor":10.0},{"not_picked":["Defragment","Turbo"],"picked":"Ball Lightning","floor":11.0},{"not_picked":["Compile Driver","Sweeping Beam","Turbo"],"picked":"SKIP","floor":14.0},{"not_picked":["Creative AI","Reboot"],"picked":"Biased Cognition","floor":16.0},{"not_picked":["Barrage","Streamline","Beam Cell+1"],"picked":"SKIP","floor":18.0},{"not_picked":["Stack","Leap"],"picked":"Cold Snap","floor":22.0},{"not_picked":["Turbo","Gash"],"picked":"Loop","floor":24.0},{"not_picked":["Ball Lightning+1","Turbo","Stack+1"],"picked":"SKIP","floor":28.0},{"not_picked":["Ball Lightning+1","Turbo"],"picked":"Stack+1","floor":28.0},{"not_picked":["Genetic Algorithm","Barrage","Leap"],"picked":"SKIP","floor":30.0},{"not_picked":["Thunder Strike","Rainbow"],"picked":"Core Surge","floor":33.0},{"not_picked":["Cold Snap","Compile Driver","Heatsinks"],"picked":"SKIP","floor":35.0},{"not_picked":["Barrage","Rip and Tear"],"picked":"Coolheaded+1","floor":36.0}],"player_experience":701758,"relics_obtained":[{"floor":9.0,"key":"DataDisk"},{"floor":26.0,"key":"Strawberry"}],"event_choices":[{"damage_healed":0.0,"max_hp_gain":0.0,"max_hp_loss":0.0,"gold_gain":0.0,"event_name":"The Woman in Blue","player_choice":"Bought 2 Potions","floor":4.0,"gold_loss":0.0,"damage_taken":0.0},{"damage_healed":0.0,"max_hp_gain":0.0,"max_hp_loss":0.0,"gold_gain":0.0,"event_name":"Lab","player_choice":"Got Potions","floor":12.0,"gold_loss":0.0,"damage_taken":0.0},{"damage_healed":0.0,"max_hp_gain":0.0,"max_hp_loss":0.0,"gold_gain":0.0,"event_name":"N\u0027loth","player_choice":"Ignored","floor":19.0,"gold_loss":0.0,"damage_taken":0.0},{"damage_healed":0.0,"max_hp_gain":0.0,"max_hp_loss":0.0,"gold_gain":0.0,"cards_transformed":["Strike_B","Defend_B"],"event_name":"Drug Dealer","player_choice":"Became Test Subject","floor":21.0,"gold_loss":0.0,"damage_taken":0.0,"cards_obtained":["Defragment","Lockon"]},{"damage_healed":0.0,"max_hp_gain":0.0,"max_hp_loss":0.0,"gold_gain":0.0,"event_name":"Vampires","player_choice":"Ignored","floor":25.0,"gold_loss":0.0,"damage_taken":0.0},{"damage_healed":0.0,"max_hp_gain":0.0,"max_hp_loss":0.0,"gold_gain":0.0,"event_name":"Masked Bandits","player_choice":"Paid Fearfully","floor":27.0,"gold_loss":178.0,"damage_taken":0.0},{"cards_removed":["Defend_B"],"damage_healed":0.0,"max_hp_gain":0.0,"max_hp_loss":0.0,"gold_gain":0.0,"event_name":"Purifier","player_choice":"Purged","floor":31.0,"gold_loss":0.0,"damage_taken":0.0}],"is_beta":false,"boss_relics":[{"not_picked":["Calling Bell","Ectoplasm"],"picked":"Velvet Choker"},{"not_picked":["Nuclear Battery","SacredBark"],"picked":"Empty Cage"}],"items_purged_floors":[20],"is_endless":false,"potions_floor_spawned":[3,5,10,22,33,36],"killed_by":"Transient","ascension_level":12}}