{"host":"s509oin3ptw7n5v1","time":1613780684,"event":{"mods":["2.2 Compatiblity","AchievementEnabler","BaseMod","Colored Map","Colored Powertips","Highlight Path","Minty Spire (QoL Compilation)","Rare Cards Sparkle","Relic Stats","Spicy Shops","StSLib"],"gold_per_floor":[109,125,200,200,29,60,60,60,60,75,90,17,17,42,42,118,118,135,149,149,0,14,14,14,46,73,33,33,44,44,57,57,132,132,150,150,165,165,18,18,18,18,18,28,28,28],"floor_reached":45,"language":"ENG","playtime":3684,"items_purged":[],"score":771,"play_id":"3cb2cb93-aa70-4a2e-bc84-7cfdedd8b519","local_time":"20210219192444","is_ascension_mode":true,"campfire_choices":[{"floor":7.0,"key":"REST"},{"floor":15.0,"key":"REST"},{"floor":23.0,"key":"REST"},{"floor":28.0,"key":"REST"},{"floor":30.0,"key":"REST"},{"floor":32.0,"key":"RECALL"},{"floor":40.0,"key":"REST"}],"circlet_count":0,"master_deck":["AscendersBane","Strike_B+1","Strike_B+1","Strike_B+1","Defend_B+1","Defend_B+1","Defend_B+1","Defend_B+1","Zap","Dualcast","Conserve Battery","White Noise","Sweeping Beam","Leap","Doom and Gloom","Thunder Strike","Static Discharge","BootSequence","Rainbow","Turbo","Ball Lightning","Hello World","Capacitor","White Noise","Shame","Lockon","Reinforced Body","Fusion+1","Seek","Storm","Normality","Madness","Loop","Heatsinks","Doom and Gloom","Doubt","Self Repair+1"],"relics":["Cracked Core","Nunchaku","Singing Bowl","Symbiotic Virus","MealTicket","TungstenRod","Cursed Key","Strange Spoon","Akabeko","Regal Pillow","Runic Pyramid","The Courier"],"acts_visited":["Exordium","TheCity","TheBeyond"],"potions_floor_usage":[],"damage_taken":[{"damage":9.0,"enemies":"2 Louse","floor":1.0,"turns":4.0},{"damage":0.0,"enemies":"Jaw Worm","floor":2.0,"turns":3.0},{"damage":15.0,"enemies":"Lagavulin","floor":6.0,"turns":8.0},{"damage":1.0,"enemies":"Cultist","floor":10.0,"turns":4.0},{"damage":9.0,"enemies":"Blue Slaver","floor":11.0,"turns":4.0},{"damage":16.0,"enemies":"Gremlin Nob","floor":14.0,"turns":3.0},{"damage":21.0,"enemies":"Slime Boss","floor":16.0,"turns":6.0},{"damage":0.0,"enemies":"Chosen","floor":18.0,"turns":6.0},{"damage":10.0,"enemies":"Spheric Guardian","floor":19.0,"turns":3.0},{"damage":17.0,"enemies":"Centurion and Healer","floor":22.0,"turns":6.0},{"damage":34.0,"enemies":"Slavers","floor":25.0,"turns":4.0},{"damage":38.0,"enemies":"3 Cultists","floor":29.0,"turns":4.0},{"damage":13.0,"enemies":"Snecko","floor":31.0,"turns":5.0},{"damage":38.0,"enemies":"Automaton","floor":33.0,"turns":9.0},{"damage":25.0,"enemies":"3 Darklings","floor":35.0,"turns":6.0},{"damage":3.0,"enemies":"3 Shapes","floor":37.0,"turns":3.0},{"damage":58.0,"enemies":"Spire Growth","floor":44.0,"turns":7.0},{"damage":0,"enemies":"3 Darklings","floor":45,"turns":1}],"seed_played":"52810805481104870","potions_obtained":[{"floor":1.0,"key":"Block Potion"},{"floor":6.0,"key":"BlessingOfTheForge"},{"floor":16.0,"key":"Energy Potion"},{"floor":22.0,"key":"FearPotion"},{"floor":29.0,"key":"EssenceOfSteel"},{"floor":44.0,"key":"Swift Potion"}],"is_trial":false,"path_per_floor":["M","M","?","?","$","E","R","?","T","M","M","$","?","E","R","B",null,"M","M","?","$","M","R","?","E","T","$","R","M","R","M","R","B",null,"M","T","M","?","$","R","$","?","T","M","M"],"character_chosen":"DEFECT","items_purchased":["Singing Bowl","Strength Potion","Static Discharge","Strange Spoon","Hello World","Lockon","Loop","Heatsinks","Doom and Gloom"],"campfire_rested":6,"item_purchase_floors":[5,5,12,21,21,27,39,39,39],"current_hp_per_floor":[62,62,51,18,18,3,26,26,26,25,16,31,57,41,64,43,69,69,59,59,74,57,78,78,46,46,61,80,42,80,67,67,29,67,42,42,41,32,47,82,82,82,82,24,24,24],"gold":28,"neow_bonus":"TEN_PERCENT_HP_BONUS","is_daily":false,"chose_seed":false,"campfire_upgraded":0,"win_rate":0.0,"timestamp":1613780684,"path_taken":["M","M","?","?","$","E","R","?","T","?","M","$","?","E","R","BOSS","M","M","?","$","M","R","?","E","T","$","R","M","R","M","R","BOSS","M","?","M","?","$","R","$","?","T","?","M"],"items_purchased_type":["Relic","Potion","Card","Relic","Card","Card","Card","Card","Card"],"build_version":"2020-12-22","purchased_purges":0,"victory":false,"max_hp_per_floor":[78,78,78,78,78,78,78,78,78,78,78,78,78,78,78,78,78,78,78,78,78,78,78,78,80,80,80,80,80,80,80,80,80,80,80,80,82,82,82,82,82,82,82,82,82,82],"relic_stats":{"Strange Spoon":[13],"Nunchaku":[10],"Regal Pillow":25,"Singing Bowl":4,"counters":[18,86],"MealTicket":60,"Cursed Key":3,"obtain_stats":[{"Strange Spoon":21,"Nunchaku":4,"Regal Pillow":26,"Singing Bowl":5,"MealTicket":9,"The Courier":36,"Cracked Core":0,"Symbiotic Virus":6,"Cursed Key":17,"TungstenRod":14,"Akabeko":25,"Runic Pyramid":34},{"Strange Spoon":9,"Nunchaku":2,"Regal Pillow":11,"Singing Bowl":2,"MealTicket":3,"The Courier":15,"Cracked Core":0,"Symbiotic Virus":3,"Cursed Key":7,"TungstenRod":6,"Akabeko":11,"Runic Pyramid":14},{"Strange Spoon":41,"Nunchaku":7,"Regal Pillow":51,"Singing Bowl":7,"MealTicket":15,"The Courier":75,"Cracked Core":0,"Symbiotic Virus":15,"Cursed Key":32,"TungstenRod":26,"Akabeko":51,"Runic Pyramid":69}],"TungstenRod":36},"card_choices":[{"not_picked":["Double Energy","Hologram"],"picked":"Conserve Battery","floor":1.0},{"not_picked":["Redo","Double Energy"],"picked":"White Noise","floor":2.0},{"not_picked":["Gash","Capacitor"],"picked":"Sweeping Beam","floor":6.0},{"not_picked":["Gash","BootSequence"],"picked":"Doom and Gloom","floor":10.0},{"not_picked":["Streamline","Conserve Battery"],"picked":"Thunder Strike","floor":11.0},{"not_picked":["Barrage","Rip and Tear"],"picked":"BootSequence","floor":14.0},{"not_picked":["Machine Learning","Fission"],"picked":"Rainbow","floor":16.0},{"not_picked":["Coolheaded","Conserve Battery+1"],"picked":"Turbo","floor":18.0},{"not_picked":["Leap","Steam"],"picked":"Ball Lightning","floor":19.0},{"not_picked":["Seek","Steam"],"picked":"Capacitor","floor":22.0},{"not_picked":["Leap","Barrage","Biased Cognition"],"picked":"Singing Bowl","floor":25.0},{"not_picked":["Steam","Leap"],"picked":"Reinforced Body","floor":29.0},{"not_picked":["Cold Snap","Sweeping Beam"],"picked":"Fusion+1","floor":31.0},{"not_picked":["Biased Cognition","Multi-Cast"],"picked":"Seek","floor":33.0},{"not_picked":["Turbo","Leap+1"],"picked":"Storm","floor":35.0},{"not_picked":["Fusion+1","Blizzard","Gash"],"picked":"Singing Bowl","floor":37.0},{"not_picked":["Recycle","Cold Snap+1"],"picked":"Self Repair+1","floor":44.0}],"player_experience":1216332,"relics_obtained":[{"floor":6.0,"key":"Symbiotic Virus"},{"floor":9.0,"key":"MealTicket"},{"floor":14.0,"key":"TungstenRod"},{"floor":25.0,"key":"Akabeko"},{"floor":26.0,"key":"Regal Pillow"},{"floor":36.0,"key":"The Courier"}],"event_choices":[{"damage_healed":0.0,"max_hp_gain":0.0,"max_hp_loss":0.0,"gold_gain":75.0,"event_name":"World of Goop","player_choice":"Gather Gold","floor":3.0,"gold_loss":0.0,"damage_taken":11.0},{"damage_healed":0.0,"max_hp_gain":0.0,"max_hp_loss":0.0,"gold_gain":0.0,"event_name":"Scrap Ooze","player_choice":"Success","floor":4.0,"gold_loss":0.0,"damage_taken":33.0,"relics_obtained":["Nunchaku"]},{"damage_healed":0.0,"max_hp_gain":0.0,"max_hp_loss":0.0,"gold_gain":0.0,"cards_transformed":["Strike_B"],"event_name":"Transmorgrifier","player_choice":"Transformed","floor":8.0,"gold_loss":0.0,"damage_taken":0.0,"cards_obtained":["Leap"]},{"damage_healed":26.0,"max_hp_gain":0.0,"max_hp_loss":0.0,"gold_gain":0.0,"event_name":"Big Fish","player_choice":"Banana","floor":13.0,"gold_loss":0.0,"damage_taken":0.0},{"damage_healed":0.0,"max_hp_gain":0.0,"max_hp_loss":0.0,"gold_gain":0.0,"event_name":"Back to Basics","player_choice":"Simplicity","floor":20.0,"gold_loss":0.0,"damage_taken":0.0,"cards_upgraded":["Strike_B","Strike_B","Strike_B","Defend_B","Defend_B","Defend_B","Defend_B"]},{"damage_healed":0.0,"max_hp_gain":0.0,"max_hp_loss":0.0,"gold_gain":0.0,"event_name":"Duplicator","player_choice":"Copied","floor":24.0,"gold_loss":0.0,"damage_taken":0.0,"cards_obtained":["White Noise"]},{"damage_healed":0.0,"max_hp_gain":0.0,"max_hp_loss":0.0,"gold_gain":0.0,"event_name":"Winding Halls","player_choice":"Embrace Madness","floor":38.0,"gold_loss":0.0,"damage_taken":10.0,"cards_obtained":["Madness","Madness"]},{"cards_removed":["Madness"],"damage_healed":0.0,"max_hp_gain":0.0,"max_hp_loss":0.0,"gold_gain":0.0,"event_name":"Falling","player_choice":"Removed Skill","floor":42.0,"gold_loss":0.0,"damage_taken":0.0}],"is_beta":false,"boss_relics":[{"not_picked":["Sozu","Ectoplasm"],"picked":"Cursed Key"},{"not_picked":["SacredBark","Runic Dome"],"picked":"Runic Pyramid"}],"items_purged_floors":[],"is_endless":false,"potions_floor_spawned":[1,6,16,22,29,44],"killed_by":"3 Darklings","ascension_level":14}}