{"host":"vumwfieg2b2mnrfl","time":1613787594,"event":{"mods":["AchievementEnabler","BaseMod","Minty Spire (QoL Compilation)","Rare Cards Sparkle","Relic Stats"],"gold_per_floor":[115,115,127,141,159,186,186,202,202,202,233,252,286,346,346,420,420,420,345,345,345,345,345,345],"floor_reached":23,"language":"ENG","playtime":784,"items_purged":[],"score":426,"play_id":"42157c56-93d6-47f9-a1c7-93d9c62a5a90","local_time":"20210219201954","is_ascension_mode":true,"campfire_choices":[{"data":"Armaments","floor":7,"key":"SMITH"},{"data":"Shrug It Off","floor":10,"key":"SMITH"},{"data":"Fire Breathing","floor":15,"key":"SMITH"}],"circlet_count":0,"master_deck":["AscendersBane","Strike_R","Strike_R","Strike_R","Defend_R","Defend_R","Defend_R","Defend_R","Bash","Twin Strike","Wild Strike","Pommel Strike","Armaments+1","Fire Breathing+1","Headbutt","Shrug It Off+1","Hemokinesis","Reckless Charge","Anger","Immolate","True Grit","RitualDagger","Evolve"],"relics":["Burning Blood","Sundial","Toy Ornithopter","Boot","Kunai","MealTicket","Ectoplasm"],"acts_visited":["Exordium","TheCity"],"potions_floor_usage":[11,13,16,16,21,22],"damage_taken":[{"damage":10,"enemies":"2 Louse","floor":1,"turns":2},{"damage":1,"enemies":"Cultist","floor":3,"turns":3},{"damage":0,"enemies":"Small Slimes","floor":4,"turns":2},{"damage":8,"enemies":"3 Louse","floor":5,"turns":4},{"damage":35,"enemies":"Lagavulin","floor":6,"turns":6},{"damage":23,"enemies":"Exordium Wildlife","floor":8,"turns":6},{"damage":5,"enemies":"3 Sentries","floor":11,"turns":5},{"damage":11,"enemies":"Red Slaver","floor":12,"turns":2},{"damage":8,"enemies":"Gremlin Nob","floor":13,"turns":3},{"damage":16,"enemies":"3 Sentries","floor":14,"turns":6},{"damage":37,"enemies":"Slime Boss","floor":16,"turns":7},{"damage":30,"enemies":"Shell Parasite","floor":18,"turns":5},{"damage":16,"enemies":"3 Byrds","floor":21,"turns":4},{"damage":4,"enemies":"Sentry and Sphere","floor":22,"turns":6},{"damage":46,"enemies":"Slavers","floor":23,"turns":2}],"seed_played":"2505548561830152166","potions_obtained":[{"floor":4,"key":"SkillPotion"},{"floor":6,"key":"Explosive Potion"},{"floor":11,"key":"PowerPotion"},{"floor":13,"key":"BlessingOfTheForge"},{"floor":14,"key":"Regen Potion"},{"floor":16,"key":"SkillPotion"},{"floor":21,"key":"LiquidMemories"},{"floor":22,"key":"Energy Potion"}],"is_trial":false,"path_per_floor":["M","?","M","M","M","E","R","M","T","R","E","M","E","?","R","B",null,"M","?","?","M","M","E"],"character_chosen":"IRONCLAD","items_purchased":[],"campfire_rested":0,"item_purchase_floors":[],"current_hp_per_floor":[71,71,76,82,80,51,51,34,34,34,40,35,38,28,28,22,67,43,43,37,32,39,0,0],"gold":345,"neow_bonus":"TEN_PERCENT_HP_BONUS","is_daily":false,"chose_seed":false,"campfire_upgraded":3,"win_rate":0.0,"timestamp":1613787594,"path_taken":["M","?","M","?","M","E","R","M","T","R","E","M","E","?","R","BOSS","M","?","?","M","M","E"],"items_purchased_type":[],"build_version":"2020-12-22","purchased_purges":0,"victory":false,"max_hp_per_floor":[82,82,82,82,82,82,82,82,82,82,82,82,82,82,82,82,82,82,82,82,82,82,82,82],"relic_stats":{"counters":[15,63],"Sundial":[4],"MealTicket":0,"Ectoplasm":36,"Kunai":[10],"Boot":[20],"obtain_stats":[{"Sundial":6,"MealTicket":14,"Ectoplasm":17,"Kunai":13,"Boot":11,"Burning Blood":0,"Toy Ornithopter":9},{"Sundial":5,"MealTicket":10,"Ectoplasm":11,"Kunai":9,"Boot":7,"Burning Blood":0,"Toy Ornithopter":6},{"Sundial":17,"MealTicket":39,"Ectoplasm":46,"Kunai":33,"Boot":28,"Burning Blood":0,"Toy Ornithopter":23}],"Burning Blood":84,"Toy Ornithopter":30},"card_choices":[{"not_picked":["Wild Strike","Pommel Strike"],"picked":"Twin Strike","floor":1},{"not_picked":["Perfected Strike","Warcry"],"picked":"Pommel Strike","floor":3},{"not_picked":["Evolve","Cleave"],"picked":"Armaments","floor":4},{"not_picked":["Fiend Fire","Headbutt"],"picked":"Fire Breathing","floor":5},{"not_picked":["Dark Embrace","Disarm"],"picked":"Headbutt","floor":6},{"not_picked":["Pommel Strike","Cleave"],"picked":"Shrug It Off","floor":8},{"not_picked":["Disarm","Intimidate"],"picked":"Hemokinesis","floor":11},{"not_picked":["Bloodletting","Sword Boomerang","Clash"],"picked":"SKIP","floor":12},{"not_picked":["Berserk","Headbutt"],"picked":"Reckless Charge","floor":13},{"not_picked":["Havoc","Blood for Blood"],"picked":"Anger","floor":14},{"not_picked":["Double Tap","Fiend Fire"],"picked":"Immolate","floor":16},{"not_picked":["Ghostly Armor","Perfected Strike"],"picked":"True Grit","floor":18},{"not_picked":["Reckless Charge","Whirlwind"],"picked":"Evolve","floor":21},{"not_picked":["Combust+1","Flex","Twin Strike"],"picked":"SKIP","floor":22}],"player_experience":571673,"relics_obtained":[{"floor":6,"key":"Sundial"},{"floor":9,"key":"Toy Ornithopter"},{"floor":11,"key":"Boot"},{"floor":13,"key":"Kunai"},{"floor":14,"key":"MealTicket"}],"event_choices":[{"damage_healed":0,"gold_gain":0,"cards_transformed":["Strike_R"],"player_choice":"Transformed","damage_taken":0,"max_hp_gain":0,"max_hp_loss":0,"event_name":"Transmorgrifier","floor":2,"gold_loss":0,"cards_obtained":["Wild Strike"]},{"damage_healed":0,"gold_gain":0,"player_choice":"Searched \u00271\u0027 times","damage_taken":0,"max_hp_gain":0,"max_hp_loss":0,"event_name":"Dead Adventurer","floor":14,"gold_loss":0},{"cards_removed":["Strike_R"],"damage_healed":0,"gold_gain":0,"player_choice":"Gave Gold","damage_taken":0,"max_hp_gain":0,"max_hp_loss":0,"event_name":"Beggar","floor":19,"gold_loss":75},{"damage_healed":0,"gold_gain":0,"player_choice":"Joined the Cult","damage_taken":6,"max_hp_gain":0,"max_hp_loss":0,"event_name":"Nest","floor":20,"gold_loss":0,"cards_obtained":["RitualDagger"]}],"is_beta":false,"boss_relics":[{"not_picked":["Tiny House","Busted Crown"],"picked":"Ectoplasm"}],"items_purged_floors":[],"is_endless":false,"potions_floor_spawned":[4,6,11,12,13,14,16,21,22],"killed_by":"Slavers","ascension_level":20}}