{"host":"3c8ytfy490czj03c","time":1613813972,"event":{"mods":["BaseMod","Downfall","Minty Spire (QoL Compilation)","StSLib"],"gold_per_floor":[115,40,40,58,58,70,70,70,94,108,133,169,169,16,16,145,145,161,199,74,95,95,95,114,129,129,129,129,152,193,43,43,43,43],"floor_reached":33,"language":"ENG","playtime":1454,"items_purged":["Defend_P","Strike_P","Strike_P","Defend_P"],"score":315,"play_id":"8ddd00f8-b776-442e-a2a2-b5acc2ff8308","local_time":"20210220013932","is_ascension_mode":false,"campfire_choices":[{"floor":8.0,"key":"REST"},{"floor":13.0,"key":"REST"},{"floor":15.0,"key":"REST"},{"floor":23,"key":"REST"},{"floor":32,"key":"REST"}],"circlet_count":0,"master_deck":["Strike_P","Defend_P","Defend_P","Eruption","Vigilance","FlurryOfBlows","Iron Wave","WindmillStrike","FlurryOfBlows","Vengeance","Scrawl","FlyingSleeves","FollowUp","Judgement","Consecrate","FlurryOfBlows","Consecrate+1","EmptyFist"],"relics":["PureWater","Golden Idol","Happy Flower","Pen Nib","SlaversCollar","Red Mask","MutagenicStrength","Pocketwatch","Anchor"],"acts_visited":["TheCity"],"potions_floor_usage":[18,24,30,30],"damage_taken":[{"damage":15.0,"enemies":"Jaw Worm","floor":1.0,"turns":3.0},{"damage":0.0,"enemies":"Cultist","floor":4.0,"turns":2.0},{"damage":0.0,"enemies":"2 Louse","floor":6.0,"turns":2.0},{"damage":6.0,"enemies":"Exordium Wildlife","floor":10.0,"turns":4.0},{"damage":4.0,"enemies":"Exordium Thugs","floor":11.0,"turns":3.0},{"damage":45.0,"enemies":"Gremlin Nob","floor":12.0,"turns":4.0},{"damage":0.0,"enemies":"Slime Boss","floor":16.0,"turns":4.0},{"damage":26,"enemies":"2 Thieves","floor":18,"turns":3},{"damage":18,"enemies":"Masked Bandits","floor":19,"turns":3},{"damage":2,"enemies":"Shell Parasite","floor":21,"turns":2},{"damage":7,"enemies":"Snake Plant","floor":24,"turns":2},{"damage":34,"enemies":"Shelled Parasite and Fungi","floor":25,"turns":4},{"damage":0,"enemies":"Chosen and Byrds","floor":29,"turns":3},{"damage":9,"enemies":"Slavers","floor":30,"turns":4},{"damage":32,"enemies":"Champ","floor":33,"turns":6}],"seed_played":"-8971209347788162285","potions_obtained":[{"floor":4.0,"key":"AttackPotion"},{"floor":6.0,"key":"Dexterity Potion"},{"floor":12.0,"key":"LiquidBronze"},{"floor":19,"key":"Strength Potion"},{"floor":21,"key":"FearPotion"},{"floor":30,"key":"Explosive Potion"}],"is_trial":false,"path_per_floor":["M","$","?","M","$","M","?","R","T","M","M","E","R","$","R","B",null,"M","?","$","M","?","R","M","M","T","$","T","M","E","$","R","B"],"character_chosen":"WATCHER","items_purchased":["FollowUp"],"campfire_rested":5,"item_purchase_floors":[14],"current_hp_per_floor":[64,64,64,64,64,64,45,68,68,62,58,13,36,36,59,59,79,53,35,35,33,33,56,49,15,15,15,15,15,6,6,29,0,0],"gold":43,"neow_bonus":"TEN_PERCENT_HP_BONUS","is_daily":false,"chose_seed":false,"campfire_upgraded":0,"win_rate":0.0,"timestamp":1613813972,"path_taken":["M","$","?","?","?","M","?","R","T","M","M","E","R","$","R","BOSS","M","?","$","M","?","R","M","M","T","$","?","?","E","$","R","BOSS"],"items_purchased_type":["Card"],"build_version":"2020-12-22","purchased_purges":4,"victory":false,"max_hp_per_floor":[79,79,79,79,79,79,79,79,79,79,79,79,79,79,79,79,79,79,79,79,79,79,79,79,79,79,79,79,79,79,79,79,79,79],"card_choices":[{"not_picked":["SashWhip","DeceiveReality"],"picked":"FlurryOfBlows","floor":1.0},{"not_picked":["ReachHeaven","Prostrate"],"picked":"WindmillStrike","floor":4.0},{"not_picked":["Study","Consecrate"],"picked":"FlurryOfBlows","floor":6.0},{"not_picked":["PathToVictory","Collect"],"picked":"Vengeance","floor":10.0},{"not_picked":["Halt","Prostrate"],"picked":"Scrawl","floor":11.0},{"not_picked":["JustLucky","CutThroughFate"],"picked":"FlyingSleeves","floor":12.0},{"not_picked":["Ragnarok","Scrawl"],"picked":"Judgement","floor":16.0},{"not_picked":["CutThroughFate","ThirdEye","Halt"],"picked":"SKIP","floor":18},{"not_picked":["Protect","SashWhip"],"picked":"Consecrate","floor":19},{"not_picked":["Nirvana","JustLucky"],"picked":"FlurryOfBlows","floor":21},{"not_picked":["PathToVictory+1","SashWhip","Collect"],"picked":"SKIP","floor":24},{"not_picked":["DeceiveReality","Weave","Indignation"],"picked":"SKIP","floor":25},{"not_picked":["Evaluate+1","FlyingSleeves"],"picked":"Consecrate+1","floor":29},{"not_picked":["Weave","ConjureBlade"],"picked":"EmptyFist","floor":30}],"player_experience":192167,"relics_obtained":[{"floor":9.0,"key":"Happy Flower"},{"floor":12.0,"key":"Pen Nib"},{"floor":19,"key":"Red Mask"},{"floor":28,"key":"Pocketwatch"},{"floor":30,"key":"Anchor"}],"event_choices":[{"cards_removed":["Strike_P"],"damage_healed":0.0,"max_hp_gain":0.0,"max_hp_loss":0.0,"gold_gain":0.0,"event_name":"NoteForYourself","player_choice":"Took Card","floor":3.0,"gold_loss":0.0,"damage_taken":0.0,"cards_obtained":["Iron Wave"]},{"damage_healed":0.0,"max_hp_gain":0.0,"max_hp_loss":0.0,"gold_gain":0.0,"event_name":"Golden Idol","player_choice":"Take Damage","floor":7.0,"gold_loss":0.0,"damage_taken":19.0,"relics_obtained":["Golden Idol"]},{"damage_healed":0,"gold_gain":0,"player_choice":"Fought Bandits","damage_taken":0,"max_hp_gain":0,"max_hp_loss":0,"event_name":"Masked Bandits","floor":19,"gold_loss":0},{"damage_healed":0,"gold_gain":0,"player_choice":"Inject Mutagens","damage_taken":0,"relics_obtained":["MutagenicStrength"],"max_hp_gain":0,"max_hp_loss":0,"event_name":"Drug Dealer","floor":22,"gold_loss":0}],"is_beta":false,"boss_relics":[{"not_picked":["VioletLotus","Snecko Eye"],"picked":"SlaversCollar"}],"items_purged_floors":[2,14,20,31],"is_endless":false,"potions_floor_spawned":[4,6,12,19,21,30],"killed_by":"Champ","ascension_level":0}}