{"host":"mlerl2sxhcwd6xvy","time":1613863000,"event":{"mods":["BaseMod","Minty Spire (QoL Compilation)","StSLib","The Runesmith"],"gold_per_floor":[114,133,147,147,158,190,190,225,262,449,411,423,446,458,470,581,593,620,632,632],"floor_reached":19,"language":"ENG","playtime":1658,"items_purged":[],"score":186,"play_id":"780f7ea7-fbe4-46cf-9cfd-c557d1eb8967","local_time":"20210220181640","is_ascension_mode":true,"campfire_choices":[{"data":"Consume","floor":15,"key":"SMITH"}],"circlet_count":0,"master_deck":["Zap","Dualcast","Chrysalis","Conserve Battery","Consume+1","Hologram+1","Coolheaded","Machine Learning","Redo","Cold Snap","Parasite","Meteor Strike","Chill","Fusion","Coolheaded","Chill","Thunder Strike","Loop","Loop","Blizzard","Ball Lightning"],"relics":["Cracked Core","Toy Ornithopter","MawBank","Juzu Bracelet","Nunchaku","Pandora\u0027s Box"],"acts_visited":["Exordium","TheCity"],"potions_floor_usage":[8,8,16],"damage_taken":[{"damage":3,"enemies":"Small Slimes","floor":1,"turns":4},{"damage":6,"enemies":"Jaw Worm","floor":2,"turns":3},{"damage":6,"enemies":"2 Louse","floor":3,"turns":2},{"damage":7,"enemies":"Exordium Wildlife","floor":5,"turns":4},{"damage":14,"enemies":"Lagavulin","floor":6,"turns":8},{"damage":14,"enemies":"3 Sentries","floor":8,"turns":10},{"damage":2,"enemies":"Blue Slaver","floor":13,"turns":4},{"damage":36,"enemies":"The Guardian","floor":16,"turns":15},{"damage":15,"enemies":"Chosen","floor":18,"turns":9},{"damage":1,"enemies":"3 Byrds","floor":19,"turns":4}],"seed_played":"1813628302792736630","potions_obtained":[{"floor":2,"key":"SneckoOil"},{"floor":3,"key":"Fire Potion"},{"floor":5,"key":"Energy Potion"},{"floor":8,"key":"SteroidPotion"},{"floor":16,"key":"ColorlessPotion"},{"floor":18,"key":"PowerPotion"}],"is_trial":false,"path_per_floor":["M","M","M","?","M","E","?","E","T","?","?","?","M","?","R","B",null,"M","M"],"character_chosen":"DEFECT","items_purchased":[],"campfire_rested":0,"item_purchase_floors":[],"current_hp_per_floor":[65,59,53,53,46,32,54,50,50,50,50,25,23,40,40,9,68,53,52,52],"gold":632,"neow_bonus":"RANDOM_COLORLESS_2","is_daily":false,"chose_seed":false,"campfire_upgraded":1,"win_rate":0.0,"timestamp":1613863000,"path_taken":["M","M","M","?","M","E","?","E","T","?","?","?","M","?","R","BOSS","M","M"],"items_purchased_type":[],"build_version":"2020-12-22","purchased_purges":0,"victory":false,"max_hp_per_floor":[68,68,68,68,68,68,68,68,68,68,68,68,68,68,68,68,68,68,68,68],"card_choices":[{"not_picked":["Sadistic Nature","Thinking Ahead"],"picked":"Chrysalis","floor":0},{"not_picked":["Scrape","Static Discharge"],"picked":"Conserve Battery","floor":1},{"not_picked":["Stack","Auto Shields"],"picked":"Consume","floor":2},{"not_picked":["Beam Cell","Gash"],"picked":"Hologram","floor":3},{"not_picked":["Streamline","Steam"],"picked":"Coolheaded","floor":5},{"not_picked":["Double Energy","Hello World"],"picked":"Machine Learning","floor":6},{"not_picked":["Coolheaded","Stack"],"picked":"Redo","floor":8},{"not_picked":["Aggregate","Turbo"],"picked":"Cold Snap","floor":13},{"not_picked":["Machine Learning","Fission"],"picked":"Meteor Strike","floor":16},{"not_picked":["Streamline","Beam Cell+1"],"picked":"Ball Lightning","floor":18}],"player_experience":204826,"relics_obtained":[{"floor":6,"key":"Toy Ornithopter"},{"floor":8,"key":"MawBank"},{"floor":9,"key":"Juzu Bracelet"}],"event_choices":[{"damage_healed":0,"gold_gain":0,"player_choice":"Grow","damage_taken":0,"max_hp_gain":0,"max_hp_loss":0,"event_name":"Living Wall","floor":4,"gold_loss":0,"cards_upgraded":["Hologram"]},{"damage_healed":22,"gold_gain":0,"player_choice":"Banana","damage_taken":0,"max_hp_gain":0,"max_hp_loss":0,"event_name":"Big Fish","floor":7,"gold_loss":0},{"damage_healed":0,"gold_gain":175,"player_choice":"AGREE","damage_taken":0,"max_hp_gain":0,"max_hp_loss":0,"event_name":"Liars Game","floor":10,"gold_loss":0,"cards_obtained":["Doubt"]},{"cards_removed":["Doubt"],"damage_healed":0,"gold_gain":0,"player_choice":"Card Removal","damage_taken":0,"max_hp_gain":0,"max_hp_loss":0,"event_name":"The Cleric","floor":11,"gold_loss":50},{"damage_healed":0,"gold_gain":0,"player_choice":"Success","damage_taken":25,"relics_obtained":["Nunchaku"],"max_hp_gain":0,"max_hp_loss":0,"event_name":"Scrap Ooze","floor":12,"gold_loss":0},{"damage_healed":17,"gold_gain":0,"player_choice":"Healed and dodged fight","damage_taken":0,"max_hp_gain":0,"max_hp_loss":0,"event_name":"Mushrooms","floor":14,"gold_loss":0,"cards_obtained":["Parasite"]}],"is_beta":false,"boss_relics":[{"not_picked":["Runic Pyramid","Black Star"],"picked":"Pandora\u0027s Box"}],"items_purged_floors":[],"is_endless":false,"potions_floor_spawned":[2,3,5,8,16,18],"killed_by":"3 Byrds","ascension_level":1}}