{"host":"qc1sjgtdjonvdsd8","time":1613789887,"event":{"mods":["BaseMod","Colored Map","Colored Powertips","Curses Come First","Minty Spire (QoL Compilation)","Replay The Spire","StSLib"],"gold_per_floor":[117,117,136,136,148,148,160,191,191,207,234,234,259,271,271,367,367,381,381,381],"floor_reached":19,"language":"ENG","playtime":1524,"items_purged":[],"score":217,"play_id":"e67d6cb8-2aaa-428d-a177-8a40a05dee7a","local_time":"20210219185807","is_ascension_mode":true,"campfire_choices":[{"data":"Ragnarok","floor":6,"key":"SMITH"},{"floor":12,"key":"REST"},{"floor":15,"key":"REST"}],"circlet_count":0,"master_deck":["Strike_P","Strike_P","Strike_P","Defend_P","Defend_P","Defend_P","Defend_P","Eruption","Vigilance","Prostrate","EmptyMind","Crescendo","Ragnarok+1","EmptyMind","Halt","ClearTheMind","Adaptation","Replay:ManipulateFuture","Vengeance","Establishment","CutThroughFate"],"relics":["PureWater","NeowsBlessing","Toy Ornithopter","Replay:Bottled Flurry","GoldenEye","Bird Faced Urn","SlaversCollar"],"acts_visited":["Exordium","TheCity"],"potions_floor_usage":[8,8,16,16],"damage_taken":[{"damage":0,"enemies":"Jaw Worm","floor":1,"turns":1},{"damage":0,"enemies":"Small Slimes","floor":3,"turns":1},{"damage":0,"enemies":"Cultist","floor":5,"turns":1},{"damage":4,"enemies":"3 Louse","floor":7,"turns":3},{"damage":8,"enemies":"3 Sentries","floor":8,"turns":4},{"damage":22,"enemies":"Exordium Wildlife","floor":10,"turns":9},{"damage":12,"enemies":"Lagavulin","floor":11,"turns":7},{"damage":2,"enemies":"Gremlin Nob","floor":13,"turns":3},{"damage":7,"enemies":"Large Slime","floor":14,"turns":2},{"damage":33,"enemies":"Hexaghost","floor":16,"turns":6},{"damage":69,"enemies":"3 Byrds","floor":18,"turns":5},{"damage":0,"enemies":"2 Thieves","floor":19,"turns":1}],"seed_played":"-2737746483229622080","potions_obtained":[{"floor":3,"key":"BottledMiracle"},{"floor":5,"key":"GamblersBrew"},{"floor":8,"key":"Milkshake"},{"floor":13,"key":"LiquidBronze"},{"floor":16,"key":"Ancient Potion"}],"is_trial":false,"path_per_floor":["M","?","M","?","M","R","M","E","T","M","E","R","E","M","R","B",null,"M","M"],"character_chosen":"WATCHER","items_purchased":[],"campfire_rested":2,"item_purchase_floors":[],"current_hp_per_floor":[72,72,72,72,72,72,68,60,60,38,26,47,45,38,59,38,72,3,3,3],"gold":381,"neow_bonus":"THREE_ENEMY_KILL","is_daily":false,"chose_seed":false,"campfire_upgraded":1,"win_rate":0.0,"timestamp":1613789887,"path_taken":["M","?","M","?","?","R","M","E","T","M","E","R","E","M","R","BOSS","M","M"],"items_purchased_type":[],"build_version":"2020-12-22","purchased_purges":0,"victory":false,"max_hp_per_floor":[72,72,72,72,72,72,72,72,72,72,72,72,72,72,72,72,72,72,72,72],"card_choices":[{"not_picked":["Halt","Evaluate"],"picked":"Prostrate","floor":1},{"not_picked":["EmptyMind","EmptyBody"],"picked":"Crescendo","floor":3},{"not_picked":["JustLucky","MentalFortress"],"picked":"Halt","floor":5},{"not_picked":["JustLucky","Prostrate"],"picked":"ClearTheMind","floor":7},{"not_picked":["FollowUp","Consecrate"],"picked":"Adaptation","floor":8},{"not_picked":["Replay:ManipulateFuture","EmptyMind","Worship"],"picked":"SKIP","floor":10},{"not_picked":["FlyingSleeves","ForeignInfluence"],"picked":"Replay:ManipulateFuture","floor":11},{"not_picked":["FollowUp","SpiritShield"],"picked":"Vengeance","floor":13},{"not_picked":["ThirdEye","Perseverance","Replay:AtTheReady"],"picked":"SKIP","floor":14},{"not_picked":["SpiritShield","ConjureBlade"],"picked":"Establishment","floor":16},{"not_picked":["Crescendo+1","EmptyBody"],"picked":"CutThroughFate","floor":18}],"player_experience":307451,"relics_obtained":[{"floor":8,"key":"Toy Ornithopter"},{"floor":9,"key":"Replay:Bottled Flurry"},{"floor":11,"key":"GoldenEye"},{"floor":13,"key":"Bird Faced Urn"}],"event_choices":[{"damage_healed":0,"gold_gain":0,"cards_transformed":["Strike_P"],"player_choice":"Change","damage_taken":0,"max_hp_gain":0,"max_hp_loss":0,"event_name":"Living Wall","floor":2,"gold_loss":0,"cards_obtained":["EmptyMind"]},{"damage_healed":0,"gold_gain":0,"player_choice":"2 cards matched","damage_taken":0,"max_hp_gain":0,"max_hp_loss":0,"event_name":"Match and Keep!","floor":4,"gold_loss":0,"cards_obtained":["Ragnarok","EmptyMind"]}],"is_beta":false,"boss_relics":[{"not_picked":["Kintsugi","Sozu"],"picked":"SlaversCollar"}],"items_purged_floors":[],"is_endless":false,"potions_floor_spawned":[3,5,8,13,16],"killed_by":"2 Thieves","ascension_level":3}}