{"host":"2brg86hfzr3u5cix","time":1613815021,"event":{"mods":["AchievementEnabler","Ascension Unlocker","BaseMod","CapriCore","DeckTracker","Highlight Path","Keyboard Shortcuts","Minty Spire (QoL Compilation)","Permanent Neow","Relic Stats","StSLib","Twitch Utils","Uncapped","UnlockEverythingMod"],"gold_per_floor":[114,132,57,76,87,87,120,120,190,216,9,39,97,116,116,194,194,213,213,19,69,81,6,6,33,33,46,46,46,64,64,64,142,142,161,185,210,210,8,40,40,58,110,128,128,148,148,181,181,181,181],"floor_reached":50,"language":"KOR","playtime":1586,"items_purged":["Defend_P","Strike_P","Judgement"],"score":1222,"play_id":"fc7629c6-18d7-4ff6-b8a0-75f1db42d51f","local_time":"20210220185701","is_ascension_mode":true,"campfire_choices":[{"data":"Eruption","floor":6.0,"key":"SMITH"},{"floor":15.0,"key":"REST"},{"floor":24.0,"key":"RECALL"},{"data":"Vault","floor":28.0,"key":"SMITH"},{"data":"Madness","floor":32.0,"key":"SMITH"},{"floor":41.0,"key":"REST"},{"floor":47.0,"key":"REST"},{"floor":49.0,"key":"REST"}],"circlet_count":0,"master_deck":["AscendersBane","Strike_P+1","Strike_P+1","Defend_P+1","Defend_P+1","Eruption+1","Vigilance+1","LessonLearned+1","EmptyFist","Tantrum","BowlingBash+1","EmptyBody+1","CrushJoints+1","MentalFortress+1","Protect+1","CutThroughFate+1","Vault+1","BattleHymn+1","Panacea+1","Bloodletting+1","Madness+1","Seek+1","DeusExMachina+1","Phantasmal Killer+1","Good Instincts+1","Halt+1","Dramatic Entrance","Bandage Up","Inflame","Pommel Strike"],"relics":["HolyWater","Lizard Tail","Sundial","Anchor","Membership Card","InkBottle","Mummified Hand","PrismaticShard","Art of War","Fusion Hammer","Vajra","Unceasing Top","TeardropLocket","Potion Belt","Toy Ornithopter","Bag of Marbles"],"acts_visited":["Exordium","TheCity","TheBeyond"],"potions_floor_usage":[],"damage_taken":[{"damage":0.0,"enemies":"Small Slimes","floor":1.0,"turns":2.0},{"damage":0.0,"enemies":"2 Louse","floor":2.0,"turns":3.0},{"damage":0.0,"enemies":"Cultist","floor":4.0,"turns":2.0},{"damage":2.0,"enemies":"2 Fungi Beasts","floor":5.0,"turns":2.0},{"damage":32.0,"enemies":"3 Sentries","floor":7.0,"turns":3.0},{"damage":0.0,"enemies":"Lagavulin","floor":10.0,"turns":2.0},{"damage":2.0,"enemies":"3 Sentries","floor":12.0,"turns":4.0},{"damage":18.0,"enemies":"Gremlin Nob","floor":13.0,"turns":3.0},{"damage":0.0,"enemies":"Large Slime","floor":14.0,"turns":5.0},{"damage":0.0,"enemies":"Slime Boss","floor":16.0,"turns":5.0},{"damage":1.0,"enemies":"2 Thieves","floor":18.0,"turns":3.0},{"damage":0.0,"enemies":"Chosen","floor":22.0,"turns":2.0},{"damage":2.0,"enemies":"Slavers","floor":25.0,"turns":4.0},{"damage":6.0,"enemies":"Snake Plant","floor":27.0,"turns":4.0},{"damage":3.0,"enemies":"Centurion and Healer","floor":30.0,"turns":4.0},{"damage":41.0,"enemies":"Automaton","floor":33.0,"turns":9.0},{"damage":0.0,"enemies":"Orb Walker","floor":35.0,"turns":3.0},{"damage":30.0,"enemies":"Mind Bloom Boss Battle","floor":37.0,"turns":4.0},{"damage":17.0,"enemies":"Reptomancer","floor":40.0,"turns":4.0},{"damage":2.0,"enemies":"3 Shapes","floor":42.0,"turns":4.0},{"damage":30.0,"enemies":"Jaw Worm Horde","floor":44.0,"turns":5.0},{"damage":4.0,"enemies":"Sphere and 2 Shapes","floor":46.0,"turns":2.0},{"damage":26.0,"enemies":"Giant Head","floor":48.0,"turns":6.0},{"damage":72,"enemies":"Awakened One","floor":50,"turns":5}],"seed_played":"-5773294728775669885","potions_obtained":[{"floor":1.0,"key":"Strength Potion"},{"floor":5.0,"key":"Strength Potion"},{"floor":12.0,"key":"Swift Potion"},{"floor":14.0,"key":"Energy Potion"},{"floor":16.0,"key":"StancePotion"},{"floor":22.0,"key":"Dexterity Potion"},{"floor":33.0,"key":"Swift Potion"},{"floor":35.0,"key":"Weak Potion"},{"floor":37.0,"key":"BlessingOfTheForge"},{"floor":44.0,"key":"DuplicationPotion"},{"floor":46.0,"key":"Block Potion"}],"is_trial":false,"path_per_floor":["M","M","$","M","M","R","E","?","T","E","$","E","?","M","R","B",null,"M","?","$","?","M","?","R","E","T","M","R","?","M","?","R","B",null,"M","T","?","?","$","E","R","M","T","M","?","M","R","E","R","B"],"character_chosen":"WATCHER","items_purchased":["Membership Card","PrismaticShard","Panacea","TeardropLocket","Ambrosia"],"campfire_rested":4,"item_purchase_floors":[11,20,20,39,39],"current_hp_per_floor":[61,61,61,61,59,59,27,27,27,27,27,25,7,7,27,27,58,57,57,57,57,57,57,57,55,55,49,49,49,46,46,46,5,52,52,52,22,22,22,5,25,23,23,34,34,35,55,38,58,0,0],"gold":181,"neow_bonus":"TRANSFORM_CARD","is_daily":false,"chose_seed":false,"campfire_upgraded":3,"win_rate":0.0,"timestamp":1613815021,"path_taken":["M","M","$","M","M","R","E","?","T","E","$","E","?","M","R","BOSS","M","?","$","?","M","?","R","E","T","M","R","?","M","?","R","BOSS","M","?","?","?","$","E","R","?","T","M","?","M","R","E","R","BOSS"],"items_purchased_type":["Relic","Relic","Card","Relic","Potion"],"build_version":"2020-12-22","purchased_purges":3,"victory":false,"max_hp_per_floor":[68,68,68,68,68,68,68,68,68,68,68,68,68,68,68,68,68,68,68,68,68,68,68,68,68,68,68,68,68,68,68,68,68,68,68,68,68,68,68,68,68,68,68,68,68,68,68,68,68,68,68],"relic_stats":{"Lizard Tail":34,"counters":[24,90],"Sundial":[6],"Mummified Hand":[29],"Art of War":[4],"obtain_stats":[{"Potion Belt":40,"Vajra":36,"TeardropLocket":39,"PrismaticShard":20,"Lizard Tail":7,"Anchor":10,"Sundial":9,"Mummified Hand":13,"HolyWater":17,"Fusion Hammer":34,"Art of War":25,"Bag of Marbles":48,"Membership Card":11,"PureWater":0,"InkBottle":12,"Unceasing Top":37,"Toy Ornithopter":43},{"Potion Belt":19,"Vajra":17,"TeardropLocket":18,"PrismaticShard":11,"Lizard Tail":5,"Anchor":6,"Sundial":5,"Mummified Hand":8,"HolyWater":10,"Fusion Hammer":16,"Art of War":13,"Bag of Marbles":23,"Membership Card":6,"PureWater":0,"InkBottle":7,"Unceasing Top":18,"Toy Ornithopter":20},{"Potion Belt":68,"Vajra":60,"TeardropLocket":64,"PrismaticShard":34,"Lizard Tail":12,"Anchor":14,"Sundial":12,"Mummified Hand":21,"HolyWater":31,"Fusion Hammer":57,"Art of War":40,"Bag of Marbles":85,"Membership Card":14,"PureWater":0,"InkBottle":18,"Unceasing Top":64,"Toy Ornithopter":72}],"InkBottle":[35],"Unceasing Top":[2],"Toy Ornithopter":10},"card_choices":[{"not_picked":["WaveOfTheHand","CutThroughFate"],"picked":"EmptyFist","floor":1.0},{"not_picked":["Weave","Protect"],"picked":"Tantrum","floor":2.0},{"not_picked":["DeceiveReality","WheelKick"],"picked":"BowlingBash","floor":4.0},{"not_picked":["JustLucky","Brilliance"],"picked":"EmptyBody","floor":5.0},{"not_picked":["PathToVictory","CarveReality"],"picked":"CrushJoints","floor":7.0},{"not_picked":["Halt","WheelKick"],"picked":"MentalFortress","floor":10.0},{"not_picked":["InnerPeace","ThirdEye"],"picked":"Judgement","floor":12.0},{"not_picked":["CrushJoints","FlurryOfBlows"],"picked":"Protect","floor":13.0},{"not_picked":["CarveReality","Wallop"],"picked":"CutThroughFate","floor":14.0},{"not_picked":["Judgement","Alpha"],"picked":"Vault","floor":16.0},{"not_picked":["FlurryOfBlows","FollowUp"],"picked":"BattleHymn","floor":18.0},{"not_picked":["ThirdEye","Second Wind"],"picked":"Bloodletting","floor":22.0},{"not_picked":["Mind Blast","Underhanded Strike","Catalyst"],"picked":"SKIP","floor":25.0},{"not_picked":["FollowUp","Body Slam"],"picked":"Madness","floor":27.0},{"not_picked":["BowlingBash+1","PathToVictory"],"picked":"Seek","floor":30.0},{"not_picked":["Judgement","Die Die Die"],"picked":"Phantasmal Killer","floor":33.0},{"not_picked":["Halt","Setup+1"],"picked":"Good Instincts+1","floor":35.0},{"not_picked":["Tactician","Shockwave+1"],"picked":"Halt+1","floor":37.0},{"not_picked":["Turbo+1","Storm+1","Heavy Blade"],"picked":"SKIP","floor":40.0},{"not_picked":["Armaments","BattleHymn"],"picked":"Dramatic Entrance","floor":42.0},{"not_picked":["ClearTheMind","Recycle","Accuracy"],"picked":"SKIP","floor":44.0},{"not_picked":["Magnetism","Dramatic Entrance"],"picked":"Bandage Up","floor":45.0},{"not_picked":["Body Slam","Dodge and Roll"],"picked":"Inflame","floor":46.0},{"not_picked":["Catalyst","Grand Finale"],"picked":"Pommel Strike","floor":48.0}],"player_experience":363697,"relics_obtained":[{"floor":7.0,"key":"Lizard Tail"},{"floor":9.0,"key":"Sundial"},{"floor":10.0,"key":"Anchor"},{"floor":12.0,"key":"InkBottle"},{"floor":13.0,"key":"Mummified Hand"},{"floor":25.0,"key":"Art of War"},{"floor":36.0,"key":"Vajra"},{"floor":37.0,"key":"Unceasing Top"},{"floor":40.0,"key":"Potion Belt"},{"floor":43.0,"key":"Toy Ornithopter"},{"floor":48.0,"key":"Bag of Marbles"}],"event_choices":[{"damage_healed":0.0,"max_hp_gain":0.0,"max_hp_loss":0.0,"gold_gain":0.0,"event_name":"Scrap Ooze","player_choice":"Fled","floor":8.0,"gold_loss":0.0,"damage_taken":0.0},{"damage_healed":0.0,"max_hp_gain":0.0,"max_hp_loss":0.0,"gold_gain":0.0,"event_name":"Dead Adventurer","player_choice":"Searched \u00271\u0027 times","floor":13.0,"gold_loss":0.0,"damage_taken":0.0},{"damage_healed":0.0,"max_hp_gain":0.0,"max_hp_loss":0.0,"gold_gain":0.0,"event_name":"Vampires","player_choice":"Ignored","floor":19.0,"gold_loss":0.0,"damage_taken":0.0},{"damage_healed":0.0,"max_hp_gain":0.0,"max_hp_loss":0.0,"gold_gain":50.0,"event_name":"Nest","player_choice":"Stole From Cult","floor":21.0,"gold_loss":0.0,"damage_taken":0.0},{"cards_removed":["Defend_P"],"damage_healed":0.0,"max_hp_gain":0.0,"max_hp_loss":0.0,"gold_gain":0.0,"event_name":"Beggar","player_choice":"Gave Gold","floor":23.0,"gold_loss":75.0,"damage_taken":0.0},{"damage_healed":0.0,"max_hp_gain":0.0,"max_hp_loss":0.0,"gold_gain":0.0,"event_name":"Match and Keep!","player_choice":"2 cards matched","floor":31.0,"gold_loss":0.0,"damage_taken":0.0,"cards_obtained":["DeusExMachina","FlyingSleeves"]},{"damage_healed":0.0,"max_hp_gain":0.0,"max_hp_loss":0.0,"gold_gain":0.0,"event_name":"MindBloom","player_choice":"Fight","floor":37.0,"gold_loss":0.0,"damage_taken":0.0},{"cards_removed":["FlyingSleeves"],"damage_healed":0.0,"max_hp_gain":0.0,"max_hp_loss":0.0,"gold_gain":0.0,"event_name":"Falling","player_choice":"Removed Attack","floor":38.0,"gold_loss":0.0,"damage_taken":0.0},{"damage_healed":0.0,"max_hp_gain":0.0,"max_hp_loss":0.0,"gold_gain":0.0,"event_name":"SensoryStone","player_choice":"Memory 1","floor":45.0,"gold_loss":0.0,"damage_taken":0.0}],"is_beta":false,"boss_relics":[{"not_picked":["Empty Cage","Pandora\u0027s Box"],"picked":"HolyWater"},{"not_picked":["Snecko Eye","Astrolabe"],"picked":"Fusion Hammer"}],"items_purged_floors":[3,11,20],"is_endless":false,"potions_floor_spawned":[1,5,12,14,16,22,33,35,37,44,46],"killed_by":"Awakened One","ascension_level":20}}