{"host":"iodn1af76021fjto","time":1613803645,"event":{"mods":["AchievementEnabler","BaseMod","BetterRewards","Colored Map","Downfall","Hermit","Infinite Spire","Jorbs\u0027s Wanderer Trilogy","Minty Spire (QoL Compilation)","Quick Restart","StSLib","SuperFastMode","The Cursed","The Hierophant","The Jungle","The Runesmith","The Servant 0.9.4"],"gold_per_floor":[114,189,189,189,33,65,65,91,91,124,124,139,314,324,324,324,324],"floor_reached":16,"language":"ENG","playtime":269,"items_purged":[],"score":191,"play_id":"1222a07e-9104-4a3d-9c01-43b560a8b1c1","local_time":"20210220014725","is_ascension_mode":true,"campfire_choices":[{"data":"Dualcast","floor":7,"key":"SMITH"},{"data":"Zap","floor":11,"key":"SMITH"},{"floor":15,"key":"REST"}],"circlet_count":0,"master_deck":["Strike_B","Strike_B","Strike_B","Strike_B","Defend_B","Defend_B","Defend_B","Defend_B","Zap+1","Dualcast+1","Leap","Redo","Ball Lightning","Ball Lightning","Ball Lightning","Machine Learning"],"relics":["Cracked Core","NeowsBlessing","Akabeko","Omamori","Dream Catcher","Cables","infinitespire:ShieldingShard","infinitespire:Lucky Rock"],"acts_visited":["Exordium"],"potions_floor_usage":[],"damage_taken":[{"damage":0,"enemies":"Small Slimes","floor":1,"turns":1},{"damage":0,"enemies":"Gremlin Nob","floor":6,"turns":1},{"damage":0,"enemies":"Lagavulin","floor":8,"turns":1},{"damage":29,"enemies":"3 Sentries","floor":10,"turns":7},{"damage":0,"enemies":"Jaw Worm","floor":12,"turns":2},{"damage":0,"enemies":"Cultist","floor":14,"turns":2},{"damage":45,"enemies":"Slime Boss","floor":16,"turns":7}],"seed_played":"-715985770206661893","potions_obtained":[{"floor":8,"key":"GamblersBrew"},{"floor":12,"key":"EssenceOfSteel"},{"floor":14,"key":"PowerPotion"}],"is_trial":false,"path_per_floor":["M","?","?","?","$","E","R","E","T","E","R","M","?","M","R","B"],"character_chosen":"DEFECT","items_purchased":["Omamori"],"campfire_rested":1,"item_purchase_floors":[5],"current_hp_per_floor":[75,64,52,52,52,52,52,52,52,23,23,23,23,23,45,0,0],"gold":324,"neow_bonus":"THREE_ENEMY_KILL","is_daily":false,"chose_seed":false,"campfire_upgraded":2,"win_rate":0.0,"timestamp":1613803645,"path_taken":["M","?","?","?","$","E","R","E","T","E","R","?","?","M","R","BOSS"],"items_purchased_type":["Relic"],"build_version":"2020-12-22","purchased_purges":0,"victory":false,"max_hp_per_floor":[75,75,75,75,75,75,75,75,75,75,75,75,75,75,75,75,75],"card_choices":[{"not_picked":["Streamline","Hello World"],"picked":"Leap","floor":1},{"not_picked":["Scrape","Hologram","Barrage"],"picked":"SKIP","floor":6},{"not_picked":["Cold Snap","Turbo"],"picked":"Redo","floor":8},{"not_picked":["Core Surge","Aggregate"],"picked":"Ball Lightning","floor":10},{"not_picked":["Steam","Hello World"],"picked":"Ball Lightning","floor":12},{"not_picked":["Gash","Coolheaded"],"picked":"Ball Lightning","floor":14},{"not_picked":["Cold Snap","Blizzard"],"picked":"Machine Learning","floor":15}],"player_experience":278667,"relics_obtained":[{"floor":6,"key":"Dream Catcher"},{"floor":8,"key":"Cables"},{"floor":9,"key":"infinitespire:ShieldingShard"},{"floor":10,"key":"infinitespire:Lucky Rock"}],"event_choices":[{"damage_healed":0,"gold_gain":75,"player_choice":"Gather Gold","damage_taken":11,"max_hp_gain":0,"max_hp_loss":0,"event_name":"World of Goop","floor":2,"gold_loss":0},{"damage_healed":0,"gold_gain":0,"player_choice":"Success","damage_taken":12,"relics_obtained":["Akabeko"],"max_hp_gain":0,"max_hp_loss":0,"event_name":"Scrap Ooze","floor":3,"gold_loss":0},{"damage_healed":0,"gold_gain":175,"player_choice":"AGREE","damage_taken":0,"max_hp_gain":0,"max_hp_loss":0,"event_name":"Liars Game","floor":13,"gold_loss":0,"cards_obtained":["Doubt"]}],"is_beta":false,"boss_relics":[],"items_purged_floors":[],"is_endless":false,"potions_floor_spawned":[8,12,14],"killed_by":"Slime Boss","ascension_level":3}}