{"host":"7gewg82ormp6yt4e","time":1613818811,"event":{"mods":["BaseMod","Block Reminder","Colored Map","DeckTracker","Highlight Path","Minty Spire (QoL Compilation)","Relic Stats","StSLib","ojb\u0027s Info Mod"],"gold_per_floor":[17,36,52,62,75,75,102,114,126,138,179,254,293,319,331,420,432,459,471,501,528,557,569,614,658,670,682,713,40,140,151,151,227,227,242,292,182,201,17,49,49,74,74,116,126,169,186,186,186,186,186,186,186,20,62,62],"floor_reached":57,"language":"JPN","playtime":5457,"items_purged":["Pain","Strike_P"],"score":3114,"play_id":"f46dc59d-122c-4436-bc56-57414dfb8dca","local_time":"20210220200011","is_ascension_mode":true,"campfire_choices":[{"data":"SandsOfTime","floor":6.0,"key":"SMITH"},{"data":"DevaForm","floor":10.0,"key":"SMITH"},{"data":"TalkToTheHand","floor":15.0,"key":"SMITH"},{"floor":23.0,"key":"REST"},{"floor":27.0,"key":"REST"},{"floor":32.0,"key":"REST"},{"floor":41.0,"key":"RECALL"}],"circlet_count":0,"master_deck":["AscendersBane","Strike_P","Strike_P","Strike_P","Defend_P","Defend_P","Defend_P+1","Defend_P","Eruption+1","Vigilance","Meditate","ThirdEye","FearNoEvil+1","FollowUp","SandsOfTime+1","DevaForm+1","TalkToTheHand+1","Vengeance","Judgement","FlurryOfBlows+1","Tantrum","Wallop+1","WaveOfTheHand","FearNoEvil+1","EmptyBody","Master of Strategy+1","CutThroughFate+1","LessonLearned","Wallop+1","CrushJoints+1","FearNoEvil","Adaptation+1","Sanctity+1","Protect+1","CutThroughFate","MentalFortress","WheelKick","SpiritShield"],"relics":["PureWater","Gambling Chip","MawBank","Bottled Tornado","Mercury Hourglass","Eternal Feather","Fusion Hammer","WarpedTongs","Sundial","Red Mask","PreservedInsect","ClockworkSouvenir","FossilizedHelix","InkBottle","Coffee Dripper","Ice Cream","Whetstone","CloakClasp","Blue Candle","CeramicFish","Blood Vial","Bottled Flame"],"acts_visited":["Exordium","TheCity","TheBeyond","TheEnding"],"potions_floor_usage":[],"damage_taken":[{"damage":11.0,"enemies":"Small Slimes","floor":1.0,"turns":7.0},{"damage":2.0,"enemies":"Jaw Worm","floor":2.0,"turns":6.0},{"damage":5.0,"enemies":"Cultist","floor":3.0,"turns":3.0},{"damage":1.0,"enemies":"2 Fungi Beasts","floor":4.0,"turns":4.0},{"damage":6.0,"enemies":"Blue Slaver","floor":5.0,"turns":4.0},{"damage":15.0,"enemies":"3 Sentries","floor":7.0,"turns":7.0},{"damage":0.0,"enemies":"Lagavulin","floor":11.0,"turns":4.0},{"damage":2.0,"enemies":"Gremlin Nob","floor":13.0,"turns":3.0},{"damage":0.0,"enemies":"Looter","floor":14.0,"turns":2.0},{"damage":19.0,"enemies":"The Guardian","floor":16.0,"turns":10.0},{"damage":0.0,"enemies":"Chosen","floor":18.0,"turns":3.0},{"damage":13.0,"enemies":"2 Thieves","floor":20.0,"turns":2.0},{"damage":0.0,"enemies":"Sentry and Sphere","floor":21.0,"turns":2.0},{"damage":14.0,"enemies":"Centurion and Healer","floor":22.0,"turns":3.0},{"damage":24.0,"enemies":"Book of Stabbing","floor":24.0,"turns":4.0},{"damage":17.0,"enemies":"Masked Bandits","floor":25.0,"turns":3.0},{"damage":19.0,"enemies":"Snecko","floor":28.0,"turns":5.0},{"damage":19.0,"enemies":"Colosseum Slavers","floor":30.0,"turns":3.0},{"damage":15.0,"enemies":"Colosseum Nobs","floor":30.0,"turns":4.0},{"damage":0.0,"enemies":"Snake Plant","floor":31.0,"turns":3.0},{"damage":18.0,"enemies":"Collector","floor":33.0,"turns":10.0},{"damage":0.0,"enemies":"3 Shapes","floor":35.0,"turns":5.0},{"damage":13.0,"enemies":"2 Orb Walkers","floor":36.0,"turns":3.0},{"damage":0.0,"enemies":"3 Darklings","floor":38.0,"turns":3.0},{"damage":0.0,"enemies":"Nemesis","floor":40.0,"turns":7.0},{"damage":0.0,"enemies":"Mind Bloom Boss Battle","floor":42.0,"turns":3.0},{"damage":0.0,"enemies":"Reptomancer","floor":44.0,"turns":3.0},{"damage":12.0,"enemies":"Jaw Worm Horde","floor":45.0,"turns":5.0},{"damage":0.0,"enemies":"Giant Head","floor":46.0,"turns":4.0},{"damage":0.0,"enemies":"Writhing Mass","floor":47.0,"turns":5.0},{"damage":0,"enemies":"Awakened One","floor":50,"turns":9},{"damage":0,"enemies":"Time Eater","floor":51,"turns":6},{"damage":12,"enemies":"Shield and Spear","floor":55,"turns":6},{"damage":45,"enemies":"The Heart","floor":56,"turns":9}],"seed_played":"3039287581396271658","potions_obtained":[{"floor":1.0,"key":"Regen Potion"},{"floor":4.0,"key":"SteroidPotion"},{"floor":14.0,"key":"SmokeBomb"},{"floor":16.0,"key":"BlessingOfTheForge"},{"floor":20.0,"key":"SteroidPotion"},{"floor":24.0,"key":"ColorlessPotion"},{"floor":25.0,"key":"Dexterity Potion"},{"floor":28.0,"key":"DuplicationPotion"},{"floor":31.0,"key":"SkillPotion"},{"floor":36.0,"key":"BottledMiracle"},{"floor":40.0,"key":"DistilledChaos"},{"floor":45.0,"key":"SpeedPotion"}],"is_trial":false,"path_per_floor":["M","M","M","M","M","R","E","?","T","R","E","?","E","M","R","B",null,"M","?","M","M","M","R","E","?","T","R","M","$","?","M","R","B",null,"M","?","$","M","$","E","R","?","T","E","M","E","M","?","R","B","B",null,"R","$","E","B",null],"character_chosen":"WATCHER","items_purchased":["PreservedInsect","EmptyBody","ClockworkSouvenir","Master of Strategy","FairyPotion","Adaptation","MentalFortress","Swift Potion","WheelKick"],"campfire_rested":3,"item_purchase_floors":[29,29,29,29,37,39,54,54,54],"current_hp_per_floor":[50,62,57,56,50,50,35,35,35,35,35,35,33,33,42,23,57,57,57,44,44,30,62,38,21,21,56,37,37,3,3,38,20,56,56,43,43,43,43,43,61,61,61,61,49,49,51,51,65,65,65,65,65,65,53,10],"gold":62,"neow_bonus":"ONE_RARE_RELIC","is_daily":false,"chose_seed":false,"campfire_upgraded":3,"win_rate":0.0,"timestamp":1613818811,"path_taken":["M","M","M","M","M","R","E","?","T","R","E","?","E","M","R","BOSS","M","?","M","M","?","R","E","?","T","R","M","$","?","M","R","BOSS","M","?","$","M","$","E","R","?","T","E","M","E","M","?","R","BOSS","BOSS","R","$","E","BOSS"],"items_purchased_type":["Relic","Card","Relic","Card","Potion","Card","Card","Potion","Card"],"build_version":"2020-12-22","purchased_purges":2,"victory":true,"max_hp_per_floor":[68,68,68,68,68,68,68,68,68,68,68,68,68,68,68,68,68,68,68,68,68,68,68,68,68,68,68,68,68,68,68,68,68,68,68,68,68,68,68,68,68,68,68,68,68,68,68,65,65,65,65,65,65,65,65,65],"relic_stats":{"counters":[34,160],"Blue Candle":[1],"CeramicFish":45,"Eternal Feather":83,"PreservedInsect":356,"CloakClasp":[135],"Whetstone":["Eruption","CutThroughFate"],"MawBank":264,"Mercury Hourglass":[435],"WarpedTongs":[107],"Blood Vial":4,"Sundial":[10],"Gambling Chip":[60],"obtain_stats":[{"Ice Cream":36,"Blue Candle":43,"CeramicFish":44,"Eternal Feather":13,"PreservedInsect":29,"CloakClasp":42,"Whetstone":40,"Bottled Tornado":9,"MawBank":7,"Mercury Hourglass":11,"WarpedTongs":19,"ClockworkSouvenir":29,"Blood Vial":46,"Bottled Flame":55,"Sundial":24,"Gambling Chip":0,"Fusion Hammer":17,"Red Mask":25,"Coffee Dripper":34,"PureWater":0,"FossilizedHelix":30,"InkBottle":30},{"Ice Cream":23,"Blue Candle":26,"CeramicFish":27,"Eternal Feather":8,"PreservedInsect":17,"CloakClasp":26,"Whetstone":25,"Bottled Tornado":6,"MawBank":6,"Mercury Hourglass":7,"WarpedTongs":11,"ClockworkSouvenir":17,"Blood Vial":29,"Bottled Flame":33,"Sundial":15,"Gambling Chip":0,"Fusion Hammer":10,"Red Mask":16,"Coffee Dripper":21,"PureWater":0,"FossilizedHelix":19,"InkBottle":19},{"Ice Cream":100,"Blue Candle":113,"CeramicFish":116,"Eternal Feather":38,"PreservedInsect":72,"CloakClasp":113,"Whetstone":110,"Bottled Tornado":31,"MawBank":31,"Mercury Hourglass":35,"WarpedTongs":53,"ClockworkSouvenir":72,"Blood Vial":125,"Bottled Flame":151,"Sundial":64,"Gambling Chip":0,"Fusion Hammer":50,"Red Mask":67,"Coffee Dripper":92,"PureWater":0,"FossilizedHelix":79,"InkBottle":79}],"InkBottle":[52]},"card_choices":[{"not_picked":["WindmillStrike","Consecrate"],"picked":"Meditate","floor":1.0},{"not_picked":["SignatureMove","Study"],"picked":"ThirdEye","floor":2.0},{"not_picked":["BowlingBash","MentalFortress"],"picked":"FearNoEvil","floor":3.0},{"not_picked":["FlurryOfBlows","Sanctity"],"picked":"FollowUp","floor":4.0},{"not_picked":["Crescendo","Worship"],"picked":"SandsOfTime","floor":5.0},{"not_picked":["Fasting2","Perseverance"],"picked":"DevaForm","floor":7.0},{"not_picked":["Blasphemy","Weave","Consecrate"],"picked":"SKIP","floor":11.0},{"not_picked":["WindmillStrike","EmptyBody"],"picked":"TalkToTheHand","floor":13.0},{"not_picked":["Evaluate","Prostrate"],"picked":"Vengeance","floor":14.0},{"not_picked":["Alpha","Devotion"],"picked":"Judgement","floor":16.0},{"not_picked":["JustLucky","SandsOfTime"],"picked":"FlurryOfBlows","floor":18.0},{"not_picked":["ClearTheMind","Consecrate+1"],"picked":"Tantrum","floor":20.0},{"not_picked":["TalkToTheHand","SignatureMove"],"picked":"Wallop+1","floor":21.0},{"not_picked":["Halt","Protect","Weave"],"picked":"SKIP","floor":22.0},{"not_picked":["Vengeance+1","Wallop"],"picked":"WaveOfTheHand","floor":24.0},{"not_picked":["Prostrate","PathToVictory"],"picked":"FearNoEvil","floor":25.0},{"not_picked":["Halt","WindmillStrike","Wallop"],"picked":"SKIP","floor":28.0},{"not_picked":["Protect","ClearTheMind"],"picked":"CutThroughFate","floor":31.0},{"not_picked":["Judgement","Alpha"],"picked":"LessonLearned","floor":33.0},{"not_picked":["EmptyBody","ThirdEye"],"picked":"Wallop+1","floor":35.0},{"not_picked":["Collect","ThirdEye"],"picked":"CrushJoints+1","floor":36.0},{"not_picked":["Swivel+1","CrushJoints"],"picked":"FearNoEvil","floor":38.0},{"not_picked":["ClearTheMind","InnerPeace"],"picked":"Sanctity+1","floor":40.0},{"not_picked":["BowlingBash","Judgement"],"picked":"Protect+1","floor":44.0},{"not_picked":["WreathOfFlame","SashWhip","Protect"],"picked":"SKIP","floor":45.0},{"not_picked":["Halt","PathToVictory"],"picked":"CutThroughFate","floor":46.0},{"not_picked":["Halt","JustLucky","Wallop"],"picked":"SKIP","floor":47.0},{"not_picked":["FollowUp","Halt+1"],"picked":"SpiritShield","floor":55}],"player_experience":2883540,"relics_obtained":[{"floor":7.0,"key":"MawBank"},{"floor":9.0,"key":"Bottled Tornado"},{"floor":11.0,"key":"Mercury Hourglass"},{"floor":13.0,"key":"Eternal Feather"},{"floor":24.0,"key":"Sundial"},{"floor":25.0,"key":"Red Mask"},{"floor":30.0,"key":"FossilizedHelix"},{"floor":30.0,"key":"InkBottle"},{"floor":36.0,"key":"Ice Cream"},{"floor":40.0,"key":"Whetstone"},{"floor":42.0,"key":"CloakClasp"},{"floor":43.0,"key":"Blue Candle"},{"floor":44.0,"key":"CeramicFish"},{"floor":46.0,"key":"Blood Vial"},{"floor":55,"key":"Bottled Flame"}],"event_choices":[{"damage_healed":0.0,"max_hp_gain":0.0,"max_hp_loss":0.0,"gold_gain":0.0,"event_name":"Liars Game","player_choice":"Ignored","floor":8.0,"gold_loss":0.0,"damage_taken":0.0},{"damage_healed":0.0,"max_hp_gain":0.0,"max_hp_loss":0.0,"gold_gain":63.0,"event_name":"Golden Wing","player_choice":"Gained Gold","floor":12.0,"gold_loss":0.0,"damage_taken":0.0},{"damage_healed":0.0,"max_hp_gain":0.0,"max_hp_loss":0.0,"gold_gain":0.0,"event_name":"Accursed Blacksmith","player_choice":"Rummage","floor":19.0,"gold_loss":0.0,"damage_taken":0.0,"relics_obtained":["WarpedTongs"],"cards_obtained":["Pain"]},{"damage_healed":0.0,"max_hp_gain":0.0,"max_hp_loss":0.0,"gold_gain":0.0,"event_name":"Masked Bandits","player_choice":"Fought Bandits","floor":25.0,"gold_loss":0.0,"damage_taken":0.0},{"damage_healed":0.0,"max_hp_gain":0.0,"max_hp_loss":0.0,"gold_gain":0.0,"event_name":"Colosseum","player_choice":"Fight","floor":30.0,"gold_loss":0.0,"damage_taken":0.0},{"damage_healed":0.0,"max_hp_gain":0.0,"max_hp_loss":0.0,"gold_gain":0.0,"event_name":"Colosseum","player_choice":"Fought Nobs","floor":30.0,"gold_loss":0.0,"damage_taken":0.0},{"damage_healed":0.0,"max_hp_gain":0.0,"max_hp_loss":0.0,"gold_gain":0.0,"event_name":"Mysterious Sphere","player_choice":"Fight","floor":36.0,"gold_loss":0.0,"damage_taken":0.0},{"damage_healed":0.0,"max_hp_gain":0.0,"max_hp_loss":0.0,"gold_gain":0.0,"event_name":"MindBloom","player_choice":"Fight","floor":42.0,"gold_loss":0.0,"damage_taken":0.0},{"damage_healed":0.0,"max_hp_gain":0.0,"max_hp_loss":3.0,"gold_gain":0.0,"event_name":"Winding Halls","player_choice":"Max HP","floor":48.0,"gold_loss":0.0,"damage_taken":0.0}],"is_beta":false,"boss_relics":[{"not_picked":["Black Star","Tiny House"],"picked":"Fusion Hammer"},{"not_picked":["Philosopher\u0027s Stone","Sozu"],"picked":"Coffee Dripper"}],"items_purged_floors":[29,39],"is_endless":false,"potions_floor_spawned":[1,4,14,16,20,24,25,28,30,31,36,38,40,45,47],"ascension_level":20}}