{"host":"njb27ds59h4j3ikk","time":1613788997,"event":{"mods":["AchievementEnabler","BaseMod","Better Altar","Better Match","Better Note","Better Sensory Stone","Better Skull","Better Third Choice","BetterRewards","Downfall","Hermit","Hubris","Minty Spire (QoL Compilation)","Permanent Neow","Quarter Circle Forward PUNCH!","Quick Restart","Rare Cards Sparkle","Replay The Spire","Shop Mod","StSLib","Trackpad","Transform Curses"],"gold_per_floor":[112,130,130,150,164,189,99,124,124,156,156,166,201,201,201,300,300,313,238,256,256,266,266,266,266,266],"floor_reached":25,"language":"ENG","playtime":1064,"items_purged":[],"score":348,"play_id":"0b7992bd-2e60-406f-8e6c-5039d8bde6c1","local_time":"20210219214317","is_ascension_mode":true,"campfire_choices":[{"data":"hermit:Headshot","floor":15.0,"key":"SMITH"},{"floor":23,"key":"REST"}],"circlet_count":0,"master_deck":["hermit:Strike_Hermit","hermit:Strike_Hermit+1","hermit:Strike_Hermit","hermit:Strike_Hermit","hermit:Defend_Hermit","hermit:Defend_Hermit","hermit:Defend_Hermit","hermit:Defend_Hermit","hermit:Snapshot","hermit:Covet","hermit:Grudge","hermit:Shortfuse","hermit:Cheat","hermit:FlashPowder","hermit:BigShot","hermit:Headshot+1","hermit:RoundhouseKick","Replay:Sssssssssstrike","hermit:Ricochet","hermit:Purgatory","Parasite","hermit:HighCaliber","hermit:Horror","Replay:Sssssssssstrike","Double Tap","hermit:Spite","hermit:WideOpen","hermit:Dissolve","hermit:Determination","Sword Boomerang","hermit:Purgatory"],"relics":["hermit:Momento","qcfpunch:Not_Strongest_Fighting_Style_Guidebook","Gambling Chip","hubris:Towel","trackpad:PetRock","Strawberry","Mercury Hourglass","hubris:DisguiseKit","hubris:OldNail","Ring of Chaos","Replay:Baseball","FaceOfCleric"],"acts_visited":["Exordium","TheCity"],"potions_floor_usage":[22],"damage_taken":[{"damage":0.0,"enemies":"Small Slimes","floor":1.0,"turns":2.0},{"damage":0.0,"enemies":"Jaw Worm","floor":2.0,"turns":2.0},{"damage":0.0,"enemies":"2 Louse","floor":4.0,"turns":2.0},{"damage":4.0,"enemies":"Looter","floor":5.0,"turns":3.0},{"damage":11.0,"enemies":"Lagavulin","floor":6.0,"turns":4.0},{"damage":14.0,"enemies":"Gremlin Nob","floor":8.0,"turns":3.0},{"damage":10.0,"enemies":"3 Sentries","floor":10.0,"turns":3.0},{"damage":5.0,"enemies":"Red Slaver","floor":12.0,"turns":2.0},{"damage":7.0,"enemies":"Lagavulin","floor":13.0,"turns":4.0},{"damage":12.0,"enemies":"Hexaghost","floor":16.0,"turns":5.0},{"damage":10.0,"enemies":"Spheric Guardian","floor":18.0,"turns":3.0},{"damage":10.0,"enemies":"2 Thieves","floor":20.0,"turns":2.0},{"damage":16,"enemies":"Snecko","floor":22,"turns":4},{"damage":38,"enemies":"Slavers","floor":25,"turns":2}],"seed_played":"-2458336069187408531","potions_obtained":[{"floor":2.0,"key":"Energy Potion"},{"floor":5.0,"key":"SteroidPotion"},{"floor":8.0,"key":"Cursed Concoction"},{"floor":10.0,"key":"EssenceOfSteel"},{"floor":12.0,"key":"LiquidMemories"},{"floor":18.0,"key":"Energy Potion"}],"is_trial":false,"path_per_floor":["M","M","?","M","M","E","$","E","T","E","?","M","E","?","R","B",null,"M","?","M","?","M","R","?","E"],"character_chosen":"HERMIT","items_purchased":["qcfpunch:Not_Strongest_Fighting_Style_Guidebook","hermit:Grudge","hermit:Shortfuse","Replay:Sssssssssstrike"],"campfire_rested":1,"item_purchase_floors":[0,0,0,7],"current_hp_per_floor":[75,75,75,75,71,60,60,53,53,43,63,58,51,51,51,39,82,72,72,62,30,14,38,38,0,0],"gold":266,"neow_bonus":"","is_daily":false,"chose_seed":false,"campfire_upgraded":1,"win_rate":0.0,"timestamp":1613788997,"path_taken":["M","M","?","M","M","E","$","E","T","E","?","?","E","?","R","BOSS","M","?","M","?","?","R","?","E"],"items_purchased_type":["Relic","Card","Card","Card"],"build_version":"2020-12-22","purchased_purges":0,"victory":false,"max_hp_per_floor":[75,75,75,75,75,75,75,82,82,82,82,82,82,82,82,82,82,82,82,82,82,82,82,82,82,82],"card_choices":[{"not_picked":["hermit:Manifest","hermit:Snipe"],"picked":"hermit:Cheat","floor":1.0},{"not_picked":["hermit:Combo","hermit:Dive"],"picked":"hermit:FlashPowder","floor":2.0},{"not_picked":["hermit:Roulette","hermit:Grudge"],"picked":"hermit:BigShot","floor":4.0},{"not_picked":["hermit:LowProfile","hermit:Maintenance"],"picked":"hermit:Headshot","floor":5.0},{"not_picked":["hermit:Determination","hermit:Roulette"],"picked":"hermit:RoundhouseKick","floor":6.0},{"not_picked":["hermit:Feint","hermit:Deadeye"],"picked":"hermit:Ricochet","floor":8.0},{"not_picked":["hermit:Vantage","hermit:WideOpen"],"picked":"hermit:Purgatory","floor":10.0},{"not_picked":["hermit:Cheat","hermit:Vantage","True Grit"],"picked":"hermit:HighCaliber","floor":12.0},{"not_picked":["hermit:CalledShot","hermit:Manifest","Body Slam"],"picked":"hermit:Horror","floor":13.0},{"not_picked":["Impatience","Enlightenment"],"picked":"Replay:Sssssssssstrike","floor":14.0},{"not_picked":["hermit:DeadOrAlive","hermit:Adapt","hermit:OverwhelmingPower"],"picked":"Double Tap","floor":16.0},{"not_picked":["hermit:TakeCover","hermit:Feint","Warcry"],"picked":"hermit:Spite","floor":18.0},{"not_picked":["hermit:Desperado","hermit:Roulette","hermit:ItchyTrigger"],"picked":"hermit:WideOpen","floor":19.0},{"not_picked":["hermit:HighNoon","hermit:Adapt","hermit:DeadOrAlive"],"picked":"hermit:Dissolve","floor":19.0},{"not_picked":["hermit:CursedWeapon","hermit:ShadowCloak","hermit:Midnight"],"picked":"hermit:Determination","floor":19.0},{"not_picked":["hermit:TakeAim","hermit:TrackingShot","hermit:Enervate"],"picked":"Sword Boomerang","floor":20.0},{"not_picked":["hermit:HoleUp","hermit:Roulette+1","Heavy Blade"],"picked":"hermit:Purgatory","floor":22}],"player_experience":1379329,"relics_obtained":[{"floor":6.0,"key":"trackpad:PetRock"},{"floor":8.0,"key":"Strawberry"},{"floor":9.0,"key":"Mercury Hourglass"},{"floor":10.0,"key":"hubris:DisguiseKit"},{"floor":13.0,"key":"hubris:OldNail"}],"event_choices":[{"damage_healed":20.0,"max_hp_gain":0.0,"max_hp_loss":0.0,"gold_gain":0.0,"event_name":"Mushrooms","player_choice":"Healed and dodged fight","floor":11.0,"gold_loss":0.0,"damage_taken":0.0,"cards_obtained":["Parasite"]},{"damage_healed":0.0,"max_hp_gain":0.0,"max_hp_loss":0.0,"gold_gain":1.0,"event_name":"betterStone:BetterStone","player_choice":"1","floor":14.0,"gold_loss":0.0,"damage_taken":0.0},{"damage_healed":0.0,"max_hp_gain":0.0,"max_hp_loss":0.0,"gold_gain":0.0,"event_name":"betterMatch:BetterMatch","player_choice":"1","floor":19.0,"gold_loss":0.0,"damage_taken":0.0,"cards_obtained":["betterMatch:CommonCard","betterMatch:RareCard","betterMatch:UncommonCard"]},{"damage_healed":0.0,"max_hp_gain":0.0,"max_hp_loss":0.0,"gold_gain":0.0,"event_name":"betterSkull:BetterSkull","player_choice":"UP RE ","floor":21.0,"gold_loss":0.0,"damage_taken":36.0,"cards_upgraded":["hermit:Strike_Hermit"],"relics_obtained":["Replay:Baseball"]},{"damage_healed":0,"gold_gain":0,"player_choice":"Trade","damage_taken":0,"relics_obtained":["FaceOfCleric"],"max_hp_gain":0,"max_hp_loss":0,"event_name":"FaceTrader","floor":24,"gold_loss":0}],"is_beta":false,"boss_relics":[{"not_picked":["hubris:Stopwatch","Runic Dome"],"picked":"Ring of Chaos"}],"items_purged_floors":[],"is_endless":false,"potions_floor_spawned":[2,5,8,10,12,13,18],"killed_by":"Slavers","ascension_level":1}}