{"host":"xbvuessano29wpkb","time":1613836650,"event":{"mods":["BaseMod","Colored Powertips","GifTheSpireLib","Minty Spire (QoL Compilation)","Shop Mod","StSLib","The Alterego","óô»ðÖ¸ÄÏ"],"gold_per_floor":[117,117,133,33,44,44,74,74,74,74,174,192,223,223,223,319,369,384,324,151,161,161,161],"floor_reached":22,"language":"ZHS","playtime":1709,"items_purged":["alterego_mod:Strike","alterego_mod:Defend"],"score":217,"play_id":"325a91fb-fae6-4b96-af64-6253d79b406c","local_time":"20210220235730","is_ascension_mode":false,"campfire_choices":[{"data":"alterego_mod:TrashNCrash","floor":6,"key":"SMITH"},{"data":"alterego_mod:Pet","floor":8,"key":"SMITH"},{"data":"alterego_mod:Impale","floor":10,"key":"SMITH"},{"floor":15,"key":"REST"}],"circlet_count":0,"master_deck":["alterego_mod:Strike","alterego_mod:Strike","alterego_mod:Defend","alterego_mod:Defend+1","alterego_mod:Defend","alterego_mod:Impale+1","alterego_mod:BigMeatyClaws","alterego_mod:BrynhildrsRune","alterego_mod:Pet+1","alterego_mod:TrashNCrash+1","alterego_mod:Cushion","alterego_mod:Birthday","alterego_mod:Nekomimi+1"],"relics":["alterego_mod:MasochisticConstitution","NeowsBlessing","Unceasing Top","Singing Bowl","Regal Pillow","Tiny House"],"acts_visited":["Exordium","TheCity"],"potions_floor_usage":[13,16,16,19,22],"damage_taken":[{"damage":0,"enemies":"Small Slimes","floor":1,"turns":1},{"damage":0,"enemies":"Jaw Worm","floor":3,"turns":1},{"damage":0,"enemies":"Cultist","floor":5,"turns":1},{"damage":32,"enemies":"Lagavulin","floor":7,"turns":9},{"damage":12,"enemies":"Large Slime","floor":12,"turns":5},{"damage":18,"enemies":"3 Sentries","floor":13,"turns":9},{"damage":1,"enemies":"Slime Boss","floor":16,"turns":7},{"damage":19,"enemies":"Shell Parasite","floor":18,"turns":8},{"damage":15,"enemies":"2 Thieves","floor":19,"turns":4},{"damage":89,"enemies":"3 Cultists","floor":21,"turns":8},{"damage":12,"enemies":"Snake Plant","floor":22,"turns":2}],"seed_played":"795772850181415589","potions_obtained":[{"floor":12,"key":"SkillPotion"},{"floor":13,"key":"LiquidBronze"},{"floor":14,"key":"LiquidMemories"},{"floor":14,"key":"SteroidPotion"},{"floor":17,"key":"FairyPotion"},{"floor":18,"key":"CultistPotion"},{"floor":21,"key":"BlessingOfTheForge"}],"is_trial":false,"path_per_floor":["M","?","M","$","M","R","E","R","T","R","?","M","E","?","R","B",null,"M","M","$","M","M"],"character_chosen":"The_Alterego","items_purchased":["alterego_mod:TrashNCrash","DuplicationPotion"],"campfire_rested":1,"item_purchase_floors":[4,20],"current_hp_per_floor":[70,63,63,63,63,63,32,32,32,32,32,21,8,8,45,49,85,69,59,59,8,0,0],"gold":161,"neow_bonus":"THREE_ENEMY_KILL","is_daily":false,"chose_seed":false,"campfire_upgraded":3,"win_rate":0.0,"timestamp":1613836650,"path_taken":["M","?","M","$","M","R","E","R","T","R","?","?","E","?","R","BOSS","M","?","$","M","M"],"items_purchased_type":["Card","Potion"],"build_version":"2020-12-22","purchased_purges":2,"victory":false,"max_hp_per_floor":[70,70,70,70,70,70,71,71,71,71,71,72,75,75,75,78,85,86,89,89,92,92,92],"card_choices":[{"not_picked":["alterego_mod:Undulate","alterego_mod:DustData"],"picked":"alterego_mod:Pet","floor":1},{"not_picked":["alterego_mod:1TonWallop","alterego_mod:DiscoLights","alterego_mod:Stockings"],"picked":"SKIP","floor":3},{"not_picked":["alterego_mod:DiscoLights","alterego_mod:Cooking"],"picked":"alterego_mod:Cushion","floor":5},{"not_picked":["alterego_mod:DustData","alterego_mod:Skirt","alterego_mod:IdEs"],"picked":"SKIP","floor":7},{"not_picked":["alterego_mod:Rip","alterego_mod:Punishment"],"picked":"alterego_mod:Birthday","floor":12},{"not_picked":["alterego_mod:Birthday","alterego_mod:Maid","alterego_mod:SakuraPetals"],"picked":"Singing Bowl","floor":13},{"not_picked":["alterego_mod:Vow","alterego_mod:Palingenesis","alterego_mod:Venus"],"picked":"Singing Bowl","floor":16},{"not_picked":["alterego_mod:BustOut","alterego_mod:Cycle","alterego_mod:Birthday"],"picked":"Singing Bowl","floor":17},{"not_picked":["alterego_mod:GoddessCore+1","alterego_mod:PerceptionDisorder+1"],"picked":"alterego_mod:Nekomimi+1","floor":18},{"not_picked":["alterego_mod:BustOut","alterego_mod:RidiculouslyBig","alterego_mod:Mirror+1"],"picked":"Singing Bowl","floor":19},{"not_picked":["alterego_mod:DiscoLights","alterego_mod:1TonWallop","alterego_mod:BiFurious"],"picked":"Singing Bowl","floor":21}],"player_experience":207439,"relics_obtained":[{"floor":7,"key":"Unceasing Top"},{"floor":9,"key":"Singing Bowl"},{"floor":13,"key":"Regal Pillow"}],"event_choices":[{"cards_removed":["alterego_mod:Strike"],"damage_healed":0,"gold_gain":0,"player_choice":"Card Removal","damage_taken":7,"max_hp_gain":0,"max_hp_loss":0,"event_name":"Golden Wing","floor":2,"gold_loss":0},{"damage_healed":0,"gold_gain":100,"player_choice":"Pray","damage_taken":0,"max_hp_gain":0,"max_hp_loss":0,"event_name":"Golden Shrine","floor":11,"gold_loss":0},{"damage_healed":0,"gold_gain":0,"player_choice":"Got Potions","damage_taken":0,"max_hp_gain":0,"max_hp_loss":0,"event_name":"Lab","floor":14,"gold_loss":0}],"is_beta":false,"boss_relics":[{"not_picked":["SacredBark","Runic Dome"],"picked":"Tiny House"}],"items_purged_floors":[4,20],"is_endless":false,"potions_floor_spawned":[12,13,18,21],"killed_by":"Snake Plant","ascension_level":0}}