{"host":"04hh9gplt9wkfmr1","time":1613805981,"event":{"mods":["AchievementEnabler","BaseMod","Colored Map","KOR Keyword Fix","Minty Spire (QoL Compilation)","Rare Cards Sparkle","SuperFastMode"],"gold_per_floor":[114,124,124,134,146,146,156,156,181,216,216,232,232,257,257,361,361,372,471,8,0,30,30,68,68,93,119,143,184,208,208,208,317,317,347,361,286,302,329,329,367,367,376,376,66,66,89,121,121,121],"floor_reached":51,"language":"KOR","playtime":1765,"items_purged":["Strike_B"],"score":1076,"play_id":"4f5c626c-a5c6-4e14-9a53-89c6246189af","local_time":"20210220162621","is_ascension_mode":true,"campfire_choices":[{"data":"Defragment","floor":6.0,"key":"SMITH"},{"data":"Defragment","floor":8.0,"key":"SMITH"},{"data":"Dualcast","floor":13.0,"key":"SMITH"},{"data":"Zap","floor":15.0,"key":"SMITH"},{"data":"Echo Form","floor":23.0,"key":"SMITH"},{"data":"Defragment","floor":25.0,"key":"SMITH"},{"floor":32.0,"key":"REST"},{"data":"Apotheosis","floor":40.0,"key":"SMITH"},{"data":"Capacitor","floor":42.0,"key":"SMITH"},{"data":"Amplify","floor":44.0,"key":"SMITH"},{"data":"Thinking Ahead","floor":46.0,"key":"SMITH"},{"data":"Machine Learning","floor":49,"key":"SMITH"}],"circlet_count":0,"master_deck":["AscendersBane","Strike_B","Strike_B","Strike_B","Defend_B","Defend_B","Defend_B","Defend_B","Zap+1","Dualcast+1","Defragment+1","Defragment+1","BootSequence","Chill","Machine Learning+1","Echo Form+1","Ball Lightning","Force Field","Stack","Defragment+1","Cold Snap","Amplify+1","Heatsinks","Electrodynamics","Static Discharge+1","Fusion+1","Thinking Ahead+1","Discovery","Apotheosis+1","Capacitor+1","Hologram+1","Doubt","Parasite","Chill","Stack+1"],"relics":["FrozenCore","Pen Nib","Blood Vial","Lantern","Prayer Wheel","CeramicFish","Toy Ornithopter","Juzu Bracelet","Happy Flower","HornCleat","Du-Vu Doll","Cursed Key","Letter Opener","Ice Cream"],"acts_visited":["Exordium","TheCity","TheBeyond"],"potions_floor_usage":[47,50],"damage_taken":[{"damage":0.0,"enemies":"2 Louse","floor":1.0,"turns":3.0},{"damage":9.0,"enemies":"Jaw Worm","floor":2.0,"turns":5.0},{"damage":5.0,"enemies":"Small Slimes","floor":4.0,"turns":3.0},{"damage":7.0,"enemies":"Looter","floor":5.0,"turns":4.0},{"damage":12.0,"enemies":"Large Slime","floor":7.0,"turns":5.0},{"damage":4.0,"enemies":"Lagavulin","floor":10.0,"turns":7.0},{"damage":0.0,"enemies":"Red Slaver","floor":12.0,"turns":3.0},{"damage":15.0,"enemies":"3 Sentries","floor":14.0,"turns":10.0},{"damage":13.0,"enemies":"The Guardian","floor":16.0,"turns":10.0},{"damage":0.0,"enemies":"Chosen","floor":18.0,"turns":7.0},{"damage":0.0,"enemies":"Shell Parasite","floor":22.0,"turns":6.0},{"damage":34.0,"enemies":"Book of Stabbing","floor":24.0,"turns":8.0},{"damage":6.0,"enemies":"Gremlin Leader","floor":27.0,"turns":7.0},{"damage":10.0,"enemies":"Snake Plant","floor":28.0,"turns":6.0},{"damage":36.0,"enemies":"Book of Stabbing","floor":29.0,"turns":7.0},{"damage":7.0,"enemies":"Centurion and Healer","floor":30.0,"turns":6.0},{"damage":9.0,"enemies":"Collector","floor":33.0,"turns":12.0},{"damage":0.0,"enemies":"Orb Walker","floor":35.0,"turns":5.0},{"damage":0.0,"enemies":"3 Shapes","floor":36.0,"turns":4.0},{"damage":1.0,"enemies":"Maw","floor":38.0,"turns":7.0},{"damage":0.0,"enemies":"Sphere and 2 Shapes","floor":41.0,"turns":4.0},{"damage":9,"enemies":"Writhing Mass","floor":47,"turns":6},{"damage":6,"enemies":"4 Shapes","floor":48,"turns":4},{"damage":56,"enemies":"Donu and Deca","floor":50,"turns":7}],"seed_played":"7575329439377084482","potions_obtained":[{"floor":1.0,"key":"FearPotion"},{"floor":2.0,"key":"SteroidPotion"},{"floor":5.0,"key":"SteroidPotion"},{"floor":7.0,"key":"Energy Potion"},{"floor":22.0,"key":"FocusPotion"},{"floor":24.0,"key":"FocusPotion"},{"floor":28.0,"key":"FearPotion"},{"floor":30.0,"key":"Energy Potion"},{"floor":33.0,"key":"FairyPotion"},{"floor":36.0,"key":"AttackPotion"},{"floor":47,"key":"Dexterity Potion"}],"is_trial":false,"path_per_floor":["M","M","$","M","M","R","M","R","T","E","?","M","R","E","R","B",null,"M","?","$","?","M","R","E","R","T","E","M","E","M","T","R","B",null,"M","M","$","M","?","R","M","R","T","R","$","R","M","M","R","B",null],"character_chosen":"DEFECT","items_purchased":["Prayer Wheel","CeramicFish","Ice Cream"],"campfire_rested":1,"item_purchase_floors":[20,20,45],"current_hp_per_floor":[75,66,66,61,54,54,42,42,42,38,43,45,45,32,32,21,71,73,73,73,73,75,75,43,43,43,49,41,12,7,7,33,31,73,75,77,77,78,68,68,70,70,70,70,70,70,68,64,64,15],"gold":121,"neow_bonus":"TEN_PERCENT_HP_BONUS","is_daily":false,"chose_seed":false,"campfire_upgraded":11,"win_rate":0.0,"timestamp":1613805981,"path_taken":["M","M","$","M","M","R","M","R","T","E","?","M","R","E","R","BOSS","M","?","$","?","M","R","E","R","T","E","M","E","M","?","R","BOSS","M","M","$","M","?","R","M","R","T","R","$","R","M","M","R","BOSS"],"items_purchased_type":["Relic","Relic","Relic"],"build_version":"2020-12-22","purchased_purges":1,"victory":true,"max_hp_per_floor":[82,82,82,82,82,82,82,82,82,82,87,87,87,87,87,87,87,87,87,87,87,87,87,87,87,87,87,87,87,87,87,87,87,87,87,87,87,87,87,87,87,87,87,87,87,87,87,87,87,87],"card_choices":[{"not_picked":["Sunder","Force Field"],"picked":"Defragment","floor":1.0},{"not_picked":["Go for the Eyes","Sweeping Beam"],"picked":"Defragment","floor":2.0},{"not_picked":["Hologram","Darkness"],"picked":"BootSequence","floor":4.0},{"not_picked":["Sweeping Beam","Barrage","Doom and Gloom"],"picked":"SKIP","floor":5.0},{"not_picked":["Darkness","Gash"],"picked":"Chill","floor":7.0},{"not_picked":["Tempest","Sweeping Beam"],"picked":"Machine Learning","floor":10.0},{"not_picked":["Conserve Battery","Steam","Coolheaded"],"picked":"SKIP","floor":12.0},{"not_picked":["Doom and Gloom","Leap","Sweeping Beam"],"picked":"SKIP","floor":14.0},{"not_picked":["Multi-Cast","Fission"],"picked":"Echo Form","floor":16.0},{"not_picked":["Go for the Eyes","Sweeping Beam"],"picked":"Ball Lightning","floor":18.0},{"not_picked":["Sweeping Beam+1","Ball Lightning"],"picked":"Force Field","floor":22.0},{"not_picked":["Streamline","Beam Cell"],"picked":"Stack","floor":22.0},{"not_picked":["Fission","Multi-Cast"],"picked":"Defragment","floor":24.0},{"not_picked":["Darkness","Sweeping Beam","Barrage"],"picked":"SKIP","floor":27.0},{"not_picked":["Stack","Streamline"],"picked":"Cold Snap","floor":28.0},{"not_picked":["Turbo","Rebound","Hello World"],"picked":"SKIP","floor":28.0},{"not_picked":["Turbo","Rebound","Hello World"],"picked":"SKIP","floor":28.0},{"not_picked":["Creative AI","Leap+1"],"picked":"Amplify","floor":29.0},{"not_picked":["Rebound+1","Steam"],"picked":"Heatsinks","floor":30.0},{"not_picked":["Sweeping Beam+1","Turbo+1","Compile Driver"],"picked":"SKIP","floor":30.0},{"not_picked":["Hyperbeam","Reboot"],"picked":"Electrodynamics","floor":33.0},{"not_picked":["Go for the Eyes+1","Steam+1"],"picked":"Static Discharge+1","floor":35.0},{"not_picked":["Coolheaded+1","Go for the Eyes"],"picked":"Fusion+1","floor":35.0},{"not_picked":["Sweeping Beam+1","Steam","Scrape+1"],"picked":"SKIP","floor":36.0},{"not_picked":["Go for the Eyes+1","Conserve Battery","Streamline+1"],"picked":"SKIP","floor":36.0},{"not_picked":["Steam","Coolheaded","Redo"],"picked":"SKIP","floor":38.0},{"not_picked":["Recycle+1","Hello World+1","Rebound"],"picked":"SKIP","floor":38.0},{"not_picked":["Swift Strike","HandOfGreed"],"picked":"Thinking Ahead","floor":39.0},{"not_picked":["Enlightenment","PanicButton"],"picked":"Discovery","floor":39.0},{"not_picked":["Panache","Mind Blast"],"picked":"Apotheosis","floor":39.0},{"not_picked":["Cold Snap+1","FTL"],"picked":"Capacitor","floor":41.0},{"not_picked":["Gash+1","Beam Cell"],"picked":"Hologram+1","floor":41.0},{"not_picked":["Sunder+1","Hello World+1","Darkness"],"picked":"SKIP","floor":47},{"not_picked":["Conserve Battery","Storm","Redo+1"],"picked":"SKIP","floor":47},{"not_picked":["Melter","Compile Driver+1"],"picked":"Chill","floor":48},{"not_picked":["Leap","Beam Cell+1"],"picked":"Stack+1","floor":48}],"player_experience":167949,"relics_obtained":[{"floor":9.0,"key":"Pen Nib"},{"floor":10.0,"key":"Blood Vial"},{"floor":14.0,"key":"Lantern"},{"floor":24.0,"key":"Toy Ornithopter"},{"floor":26.0,"key":"Juzu Bracelet"},{"floor":27.0,"key":"Happy Flower"},{"floor":29.0,"key":"HornCleat"},{"floor":31.0,"key":"Du-Vu Doll"},{"floor":43.0,"key":"Letter Opener"}],"event_choices":[{"damage_healed":0.0,"max_hp_gain":5.0,"max_hp_loss":0.0,"gold_gain":0.0,"event_name":"Big Fish","player_choice":"Donut","floor":11.0,"gold_loss":0.0,"damage_taken":0.0},{"damage_healed":0.0,"max_hp_gain":0.0,"max_hp_loss":0.0,"gold_gain":99.0,"event_name":"Nest","player_choice":"Stole From Cult","floor":19.0,"gold_loss":0.0,"damage_taken":0.0},{"damage_healed":0.0,"max_hp_gain":0.0,"max_hp_loss":0.0,"gold_gain":0.0,"event_name":"Masked Bandits","player_choice":"Paid Fearfully","floor":21.0,"gold_loss":8.0,"damage_taken":0.0},{"damage_healed":0.0,"max_hp_gain":0.0,"max_hp_loss":0.0,"gold_gain":0.0,"event_name":"SensoryStone","player_choice":"Memory 3","floor":39.0,"gold_loss":0.0,"damage_taken":10.0}],"is_beta":false,"boss_relics":[{"not_picked":["Tiny House","Astrolabe"],"picked":"FrozenCore"},{"not_picked":["Runic Pyramid","Coffee Dripper"],"picked":"Cursed Key"}],"items_purged_floors":[37],"is_endless":false,"potions_floor_spawned":[1,2,5,7,16,22,24,28,30,33,36,38,47],"ascension_level":10}}