{"host":"6fh0uvaoh3e0g6do","time":1613829259,"event":{"mods":["AchievementEnabler","BaseMod","BetterRewards","Colored Map","Colored Powertips","Highlight Path","Hubris","Infinite Spire","Minty Spire (QoL Compilation)","Quick Restart","Replay The Spire","StSLib"],"gold_per_floor":[116,116,291,566,586,616,616,645,645,645,656,656,283,314,314,410,410,423,442,442,458,458,458,458],"floor_reached":23,"language":"ENG","playtime":885,"items_purged":["Pain","Doubt","Regret"],"score":317,"play_id":"6e847d7c-50e3-4613-9e44-db7e9e90a4f0","local_time":"20210220065419","is_ascension_mode":true,"campfire_choices":[{"data":"Perfected Strike","floor":7.0,"key":"SMITH"},{"floor":15.0,"key":"REST"}],"circlet_count":0,"master_deck":["Strike_R","Strike_R","Strike_R","Strike_R","Strike_R","Defend_R","Defend_R","Defend_R","Defend_R","Bash","Inflame+1","Cleave+1","Perfected Strike+1","Heavy Blade","Heavy Blade","Feed","Anger","Bludgeon","Wild Strike","Cleave+1","Perfected Strike+1","Pommel Strike"],"relics":["Burning Blood","NeowsBlessing","Bird Faced Urn","Mango","Lizard Tail","Charon\u0027s Ashes","Ice Cream","WarpedTongs","Guide Book","Replay:Ringing Soul","Painkiller Herb","hubris:FruitBowl","Strawberry","Peace Pipe"],"acts_visited":["Exordium","TheCity"],"potions_floor_usage":[18,23],"damage_taken":[{"damage":0.0,"enemies":"Jaw Worm","floor":1.0,"turns":1.0},{"damage":0.0,"enemies":"Cultist","floor":5.0,"turns":1.0},{"damage":3.0,"enemies":"3 Sentries","floor":6.0,"turns":2.0},{"damage":49.0,"enemies":"Lagavulin","floor":8.0,"turns":6.0},{"damage":0.0,"enemies":"2 Louse","floor":11.0,"turns":2.0},{"damage":42.0,"enemies":"3 Sentries","floor":14.0,"turns":6.0},{"damage":76.0,"enemies":"The Guardian","floor":16.0,"turns":8.0},{"damage":40,"enemies":"3 Byrds","floor":18,"turns":4},{"damage":3,"enemies":"Spheric Guardian","floor":19,"turns":3},{"damage":19,"enemies":"Snake Plant","floor":21,"turns":3},{"damage":33,"enemies":"Slavers","floor":23,"turns":4}],"seed_played":"39948247263518748","potions_obtained":[{"floor":6.0,"key":"Dexterity Potion"},{"floor":14.0,"key":"BlessingOfTheForge"},{"floor":16.0,"key":"SteroidPotion"},{"floor":19,"key":"SpeedPotion"}],"is_trial":false,"path_per_floor":["M","?","?","?","M","E","R","E","T","T","M","?","$","E","R_BF","B",null,"?","?","?","?","T","E"],"character_chosen":"IRONCLAD","items_purchased":["Guide Book","Feed","hubris:FruitBowl","Strawberry","Peace Pipe"],"campfire_rested":1,"item_purchase_floors":[13,13,22,22,22],"current_hp_per_floor":[80,77,77,77,80,94,94,51,51,51,57,57,57,30,60,51,104,79,87,90,80,29,0,0],"gold":458,"neow_bonus":"THREE_ENEMY_KILL","is_daily":false,"chose_seed":false,"campfire_upgraded":1,"win_rate":0.0,"timestamp":1613829259,"path_taken":["M","?","?","?","?","E","R","E","T","?","M","?","$","E","R_BF","BOSS","?","?","?","?","?","E"],"items_purchased_type":["Relic","Card","Relic","Relic","Relic"],"build_version":"2020-12-22","purchased_purges":3,"victory":false,"max_hp_per_floor":[80,80,80,80,80,94,94,94,94,94,94,94,94,101,101,104,104,111,114,117,120,130,130,130],"card_choices":[{"not_picked":["Clash","ReplayTheSpireMod:Strike From Hell"],"picked":"Inflame","floor":1.0},{"not_picked":["ReplayTheSpireMod:Strike From Hell","Power Through"],"picked":"Cleave","floor":5.0},{"not_picked":["Searing Blow","Pummel"],"picked":"Perfected Strike","floor":6.0},{"not_picked":["Body Slam","Hemogenesis"],"picked":"Heavy Blade","floor":8.0},{"not_picked":["Shrug It Off","Thunderclap"],"picked":"Heavy Blade","floor":11.0},{"not_picked":["Dropkick","Burning Pact"],"picked":"Anger","floor":14.0},{"not_picked":["Exhume","Replay:Many Hands"],"picked":"Bludgeon","floor":16.0},{"not_picked":["Disarm","Iron Wave"],"picked":"Wild Strike","floor":18},{"not_picked":["Heavy Blade","True Grit"],"picked":"Cleave+1","floor":19},{"not_picked":["Burning Pact","Massacre"],"picked":"Pommel Strike","floor":21}],"player_experience":25255,"relics_obtained":[{"floor":6.0,"key":"Mango"},{"floor":8.0,"key":"Lizard Tail"},{"floor":9.0,"key":"Charon\u0027s Ashes"},{"floor":10.0,"key":"Ice Cream"},{"floor":14.0,"key":"Replay:Ringing Soul"}],"event_choices":[{"damage_healed":0.0,"max_hp_gain":0.0,"max_hp_loss":0.0,"gold_gain":0.0,"event_name":"Scrap Ooze","player_choice":"Success","floor":2.0,"gold_loss":0.0,"damage_taken":3.0,"relics_obtained":["Bird Faced Urn"]},{"damage_healed":0.0,"max_hp_gain":0.0,"max_hp_loss":0.0,"gold_gain":175.0,"event_name":"Liars Game","player_choice":"AGREE","floor":3.0,"gold_loss":0.0,"damage_taken":0.0,"cards_obtained":["Doubt"]},{"damage_healed":0.0,"max_hp_gain":0.0,"max_hp_loss":0.0,"gold_gain":275.0,"event_name":"Golden Shrine","player_choice":"Desecrate","floor":4.0,"gold_loss":0.0,"damage_taken":0.0,"cards_obtained":["Regret"]},{"damage_healed":0.0,"max_hp_gain":0.0,"max_hp_loss":0.0,"gold_gain":0.0,"event_name":"Accursed Blacksmith","player_choice":"Rummage","floor":12.0,"gold_loss":0.0,"damage_taken":0.0,"relics_obtained":["WarpedTongs"],"cards_obtained":["Pain"]},{"damage_healed":0,"gold_gain":0,"player_choice":"Copied","damage_taken":0,"max_hp_gain":0,"max_hp_loss":0,"event_name":"Duplicator","floor":20,"gold_loss":0,"cards_obtained":["Perfected Strike"]}],"is_beta":false,"boss_relics":[{"not_picked":["Replay:Drink Me","Electric Blood"],"picked":"Painkiller Herb"}],"items_purged_floors":[13,22,22],"is_endless":false,"potions_floor_spawned":[6,14,16,19],"killed_by":"Slavers","ascension_level":3}}