{"host":"sav7uxregyirlf69","time":1613793301,"event":{"mods":["AchievementEnabler","BaseMod","Colored Map","DeckTracker","Keyboard Shortcuts","Minty Spire (QoL Compilation)","READ ME - Guardian Mod","StSLib","SuperFastMode"],"gold_per_floor":[114,39,57,57,67,67,95,95,165,190,190,213,213,233,233,233,233],"floor_reached":16,"language":"KOR","playtime":255,"items_purged":["Strike_R"],"score":204,"play_id":"d682d1e5-62ef-4403-a5ba-8f117e95266c","local_time":"20210220125501","is_ascension_mode":true,"campfire_choices":[{"data":"Feel No Pain","floor":6,"key":"SMITH"},{"floor":11,"key":"REST"},{"data":"True Grit","floor":15,"key":"SMITH"}],"circlet_count":0,"master_deck":["AscendersBane","Strike_R","Strike_R","Strike_R","Strike_R","Defend_R","Defend_R","Defend_R","Bash","Infernal Blade","Evolve","Feel No Pain+1","Power Through","True Grit+1"],"relics":["Burning Blood","Centennial Puzzle","Orichalcum","Golden Idol","Question Card"],"acts_visited":["Exordium"],"potions_floor_usage":[10,10],"damage_taken":[{"damage":7,"enemies":"Cultist","floor":1,"turns":4},{"damage":6,"enemies":"Jaw Worm","floor":3,"turns":4},{"damage":7,"enemies":"Small Slimes","floor":5,"turns":4},{"damage":59,"enemies":"Gremlin Nob","floor":7,"turns":5},{"damage":6,"enemies":"Gremlin Gang","floor":10,"turns":5},{"damage":11,"enemies":"3 Louse","floor":12,"turns":6},{"damage":15,"enemies":"Lots of Slimes","floor":14,"turns":8},{"damage":31,"enemies":"The Guardian","floor":16,"turns":2}],"seed_played":"4281123174738402120","potions_obtained":[{"floor":1,"key":"SneckoOil"},{"floor":5,"key":"Swift Potion"},{"floor":10,"key":"Block Potion"}],"is_trial":false,"path_per_floor":["M","$","M","$","M","R","E","?","T","M","R","M","?","M","R","B"],"character_chosen":"IRONCLAD","items_purchased":[],"campfire_rested":1,"item_purchase_floors":[],"current_hp_per_floor":[67,67,67,67,66,66,13,13,13,13,33,28,28,19,19,0,0],"gold":233,"neow_bonus":"RANDOM_COMMON_RELIC","is_daily":false,"chose_seed":false,"campfire_upgraded":2,"win_rate":0.0,"timestamp":1613793301,"path_taken":["M","?","M","$","M","R","E","?","T","M","R","M","?","M","R","BOSS"],"items_purchased_type":[],"build_version":"2020-12-22","purchased_purges":1,"victory":false,"max_hp_per_floor":[75,75,75,75,75,75,75,68,68,68,68,68,68,68,68,68,68],"card_choices":[{"not_picked":["Sever Soul","Clash"],"picked":"Infernal Blade","floor":1},{"not_picked":["Wild Strike","True Grit"],"picked":"Evolve","floor":3},{"not_picked":["Dropkick","Warcry"],"picked":"Feel No Pain","floor":5},{"not_picked":["Twin Strike","Iron Wave","Clash"],"picked":"SKIP","floor":7},{"not_picked":["Dual Wield","Warcry","Second Wind"],"picked":"Power Through","floor":10},{"not_picked":["Clash","Thunderclap","Sword Boomerang","Entrench"],"picked":"SKIP","floor":12},{"not_picked":["Sword Boomerang","Reckless Charge","Havoc"],"picked":"True Grit","floor":14}],"player_experience":1629274,"relics_obtained":[{"floor":7,"key":"Orichalcum"},{"floor":9,"key":"Question Card"}],"event_choices":[{"damage_healed":0,"gold_gain":0,"player_choice":"Lose Max HP","damage_taken":0,"relics_obtained":["Golden Idol"],"max_hp_gain":0,"max_hp_loss":7,"event_name":"Golden Idol","floor":8,"gold_loss":0},{"cards_removed":["Defend_R"],"damage_healed":0,"gold_gain":0,"player_choice":"Purged","damage_taken":0,"max_hp_gain":0,"max_hp_loss":0,"event_name":"Purifier","floor":13,"gold_loss":0}],"is_beta":false,"boss_relics":[],"items_purged_floors":[2],"is_endless":false,"potions_floor_spawned":[1,5,10],"killed_by":"The Guardian","ascension_level":20}}