{"host":"08xvxt5w1s7zc7e5","time":1613791782,"event":{"mods":["AchievementEnabler","BaseMod","DeckTracker","Minty Spire (QoL Compilation)","Quick Restart","StSLib","SuperFastMode"],"gold_per_floor":[117,134,146,71,83,83,112,124,151,168,178,196,17,45,45,147,147,166,106,306,0,18,18,28,5,75,92,92,126,126,126],"floor_reached":30,"language":"KOR","playtime":833,"items_purged":["Strike_G"],"score":370,"play_id":"1580b488-20b1-4fce-9224-63a626617b3d","local_time":"20210220122942","is_ascension_mode":true,"campfire_choices":[{"data":"Neutralize","floor":6.0,"key":"SMITH"},{"data":"Noxious Fumes","floor":15.0,"key":"SMITH"},{"data":"Calculated Gamble","floor":23,"key":"SMITH"},{"data":"Caltrops","floor":28,"key":"SMITH"}],"circlet_count":0,"master_deck":["Strike_G","Strike_G","Strike_G","Defend_G","Defend_G","Defend_G","Survivor","Neutralize+1","Bouncing Flask","Poisoned Stab","Noxious Fumes+1","Bane","Blur","PiercingWail","Dagger Spray","Deadly Poison","Caltrops+1","After Image","After Image","Sucker Punch+1","After Image+1","Doppelganger+1","Calculated Gamble+1","Backflip","Venomology"],"relics":["Ring of the Snake","NeowsBlessing","Pocketwatch","Toy Ornithopter","TwistedFunnel","Boot","Astrolabe","Dead Branch","InkBottle","Akabeko"],"acts_visited":["Exordium","TheCity"],"potions_floor_usage":[27],"damage_taken":[{"damage":0.0,"enemies":"Small Slimes","floor":1.0,"turns":1.0},{"damage":0.0,"enemies":"Cultist","floor":2.0,"turns":1.0},{"damage":0.0,"enemies":"2 Louse","floor":3.0,"turns":1.0},{"damage":1.0,"enemies":"Red Slaver","floor":5.0,"turns":3.0},{"damage":21.0,"enemies":"3 Sentries","floor":7.0,"turns":7.0},{"damage":16.0,"enemies":"Lots of Slimes","floor":8.0,"turns":5.0},{"damage":2.0,"enemies":"2 Fungi Beasts","floor":10.0,"turns":4.0},{"damage":4.0,"enemies":"Large Slime","floor":11.0,"turns":5.0},{"damage":7.0,"enemies":"Blue Slaver","floor":12.0,"turns":4.0},{"damage":2.0,"enemies":"Lagavulin","floor":14.0,"turns":4.0},{"damage":17.0,"enemies":"The Guardian","floor":16.0,"turns":8.0},{"damage":8,"enemies":"3 Byrds","floor":18,"turns":3},{"damage":6,"enemies":"2 Thieves","floor":19,"turns":4},{"damage":13,"enemies":"Shelled Parasite and Fungi","floor":22,"turns":5},{"damage":1,"enemies":"Centurion and Healer","floor":24,"turns":8},{"damage":0,"enemies":"Chosen and Byrds","floor":27,"turns":5},{"damage":31,"enemies":"Book of Stabbing","floor":29,"turns":6},{"damage":5,"enemies":"Cultist and Chosen","floor":30,"turns":1}],"seed_played":"-1796536964091068890","potions_obtained":[{"floor":1.0,"key":"Weak Potion"},{"floor":2.0,"key":"Regen Potion"},{"floor":5.0,"key":"DistilledChaos"},{"floor":16.0,"key":"SteroidPotion"},{"floor":24,"key":"LiquidBronze"},{"floor":29,"key":"BlessingOfTheForge"}],"is_trial":false,"path_per_floor":["M","M","M","$","M","R","E","M","T","M","M","M","$","E","R","B",null,"M","M","?","$","M","R","M","$","T","M","R","E","M"],"character_chosen":"THE_SILENT","items_purchased":["TwistedFunnel","Caltrops","Dead Branch","Backflip"],"campfire_rested":0,"item_purchase_floors":[13,13,21,25],"current_hp_per_floor":[63,63,63,63,62,62,41,39,39,37,33,26,26,34,34,17,57,49,43,43,43,30,30,29,29,29,34,34,3,0,0],"gold":126,"neow_bonus":"THREE_ENEMY_KILL","is_daily":false,"chose_seed":false,"campfire_upgraded":4,"win_rate":0.0,"timestamp":1613791782,"path_taken":["M","M","M","$","M","R","E","M","T","M","M","M","$","E","R","BOSS","M","M","?","$","M","R","M","?","T","M","R","E","M"],"items_purchased_type":["Relic","Card","Relic","Card"],"build_version":"2020-12-22","purchased_purges":1,"victory":false,"max_hp_per_floor":[70,70,70,70,70,70,70,70,70,70,70,70,70,70,70,70,70,70,70,70,70,70,70,70,70,70,70,70,70,70,70],"card_choices":[{"not_picked":["Prepared","Underhanded Strike"],"picked":"Bouncing Flask","floor":1.0},{"not_picked":["Dagger Spray","Infinite Blades"],"picked":"Poisoned Stab","floor":2.0},{"not_picked":["Bane","Blur"],"picked":"Noxious Fumes","floor":3.0},{"not_picked":["Setup","Outmaneuver"],"picked":"Bane","floor":5.0},{"not_picked":["Bane","Blade Dance"],"picked":"Blur","floor":7.0},{"not_picked":["Malaise","Dodge and Roll"],"picked":"PiercingWail","floor":8.0},{"not_picked":["Outmaneuver","Flying Knee","Prepared"],"picked":"SKIP","floor":10.0},{"not_picked":["Dodge and Roll","Predator"],"picked":"Dagger Spray","floor":11.0},{"not_picked":["Cloak And Dagger","Outmaneuver"],"picked":"Deadly Poison","floor":12.0},{"not_picked":["Eviscerate","PiercingWail"],"picked":"After Image","floor":14.0},{"not_picked":["Tools of the Trade","Night Terror"],"picked":"After Image","floor":16.0},{"not_picked":["Deflect","Blade Dance+1"],"picked":"Calculated Gamble","floor":18},{"not_picked":["Blade Dance","Noxious Fumes","Deflect"],"picked":"SKIP","floor":19},{"not_picked":["Setup","Quick Slash","Dagger Spray"],"picked":"SKIP","floor":22},{"not_picked":["Bane","Flying Knee+1","Distraction"],"picked":"SKIP","floor":24},{"not_picked":["Cloak And Dagger","Dagger Spray+1","Bouncing Flask"],"picked":"SKIP","floor":27},{"not_picked":["Riddle With Holes+1","Deflect+1"],"picked":"Venomology","floor":29}],"player_experience":393018,"relics_obtained":[{"floor":7.0,"key":"Pocketwatch"},{"floor":9.0,"key":"Toy Ornithopter"},{"floor":14.0,"key":"Boot"},{"floor":26,"key":"InkBottle"},{"floor":29,"key":"Akabeko"}],"event_choices":[{"damage_healed":0,"gold_gain":200,"player_choice":"Gold","damage_taken":0,"max_hp_gain":0,"max_hp_loss":0,"event_name":"Wheel of Change","floor":20,"gold_loss":0}],"is_beta":false,"boss_relics":[{"not_picked":["Velvet Choker","Runic Pyramid"],"picked":"Astrolabe"}],"items_purged_floors":[4],"is_endless":false,"potions_floor_spawned":[1,2,5,16,24,29],"killed_by":"Cultist and Chosen","ascension_level":8}}