{"host":"sncdgiue1dtzeg79","time":1613782569,"event":{"mods":["Aspiration","BaseMod","Beaked The Cultist","ChefMod","Colored Powertips","Hubris","Jorbs\u0027s Wanderer Trilogy","Minty Spire (QoL Compilation)","Reliquary","StSLib","Swap Starting Deck Mod","The Bladedancer","The Cursed","The Forsaken","The Hierophant","The Marked","The Necromancer","The Runesmith","The Wild Card","Weighted Paths"],"gold_per_floor":[212,225,225,241,241,258,258,276,300,300,312,237,251,270,270,372,372,389,389,363,373,389,389,412,168,168,168,183,183,83,103,103,208,208,227,227,102,114,124,124,159,159,159,171,171,190,201,218,218,218],"floor_reached":51,"language":"ENG","playtime":3517,"items_purged":["blademaster:Strike","blademaster:Defend","blademaster:Strike"],"score":677,"play_id":"48a19180-30a5-4d70-b079-a614fe567b1b","local_time":"20210220015609","is_ascension_mode":false,"campfire_choices":[{"data":"blademaster:EyeOfTheTornado","floor":7.0,"key":"SMITH"},{"data":"blademaster:SharpBlades","floor":10.0,"key":"SMITH"},{"data":"blademaster:EyeOfTheStorm","floor":15.0,"key":"SMITH"},{"floor":23.0,"key":"REST"},{"floor":29.0,"key":"REST"},{"floor":32.0,"key":"REST"},{"data":"blademaster:EyeOfTheStorm","floor":40.0,"key":"SMITH"},{"data":"blademaster:EnchantedCuirass","floor":42.0,"key":"SMITH"},{"floor":45.0,"key":"REST"},{"floor":49.0,"key":"REST"}],"circlet_count":0,"master_deck":["blademaster:Strike+1","blademaster:Defend","blademaster:Defend","blademaster:Defend","blademaster:RagingBlow","blademaster:HighVoltage","blademaster:Overcharge","blademaster:EyeOfTheTornado+1","blademaster:Frontflip","blademaster:SharpBlades+1","blademaster:AspectOfWind","blademaster:CullingStrike","blademaster:KiBarrier","blademaster:EyeOfTheStorm+1","blademaster:ThunderingOpener+1","blademaster:DragonStrike","blademaster:Safeguard+1","blademaster:ThunderSlash+1","blademaster:AwakeningDefend+1","blademaster:EnchantedCuirass+1","blademaster:ThunderSlash+1","blademaster:EyeOfTheStorm+1","blademaster:EyeOfTheStorm+1"],"relics":["blademaster:DancersAmulet","aspiration:HiddenCompartment","Regal Pillow","Question Card","aspiration:MobileForge","Whetstone","The Courier","Cursed Key"],"acts_visited":["Exordium","TheCity","TheBeyond"],"potions_floor_usage":[50,50],"damage_taken":[{"damage":0.0,"enemies":"Cultist","floor":1.0,"turns":5.0},{"damage":1.0,"enemies":"Jaw Worm","floor":2.0,"turns":5.0},{"damage":7.0,"enemies":"2 Louse","floor":4.0,"turns":7.0},{"damage":2.0,"enemies":"2 Fungi Beasts","floor":6.0,"turns":6.0},{"damage":4.0,"enemies":"Exordium Wildlife","floor":8.0,"turns":6.0},{"damage":9.0,"enemies":"Looter","floor":11.0,"turns":3.0},{"damage":8.0,"enemies":"Red Slaver","floor":13.0,"turns":5.0},{"damage":3.0,"enemies":"3 Louse","floor":14.0,"turns":6.0},{"damage":26.0,"enemies":"Hexaghost","floor":16.0,"turns":14.0},{"damage":10.0,"enemies":"Spheric Guardian","floor":18.0,"turns":8.0},{"damage":18.0,"enemies":"2 Thieves","floor":20.0,"turns":5.0},{"damage":23.0,"enemies":"Snake Plant","floor":21.0,"turns":6.0},{"damage":13.0,"enemies":"Cultist and Chosen","floor":22.0,"turns":7.0},{"damage":20.0,"enemies":"Snecko","floor":28.0,"turns":5.0},{"damage":16.0,"enemies":"Centurion and Healer","floor":31.0,"turns":6.0},{"damage":55.0,"enemies":"hubris:MusketHawk","floor":33.0,"turns":8.0},{"damage":7.0,"enemies":"3 Shapes","floor":35.0,"turns":6.0},{"damage":5.0,"enemies":"Orb Walker","floor":38.0,"turns":5.0},{"damage":7.0,"enemies":"Maw","floor":39.0,"turns":7.0},{"damage":28.0,"enemies":"Giant Head","floor":41.0,"turns":8.0},{"damage":9.0,"enemies":"Jaw Worm Horde","floor":44.0,"turns":5.0},{"damage":5.0,"enemies":"3 Darklings","floor":46.0,"turns":7.0},{"damage":29.0,"enemies":"Transient","floor":47.0,"turns":5.0},{"damage":2.0,"enemies":"Sphere and 2 Shapes","floor":48.0,"turns":6.0},{"damage":49,"enemies":"Awakened One","floor":50,"turns":11}],"seed_played":"6350296105849040093","potions_obtained":[{"floor":4.0,"key":"Fire Potion"},{"floor":8.0,"key":"SkillPotion"},{"floor":16.0,"key":"SpeedPotion"},{"floor":20.0,"key":"Weak Potion"},{"floor":22.0,"key":"Swift Potion"},{"floor":33.0,"key":"FairyPotion"},{"floor":35.0,"key":"Weak Potion"},{"floor":44.0,"key":"GamblersBrew"},{"floor":46.0,"key":"BlessingOfTheForge"},{"floor":47.0,"key":"Fire Potion"}],"is_trial":false,"path_per_floor":["M","M","?","M","$","M","R","M","T","R","M","$","M","M","R","B",null,"M","?","M","M","M","R","T","$","T","?","M","R","$","M","R","B",null,"M","?","$","M","M","R","E","R","T","M","R","M","M","M","R","B",null],"character_chosen":"THE_BLADEMASTER","items_purchased":["Regal Pillow","Dexterity Potion","Dexterity Potion"],"campfire_rested":5,"item_purchase_floors":[25,25,25],"current_hp_per_floor":[75,74,74,67,67,65,65,61,61,61,52,52,44,41,41,15,75,65,73,55,32,19,41,41,41,41,41,21,58,58,42,75,20,75,68,68,68,63,61,61,33,33,33,24,61,56,27,25,62,13],"gold":218,"neow_bonus":"HUNDRED_GOLD","is_daily":false,"chose_seed":false,"campfire_upgraded":5,"win_rate":0.0,"timestamp":1613782569,"path_taken":["M","M","?","?","$","M","R","M","T","R","M","$","M","M","R","BOSS","M","?","M","M","?","R","?","$","T","?","M","R","?","M","R","BOSS","M","?","$","M","M","R","E","R","T","M","R","M","M","M","R","BOSS"],"items_purchased_type":["Relic","Potion","Potion"],"build_version":"2020-12-22","purchased_purges":3,"victory":true,"max_hp_per_floor":[75,75,75,75,75,75,75,75,75,75,75,75,75,75,75,75,75,75,75,75,75,75,75,75,75,75,75,75,75,75,75,75,75,75,75,75,75,75,75,75,75,75,75,75,75,75,75,75,75,75],"card_choices":[{"not_picked":["blademaster:Flurry","blademaster:DaggerAndCloak"],"picked":"blademaster:Overcharge","floor":1.0},{"not_picked":["blademaster:AspectOfLightning","blademaster:Stability"],"picked":"blademaster:EyeOfTheTornado","floor":2.0},{"not_picked":["blademaster:LightningCrash","blademaster:BladeMastery"],"picked":"blademaster:SharpBlades","floor":4.0},{"not_picked":["blademaster:Sunder","blademaster:KiBarrier"],"picked":"blademaster:AspectOfWind","floor":6.0},{"not_picked":["blademaster:Thrust","blademaster:IcyWind"],"picked":"blademaster:CullingStrike","floor":8.0},{"not_picked":["blademaster:UnrelentingWind","blademaster:Sunder"],"picked":"blademaster:KiBarrier","floor":11.0},{"not_picked":["blademaster:Slice","blademaster:DragonStrike"],"picked":"blademaster:EyeOfTheStorm","floor":13.0},{"not_picked":["blademaster:Quickstep","blademaster:Cut","blademaster:SharpBlades"],"picked":"SKIP","floor":14.0},{"not_picked":["blademaster:Slice","blademaster:SlyStabs+1"],"picked":"blademaster:ThunderingOpener+1","floor":18.0},{"not_picked":["blademaster:AwakeningDefend","blademaster:Sunder+1"],"picked":"blademaster:DragonStrike","floor":20.0},{"not_picked":["blademaster:Rupture","blademaster:DaggerAndCloak"],"picked":"blademaster:Safeguard+1","floor":21.0},{"not_picked":["blademaster:CombatPrep","blademaster:BladeCross+1"],"picked":"blademaster:ThunderSlash","floor":22.0},{"not_picked":["blademaster:Flash","blademaster:KiBarrier","blademaster:CullingStrike"],"picked":"blademaster:AwakeningDefend+1","floor":28.0},{"not_picked":["blademaster:Frontflip","blademaster:SharpBlades","blademaster:Cut","blademaster:Quickstep"],"picked":"SKIP","floor":31.0},{"not_picked":["blademaster:FlockOfBlades","blademaster:Blindside","blademaster:UnrelentingWind"],"picked":"blademaster:EnchantedCuirass","floor":33.0},{"not_picked":["blademaster:OneTrickPony","blademaster:DancingEdge","blademaster:DeadlyDance+1"],"picked":"blademaster:ThunderSlash+1","floor":35.0},{"not_picked":["blademaster:ThunderSlash+1","blademaster:SlyStabs","blademaster:SharpBlades","blademaster:AspectOfWind"],"picked":"SKIP","floor":38.0},{"not_picked":["blademaster:IcyWind","blademaster:AwakeningStrike+1","blademaster:DancingEdge"],"picked":"blademaster:EyeOfTheStorm","floor":39.0},{"not_picked":["blademaster:DeadlyDance","blademaster:Blindside","blademaster:BrainBloom","blademaster:Stability+1"],"picked":"SKIP","floor":41.0},{"not_picked":["blademaster:Frenzy","blademaster:AspectOfWind+1","blademaster:Quickstep","blademaster:FuriousStrike+1"],"picked":"SKIP","floor":44.0},{"not_picked":["blademaster:FuriousStrike","blademaster:Discharge+1","blademaster:AirSlash+1"],"picked":"blademaster:EyeOfTheStorm+1","floor":46.0},{"not_picked":["blademaster:AirSlash+1","blademaster:AspectOfWind","blademaster:Stability","blademaster:OneTrickPony"],"picked":"SKIP","floor":47.0},{"not_picked":["blademaster:BladeCross+1","blademaster:ThunderSlash","blademaster:Flurry","blademaster:OneTrickPony"],"picked":"SKIP","floor":48.0}],"player_experience":548186,"relics_obtained":[{"floor":24.0,"key":"aspiration:HiddenCompartment"},{"floor":26.0,"key":"Question Card"},{"floor":41.0,"key":"Whetstone"},{"floor":41.0,"key":"blademaster:DextrousPerk"},{"floor":43.0,"key":"The Courier"}],"event_choices":[{"damage_healed":0.0,"max_hp_gain":0.0,"max_hp_loss":0.0,"gold_gain":0.0,"cards_transformed":["blademaster:Strike"],"event_name":"Transmorgrifier","player_choice":"Transformed","floor":3.0,"gold_loss":0.0,"damage_taken":0.0,"cards_obtained":["blademaster:Frontflip"]},{"damage_healed":0.0,"max_hp_gain":0.0,"max_hp_loss":0.0,"gold_gain":0.0,"event_name":"Vampires","player_choice":"Ignored","floor":27.0,"gold_loss":0.0,"damage_taken":0.0},{"damage_healed":0.0,"max_hp_gain":0.0,"max_hp_loss":0.0,"gold_gain":0.0,"event_name":"Mysterious Sphere","player_choice":"Ignored","floor":36.0,"gold_loss":0.0,"damage_taken":0.0}],"is_beta":false,"boss_relics":[{"not_picked":["Pandora\u0027s Box","aspiration:FutureDiary"],"picked":"hubris:CrackedHourglass"},{"not_picked":["theForsaken:PaleLantern","hubris:Stopwatch"],"picked":"aspiration:MobileForge"}],"items_purged_floors":[12,30,37],"is_endless":false,"potions_floor_spawned":[4,8,16,20,22,31,33,35,44,46,47],"ascension_level":0}}