{"host":"zno6693rqofarng1","time":1613829137,"event":{"mods":["Act Like it!","Arknights","BaseMod","Marisa£®ÏF”Í°°ƒß¿Ì…≥£©","Minty Spire (QoL Compilation)","StSLib"],"gold_per_floor":[116,116,131,148,47,47,84,141,141,141,141,185,185,240,240,403,403,449,498,544,221,272,272,345,20,20,20,20,76,127,147,147,303,303,349,3,56,1055,1111,1111,1111,1111],"floor_reached":41,"language":"ZHS","playtime":3721,"items_purged":["Strike_MRS","Strike_MRS","Strike_MRS"],"score":492,"play_id":"3d5b588e-4467-4378-9b00-352730e4cc5d","local_time":"20210220215217","is_ascension_mode":false,"campfire_choices":[{"data":"WitchOfGreed","floor":6.0,"key":"SMITH"},{"floor":10.0,"key":"REST"},{"floor":15.0,"key":"REST"},{"floor":23.0,"key":"REST"},{"floor":28.0,"key":"REST"},{"floor":32,"key":"REST"},{"floor":40,"key":"REST"}],"circlet_count":0,"master_deck":["Strike_MRS","Defend_MRS","Defend_MRS","Defend_MRS","Defend_MRS","MasterSpark","SuperPerseids+1","StarlightTyphoon","PowerUp","Acceleration","WitchOfGreed+1","MeteoricShower","PowerUp","BinaryStars","UltimateShortwave","MaximisePower","OpenUniverse","DarkMatter+1","OrrerysSun","PulseMagic","PropBag","Pain","StarDustReverie","GravityBeat","MillisecondPulsars","EventHorizon+1","EscapeVelocity","Normality","Normality","PropBag"],"relics":["MiniHakkero","Pocketwatch","TungstenRod","Golden Idol","Cursed Key","InkBottle","Ice Cream","Unceasing Top","Nloth\u0027s Gift","Sozu","Medical Kit"],"acts_visited":["Exordium","TheCity","TheBeyond"],"potions_floor_usage":[33,33],"damage_taken":[{"damage":0.0,"enemies":"ats:Genji","floor":1.0,"turns":1.0},{"damage":0.0,"enemies":"Cultist","floor":3.0,"turns":1.0},{"damage":0.0,"enemies":"Small Slimes","floor":4.0,"turns":1.0},{"damage":16.0,"enemies":"3 Louse","floor":7.0,"turns":5.0},{"damage":17.0,"enemies":"3 Sentries","floor":8.0,"turns":4.0},{"damage":7.0,"enemies":"Large Slime","floor":12.0,"turns":5.0},{"damage":21.0,"enemies":"Exordium Thugs","floor":14.0,"turns":4.0},{"damage":12.0,"enemies":"Hexaghost","floor":16.0,"turns":8.0},{"damage":4.0,"enemies":"3 Byrds","floor":18.0,"turns":4.0},{"damage":0.0,"enemies":"Spheric Guardian","floor":19.0,"turns":3.0},{"damage":29.0,"enemies":"Cultist and Chosen","floor":20.0,"turns":7.0},{"damage":31.0,"enemies":"Sentry and Sphere","floor":22.0,"turns":5.0},{"damage":30.0,"enemies":"Book of Stabbing","floor":24.0,"turns":7.0},{"damage":5.0,"enemies":"3 Cultists","floor":29.0,"turns":5.0},{"damage":14.0,"enemies":"Snake Plant","floor":30.0,"turns":4.0},{"damage":4,"enemies":"Snecko","floor":31,"turns":3},{"damage":32,"enemies":"Champ","floor":33,"turns":7},{"damage":36,"enemies":"3 Shapes","floor":35,"turns":4},{"damage":4,"enemies":"Orb Walker","floor":37,"turns":3},{"damage":26,"enemies":"Sphere and 2 Shapes","floor":39,"turns":4},{"damage":45,"enemies":"Writhing Mass","floor":41,"turns":2}],"seed_played":"-5443490463158750012","potions_obtained":[{"floor":4.0,"key":"Weak Potion"},{"floor":7.0,"key":"Weak Potion"},{"floor":8.0,"key":"SteroidPotion"},{"floor":12.0,"key":"GamblersBrew"},{"floor":16.0,"key":"EssenceOfSteel"},{"floor":16.0,"key":"ShroomBrew"},{"floor":19.0,"key":"FairyPotion"},{"floor":24.0,"key":"PowerPotion"},{"floor":29.0,"key":"DuplicationPotion"},{"floor":30.0,"key":"FearPotion"},{"floor":30.0,"key":"SteroidPotion"},{"floor":33,"key":"FearPotion"}],"is_trial":false,"path_per_floor":["M","?","M","M","$","R","M","E","T","R","?","M","?","M","R","B",null,"M","M","M","$","M","R","E","$","T","?","R","M","M","M","R","B",null,"M","$","M","?","M","R","M"],"character_chosen":"MARISA","items_purchased":["Acceleration","WitchOfGreed","InkBottle","OrrerysSun","PulseMagic","PropBag","EscapeVelocity","Medical Kit"],"campfire_rested":6,"item_purchase_floors":[5,5,21,25,25,25,36,36],"current_hp_per_floor":[75,75,75,75,75,75,59,42,42,64,64,57,40,19,41,29,75,71,71,42,42,11,33,3,3,3,3,25,20,6,2,24,22,75,39,39,35,35,9,31,0,0],"gold":1111,"neow_bonus":"THREE_ENEMY_KILL","is_daily":false,"chose_seed":false,"campfire_upgraded":1,"win_rate":0.0,"timestamp":1613829137,"path_taken":["M","?","M","M","$","R","?","E","T","R","?","M","?","M","R","BOSS","M","M","M","$","M","R","E","$","T","?","R","M","M","M","R","BOSS","M","$","M","?","M","R","M"],"items_purchased_type":["Card","Card","Relic","Card","Card","Card","Card","Relic"],"build_version":"2020-12-22","purchased_purges":3,"victory":false,"max_hp_per_floor":[75,75,75,75,75,75,75,75,75,75,75,75,75,75,75,75,75,75,75,75,75,75,75,75,75,75,75,75,75,75,75,75,75,75,75,75,75,75,75,75,75,75],"card_choices":[{"not_picked":["DoubleSpark","BlazeAway"],"picked":"SuperPerseids","floor":1.0},{"not_picked":["DoubleSpark","GravityBeat"],"picked":"StarlightTyphoon","floor":3.0},{"not_picked":["DoubleSpark","WitchLeyline"],"picked":"PowerUp","floor":4.0},{"not_picked":["BinaryStars","WitchOfGreed"],"picked":"MeteoricShower","floor":7.0},{"not_picked":["MagicChant","DC"],"picked":"PowerUp","floor":8.0},{"not_picked":["ManaConvection","StarBarrage"],"picked":"UltimateShortwave","floor":12.0},{"not_picked":["NonDirectionalLaser","PowerUp","UnstableBomb"],"picked":"SKIP","floor":14.0},{"not_picked":["TreasureHunter","BlazingStar"],"picked":"MaximisePower","floor":16.0},{"not_picked":["GrandCross","DarkSpark+1","AsteroidBelt+1"],"picked":"SKIP","floor":18.0},{"not_picked":["PowerUp","UnstableBomb","DoubleSpark+1"],"picked":"SKIP","floor":19.0},{"not_picked":["MilkyWay","EarthLightRay"],"picked":"OpenUniverse","floor":20.0},{"not_picked":["Occultation","StarBarrage+1","DC"],"picked":"SKIP","floor":22.0},{"not_picked":["FairyDestructionRay","WitchLeyline"],"picked":"DarkMatter+1","floor":24.0},{"not_picked":["UnstableBomb","AsteroidBelt+1","ChargingUp+1"],"picked":"SKIP","floor":29.0},{"not_picked":["IllusionStar","MilkyWay"],"picked":"StarDustReverie","floor":30.0},{"not_picked":["NonDirectionalLaser","MeteoricShower"],"picked":"GravityBeat","floor":31},{"not_picked":["FinalSpark","BinaryStars"],"picked":"MillisecondPulsars","floor":33},{"not_picked":["DeepEcoloBomb+1","AbsoluteMagnitude"],"picked":"EventHorizon+1","floor":35},{"not_picked":["PowerUp","DC+1","AsteroidBelt"],"picked":"SKIP","floor":37},{"not_picked":["Acceleration","DragonMeteor"],"picked":"PropBag","floor":39}],"player_experience":38685,"relics_obtained":[{"floor":8.0,"key":"Pocketwatch"},{"floor":9.0,"key":"TungstenRod"},{"floor":24.0,"key":"Ice Cream"},{"floor":26.0,"key":"Unceasing Top"}],"event_choices":[{"damage_healed":0.0,"max_hp_gain":0.0,"max_hp_loss":0.0,"gold_gain":0.0,"event_name":"Upgrade Shrine","player_choice":"Upgraded","floor":2.0,"gold_loss":0.0,"damage_taken":0.0,"cards_upgraded":["SuperPerseids"]},{"damage_healed":0.0,"max_hp_gain":0.0,"max_hp_loss":0.0,"gold_gain":0.0,"cards_transformed":["UpSweep"],"event_name":"Living Wall","player_choice":"Change","floor":11.0,"gold_loss":0.0,"damage_taken":0.0,"cards_obtained":["BinaryStars"]},{"damage_healed":0.0,"max_hp_gain":0.0,"max_hp_loss":0.0,"gold_gain":0.0,"event_name":"Golden Idol","player_choice":"Take Damage","floor":13.0,"gold_loss":0.0,"damage_taken":18.0,"relics_obtained":["Golden Idol"]},{"damage_healed":0.0,"max_hp_gain":0.0,"max_hp_loss":0.0,"gold_gain":0.0,"event_name":"N\u0027loth","player_choice":"Traded Relic","floor":27.0,"relics_lost":["NeowsBlessing"],"gold_loss":0.0,"damage_taken":0.0,"relics_obtained":["Nloth\u0027s Gift"]},{"damage_healed":0,"gold_gain":999,"player_choice":"Gold","damage_taken":0,"max_hp_gain":0,"max_hp_loss":0,"event_name":"MindBloom","floor":38,"gold_loss":0,"cards_obtained":["Normality","Normality"]}],"is_beta":false,"boss_relics":[{"not_picked":["Busted Crown","ExperimentalFamiliar"],"picked":"Cursed Key"},{"not_picked":["Snecko Eye","Runic Dome"],"picked":"Sozu"}],"items_purged_floors":[21,25,36],"is_endless":false,"potions_floor_spawned":[4,16,19,20,22,30,37],"killed_by":"Writhing Mass","ascension_level":0}}