{"host":"bbld1ic1uj90ldt9","time":1613838474,"event":{"mods":["2.2 Compatiblity","AchievementEnabler","Act Like it!","BaseMod","Better Third Choice","Conspire","Downfall","Emptier Cage","Gensokyo","Hallownest","Hermit","Highlight Path","Hubris","Marisa????????","Minty Spire (QoL Compilation)","Random Character Button","Replay The Spire","StSLib","The Animator","The Bug Knight","The Cursed","The Disciple","The Hierophant","The Jungle","The Runesmith","The Servant 0.9.4"],"gold_per_floor":[99,119,129,143,143,14,14,41,0,0,19,19,39,24,40,137,137,37,57,74,74,91,109,132,32,49,49,34,51,64,64,64,49,61,166,166,66,77,268,287,287,69,92,125,125,144,144,161,161,174,184,184,184,213,9,9,9,9],"floor_reached":59,"language":"FRA","playtime":11394,"items_purged":[],"score":1268,"play_id":"490576b6-5b22-4657-aba7-94f304091b9a","local_time":"20210220172754","is_ascension_mode":true,"campfire_choices":[{"floor":1.0,"key":"REST"},{"floor":10.0,"key":"RECALL"},{"floor":12.0,"key":"REST"},{"data":"ReplayTheSpireMod:Brewmster","floor":25.0,"key":"SMITH"},{"data":"Slimebound:OozeBath","floor":27.0,"key":"SMITH"},{"data":"Slimebound:Gluttony","floor":37,"key":"SMITH"},{"data":"Slimebound:Teamwork","floor":45,"key":"SMITH"},{"data":"Slimebound:Replication","floor":47,"key":"SMITH"},{"data":"Slimebound:SlimeSpikes","floor":56,"key":"SMITH"}],"circlet_count":0,"master_deck":["Slimebound:Strike_Slimebound","Slimebound:Strike_Slimebound","Slimebound:Tackle","Slimebound:Defend_Slimebound","Slimebound:Defend_Slimebound","Slimebound:Defend_Slimebound","Slimebound:Defend_Slimebound","Slimebound:Split","Slimebound:CorrosiveSpit","ReplayTheSpireMod:Brewmster+1","Slimebound:SplitMire","Slimebound:Equalize","Slimebound:AcidTongue","Slimebound:Prepare","Slimebound:ProtectTheBoss","Slimebound:LeechLife","Slimebound:Split","Slimebound:SplitAcid","Slimebound:Gluttony+1","Slimebound:SlimeSpikes","Slimebound:ViciousTackle","Slimebound:OozeBath+1","Slimebound:Grow","Slimebound:LivingWall+1","Slimebound:DisruptingSlam+1","Slimebound:SlimeTap","Slimebound:LeechEnergy+1","Slimebound:Grow+1","Slimebound:LeechEnergy+1","Slimebound:LeechLife","Slimebound:LivingWall","Slimebound:Replication+1","expansioncontent:StudyTheSpire+1","Slimebound:Teamwork+1","Slimebound:Replication+1","Slimebound:SlimeSpikes+1","Slimebound:PrepareCrush","Slimebound:DouseInSlime"],"relics":["Slimebound:AbsorbEndCombat","Gensokyo:CelestialsFlawlessClothing","HollowMod:StagPassRelic","hubris:ToyBattleship","Potion Belt","hubris:BundleOfHerbs","Snecko Eye","downfall:HeartBlessingGreen","downfall:HeartBlessingRed","conspire:SlowCooker","downfall:HeartBlessingBlue","conspire:DeflatedDodgeball","Pet Ghost","hubris:SlimyHat","Replay:Bottled Steam","Anchor","Lee\u0027s Waffle"],"acts_visited":["Gensokyo:Gensokyo","TheCity","Gensokyo:Gensokyoest","TheEnding"],"potions_floor_usage":[30,30,30,33,33,33,34,34,35,35,35,35,35,35,35,35,35,35,35,35,38,40,40,40,40,42,44,44,44,46,46,46,48,48,48,48,50,50,51,51,51,51,51,51,51,51,51,52,52,52,52,52,52,52,54,54,54,54,54,54,54,57,57,57,57,57,57,57,57,57,57,57,57,57,57,57,57,57,57,57,57,57,57,58,58,58,58,58,58,58,58,58,58,58,58,58,58,58,58],"damage_taken":[{"damage":19.0,"enemies":"Gensokyo:3_Fairies","floor":2.0,"turns":6.0},{"damage":1.0,"enemies":"Gensokyo:Python","floor":3.0,"turns":4.0},{"damage":7.0,"enemies":"Gensokyo:2_Kodama","floor":4.0,"turns":5.0},{"damage":16.0,"enemies":"Gensokyo:Cirno","floor":8.0,"turns":9.0},{"damage":6.0,"enemies":"Gensokyo:VengefulSpirit","floor":11.0,"turns":5.0},{"damage":43.0,"enemies":"Gensokyo:2_Rabbits","floor":13.0,"turns":8.0},{"damage":6.0,"enemies":"downfall:FleeingMerchant","floor":14.0,"turns":4.0},{"damage":3.0,"enemies":"Gensokyo:Kitsune","floor":15.0,"turns":2.0},{"damage":26.0,"enemies":"SI_SHIV_ARCHETYPE","floor":16.0,"turns":9.0},{"damage":12.0,"enemies":"Spheric Guardian","floor":19.0,"turns":1.0},{"damage":22.0,"enemies":"downfall:LooterAlt2","floor":20.0,"turns":3.0},{"damage":5.0,"enemies":"conspire:HollyBat","floor":22.0,"turns":6.0},{"damage":13.0,"enemies":"Sentry and Sphere","floor":23.0,"turns":4.0},{"damage":1.0,"enemies":"Snecko","floor":26.0,"turns":5.0},{"damage":18.0,"enemies":"downfall:FleeingMerchant","floor":28.0,"turns":4.0},{"damage":51.0,"enemies":"3 Cultists","floor":29.0,"turns":5.0},{"damage":0,"enemies":"conspire:HollyBat","floor":30,"turns":4},{"damage":8,"enemies":"downfall:FleeingMerchant","floor":33,"turns":4},{"damage":18,"enemies":"Centurion and Healer","floor":34,"turns":8},{"damage":89,"enemies":"DF_ARCHETYPE_CLAW","floor":35,"turns":11},{"damage":0,"enemies":"Gensokyo:AncientGuardian","floor":38,"turns":7},{"damage":9,"enemies":"Gensokyo:3_Boulders","floor":40,"turns":6},{"damage":9,"enemies":"downfall:FleeingMerchant","floor":42,"turns":4},{"damage":9,"enemies":"Gensokyo:Doremy","floor":44,"turns":6},{"damage":0,"enemies":"Gensokyo:SeedOfUnknown","floor":46,"turns":7},{"damage":8,"enemies":"Gensokyo:Sharpion","floor":48,"turns":7},{"damage":23,"enemies":"Gensokyo:Dusk_and_Dawn","floor":50,"turns":5},{"damage":44,"enemies":"Gensokyo:Rafflesia","floor":51,"turns":8},{"damage":23,"enemies":"IC_BLOCK_ARCHETYPE","floor":52,"turns":10},{"damage":144,"enemies":"downfall:CharBossMerchant","floor":54,"turns":14},{"damage":62,"enemies":"downfall:NeowBoss","floor":57,"turns":19},{"damage":130,"enemies":"downfall:NeowBossFinal","floor":58,"turns":17}],"seed_played":"464901235828003379","potions_obtained":[{"floor":3.0,"key":"Strength Potion"},{"floor":4.0,"key":"BlessingOfTheForge"},{"floor":15.0,"key":"Energy Potion"},{"floor":19.0,"key":"ColorlessPotion"},{"floor":23.0,"key":"Strength Potion"},{"floor":30,"key":"Cursed Concoction"},{"floor":35,"key":"Venom Potion"},{"floor":44,"key":"Slimebound:ThreeZeroPotion"},{"floor":46,"key":"Strength Potion"},{"floor":51,"key":"sneckomod:MuddlingPotion"}],"is_trial":false,"path_per_floor":["R","M","M","M","?","COS","T","E","?","R","M","R","M","$","M","B",null,"R","M","M","?","M","M","T","R","M","R","$","M","M","PTL","PTL","$","M","B",null,"R","M","?","M","?","$","T","E","R","M","R","M","?","M","M","B",null,"E","$","R","B","B",null],"character_chosen":"SLIMEBOUND","items_purchased":["conspire:DeflatedDodgeball","Pet Ghost","expansioncontent:StudyTheSpire","Lee\u0027s Waffle","hexamod:SoulburnPotion"],"campfire_rested":2,"item_purchase_floors":[42,42,42,55,55],"current_hp_per_floor":[65,48,53,52,36,36,36,32,52,52,46,65,53,51,58,42,65,65,53,53,53,64,52,52,52,65,65,64,20,48,48,48,65,57,41,65,75,75,57,75,75,68,68,67,67,75,75,75,75,56,34,43,75,49,82,82,46,69],"gold":9,"neow_bonus":"RANDOM_COLORLESS_2","is_daily":false,"chose_seed":false,"campfire_upgraded":6,"win_rate":0.0,"timestamp":1613838474,"path_taken":["R","M","M","M","?","COS","T","E","?","R","M","R","?","$","M","BOSS","R","M","M","?","?","M","T","R","M","R","$","M","M","PTL","PTL","$","M","BOSS","R","M","?","M","?","$","T","E","R","M","R","M","?","?","M","BOSS","E","$","R","BOSS","BOSS"],"items_purchased_type":["Relic","Relic","Card","Relic","Potion"],"build_version":"2020-12-22","purchased_purges":0,"victory":true,"max_hp_per_floor":[65,65,65,65,65,65,65,65,65,65,65,65,65,65,65,65,65,65,65,65,65,65,65,65,65,65,65,65,65,65,65,65,65,65,65,65,75,75,75,75,75,75,75,75,75,75,75,75,75,75,75,75,75,75,82,82,82,82],"card_choices":[{"not_picked":["hubris:EnhanceAbility","Magnetism"],"picked":"ReplayTheSpireMod:Brewmster","floor":0.0},{"not_picked":["Slimebound:RejuvenatingLick","Slimebound:HauntingLick"],"picked":"Slimebound:SplitMire","floor":2.0},{"not_picked":["Slimebound:Prepare","Slimebound:FinishingTackle"],"picked":"Slimebound:Equalize","floor":3.0},{"not_picked":["Slimebound:SamplingLick","Slimebound:DivideAndConquer"],"picked":"Slimebound:Grow","floor":4.0},{"not_picked":["Slimebound:LeechEnergy","Slimebound:ItLooksTasty"],"picked":"Slimebound:AcidTongue","floor":8.0},{"not_picked":["Slimebound:CheckThePlaybook","Slimebound:FormOfPuddle"],"picked":"Slimebound:Prepare","floor":11.0},{"not_picked":["Slimebound:FinishingTackle","Slimebound:SplitLeeching"],"picked":"Slimebound:HauntingLick","floor":13.0},{"not_picked":["Slimebound:SplitAcid","Slimebound:SplitMire","Slimebound:FinishingTackle"],"picked":"SKIP","floor":14.0},{"not_picked":["Slimebound:SplitMire","Slimebound:LeadByExample"],"picked":"Slimebound:ProtectTheBoss","floor":15.0},{"not_picked":["Slimebound:SlimeSlap","Slimebound:CheckThePlaybook"],"picked":"Slimebound:LeechLife","floor":16.0},{"not_picked":["Slimebound:GoopTackle","Slimebound:ComboTackle"],"picked":"Slimebound:Gluttony","floor":19.0},{"not_picked":["Slimebound:SplitLeeching","Slimebound:MegaLick+1"],"picked":"Slimebound:SlimeSpikes","floor":20.0},{"not_picked":["Slimebound:SamplingLick+1","Slimebound:SplitBruiser+1"],"picked":"Slimebound:OozeBath","floor":22.0},{"not_picked":["Slimebound:Prepare","Slimebound:GoopTackle"],"picked":"Slimebound:Grow","floor":23.0},{"not_picked":["Slimebound:Prepare+1","Slimebound:Grow"],"picked":"Slimebound:LivingWall+1","floor":26.0},{"not_picked":["Slimebound:SplitMire","Slimebound:PressTheAttack"],"picked":"Slimebound:DisruptingSlam","floor":28.0},{"not_picked":["Slimebound:SamplingLick","Slimebound:Schlurp+1"],"picked":"Slimebound:SlimeTap","floor":29.0},{"not_picked":["Slimebound:SplitMire+1","Slimebound:DouseInSlime"],"picked":"Slimebound:LeechEnergy+1","floor":30},{"not_picked":["Slimebound:RollThrough+1","Slimebound:PressTheAttack"],"picked":"Slimebound:Grow+1","floor":33},{"not_picked":["Slimebound:Nibble","Slimebound:Prepare"],"picked":"Slimebound:LeechEnergy+1","floor":34},{"not_picked":["Slimebound:MassRepurpose","Slimebound:OozeBath"],"picked":"Slimebound:LeechLife","floor":35},{"not_picked":["Slimebound:PressTheAttack+1","Slimebound:HauntingLick","Slimebound:ItLooksTasty+1"],"picked":"SKIP","floor":38},{"not_picked":["Slimebound:ForwardTackle","Slimebound:RollThrough+1"],"picked":"Slimebound:LivingWall","floor":39},{"not_picked":["Slimebound:DivideAndConquer","Slimebound:PressTheAttack+1","Slimebound:SplitLeeching"],"picked":"SKIP","floor":40},{"not_picked":["Slimebound:SlimeSpikes+1","Slimebound:SplitBruiser"],"picked":"Slimebound:Replication","floor":42},{"not_picked":["Slimebound:Nibble+1","Slimebound:SlimeTap"],"picked":"Slimebound:Teamwork","floor":44},{"not_picked":["Slimebound:Schlurp+1","Slimebound:ViciousTackle+1"],"picked":"Slimebound:Replication","floor":46},{"not_picked":["Slimebound:Chomp+1","Slimebound:SplitAcid+1"],"picked":"Slimebound:SlimeSpikes","floor":48},{"not_picked":["Slimebound:HauntingLick+1","Slimebound:Nibble","Slimebound:LeechEnergy+1"],"picked":"SKIP","floor":50},{"not_picked":["Slimebound:LeadByExample+1","Slimebound:FlameTackle+1","Slimebound:GoopTackle+1"],"picked":"SKIP","floor":51},{"not_picked":["Slimebound:ComboTackle","Slimebound:TongueLash"],"picked":"Slimebound:DouseInSlime","floor":54}],"player_experience":2322169,"relics_obtained":[{"floor":7.0,"key":"HollowMod:StagPassRelic"},{"floor":8.0,"key":"hubris:ToyBattleship"},{"floor":43,"key":"hubris:SlimyHat"},{"floor":44,"key":"Replay:Bottled Steam"},{"floor":54,"key":"Anchor"}],"event_choices":[{"damage_healed":0,"gold_gain":0,"player_choice":"Leave","damage_taken":0,"max_hp_gain":0,"max_hp_loss":0,"event_name":"conspire:Investor","floor":41,"gold_loss":0}],"is_beta":false,"boss_relics":[{"not_picked":["Sozu","Fusion Hammer"],"picked":"Snecko Eye"},{"not_picked":["hubris:RunicObelisk","Cursed Key"],"picked":"conspire:SlowCooker"}],"items_purged_floors":[],"is_endless":false,"potions_floor_spawned":[3,4,15,19,23,30,35,38,44,46,51],"ascension_level":1}}