{"host":"wmrrle71ao22fxdw","time":1613846233,"event":{"mods":["BaseMod","Colored Map","Minty Spire (QoL Compilation)"],"gold_per_floor":[111,27,27,37,54,54,79,79,102,62,73,84,84,113,113,218,218,228,228,248,268,82,116,116,129,182,216,226,246,246,96,96,194,194,214,16,16,42,54,87,87,16,16,31,66,83,83,101,101,101],"floor_reached":51,"language":"ENG","playtime":6090,"items_purged":["Shame","Decay","Vigilance"],"score":707,"play_id":"0a05f85f-dc66-4d97-b517-13f55b024fde","local_time":"20210220193713","is_ascension_mode":false,"campfire_choices":[{"data":"LessonLearned","floor":6.0,"key":"SMITH"},{"floor":13.0,"key":"REST"},{"floor":15.0,"key":"REST"},{"floor":24,"key":"REST"},{"floor":32,"key":"REST"},{"floor":47,"key":"REST"},{"floor":49,"key":"REST"}],"circlet_count":0,"master_deck":["Eruption+1","Nirvana+1","LessonLearned+1","CutThroughFate+1","Evaluate+1","DevaForm+1","Wireheading+1","InnerPeace+1","Meditate+1","Blind+1","Sanctity+1","EmptyBody+1","CarveReality+1","Scrawl+1","CutThroughFate+1","Pray+1","Worship+1","Conclude+1","Wallop+1","CrushJoints+1","Prostrate+1","Crescendo+1","Omniscience+1","Wallop+1","ReachHeaven+1","Indignation+1"],"relics":["Pandora\u0027s Box","Toxic Egg 2","Matryoshka","Potion Belt","Damaru","Tiny Chest","SlaversCollar","Kunai","Bag of Marbles","Toy Ornithopter","Juzu Bracelet","Du-Vu Doll","Fusion Hammer","Strawberry","Anchor","Bottled Lightning","MealTicket"],"acts_visited":["Exordium","TheCity","TheBeyond"],"potions_floor_usage":[21,25,29,29,33,33,33,45,46],"damage_taken":[{"damage":7.0,"enemies":"Jaw Worm","floor":1.0,"turns":5.0},{"damage":0.0,"enemies":"Cultist","floor":4.0,"turns":3.0},{"damage":0.0,"enemies":"2 Louse","floor":5.0,"turns":2.0},{"damage":27.0,"enemies":"Gremlin Nob","floor":7.0,"turns":3.0},{"damage":11.0,"enemies":"Lots of Slimes","floor":11.0,"turns":6.0},{"damage":16.0,"enemies":"Exordium Thugs","floor":12.0,"turns":5.0},{"damage":19.0,"enemies":"3 Sentries","floor":14.0,"turns":5.0},{"damage":27,"enemies":"The Guardian","floor":16,"turns":7},{"damage":20,"enemies":"Chosen","floor":18,"turns":5},{"damage":15,"enemies":"2 Thieves","floor":20,"turns":4},{"damage":3,"enemies":"3 Cultists","floor":21,"turns":4},{"damage":15,"enemies":"Book of Stabbing","floor":23,"turns":4},{"damage":10,"enemies":"Sentry and Sphere","floor":25,"turns":6},{"damage":15,"enemies":"Gremlin Leader","floor":27,"turns":4},{"damage":9,"enemies":"Centurion and Healer","floor":28,"turns":4},{"damage":10,"enemies":"Shelled Parasite and Fungi","floor":29,"turns":4},{"damage":16,"enemies":"Champ","floor":33,"turns":4},{"damage":0,"enemies":"Orb Walker","floor":35,"turns":1},{"damage":10,"enemies":"3 Darklings","floor":39,"turns":3},{"damage":8,"enemies":"Nemesis","floor":40,"turns":3},{"damage":12,"enemies":"4 Shapes","floor":44,"turns":4},{"damage":38,"enemies":"Reptomancer","floor":45,"turns":4},{"damage":2,"enemies":"Jaw Worm Horde","floor":46,"turns":3},{"damage":2,"enemies":"Maw","floor":48,"turns":5},{"damage":23,"enemies":"Awakened One","floor":50,"turns":8}],"seed_played":"1969626753227081006","potions_obtained":[{"floor":5.0,"key":"ColorlessPotion"},{"floor":7.0,"key":"PowerPotion"},{"floor":10.0,"key":"Dexterity Potion"},{"floor":10.0,"key":"Dexterity Potion"},{"floor":10.0,"key":"StancePotion"},{"floor":11.0,"key":"ColorlessPotion"},{"floor":12.0,"key":"FearPotion"},{"floor":18,"key":"Block Potion"},{"floor":27,"key":"BlessingOfTheForge"},{"floor":28,"key":"Block Potion"},{"floor":29,"key":"Block Potion"},{"floor":37,"key":"Dexterity Potion"},{"floor":37,"key":"FearPotion"},{"floor":45,"key":"DuplicationPotion"},{"floor":46,"key":"Strength Potion"}],"is_trial":false,"path_per_floor":["M","$","?","M","M","R","E","T","T","?","M","M","R","E","R","B",null,"M","?","M","M","$","E","R","M","T","E","M","M","?","$","R","B",null,"M","$","?","T","M","E","?","$","T","M","E","M","R","M","R","B",null],"character_chosen":"WATCHER","items_purchased":["Blind","Worship+1","Conclude","Block Potion","EssenceOfSteel","Indignation+1"],"campfire_rested":6,"item_purchase_floors":[2,22,22,31,36,42],"current_hp_per_floor":[65,65,65,65,65,65,38,38,38,38,27,11,32,13,34,7,72,52,52,37,34,34,19,40,30,30,15,6,6,6,6,27,26,72,72,72,72,79,69,61,61,61,61,49,16,19,42,40,63,40],"gold":101,"neow_bonus":"BOSS_RELIC","is_daily":false,"chose_seed":false,"campfire_upgraded":1,"win_rate":0.0,"timestamp":1613846233,"path_taken":["M","$","?","M","?","R","E","?","T","?","M","?","R","E","R","BOSS","M","?","M","M","$","E","R","M","T","E","M","M","?","$","R","BOSS","M","$","?","?","M","E","?","$","T","M","E","M","R","M","R","BOSS"],"items_purchased_type":["Card","Card","Card","Potion","Potion","Card"],"build_version":"2020-12-22","purchased_purges":3,"victory":true,"max_hp_per_floor":[72,72,72,72,72,72,72,72,72,72,72,72,72,72,72,72,72,72,72,72,72,72,72,72,72,72,72,72,72,72,72,72,72,72,72,72,72,79,79,79,79,79,79,79,79,79,79,79,79,79],"card_choices":[{"not_picked":["FlurryOfBlows","Crescendo"],"picked":"WheelKick","floor":1.0},{"not_picked":["BattleHymn","Pray"],"picked":"Sanctity","floor":4.0},{"not_picked":["JustLucky","InnerPeace","EmptyFist"],"picked":"SKIP","floor":5.0},{"not_picked":["Wallop","DevaForm"],"picked":"EmptyBody+1","floor":7.0},{"not_picked":["SandsOfTime","ClearTheMind+1","FollowUp"],"picked":"SKIP","floor":11.0},{"not_picked":["JustLucky","FlyingSleeves","ClearTheMind+1"],"picked":"SKIP","floor":12.0},{"not_picked":["Pray+1","JustLucky"],"picked":"CarveReality","floor":14.0},{"not_picked":["Vault+1","Wish+1"],"picked":"Scrawl+1","floor":16},{"not_picked":["Prostrate+1","PathToVictory+1"],"picked":"CutThroughFate","floor":18},{"not_picked":["Prostrate+1","Adaptation"],"picked":"Pray+1","floor":20},{"not_picked":["JustLucky","FlyingSleeves+1","Evaluate+1"],"picked":"SKIP","floor":21},{"not_picked":["CutThroughFate","FollowUp+1"],"picked":"Wallop","floor":23},{"not_picked":["Meditate+1","FlurryOfBlows"],"picked":"CrushJoints+1","floor":25},{"not_picked":["Protect+1","Conclude"],"picked":"Prostrate+1","floor":27},{"not_picked":["JustLucky","Evaluate+1","ClearTheMind+1"],"picked":"SKIP","floor":28},{"not_picked":["FollowUp","ConjureBlade+1"],"picked":"Crescendo+1","floor":29},{"not_picked":["Judgement+1","Establishment"],"picked":"Omniscience+1","floor":33},{"not_picked":["ThirdEye+1","FlyingSleeves+1"],"picked":"Wallop","floor":35},{"not_picked":["EmptyBody+1","Prostrate+1","FollowUp+1"],"picked":"SKIP","floor":39},{"not_picked":["InnerPeace+1","FlyingSleeves"],"picked":"ReachHeaven+1","floor":40},{"not_picked":["FlurryOfBlows","Perseverance+1","Consecrate"],"picked":"SKIP","floor":44},{"not_picked":["FlurryOfBlows","Sanctity+1","WaveOfTheHand+1"],"picked":"SKIP","floor":45},{"not_picked":["PathToVictory+1","ThirdEye+1","Wallop"],"picked":"SKIP","floor":46},{"not_picked":["PathToVictory+1","BattleHymn+1","Evaluate+1"],"picked":"SKIP","floor":48}],"player_experience":107670,"relics_obtained":[{"floor":7.0,"key":"Toxic Egg 2"},{"floor":8.0,"key":"Matryoshka"},{"floor":9.0,"key":"Potion Belt"},{"floor":9.0,"key":"Damaru"},{"floor":14.0,"key":"Tiny Chest"},{"floor":23,"key":"Bag of Marbles"},{"floor":26,"key":"Toy Ornithopter"},{"floor":26,"key":"Juzu Bracelet"},{"floor":27,"key":"Du-Vu Doll"},{"floor":38,"key":"Strawberry"},{"floor":40,"key":"Anchor"},{"floor":43,"key":"Bottled Lightning"},{"floor":45,"key":"MealTicket"}],"event_choices":[{"damage_healed":0.0,"max_hp_gain":0.0,"max_hp_loss":0.0,"gold_gain":0.0,"event_name":"Match and Keep!","player_choice":"0 cards matched","floor":3.0,"gold_loss":0.0,"damage_taken":0.0,"cards_obtained":[]},{"damage_healed":0.0,"max_hp_gain":0.0,"max_hp_loss":0.0,"gold_gain":0.0,"event_name":"The Woman in Blue","player_choice":"Bought 3 Potions","floor":10.0,"gold_loss":0.0,"damage_taken":0.0},{"damage_healed":0,"gold_gain":0,"player_choice":"Stole Relic","damage_taken":0,"relics_obtained":["Kunai"],"max_hp_gain":0,"max_hp_loss":0,"event_name":"Addict","floor":19,"gold_loss":0,"cards_obtained":["Shame"]},{"damage_healed":0,"gold_gain":0,"player_choice":"Smashed Altar","damage_taken":0,"max_hp_gain":0,"max_hp_loss":0,"event_name":"Forgotten Altar","floor":30,"gold_loss":0,"cards_obtained":["Decay"]},{"damage_healed":0,"gold_gain":0,"player_choice":"Got Potions","damage_taken":0,"max_hp_gain":0,"max_hp_loss":0,"event_name":"Lab","floor":37,"gold_loss":0},{"cards_removed":["WheelKick"],"damage_healed":0,"gold_gain":0,"player_choice":"Removed Attack","damage_taken":0,"max_hp_gain":0,"max_hp_loss":0,"event_name":"Falling","floor":41,"gold_loss":0}],"is_beta":false,"boss_relics":[{"not_picked":["Coffee Dripper","Tiny House"],"picked":"SlaversCollar"},{"not_picked":["SacredBark","Astrolabe"],"picked":"Fusion Hammer"}],"items_purged_floors":[22,31,36],"is_endless":false,"potions_floor_spawned":[5,7,11,12,18,27,28,29,40,45,46],"ascension_level":0}}