{"host":"a3wpq7kyokchzawk","time":1613834524,"event":{"mods":["BaseMod","Colored Map","Highlight Path","Minty Spire (QoL Compilation)","Permanent Neow","Potion Indicator Mod","Relic Stats","Weighted Paths"],"gold_per_floor":[111,129,129,139,139,173,173,207,207,207,207],"floor_reached":10,"language":"ENG","playtime":978,"items_purged":[],"score":152,"play_id":"92dc0046-99b0-4faa-919a-259e35c4f8e4","local_time":"20210220132204","is_ascension_mode":true,"campfire_choices":[{"data":"Armaments","floor":7.0,"key":"SMITH"}],"circlet_count":0,"master_deck":["AscendersBane","Strike_R","Strike_R","Strike_R","Strike_R","Strike_R","Defend_R","Defend_R","Defend_R","Defend_R","Bash","Dark Shackles","True Grit","Armaments+1","Wild Strike","Combust","Blood for Blood"],"relics":["Burning Blood","Meat on the Bone","Incense Burner","Girya"],"acts_visited":["Exordium"],"potions_floor_usage":[],"damage_taken":[{"damage":5.0,"enemies":"Small Slimes","floor":1.0,"turns":4.0},{"damage":0.0,"enemies":"2 Louse","floor":2.0,"turns":3.0},{"damage":6.0,"enemies":"Cultist","floor":4.0,"turns":4.0},{"damage":46.0,"enemies":"Lagavulin","floor":6.0,"turns":6.0},{"damage":28.0,"enemies":"3 Sentries","floor":8.0,"turns":5.0},{"damage":36,"enemies":"Lagavulin","floor":10,"turns":7}],"seed_played":"-110134345706599765","potions_obtained":[{"floor":6.0,"key":"Explosive Potion"}],"is_trial":false,"path_per_floor":["M","M","?","M","$","E","R","E","T","E"],"character_chosen":"IRONCLAD","items_purchased":[],"campfire_rested":0,"item_purchase_floors":[],"current_hp_per_floor":[69,75,75,75,75,35,35,25,25,0,0],"gold":207,"neow_bonus":"RANDOM_COLORLESS","is_daily":false,"chose_seed":false,"campfire_upgraded":1,"win_rate":0.0,"timestamp":1613834524,"path_taken":["M","M","?","M","$","E","R","E","T","E"],"items_purchased_type":[],"build_version":"2020-12-22","purchased_purges":0,"victory":false,"max_hp_per_floor":[75,75,75,75,75,75,75,75,75,75,75],"relic_stats":{"counters":[6,29],"obtain_stats":[{"Girya":9,"Incense Burner":8,"Burning Blood":0,"Meat on the Bone":6},{"Girya":5,"Incense Burner":5,"Burning Blood":0,"Meat on the Bone":4},{"Girya":22,"Incense Burner":22,"Burning Blood":0,"Meat on the Bone":17}],"Burning Blood":30,"Meat on the Bone":12},"card_choices":[{"not_picked":["Madness","Swift Strike"],"picked":"Dark Shackles","floor":0.0},{"not_picked":["Body Slam","Headbutt"],"picked":"True Grit","floor":1.0},{"not_picked":["Dropkick","Pommel Strike"],"picked":"Armaments","floor":2.0},{"not_picked":["Body Slam","Bloodletting"],"picked":"Wild Strike","floor":4.0},{"not_picked":["Pommel Strike","Metallicize"],"picked":"Combust","floor":6.0},{"not_picked":["Blood for Blood","Warcry","Havoc"],"picked":"SKIP","floor":8.0},{"not_picked":["Warcry","Havoc"],"picked":"Blood for Blood","floor":8.0}],"player_experience":2779588,"relics_obtained":[{"floor":6.0,"key":"Meat on the Bone"},{"floor":8.0,"key":"Incense Burner"},{"floor":9.0,"key":"Girya"}],"event_choices":[{"damage_healed":0.0,"max_hp_gain":0.0,"max_hp_loss":0.0,"gold_gain":0.0,"event_name":"Shining Light","player_choice":"Ignored","floor":3.0,"gold_loss":0.0,"damage_taken":0.0}],"is_beta":false,"boss_relics":[],"items_purged_floors":[],"is_endless":false,"potions_floor_spawned":[6],"killed_by":"Lagavulin","ascension_level":20}}