{"host":"6p0attdrtjqaih7v","time":1613844479,"event":{"mods":["2.2 Compatiblity","AchievementEnabler","Bard","BaseMod","Better Skull","Better Third Choice","Card Filter","Colored Powertips","Hermit","Highlight Path","Hubris","Key Reminder","Minty Spire (QoL Compilation)","Permanent Neow","Quick Restart","Random Character Button","Relic Filter","Relic Stats","Reliquary","Replay The Spire","StSLib","The Construct","The Hayseed","The Witch"],"gold_per_floor":[111,111,130,130,149,149,182,182,182,208,208,208,225,47,47,144,144,154,61,80,99,117,117,152,161,161,170,269,269,269,303,303,412,412,429,204,204,233,256,291,291,333,333,333,333,46,46,56,56,56],"floor_reached":51,"language":"ENG","playtime":3124,"items_purged":["TheSimpletonMod:Strike_TheSimpleton","TheSimpletonMod:Defend_TheSimpleton"],"score":1004,"play_id":"0f652553-eeaa-403d-b045-90664ca050a5","local_time":"20210220130759","is_ascension_mode":true,"campfire_choices":[{"data":"TheSimpletonMod:Rake","floor":6,"key":"SMITH"},{"floor":8,"key":"REST"},{"data":"TheSimpletonMod:CropDiversity","floor":12,"key":"SMITH"},{"data":"TheSimpletonMod:Coffee","floor":15,"key":"SMITH"},{"data":"TheSimpletonMod:ReapAndSow","floor":23,"key":"SMITH"},{"data":"TheSimpletonMod:Swelter","floor":25,"key":"SMITH"},{"floor":27,"key":"REST"},{"data":"TheSimpletonMod:Barnstorm","floor":32,"key":"SMITH"},{"data":"TheSimpletonMod:LandGrant","floor":41,"key":"SMITH"},{"data":"TheSimpletonMod:Biorefinement","floor":45,"key":"SMITH"},{"data":"TheSimpletonMod:Swelter","floor":47,"key":"SMITH"},{"data":"TheSimpletonMod:Swelter","floor":49,"key":"SMITH"}],"circlet_count":0,"master_deck":["TheSimpletonMod:Defend_TheSimpleton+1","TheSimpletonMod:Defend_TheSimpleton+1","TheSimpletonMod:Haymaker","TheSimpletonMod:ReapAndSow+1","TheSimpletonMod:Rake+1","TheSimpletonMod:Barnstorm+1","TheSimpletonMod:BumperCrop+1","TheSimpletonMod:CropDiversity+1","TheSimpletonMod:Rototilling","TheSimpletonMod:Coffee+1","TheSimpletonMod:Coffee+1","TheSimpletonMod:PestManagement","TheSimpletonMod:TakeHeart+1","TheSimpletonMod:RootDown+1","TheSimpletonMod:DigIn","TheSimpletonMod:Swelter+1","TheSimpletonMod:LandGrant+1","TheSimpletonMod:Thresh+1","TheSimpletonMod:Fertilaser+1","TheSimpletonMod:Barnstorm+1","TheSimpletonMod:Barnstorm+1","TheSimpletonMod:Fertilaser","TheSimpletonMod:Swelter+1","TheSimpletonMod:DigIn+1","TheSimpletonMod:Biorefinement+1","TheSimpletonMod:Thresh+1","TheSimpletonMod:SeedCoat+1","TheSimpletonMod:Coffee","TheSimpletonMod:Swelter+1"],"relics":["TheSimpletonMod:NightSoil","TheSimpletonMod:TheHarvester","reliquary:RedCape","Replay:PocketPolymizer","InkBottle","Bottled Lightning","Runic Pyramid","construct:RocketBooster","CeramicFish","reliquary:JackalopeAntler","Gremlin Food","SacredBark","Replay:Bottled Eggs","Sundial","reliquary:PurpleTingedLeaf","Guide Book"],"acts_visited":["Exordium","TheCity","TheBeyond"],"potions_floor_usage":[10,18,21,24,39,50,50,50],"damage_taken":[{"damage":4,"enemies":"Small Slimes","floor":1,"turns":3},{"damage":7,"enemies":"Jaw Worm","floor":3,"turns":4},{"damage":0,"enemies":"2 Louse","floor":5,"turns":2},{"damage":27,"enemies":"3 Sentries","floor":7,"turns":11},{"damage":5,"enemies":"Lagavulin","floor":10,"turns":3},{"damage":1,"enemies":"Blue Slaver","floor":13,"turns":4},{"damage":10,"enemies":"The Guardian","floor":16,"turns":7},{"damage":6,"enemies":"Spheric Guardian","floor":18,"turns":5},{"damage":6,"enemies":"Chosen","floor":20,"turns":5},{"damage":28,"enemies":"3 Cultists","floor":21,"turns":7},{"damage":10,"enemies":"Centurion and Healer","floor":22,"turns":7},{"damage":11,"enemies":"Gremlin Leader","floor":24,"turns":6},{"damage":4,"enemies":"Book of Stabbing","floor":31,"turns":6},{"damage":3,"enemies":"Champ","floor":33,"turns":8},{"damage":19,"enemies":"3 Shapes","floor":35,"turns":10},{"damage":10,"enemies":"3 Darklings","floor":38,"turns":6},{"damage":9,"enemies":"4 Shapes","floor":39,"turns":5},{"damage":25,"enemies":"Giant Head","floor":40,"turns":10},{"damage":1,"enemies":"R_Hoarder","floor":42,"turns":8},{"damage":6,"enemies":"Spire Growth","floor":48,"turns":6},{"damage":46,"enemies":"Donu and Deca","floor":50,"turns":10}],"seed_played":"590565393890821768","potions_obtained":[{"floor":7,"key":"PowerPotion"},{"floor":10,"key":"LiquidMemories"},{"floor":16,"key":"Dexterity Potion"},{"floor":21,"key":"Fire Potion"},{"floor":24,"key":"Languid Potion"},{"floor":31,"key":"Regen Potion"},{"floor":38,"key":"SkillPotion"},{"floor":42,"key":"Elixir"}],"is_trial":false,"path_per_floor":["M","?","M","?","M","R","E","R","T","E","?","R","M","$","R","B",null,"M","?","M","M","M","R","E","R","T","R","?","?","?","E","R","B",null,"M","$","?","M","M","E","R","E","T","?","R","$","R","M","R","B",null],"character_chosen":"THE_SIMPLETON","items_purchased":["TheSimpletonMod:Coffee","TheSimpletonMod:PestManagement","TheSimpletonMod:Fertilaser","TheSimpletonMod:Swelter","Regen Potion","TheSimpletonMod:Coffee","Guide Book","Dexterity Potion","TheSimpletonMod:Swelter"],"campfire_rested":2,"item_purchase_floors":[14,14,36,36,36,46,46,46,46],"current_hp_per_floor":[68,53,50,50,54,54,31,53,53,52,57,57,64,64,64,58,75,78,78,78,52,55,55,48,48,48,72,72,72,72,77,77,80,80,64,64,64,63,63,47,47,51,51,51,51,51,51,51,51,80],"gold":56,"neow_bonus":"BOSS_RELIC","is_daily":false,"chose_seed":false,"campfire_upgraded":10,"win_rate":0.0,"timestamp":1613844479,"path_taken":["M","?","M","?","M","R","E","R","T","E","?","R","M","?","R","BOSS","M","?","M","?","M","R","E","R","T","R","?","?","?","E","R","BOSS","M","$","?","M","M","E","R","E","T","?","R","$","R","M","R","BOSS"],"items_purchased_type":["Card","Card","Card","Card","Potion","Card","Relic","Potion","Card"],"build_version":"2020-12-22","purchased_purges":2,"victory":true,"max_hp_per_floor":[75,75,75,75,75,75,75,75,75,75,80,80,80,80,80,80,80,80,80,80,80,80,80,80,80,80,80,80,80,80,80,80,80,80,80,80,80,80,80,80,80,80,80,80,80,80,80,80,80,80],"relic_stats":{"counters":[21,131],"Sundial":[2],"CeramicFish":108,"obtain_stats":[{"Gremlin Food":31,"Replay:PocketPolymizer":7,"construct:RocketBooster":19,"CeramicFish":24,"SacredBark":34,"Guide Book":46,"reliquary:RedCape":0,"TheSimpletonMod:TheHarvester":0,"reliquary:JackalopeAntler":26,"Sundial":42,"TheSimpletonMod:SpudOfTheInnocent":0,"Bottled Lightning":10,"Replay:Bottled Eggs":40,"TheSimpletonMod:NightSoil":0,"InkBottle":9,"reliquary:PurpleTingedLeaf":43,"Runic Pyramid":17},{"Gremlin Food":13,"Replay:PocketPolymizer":4,"construct:RocketBooster":8,"CeramicFish":12,"SacredBark":14,"Guide Book":19,"reliquary:RedCape":0,"TheSimpletonMod:TheHarvester":0,"reliquary:JackalopeAntler":12,"Sundial":19,"TheSimpletonMod:SpudOfTheInnocent":0,"Bottled Lightning":5,"Replay:Bottled Eggs":18,"TheSimpletonMod:NightSoil":0,"InkBottle":4,"reliquary:PurpleTingedLeaf":19,"Runic Pyramid":7},{"Gremlin Food":69,"Replay:PocketPolymizer":20,"construct:RocketBooster":39,"CeramicFish":64,"SacredBark":77,"Guide Book":115,"reliquary:RedCape":0,"TheSimpletonMod:TheHarvester":0,"reliquary:JackalopeAntler":64,"Sundial":115,"TheSimpletonMod:SpudOfTheInnocent":0,"Bottled Lightning":23,"Replay:Bottled Eggs":107,"TheSimpletonMod:NightSoil":0,"InkBottle":20,"reliquary:PurpleTingedLeaf":115,"Runic Pyramid":34}],"InkBottle":[52]},"card_choices":[{"not_picked":["TheSimpletonMod:PestManagement","TheSimpletonMod:Swelter"],"picked":"TheSimpletonMod:Fertilaser","floor":1},{"not_picked":["TheSimpletonMod:ToughenUp","TheSimpletonMod:PestManagement"],"picked":"TheSimpletonMod:Rake","floor":3},{"not_picked":["TheSimpletonMod:Germinate","TheSimpletonMod:StockTheCellar"],"picked":"TheSimpletonMod:BumperCrop","floor":5},{"not_picked":["TheSimpletonMod:SaladShooter","TheSimpletonMod:FlashPasteurize","TheSimpletonMod:GoToMarket"],"picked":"SKIP","floor":7},{"not_picked":["TheSimpletonMod:Aerate","TheSimpletonMod:GoToMarket"],"picked":"TheSimpletonMod:CropDiversity","floor":10},{"not_picked":["TheSimpletonMod:SpiceUp","TheSimpletonMod:CloseScrape"],"picked":"TheSimpletonMod:Coffee","floor":13},{"not_picked":["TheSimpletonMod:HitTheSack","TheSimpletonMod:Barnstorm"],"picked":"TheSimpletonMod:TakeHeart","floor":16},{"not_picked":["TheSimpletonMod:Ferment","TheSimpletonMod:SeedCoat"],"picked":"TheSimpletonMod:RootDown","floor":18},{"not_picked":["TheSimpletonMod:DoubleBarrel","TheSimpletonMod:SlashAndBurn"],"picked":"TheSimpletonMod:DigIn","floor":20},{"not_picked":["TheSimpletonMod:KeenEdge","TheSimpletonMod:StockTheCellar"],"picked":"TheSimpletonMod:Swelter","floor":21},{"not_picked":["TheSimpletonMod:CullingStrike","TheSimpletonMod:SlashAndBurn","TheSimpletonMod:SaladShooter"],"picked":"SKIP","floor":22},{"not_picked":["TheSimpletonMod:SoilSample","TheSimpletonMod:ControlledBurn","TheSimpletonMod:CullingStrike"],"picked":"SKIP","floor":24},{"not_picked":["TheSimpletonMod:RootDown","TheSimpletonMod:SaladShooter"],"picked":"TheSimpletonMod:Barnstorm","floor":31},{"not_picked":["TheSimpletonMod:HitTheSack","TheSimpletonMod:Photosynthesis"],"picked":"TheSimpletonMod:Barnstorm","floor":33},{"not_picked":["TheSimpletonMod:KeenEdge","TheSimpletonMod:DoubleBarrel+1","TheSimpletonMod:SpiceUp+1"],"picked":"SKIP","floor":35},{"not_picked":["TheSimpletonMod:Rake","TheSimpletonMod:Germinate"],"picked":"TheSimpletonMod:DigIn+1","floor":38},{"not_picked":["TheSimpletonMod:ToughenUp+1","TheSimpletonMod:SeedCoat"],"picked":"TheSimpletonMod:Biorefinement","floor":39},{"not_picked":["TheSimpletonMod:SaladShooter+1","TheSimpletonMod:SoilSample"],"picked":"TheSimpletonMod:Thresh","floor":40},{"not_picked":["TheSimpletonMod:SoilSample","TheSimpletonMod:PestManagement+1"],"picked":"TheSimpletonMod:SeedCoat+1","floor":42},{"not_picked":["TheSimpletonMod:Innovate+1","TheSimpletonMod:Sunseed","TheSimpletonMod:DoubleBarrel+1"],"picked":"SKIP","floor":48}],"player_experience":1226293,"relics_obtained":[{"floor":7,"key":"Replay:PocketPolymizer"},{"floor":9,"key":"InkBottle"},{"floor":10,"key":"Bottled Lightning"},{"floor":24,"key":"CeramicFish"},{"floor":26,"key":"reliquary:JackalopeAntler"},{"floor":31,"key":"Gremlin Food"},{"floor":40,"key":"Replay:Bottled Eggs"},{"floor":42,"key":"Sundial"},{"floor":43,"key":"reliquary:PurpleTingedLeaf"}],"event_choices":[{"damage_healed":0,"gold_gain":0,"player_choice":"Entered Light","damage_taken":15,"max_hp_gain":0,"max_hp_loss":0,"event_name":"Shining Light","floor":2,"gold_loss":0,"cards_upgraded":["TheSimpletonMod:Strike_TheSimpleton","TheSimpletonMod:Defend_TheSimpleton"]},{"damage_healed":0,"gold_gain":0,"player_choice":"Donut","damage_taken":0,"max_hp_gain":5,"max_hp_loss":0,"event_name":"Big Fish","floor":11,"gold_loss":0},{"damage_healed":0,"gold_gain":0,"player_choice":"Paid Gold","damage_taken":0,"relics_obtained":["construct:RocketBooster"],"max_hp_gain":0,"max_hp_loss":0,"event_name":"WeMeetAgain","floor":19,"gold_loss":93},{"damage_healed":0,"gold_gain":99,"player_choice":"Stole From Cult","damage_taken":0,"max_hp_gain":0,"max_hp_loss":0,"event_name":"Nest","floor":28,"gold_loss":0},{"damage_healed":0,"gold_gain":0,"player_choice":"Ignored","damage_taken":0,"max_hp_gain":0,"max_hp_loss":0,"event_name":"The Mausoleum","floor":29,"gold_loss":0}],"is_beta":false,"boss_relics":[{"not_picked":["Calling Bell","ChewingGum"],"picked":"Runic Pyramid"},{"not_picked":["reliquary:WritOfMandamus","Snecko Eye"],"picked":"SacredBark"}],"items_purged_floors":[14,36],"is_endless":false,"potions_floor_spawned":[7,10,16,21,24,31,38,42],"ascension_level":8}}