{"host":"ifvrsrzj00f2ebkn","time":1613810263,"event":{"mods":["BaseMod","Bestiary","Block Reminder","Colored Map","Colored Powertips","Defuse TimeMaze Blight","Downfall","Minty Spire (QoL Compilation)","Permanent Neow","Quick Restart","Random Character Button","Shop Mod","Spicy Shops","StSLib","????"],"gold_per_floor":[116,116,68,68,68,68,68,93,173,173,173],"floor_reached":10,"language":"ENG","playtime":666,"items_purged":[],"score":90,"play_id":"943046ff-f18e-495a-8b2a-b18037f80527","local_time":"20210220163743","daily_mods":["SealedDeck","Green Cards","Heirloom","Time Dilation","Flight","DeadlyEvents","Elite Swarm"],"is_ascension_mode":true,"campfire_choices":[{"data":"Backflip","floor":6,"key":"SMITH"},{"data":"Backflip","floor":7,"key":"SMITH"}],"circlet_count":0,"master_deck":["Dagger Throw","Dagger Throw","Deadly Poison","Dodge and Roll","Cloak And Dagger","Deflect","Dodge and Roll","Backflip+1","Cloak And Dagger","Dodge and Roll","Backflip+1"],"relics":["Ring of the Snake","Ice Cream","Potion Belt","Slimebound:PreparedRelic","Singing Bowl"],"acts_visited":["Exordium"],"potions_floor_usage":[],"damage_taken":[{"damage":0,"enemies":"Small Slimes","floor":1,"turns":4},{"damage":10,"enemies":"3 Sentries","floor":8,"turns":10},{"damage":12,"enemies":"Gremlin Nob","floor":10,"turns":4}],"seed_played":"-1954949647638412217","potions_obtained":[],"is_trial":true,"path_per_floor":["M","?","$","T","?","R","R","E","T","E"],"character_chosen":"THE_SILENT","items_purchased":["Backflip"],"campfire_rested":0,"item_purchase_floors":[3],"current_hp_per_floor":[63,63,63,63,63,63,63,53,53,41,41],"gold":173,"neow_bonus":"","is_daily":false,"chose_seed":false,"campfire_upgraded":2,"win_rate":0.0,"timestamp":1613810263,"path_taken":["M","?","?","?","?","R","R","?","T","?"],"items_purchased_type":["Card"],"build_version":"2020-12-22","purchased_purges":0,"victory":false,"max_hp_per_floor":[70,70,70,70,70,70,70,70,70,70,70],"card_choices":[{"not_picked":["Escape Plan","Well Laid Plans","Caltrops"],"picked":"SKIP","floor":1},{"not_picked":["Doppelganger","Wraith Form v2","Adrenaline"],"picked":"SKIP","floor":8}],"player_experience":142556,"relics_obtained":[{"floor":4,"key":"Potion Belt"},{"floor":8,"key":"Slimebound:PreparedRelic"},{"floor":9,"key":"Singing Bowl"}],"event_choices":[{"damage_healed":0,"gold_gain":0,"player_choice":"Bought 0 Potions","damage_taken":0,"max_hp_gain":0,"max_hp_loss":0,"event_name":"The Woman in Blue","floor":2,"gold_loss":0},{"damage_healed":0,"gold_gain":0,"player_choice":"0 cards matched","damage_taken":0,"max_hp_gain":0,"max_hp_loss":0,"event_name":"Match and Keep!","floor":5,"gold_loss":0,"cards_obtained":[]}],"is_beta":false,"boss_relics":[],"items_purged_floors":[],"is_endless":true,"potions_floor_spawned":[],"killed_by":"Gremlin Nob","ascension_level":9}}