{"host":"onfdonezo2qmaex3","time":1613851021,"event":{"mods":["2.2 Compatiblity","AchievementEnabler","Act Like it!","Aspiration","BaseMod","Colored Powertips","Downfall","Friendly Minions","Gensokyo","Hallownest","Hermit","Highlight Path","Jorbs\u0027s Wanderer Trilogy","Marisa????????","Marked Mod","Minty Spire (QoL Compilation)","Quick Restart","Reliquary","Shop Mod","StSLib","The Disciple","The Hayseed","The Hierophant","The Marked","The Runesmith"],"gold_per_floor":[118,136,22,39,57,57,92,92,140,166,200,213,213,213],"floor_reached":13,"language":"ENG","playtime":772,"items_purged":["Strike_P"],"score":125,"play_id":"986a1b94-9926-4721-becb-f84db7cd5a34","local_time":"20210220205701","is_ascension_mode":true,"campfire_choices":[{"data":"Eruption","floor":6,"key":"SMITH"},{"data":"Chrysalis","floor":8,"key":"SMITH"}],"circlet_count":0,"master_deck":["Strike_P","Strike_P","Strike_P","Defend_P","Defend_P","Defend_P","Defend_P","Eruption+1","Vigilance","Chrysalis+1","PathToVictory","WindmillStrike","MarkedMod:GracefulMovements","MarkedMod:FirstStrike","BattleHymn","MarkedMod:GracefulMovements"],"relics":["PureWater","Anchor","reliquary:PartyBalloon","reliquary:WeakTea"],"acts_visited":["Gensokyo:Gensokyo"],"potions_floor_usage":[7,7],"damage_taken":[{"damage":0,"enemies":"Gensokyo:2_Kodama","floor":1,"turns":2},{"damage":6,"enemies":"Gensokyo:Python","floor":2,"turns":5},{"damage":1,"enemies":"Gensokyo:3_Fairies","floor":4,"turns":4},{"damage":8,"enemies":"Gensokyo:2_Rabbits","floor":5,"turns":4},{"damage":33,"enemies":"Gensokyo:Cirno","floor":7,"turns":9},{"damage":0,"enemies":"Gensokyo:Mamizou","floor":11,"turns":5},{"damage":0,"enemies":"Gensokyo:LivingMonolith","floor":12,"turns":2},{"damage":12,"enemies":"Gensokyo:Aya","floor":13,"turns":2}],"seed_played":"-184289342416750531","potions_obtained":[{"floor":1,"key":"BottledMiracle"},{"floor":5,"key":"Block Potion"},{"floor":11,"key":"bronze:BurnAndBuffPotion"}],"is_trial":false,"path_per_floor":["M","M","$","M","M","R","E","R","T","T","E","M","E"],"character_chosen":"WATCHER","items_purchased":["MarkedMod:GracefulMovements"],"campfire_rested":0,"item_purchase_floors":[3],"current_hp_per_floor":[51,45,45,44,36,36,3,3,3,3,3,3,0,0],"gold":213,"neow_bonus":"RANDOM_COLORLESS_2","is_daily":false,"chose_seed":false,"campfire_upgraded":2,"win_rate":0.0,"timestamp":1613851021,"path_taken":["M","M","$","?","M","R","E","R","T","?","E","?","E"],"items_purchased_type":["Card"],"build_version":"2020-12-22","purchased_purges":1,"victory":false,"max_hp_per_floor":[72,72,72,72,72,72,72,72,72,72,72,72,72,72],"card_choices":[{"not_picked":["Secret Weapon","Transmutation"],"picked":"Chrysalis","floor":0},{"not_picked":["CutThroughFate","BowlingBash"],"picked":"PathToVictory","floor":1},{"not_picked":["EmptyBody","Worship"],"picked":"WindmillStrike","floor":2},{"not_picked":["ThirdEye","Consecrate","LessonLearned"],"picked":"SKIP","floor":4},{"not_picked":["CutThroughFate","FlurryOfBlows"],"picked":"MarkedMod:FirstStrike","floor":5},{"not_picked":["FlurryOfBlows","EmptyFist"],"picked":"BattleHymn","floor":7},{"not_picked":["SashWhip","Sanctity"],"picked":"MarkedMod:GracefulMovements","floor":11},{"not_picked":["FearNoEvil","MarkedMod:Acupuncture","SashWhip"],"picked":"SKIP","floor":12}],"player_experience":228227,"relics_obtained":[{"floor":7,"key":"Anchor"},{"floor":9,"key":"reliquary:PartyBalloon"},{"floor":11,"key":"reliquary:WeakTea"}],"event_choices":[],"is_beta":false,"boss_relics":[],"items_purged_floors":[3],"is_endless":false,"potions_floor_spawned":[1,5,11],"killed_by":"Gensokyo:Aya","ascension_level":1}}