{"host":"bm5v6v3hsb39tdvc","time":1613826187,"event":{"mods":["BaseMod","Colored Map","Minty Spire (QoL Compilation)","StSLib","SuperFastMode"],"gold_per_floor":[114,114,114,15,29,58,133,163,163,163,176,202,202,214,214,314,314,325,73,86,97,97,97],"floor_reached":22,"language":"KOR","playtime":796,"items_purged":["Bash","Strike_R"],"score":252,"play_id":"4ba3c10b-a26f-49b0-8475-2a138f5db51e","local_time":"20210220220307","is_ascension_mode":true,"campfire_choices":[{"floor":13.0,"key":"REST"},{"data":"1","floor":15.0,"key":"LIFT"}],"circlet_count":0,"master_deck":["Strike_R","Strike_R","Strike_R","Defend_R","Defend_R","Defend_R","Defend_R","Sword Boomerang","Flex","Cleave","Battle Trance","Entrench+1","Fire Breathing","Power Through","Berserk"],"relics":["Burning Blood","NeowsBlessing","Torii","Orichalcum","Omamori","Girya","Red Skull","Coffee Dripper","Bag of Preparation"],"acts_visited":["Exordium","TheCity"],"potions_floor_usage":[21],"damage_taken":[{"damage":0.0,"enemies":"2 Louse","floor":1.0,"turns":1.0},{"damage":0.0,"enemies":"Jaw Worm","floor":5.0,"turns":1.0},{"damage":0.0,"enemies":"Lagavulin","floor":6.0,"turns":1.0},{"damage":33.0,"enemies":"Gremlin Nob","floor":8.0,"turns":5.0},{"damage":9.0,"enemies":"Small Slimes","floor":11.0,"turns":3.0},{"damage":41.0,"enemies":"Lagavulin","floor":12.0,"turns":8.0},{"damage":7.0,"enemies":"2 Fungi Beasts","floor":14.0,"turns":3.0},{"damage":25.0,"enemies":"Slime Boss","floor":16.0,"turns":8.0},{"damage":19.0,"enemies":"3 Byrds","floor":18.0,"turns":6.0},{"damage":27,"enemies":"Shell Parasite","floor":20,"turns":7},{"damage":24,"enemies":"Cultist and Chosen","floor":21,"turns":7},{"damage":30,"enemies":"Chosen and Byrds","floor":22,"turns":4}],"seed_played":"-7898361586189372334","potions_obtained":[{"floor":5.0,"key":"BloodPotion"},{"floor":11.0,"key":"BlessingOfTheForge"},{"floor":14.0,"key":"ColorlessPotion"},{"floor":16.0,"key":"SneckoOil"},{"floor":18.0,"key":"Weak Potion"},{"floor":21,"key":"BloodPotion"}],"is_trial":false,"path_per_floor":["M","?","?","$","M","E","?","E","T","?","M","E","R","M","R","B",null,"M","$","M","M","M"],"character_chosen":"IRONCLAD","items_purchased":["Flex","Bag of Preparation"],"campfire_rested":1,"item_purchase_floors":[4,19],"current_hp_per_floor":[80,73,66,66,72,78,67,40,40,40,37,18,42,41,41,22,80,67,67,46,28,0,0],"gold":97,"neow_bonus":"THREE_ENEMY_KILL","is_daily":false,"chose_seed":false,"campfire_upgraded":0,"win_rate":0.0,"timestamp":1613826187,"path_taken":["M","?","?","?","M","E","?","E","T","?","M","E","R","M","R","BOSS","M","$","M","M","M"],"items_purchased_type":["Card","Relic"],"build_version":"2020-12-22","purchased_purges":2,"victory":false,"max_hp_per_floor":[80,80,80,80,80,80,80,80,80,80,80,80,80,80,80,80,80,80,80,80,80,80,80],"card_choices":[{"not_picked":["Thunderclap","Shrug It Off"],"picked":"Sword Boomerang","floor":1.0},{"not_picked":["Headbutt","Sword Boomerang"],"picked":"Cleave","floor":5.0},{"not_picked":["Double Tap","Thunderclap"],"picked":"Battle Trance","floor":6.0},{"not_picked":["Twin Strike","Dual Wield"],"picked":"Entrench","floor":8.0},{"not_picked":["Clothesline","Anger"],"picked":"Fire Breathing","floor":11.0},{"not_picked":["Thunderclap","Whirlwind"],"picked":"Power Through","floor":12.0},{"not_picked":["Carnage","Rampage","Warcry"],"picked":"SKIP","floor":14.0},{"not_picked":["Exhume","Brutality"],"picked":"Berserk","floor":16.0},{"not_picked":["Cleave","Clothesline","Clash"],"picked":"SKIP","floor":18.0},{"not_picked":["Heavy Blade","Flex+1","Sword Boomerang"],"picked":"SKIP","floor":20},{"not_picked":["Power Through","Rage","Wild Strike"],"picked":"SKIP","floor":21}],"player_experience":101987,"relics_obtained":[{"floor":6.0,"key":"Orichalcum"},{"floor":8.0,"key":"Omamori"},{"floor":9.0,"key":"Girya"},{"floor":12.0,"key":"Red Skull"}],"event_choices":[{"damage_healed":0.0,"max_hp_gain":0.0,"max_hp_loss":0.0,"gold_gain":0.0,"event_name":"Scrap Ooze","player_choice":"Success","floor":2.0,"gold_loss":0.0,"damage_taken":7.0,"relics_obtained":["Torii"]},{"cards_removed":["Strike_R"],"damage_healed":0.0,"max_hp_gain":0.0,"max_hp_loss":0.0,"gold_gain":0.0,"event_name":"Golden Wing","player_choice":"Card Removal","floor":3.0,"gold_loss":0.0,"damage_taken":7.0},{"damage_healed":0.0,"max_hp_gain":0.0,"max_hp_loss":0.0,"gold_gain":75.0,"event_name":"World of Goop","player_choice":"Gather Gold","floor":7.0,"gold_loss":0.0,"damage_taken":11.0},{"damage_healed":0.0,"max_hp_gain":0.0,"max_hp_loss":0.0,"gold_gain":0.0,"event_name":"Upgrade Shrine","player_choice":"Upgraded","floor":10.0,"gold_loss":0.0,"damage_taken":0.0,"cards_upgraded":["Entrench"]}],"is_beta":false,"boss_relics":[{"not_picked":["Velvet Choker","Fusion Hammer"],"picked":"Coffee Dripper"}],"items_purged_floors":[4,19],"is_endless":false,"potions_floor_spawned":[5,11,14,16,18,21],"killed_by":"Chosen and Byrds","ascension_level":2}}