{"host":"tcdxiwht2vajk3tk","time":1613850372,"event":{"mods":["AchievementEnabler","BaseMod","Beaked The Cultist","Colored Powertips","Conspire","Defuse TimeMaze Blight","Downfall","Halation","Hermit","Hubris","Infinite Spire","Lobotomy","LobotomyExtend","Minty Spire (QoL Compilation)","Replay The Spire","Shop Mod","StSLib","The Cursed","The Disciple"],"gold_per_floor":[13,13,13,23,23,57,57,77,77,109,109,109,109,109,109,213,213,126,126,139,239,239,267,267,308,333,352,352,352,395,420,420,533,533,587,434,434,434],"floor_reached":37,"language":"ENG","playtime":2271,"items_purged":["Sickly"],"score":923,"play_id":"65dd977f-4317-4d83-bd09-b5830455f360","local_time":"20210220144612","is_ascension_mode":true,"campfire_choices":[{"data":"beaked:Resilience","floor":7.0,"key":"SMITH"},{"data":"beaked:Ceremony","floor":11.0,"key":"SMITH"},{"floor":15.0,"key":"REST"},{"data":"infinitespire:Menacing","floor":24,"key":"SMITH"},{"data":"beaked:Ceremony","floor":28,"key":"SMITH"},{"data":"beaked:Sacrifice","floor":32,"key":"SMITH"}],"circlet_count":0,"master_deck":["beaked:Strike_Y","beaked:Strike_Y","beaked:Strike_Y","beaked:Strike_Y","beaked:Strike_Y","beaked:Strike_Y","beaked:Defend_Y","beaked:Defend_Y","beaked:Defend_Y","beaked:Defend_Y","beaked:Ceremony","beaked:Ceremony+1","beaked:Ceremony+1","beaked:Windmill","beaked:Brace","beaked:Foresight","beaked:BarbedWire","beaked:AwakenedForm+1","Clumsy","Hallucinations","beaked:MachineSpirit+1","beaked:BloodForTheGods","infinitespire:Menacing+1","beaked:Brace+1","beaked:DigDeep","beaked:Resilience+1","beaked:Hexing+1","beaked:Sacrifice+1","beaked:WildInstinct","beaked:HuntressSpirit"],"relics":["beaked:MendingPlumage","Incense Burner","LetterFromLob","halation:PinkSoulGem","hubris:Towel","conspire:TopHat","hubris:PeanutButter","infinitespire:Lucky Rock","hubris:FruitBowl","halation:AfternoonTea","Eternal Feather","Durian","ReplayTheSpireMod:Ring of Exchange","Membership Card","Replay:Wanted Poster","conspire:Boomerang","CeramicFish","halation:EternalFortune","halation:BlackBeret","RedMistMask","infinitespire:EvilPickle","Strange Spoon","FossilizedHelix","Replay:Lucky Slots","MerchantsRug"],"acts_visited":["Exordium","TheCity","TheBeyond"],"potions_floor_usage":[23,25],"damage_taken":[{"damage":18.0,"enemies":"Small Slimes","floor":1.0,"turns":5.0},{"damage":1.0,"enemies":"Jaw Worm","floor":4.0,"turns":4.0},{"damage":26.0,"enemies":"3 Sentries","floor":6.0,"turns":6.0},{"damage":1.0,"enemies":"Cultist","floor":8.0,"turns":5.0},{"damage":35.0,"enemies":"Gremlin Nob","floor":10.0,"turns":5.0},{"damage":40.0,"enemies":"Hexaghost","floor":16.0,"turns":9.0},{"damage":4.0,"enemies":"Shell Parasite","floor":18.0,"turns":2.0},{"damage":47.0,"enemies":"conspire:FuzzyDice","floor":20.0,"turns":7.0},{"damage":41,"enemies":"Book of Stabbing","floor":23,"turns":7},{"damage":27,"enemies":"Slavers","floor":25,"turns":2},{"damage":40,"enemies":"3 Cultists","floor":27,"turns":6},{"damage":80,"enemies":"Nightmare","floor":30,"turns":9},{"damage":30,"enemies":"Snake Plant","floor":31,"turns":4},{"damage":25,"enemies":"Pondfish","floor":33,"turns":10},{"damage":23,"enemies":"Orb Walker","floor":35,"turns":5},{"damage":76,"enemies":"2 Orb Walkers","floor":37,"turns":3}],"seed_played":"-532003356875697147","potions_obtained":[{"floor":5.0,"key":"EntropicBrew"},{"floor":5.0,"key":"EntropicBrew"},{"floor":5.0,"key":"CultistPotion"},{"floor":10.0,"key":"Block Potion"},{"floor":20.0,"key":"AttackPotion"},{"floor":23,"key":"Toxic Potion"}],"is_trial":false,"path_per_floor":["M","?","?","M","?","E","R","M","T","E","R","?","$","M","R","B",null,"M","?","M","AVR","?","E","R","E","T","M","R","?","NM","M","R","B",null,"M","$","?"],"character_chosen":"BEAKED_THE_CULTIST","items_purchased":["hubris:FruitBowl","FossilizedHelix","Replay:Lucky Slots","MerchantsRug"],"campfire_rested":1,"item_purchase_floors":[13,36,36,36],"current_hp_per_floor":[39,39,39,50,50,39,39,50,50,21,21,26,7,7,22,6,48,48,48,17,17,17,20,32,12,47,33,48,52,26,15,30,69,71,59,59,0,0],"gold":434,"neow_bonus":"ONE_RARE_RELIC","is_daily":false,"chose_seed":false,"campfire_upgraded":5,"win_rate":0.0,"timestamp":1613850372,"path_taken":["M","?","?","M","?","E","R","?","T","E","R","?","?","M","R","BOSS","M","?","M","AVR","?","E","R","E","T","?","R","?","NM","M","R","BOSS","M","$","?"],"items_purchased_type":["Relic","Relic","Relic","Relic"],"build_version":"2020-12-22","purchased_purges":1,"victory":false,"max_hp_per_floor":[50,50,50,50,50,50,50,50,50,52,52,52,52,52,52,52,59,59,59,59,59,59,59,59,59,59,59,59,63,63,67,67,71,71,71,71,71,71],"card_choices":[{"not_picked":["beaked:CursingBlood","beaked:Insight"],"picked":"beaked:Windmill","floor":1.0},{"not_picked":["beaked:Overpower","beaked:FeelMyPain"],"picked":"beaked:Brace","floor":4.0},{"not_picked":["beaked:Evade","beaked:Tradeoff"],"picked":"beaked:Resilience","floor":6.0},{"not_picked":["beaked:Insight","beaked:Poke"],"picked":"beaked:Foresight","floor":8.0},{"not_picked":["beaked:HuntressEssence","beaked:MimicHuntress"],"picked":"beaked:BarbedWire","floor":10.0},{"not_picked":["beaked:FullHouse","beaked:ShadowFade"],"picked":"beaked:AwakenedForm","floor":16.0},{"not_picked":["Parasite","Looming Evil"],"picked":"ReplayTheSpireMod:IOU","floor":17.0},{"not_picked":["Parasite","Languid"],"picked":"Clumsy","floor":17.0},{"not_picked":["Writhe","CurseOfTheBell"],"picked":"Hallucinations","floor":17.0},{"not_picked":["beaked:CursingBlood+1","beaked:Brace"],"picked":"beaked:MachineSpirit+1","floor":18.0},{"not_picked":["beaked:Recite","ReplayTheSpireMod:Owlgaze"],"picked":"beaked:BloodForTheGods","floor":20.0},{"not_picked":["ReplayTheSpireMod:RavenHex+1","beaked:Resilience"],"picked":"beaked:Brace+1","floor":23},{"not_picked":["beaked:Struggle","beaked:MimicHuntress+1"],"picked":"beaked:DigDeep","floor":25},{"not_picked":["beaked:WindBringer","beaked:Devastation+1"],"picked":"beaked:Resilience+1","floor":27},{"not_picked":["beaked:Brace","beaked:Insight+1"],"picked":"beaked:Hexing+1","floor":30},{"not_picked":["beaked:Brace","beaked:Tweet"],"picked":"beaked:Sacrifice","floor":31},{"not_picked":["beaked:FullHouse","beaked:CheekyTricks"],"picked":"beaked:WildInstinct","floor":33},{"not_picked":["beaked:WindBringer+1","beaked:Resilience+1"],"picked":"beaked:HuntressSpirit","floor":35}],"player_experience":1824032,"relics_obtained":[{"floor":1.0,"key":"LetterFromLob"},{"floor":6.0,"key":"conspire:TopHat"},{"floor":9.0,"key":"hubris:PeanutButter"},{"floor":10.0,"key":"infinitespire:Lucky Rock"},{"floor":19.0,"key":"ReplayTheSpireMod:Ring of Exchange"},{"floor":23,"key":"conspire:Boomerang"},{"floor":25,"key":"CeramicFish"},{"floor":26,"key":"halation:Pancakes"},{"floor":30,"key":"halation:BlackBeret"},{"floor":31,"key":"halation:EternalFortune"},{"floor":33,"key":"halation:EternalFortune"},{"floor":33,"key":"RedMistMask"}],"event_choices":[{"damage_healed":0.0,"max_hp_gain":0.0,"max_hp_loss":0.0,"gold_gain":0.0,"event_name":"Lab","player_choice":"Got Potions","floor":5.0,"gold_loss":0.0,"damage_taken":0.0},{"cards_removed":["beaked:Resilience"],"damage_healed":5.0,"max_hp_gain":0.0,"max_hp_loss":0.0,"gold_gain":0.0,"event_name":"Bonfire Elementals","player_choice":"Offered Common","floor":12.0,"gold_loss":0.0,"damage_taken":0.0},{"cards_removed":["beaked:Resilience"],"damage_healed":5.0,"max_hp_gain":0.0,"max_hp_loss":0.0,"gold_gain":0.0,"event_name":"Bonfire Elementals","player_choice":"Offered Special","floor":12.0,"gold_loss":0.0,"damage_taken":0.0},{"damage_healed":0.0,"max_hp_gain":0.0,"max_hp_loss":0.0,"gold_gain":0.0,"event_name":"Accursed Blacksmith","player_choice":"Forge","floor":22.0,"gold_loss":0.0,"damage_taken":0.0,"cards_upgraded":["beaked:AwakenedForm"]},{"damage_healed":0,"gold_gain":0,"player_choice":"Fight","damage_taken":0,"max_hp_gain":0,"max_hp_loss":0,"event_name":"Mysterious Sphere","floor":37,"gold_loss":0}],"is_beta":false,"boss_relics":[{"not_picked":["halation:PlatinumPhoenix","Painkiller Herb"],"picked":"Replay:Ancient Bell"},{"not_picked":["beaked:ThroatLozenge","Lantern"],"picked":"halation:AfternoonTea"},{"not_picked":["hubris:BottledRain","Molten Egg 2"],"picked":"Eternal Feather"},{"not_picked":["champ:DeflectingBracers","infinitespire:CursedDice"],"picked":"Durian"},{"not_picked":["Empty Cage","Abe\u0027s Treasure"],"picked":"Strange Spoon"}],"items_purged_floors":[21],"is_endless":true,"potions_floor_spawned":[10,20,23],"killed_by":"2 Orb Walkers","ascension_level":8}}