{"host":"zksvs3x2ysy9npnz","time":1613834293,"event":{"mods":["Aspiration","BaseMod","Beaked The Cultist","BetterRewards","Clockwork Mod","Colored Map","Conspire","Downfall","Halation","Highlight Path","Hubris","Infinite Spire","Jedi Mod","Magitek Elite","Minty Spire (QoL Compilation)","Permanent Neow","Quick Restart","Relic Stats","Shop Mod","StSLib","The Runesmith","The Witch"],"gold_per_floor":[117,42,55,55,70,100,100,100,100],"floor_reached":8,"language":"FRA","playtime":364,"items_purged":["Runesmith:Strike_RS"],"score":138,"play_id":"1411a80b-a25c-4f8a-b9a8-08fa77c90015","local_time":"20210220161813","is_ascension_mode":true,"campfire_choices":[{"floor":7,"key":"REST"}],"circlet_count":0,"master_deck":["AscendersBane","Runesmith:Strike_RS","Runesmith:Strike_RS","Runesmith:Strike_RS","Runesmith:Defend_RS","Runesmith:Defend_RS","Runesmith:Defend_RS","Runesmith:Defend_RS","Runesmith:CraftFirestone","Runesmith:Fortify","Deep Breath","Runesmith:Grindstone","Pain","Runesmith:CraftIncendium","Runesmith:CraftMagma"],"relics":["Runesmith:BrokenRuby","WarpedTongs","Kunai"],"acts_visited":["Exordium"],"potions_floor_usage":[8],"damage_taken":[{"damage":2,"enemies":"Jaw Worm","floor":1,"turns":5},{"damage":1,"enemies":"Cultist","floor":3,"turns":5},{"damage":13,"enemies":"Small Slimes","floor":5,"turns":4},{"damage":9,"enemies":"Lagavulin","floor":6,"turns":8},{"damage":96,"enemies":"Gremlin Nob","floor":8,"turns":5}],"seed_played":"8187564549640398620","potions_obtained":[{"floor":5,"key":"Block Potion"}],"is_trial":false,"path_per_floor":["M","$","M","?","M","E","R","E"],"character_chosen":"RUNESMITH_CLASS","items_purchased":[],"campfire_rested":1,"item_purchase_floors":[],"current_hp_per_floor":[57,57,56,56,43,34,53,0,0],"gold":100,"neow_bonus":"RANDOM_COLORLESS","is_daily":false,"chose_seed":false,"campfire_upgraded":0,"win_rate":0.0,"timestamp":1613834293,"path_taken":["M","$","M","?","?","E","R","E"],"items_purchased_type":[],"build_version":"2020-12-22","purchased_purges":1,"victory":false,"max_hp_per_floor":[66,66,66,66,66,66,66,66,66],"relic_stats":{"counters":[5,27],"Kunai":[0],"obtain_stats":[{"Runesmith:BrokenRuby":0,"Kunai":6,"WarpedTongs":4},{"Runesmith:BrokenRuby":0,"Kunai":4,"WarpedTongs":2},{"Runesmith:BrokenRuby":0,"Kunai":22,"WarpedTongs":10}],"WarpedTongs":[17]},"card_choices":[{"not_picked":["Blind","Bandage Up"],"picked":"Deep Breath","floor":0},{"not_picked":["Runesmith:HammerThrow","Runesmith:MakeshiftArmor"],"picked":"Runesmith:Grindstone","floor":1},{"not_picked":["Runesmith:Prism","Runesmith:RuneHurl","Runesmith:BackupBattery"],"picked":"SKIP","floor":3},{"not_picked":["Runesmith:RuneHurl","Runesmith:ChargedHammer"],"picked":"Runesmith:CraftIncendium","floor":5},{"not_picked":["Runesmith:CreatorForm","Runesmith:Repurpose"],"picked":"Runesmith:CraftMagma","floor":6}],"player_experience":1903254,"relics_obtained":[{"floor":6,"key":"Kunai"}],"event_choices":[{"damage_healed":0,"gold_gain":0,"player_choice":"Rummage","damage_taken":0,"relics_obtained":["WarpedTongs"],"max_hp_gain":0,"max_hp_loss":0,"event_name":"Accursed Blacksmith","floor":4,"gold_loss":0,"cards_obtained":["Pain"]}],"is_beta":false,"boss_relics":[],"items_purged_floors":[2],"is_endless":false,"potions_floor_spawned":[5],"killed_by":"Gremlin Nob","ascension_level":14}}