{"host":"8yon5n5je7lh4vc0","time":1613840702,"event":{"mods":["AchievementEnabler","BaseMod","BetterRewards","Downfall","Gold Saver","Highlight Path","Hubris","Infinite Spire","Minty Spire (QoL Compilation)","Permanent Neow","Quick Restart","Remilia（蕾米莉亚）","Remove Card Discount Mod","Replay The Spire","Shop Mod","Spicy Shops","StSLib","SuperFastMode","TestMod","The Jungle","Transform Curses","篝火指南"],"gold_per_floor":[110,110,123,137,312,364,13,23,23,42,54,54,71,89,139,264,264,278,290,290,2,17,17,47,47,74,109,109,142,156,176,176,272,272,282,262,279,317,334,108,108,69,69,94,104,137,137,150,1,1],"floor_reached":51,"language":"ZHS","playtime":5260,"items_purged":["Strike_RM","Defend_RM","Defend_RM","Strike_RM","Doubt","Defend_RM","Defend_RM","Strike_RM+1","Strike_RM+1","CharismaGuard","ScarletImprint","NightDance"],"score":872,"play_id":"af2df86d-b4dd-4988-b200-406a7acb0b2a","local_time":"20210221010502","is_ascension_mode":false,"campfire_choices":[{"data":"RedRainbow","floor":12,"key":"SMITH"},{"data":"RedRainbow","floor":23,"key":"SMITH"},{"data":"RedRainbow","floor":25,"key":"SMITH"},{"data":"EquivalentExchange","floor":28,"key":"SMITH"},{"data":"BatForm","floor":32,"key":"SMITH"},{"floor":47,"key":"REST"}],"circlet_count":0,"master_deck":["RedMoon","ScarletShoot","RedRainbow+1","MastersStateliness","EmergencyRegeneration+1","Panache","FavorOfDestiny","ScarletDevilSign","BloodAndWine","EmergencyRegeneration","BlasphemousPunishment","RedRainbow+1","SuperhumanBloodyKnife","RedRainbow+1","TwelveNightmare","BadLadyScramble","Ultimatum","BatForm+1","Septette+1","NightDance+1","MiserableFate","FitfulNightmare","ForbiddenFruit","BloodHunter+1","EquivalentExchange+1","NightLord+1","BloodyTrap+1","TransientEternity","CharismaGuard+1","VampireKiss","Stigmanizer+1","NightDance+1","RedNightlessCastle+1","VampirishNight+1","Septette","Stigmanizer+1","StarOfDavid+1","ScarletDevilSign+1"],"relics":["ScarletHat","testmod-TestBox","testmod-ThousandKnives","Ornamental Fan","FaceOfCleric","Whetstone","Shuriken","Quantum Egg","APieceOfRedMist","Nloth\u0027s Gift","Bag of Marbles","Orichalcum","infinitespire:Bottled Soul","Centennial Puzzle","MerchantsRug","Medical Kit","hubris:Icosahedron","Garlic","Nunchaku","Membership Card"],"acts_visited":["Exordium","TheCity","TheBeyond"],"potions_floor_usage":[10,14,16,16,16,31,37,38,42,42,45,45,50,50,50],"damage_taken":[{"damage":0.0,"enemies":"2 Louse","floor":1.0,"turns":2.0},{"damage":0.0,"enemies":"Cultist","floor":3.0,"turns":2.0},{"damage":0.0,"enemies":"Small Slimes","floor":4.0,"turns":1.0},{"damage":51,"enemies":"Lagavulin","floor":6,"turns":6},{"damage":35,"enemies":"Looter","floor":8,"turns":1},{"damage":35,"enemies":"Lots of Slimes","floor":10,"turns":2},{"damage":0,"enemies":"Blue Slaver","floor":11,"turns":1},{"damage":43,"enemies":"Red Slaver","floor":13,"turns":3},{"damage":43,"enemies":"3 Louse","floor":14,"turns":2},{"damage":79,"enemies":"Fading Forest","floor":16,"turns":8},{"damage":7,"enemies":"Shell Parasite","floor":18,"turns":5},{"damage":1,"enemies":"Chosen","floor":19,"turns":4},{"damage":23,"enemies":"Centurion and Healer","floor":22,"turns":6},{"damage":26,"enemies":"Replay:Snechameleon","floor":24,"turns":6},{"damage":20,"enemies":"Gremlin Leader","floor":27,"turns":4},{"damage":15,"enemies":"Replay:Snechameleon","floor":29,"turns":6},{"damage":20,"enemies":"3 Cultists","floor":30,"turns":3},{"damage":0,"enemies":"Snecko","floor":31,"turns":6},{"damage":43,"enemies":"hubris:MusketHawk","floor":33,"turns":5},{"damage":0,"enemies":"Orb Walker","floor":35,"turns":2},{"damage":42,"enemies":"3 Darklings","floor":37,"turns":4},{"damage":74,"enemies":"Spire Growth","floor":38,"turns":4},{"damage":76,"enemies":"Sphere and 2 Shapes","floor":39,"turns":3},{"damage":136,"enemies":"Writhing Mass","floor":42,"turns":4},{"damage":31,"enemies":"Reptomancer","floor":44,"turns":3},{"damage":0,"enemies":"Jaw Worm Horde","floor":45,"turns":2},{"damage":72,"enemies":"Sphere and 2 Shapes","floor":46,"turns":3},{"damage":77,"enemies":"Transient","floor":48,"turns":5},{"damage":65,"enemies":"Time Eater","floor":50,"turns":8}],"seed_played":"-660100259906650805","potions_obtained":[{"floor":3.0,"key":"Toxic Potion"},{"floor":3.0,"key":"Dexterity Potion"},{"floor":6,"key":"SteroidPotion"},{"floor":8,"key":"Weak Potion"},{"floor":13,"key":"PowerPotion"},{"floor":14,"key":"Fire Potion"},{"floor":16,"key":"Block Potion"},{"floor":18,"key":"LifebloodPotion"},{"floor":18,"key":"Fire Potion"},{"floor":22,"key":"Reflective Coating"},{"floor":29,"key":"DistilledChaos"},{"floor":31,"key":"testmod-SpacePotion"},{"floor":33,"key":"Energy Potion"},{"floor":36,"key":"AttackPotion"},{"floor":37,"key":"Block Potion"},{"floor":39,"key":"Fire Potion"},{"floor":42,"key":"Venom Potion"},{"floor":44,"key":"SpeedPotion"},{"floor":48,"key":"LifebloodPotion"},{"floor":48,"key":"Block Potion"}],"is_trial":false,"path_per_floor":["M","?","M","M","?","E","R","M","T","M","M","R","M","M","R","B",null,"M","M","?","$","M","R","E","R","T","E","R","E","M","M","R","B",null,"M","?","M","M","M","R","?","M","T","E","M","M","R","M","R","B",null],"character_chosen":"REMILIA","items_purchased":["RedRainbow","MealTicket","NightDance","MastersStateliness","EmergencyRegeneration+1","Ornamental Fan","Panache","FavorOfDestiny","RedRainbow","CharismaGuard","Shuriken","MiserableFate","FitfulNightmare","MerchantsRug","Medical Kit","ScarletImprint","Membership Card"],"campfire_rested":1,"item_purchase_floors":[0,0,0,0,0,0,0,0,7,7,7,21,21,40,40,40,49],"current_hp_per_floor":[40,40,44,46,46,42,42,44,44,45,46,46,39,40,40,57,84,81,85,85,85,83,83,71,71,71,77,77,80,89,92,92,85,93,94,94,76,65,52,52,52,32,32,26,31,37,67,70,70,75],"gold":1,"neow_bonus":"","is_daily":false,"chose_seed":false,"campfire_upgraded":5,"win_rate":0.0,"timestamp":1613840702,"path_taken":["M","?","M","?","?","E","R","M","T","M","M","R","M","M","R","BOSS","M","M","?","$","M","R","E","R","T","E","R","E","?","M","R","BOSS","M","?","?","M","M","R","?","M","T","E","M","M","R","M","R","BOSS"],"items_purchased_type":["Card","Relic","Card","Card","Card","Relic","Card","Card","Card","Card","Relic","Card","Card","Relic","Relic","Card","Relic"],"build_version":"2020-12-22","purchased_purges":12,"victory":true,"max_hp_per_floor":[75,75,76,77,77,78,78,79,79,80,81,81,82,83,83,84,84,85,86,86,86,87,87,88,88,88,89,89,90,91,92,92,93,93,94,94,95,96,97,97,97,98,98,99,100,101,101,102,102,103],"card_choices":[{"not_picked":["VampireClaw","FavorOfDestiny"],"picked":"ScarletDevilSign","floor":1.0},{"not_picked":["UnderTheZenith","GlobalNightmare"],"picked":"BloodAndWine","floor":3.0},{"not_picked":["UnderTheZenith","ScarletDevil"],"picked":"EmergencyRegeneration","floor":4.0},{"not_picked":["FavorOfDestiny","NightDance"],"picked":"BlasphemousPunishment","floor":6},{"not_picked":["FavorOfDestiny","GlobalNightmare"],"picked":"SuperhumanBloodyKnife","floor":8},{"not_picked":["StarOfDavid","EndlessAdversity"],"picked":"RedRainbow","floor":10},{"not_picked":["BlasphemousPunishment","ScarletDevil"],"picked":"TwelveNightmare","floor":11},{"not_picked":["BloodHunter","ForbiddenFruit"],"picked":"BadLadyScramble","floor":13},{"not_picked":["UnderTheZenith","CharismaGuard"],"picked":"Ultimatum","floor":14},{"not_picked":["BloodyHallows","BloodRain"],"picked":"BatForm","floor":16},{"not_picked":["BloodyMagicSquare","NightDance"],"picked":"Septette+1","floor":18},{"not_picked":["DiffusionOfMisfortune","Stigmanizer"],"picked":"NightDance+1","floor":19},{"not_picked":["SuperhumanBloodyKnife","CharismaGuard"],"picked":"ForbiddenFruit","floor":22},{"not_picked":["Septette","LeisurelyOfLord"],"picked":"BloodHunter+1","floor":24},{"not_picked":["ScarletMeister","AfternoonTea"],"picked":"EquivalentExchange","floor":27},{"not_picked":["UnderTheZenith","UltimateOffering+1","ScarletDevil"],"picked":"SKIP","floor":29},{"not_picked":["BloodHunter","UnderTheZenith"],"picked":"NightLord+1","floor":30},{"not_picked":["ForbiddenFruit","NightDance"],"picked":"BloodyTrap+1","floor":31},{"not_picked":["EquivalentExchange","BatForm"],"picked":"TransientEternity","floor":33},{"not_picked":["TwelveNightmare","DevilSight"],"picked":"CharismaGuard+1","floor":35},{"not_picked":["ScarletNetherworld+1","Stigmanizer"],"picked":"VampireKiss","floor":37},{"not_picked":["ScarletDevil","BadLadyScramble"],"picked":"Stigmanizer+1","floor":38},{"not_picked":["NightLord","BloodHunter"],"picked":"NightDance+1","floor":38},{"not_picked":["BadLadyScramble+1","BlasphemousPunishment"],"picked":"RedNightlessCastle+1","floor":39},{"not_picked":["UnstableMagic","Septette"],"picked":"VampirishNight+1","floor":42},{"not_picked":["UnstableMagic+1","ScarletNetherworld"],"picked":"Septette","floor":44},{"not_picked":["FitfulNightmare","NightLord"],"picked":"Stigmanizer+1","floor":45},{"not_picked":["UnderTheZenith+1","AfternoonTea+1"],"picked":"StarOfDavid+1","floor":46},{"not_picked":["CurseOfVladTepes","ScarletDevil"],"picked":"ScarletDevilSign+1","floor":48}],"player_experience":9070,"relics_obtained":[{"floor":6,"key":"Whetstone"},{"floor":9,"key":"Quantum Egg"},{"floor":24,"key":"Bag of Marbles"},{"floor":26,"key":"Orichalcum"},{"floor":27,"key":"infinitespire:Bottled Soul"},{"floor":29,"key":"Centennial Puzzle"},{"floor":43,"key":"Garlic"},{"floor":44,"key":"Nunchaku"}],"event_choices":[{"damage_healed":0.0,"max_hp_gain":0.0,"max_hp_loss":0.0,"gold_gain":0.0,"event_name":"FaceTrader","player_choice":"Trade","floor":2.0,"gold_loss":0.0,"damage_taken":0.0,"relics_obtained":["FaceOfCleric"]},{"damage_healed":0.0,"max_hp_gain":0.0,"max_hp_loss":0.0,"gold_gain":175.0,"event_name":"Liars Game","player_choice":"AGREE","floor":5.0,"gold_loss":0.0,"damage_taken":0.0,"cards_obtained":["Doubt"]},{"damage_healed":0,"gold_gain":0,"player_choice":"Traded Relic","damage_taken":0,"relics_obtained":["Nloth\u0027s Gift"],"max_hp_gain":0,"max_hp_loss":0,"event_name":"N\u0027loth","floor":20,"relics_lost":["MealTicket"],"gold_loss":0},{"damage_healed":0,"gold_gain":0,"player_choice":"Bought 1 Potion","damage_taken":0,"max_hp_gain":0,"max_hp_loss":0,"event_name":"The Woman in Blue","floor":36,"gold_loss":0}],"is_beta":false,"boss_relics":[{"not_picked":["testmod-Prudence","SlaversCollar"],"picked":"APieceOfRedMist"},{"not_picked":["Busted Crown","testmod-Recursion"],"picked":"Runic Pyramid"}],"items_purged_floors":[7,7,7,7,7,40,40,40,40,49,49,49],"is_endless":false,"potions_floor_spawned":[3,6,8,14,16,18,24,29,30,31,37,42,44,48],"ascension_level":0}}