{"host":"d73an99q9oevilk5","time":1613808492,"event":{"mods":["2.2 Compatiblity","AchievementEnabler","Act Like it!","Aspiration","BaseMod","Beaked The Cultist","Better Third Choice","BetterRewards","Colored Map","Colored Powertips","Conspire","Downfall","GifTheSpireLib","Halation","Hubris","Infinite Spire","Marisa????????","Mimic Mod","Minty Spire (QoL Compilation)","MostiFishMod","Quick Restart","Relic Sorter","Reliquary","Replay The Spire","Shop Mod","Spikes Relics","StSLib","Stuff the Spire","The Cursed","The Jungle","The Necromancer","The Saiyan","Waifu the Spire","egg","slay the spire mod where everything is the same but ironclad has a cowboy hat"],"gold_per_floor":[115,178,178,196,207,240,240,13,60,87,98,98,116,129,129,233,233,243,260,360,370,370,404,404,421,451,101,111,121,121,152,152,247,247,259,259,276,176,188,218,238,238,277,294,309,327,337,367,367,367],"floor_reached":51,"language":"ENG","playtime":1740,"items_purged":["Pain"],"score":1140,"play_id":"cc27ae2d-084e-446a-a0ae-7fa7af9d2310","local_time":"20210220010812","is_ascension_mode":false,"campfire_choices":[{"data":"Doom and Gloom","floor":7.0,"key":"SMITH"},{"data":"conspire:Banana","floor":12.0,"key":"SMITH"},{"data":"MostiFishMod:GatherIntelligence","floor":15.0,"key":"SMITH"},{"data":"Defragment","floor":30.0,"key":"SMITH"},{"data":"BasicCrystalCard","floor":32.0,"key":"SMITH"},{"data":"Consume","floor":42,"key":"SMITH"},{"floor":49,"key":"RECALL"}],"circlet_count":0,"master_deck":["Strike_B","Strike_B","Strike_B","Strike_B","Defend_B","Defend_B","Defend_B","Defend_B","Zap","Dualcast","Doom and Gloom+1","Redo","Leap","conspire:Banana+1","ReplayRNGCard","BasicCrystalCard+1","MostiFishMod:GatherIntelligence+1","Core Surge","Chill","Defragment+1","BasicCrystalCard+1","Glacier","Glacier","Consume+1","BasicCrystalCard+1","Capacitor","MostiFishMod:ATRI","BasicCrystalCard+1","BasicCrystalCard","Leap","White Noise+1","Chaos+1","MostiFishMod:ReadyAimFire","ReplayTheSpireMod:Calculation Training"],"relics":["Cracked Core","DaveBox","Mango","infinitespire:Magic Flask","BlackRope","ShadowXiaoBlade","SynthV:TestCard","MiniBlackHole","Regal Pillow","infinitespire:Lychee Nut","ChiXiaoBlade","infinitespire:BottledMercury","conspire:Boomerang","Gambling Chip","Lizard Tail","Replay:Grab Bag","conspire:SlowCooker","reliquary:RedCape","Runic Pyramid","WarpedTongs","hubris:Spice","ReplayTheSpireMod:Lightbulb"],"acts_visited":["Exordium","Exordium","TheBeyond"],"potions_floor_usage":[40,48,50],"damage_taken":[{"damage":4.0,"enemies":"2 Louse","floor":1.0,"turns":2.0},{"damage":2.0,"enemies":"Jaw Worm","floor":4.0,"turns":3.0},{"damage":8.0,"enemies":"infinitespire:Voidling","floor":5.0,"turns":3.0},{"damage":4.0,"enemies":"Replay:BlueRogue","floor":6.0,"turns":4.0},{"damage":12.0,"enemies":"Lagavulin","floor":10.0,"turns":6.0},{"damage":0.0,"enemies":"Looter","floor":11.0,"turns":2.0},{"damage":27.0,"enemies":"Large Slime","floor":13.0,"turns":4.0},{"damage":0.0,"enemies":"3 Louse","floor":14.0,"turns":2.0},{"damage":21.0,"enemies":"The Guardian","floor":16.0,"turns":8.0},{"damage":0.0,"enemies":"theJungle:MUSHROOMGANG","floor":18.0,"turns":2.0},{"damage":12.0,"enemies":"theJungle:GiantWrat","floor":19.0,"turns":3.0},{"damage":0.0,"enemies":"theJungle:SlimyTreeVines","floor":21.0,"turns":3.0},{"damage":0.0,"enemies":"theJungle:MamaSnecko","floor":23.0,"turns":3.0},{"damage":11.0,"enemies":"Snake Plant","floor":25.0,"turns":3.0},{"damage":1.0,"enemies":"theJungle:Lyon","floor":26.0,"turns":5.0},{"damage":3.0,"enemies":"theJungle:Lyon","floor":28.0,"turns":3.0},{"damage":0.0,"enemies":"theJungle:2_Snecko_Cultists","floor":29.0,"turns":2.0},{"damage":10.0,"enemies":"theJungle:2_Phrogs","floor":31.0,"turns":5.0},{"damage":6.0,"enemies":"theJungle:FunGuy","floor":33.0,"turns":7.0},{"damage":0.0,"enemies":"Orb Walker","floor":35.0,"turns":2.0},{"damage":46.0,"enemies":"3 Darklings","floor":37.0,"turns":3.0},{"damage":0.0,"enemies":"4 Shapes","floor":39.0,"turns":2.0},{"damage":4,"enemies":"Reptomancer","floor":40,"turns":3},{"damage":0,"enemies":"Transient","floor":41,"turns":5},{"damage":0,"enemies":"Maw","floor":43,"turns":3},{"damage":0,"enemies":"Maw","floor":44,"turns":4},{"damage":0,"enemies":"Spire Growth","floor":45,"turns":3},{"damage":0,"enemies":"Transient","floor":46,"turns":5},{"damage":0,"enemies":"Maw","floor":47,"turns":4},{"damage":24,"enemies":"Nemesis","floor":48,"turns":3},{"damage":0,"enemies":"infinitespire:MassOfShapes","floor":50,"turns":3}],"seed_played":"1598742529977288496","potions_obtained":[{"floor":1.0,"key":"Ancient Potion"},{"floor":4.0,"key":"Toxic Potion"},{"floor":5.0,"key":"champ:CounterPotion"},{"floor":21.0,"key":"DistilledChaos"},{"floor":33.0,"key":"Swift Potion"},{"floor":41,"key":"Swift Potion"},{"floor":46,"key":"DuplicationPotion"},{"floor":48,"key":"infinitespire:BlackPotion"}],"is_trial":false,"path_per_floor":["M","?","?","M","M","E","R","$","T","E","M","R","M","M","R","B",null,"M","M","?","M","$","E","?","M","MIM","$","M","M","R","E","R","B",null,"M","?","M","$","M","E","M","R","MIM","M","M","M","M","E","R_BF","B",null],"character_chosen":"DEFECT","items_purchased":["infinitespire:Magic Flask","conspire:Banana","ReplayRNGCard","Gambling Chip","Glacier","BasicCrystalCard"],"campfire_rested":0,"item_purchase_floors":[0,8,8,27,27,38],"current_hp_per_floor":[85,85,85,83,75,71,71,71,71,60,64,64,44,49,49,36,74,74,64,59,64,64,71,78,69,76,76,80,85,85,79,79,81,90,90,90,51,51,56,67,75,75,80,86,93,101,109,90,90,95],"gold":367,"neow_bonus":"","is_daily":false,"chose_seed":false,"campfire_upgraded":6,"win_rate":0.0,"timestamp":1613808492,"path_taken":["M","?","?","M","M","E","R","$","T","E","?","R","M","M","R","BOSS","M","M","?","?","$","E","?","?","MIM","$","M","?","R","E","R","BOSS","M","?","M","$","M","E","M","R","MIM","M","M","M","M","E","R_BF","BOSS"],"items_purchased_type":["Relic","Card","Card","Relic","Card","Card"],"build_version":"2020-12-22","purchased_purges":1,"victory":true,"max_hp_per_floor":[89,89,89,89,89,89,89,89,89,67,68,68,70,72,72,74,74,74,76,76,76,76,78,78,80,82,82,84,86,86,88,88,90,90,90,90,92,92,94,104,106,106,106,106,108,110,112,114,114,114],"card_choices":[{"not_picked":["Panic Button","Time Bomb"],"picked":"Doom and Gloom","floor":1.0},{"not_picked":["MostiFishMod:PushDownKick","Melter","Rebound","Gash","Reprogram"],"picked":"SKIP","floor":4.0},{"not_picked":["Gash","Steam","StuffTheSpire:GlassShard","ReplaySort"],"picked":"Redo","floor":5.0},{"not_picked":["Cold Snap","Steam","Stack","hubris:PowerSurge"],"picked":"Leap","floor":6.0},{"not_picked":["Leap","Sweeping Beam","Heatsinks","Capacitor"],"picked":"BasicCrystalCard","floor":10.0},{"not_picked":["Streamline","Turbo","Fusion","MostiFishMod:SeaWaves","Panic Button"],"picked":"SKIP","floor":11.0},{"not_picked":["Sweeping Beam","Beam Cell","Redo","Heatsinks"],"picked":"BootSequence","floor":13.0},{"not_picked":["MostiFishMod:PushDownKick","StuffTheSpire:SnapShoot","Leap","Melter"],"picked":"MostiFishMod:GatherIntelligence","floor":14.0},{"not_picked":["MostiFishMod:Exploitation","MostiFishMod:Nova","Amplify","StuffTheSpire:Purify"],"picked":"Core Surge","floor":16.0},{"not_picked":["Cold Snap","Streamline","Turbo+1","Go for the Eyes+1"],"picked":"Chill","floor":18.0},{"not_picked":["StuffTheSpire:GlassShard","Sweeping Beam","Rebound","MostiFishMod:ReprogramOld","Ball Lightning"],"picked":"SKIP","floor":19.0},{"not_picked":["Beam Cell","Redo","Fusion+1","StuffTheSpire:LoadUp+1","MostiFishMod:Impulse"],"picked":"SKIP","floor":21.0},{"not_picked":["Rip and Tear","Seek","ReplayTheSpireMod:Repulse","Redo"],"picked":"Defragment","floor":23.0},{"not_picked":["Rebound","Coolheaded","Gash","Recycle","MostiFishMod:LinkProtocol"],"picked":"SKIP","floor":25.0},{"not_picked":["aspiration:Polymerization","conspire:Rain+1","ReplayTheSpireMod:Dual Polarity","Conserve Battery"],"picked":"BasicCrystalCard+1","floor":26.0},{"not_picked":["ReplayTheSpireMod:GoodbyeWorld","Sweeping Beam","Leap","Redo"],"picked":"Consume","floor":28.0},{"not_picked":["Conserve Battery+1","StuffTheSpire:Purify","MostiFishMod:FluxCapactior+1","Panic Button"],"picked":"BasicCrystalCard+1","floor":29.0},{"not_picked":["Fusion","Stack","Turbo","StuffTheSpire:LoadUp"],"picked":"Capacitor","floor":31.0},{"not_picked":["MostiFishMod:Overload","Meteor Strike","Rainbow","Seek"],"picked":"MostiFishMod:ATRI","floor":33.0},{"not_picked":["Redo+1","StuffTheSpire:LoadUp+1","conspire:Rain+1","Streamline"],"picked":"BasicCrystalCard+1","floor":35.0},{"not_picked":["Storm","StuffTheSpire:NuclearReactor","MostiFishMod:ReprogramOld+1","Ball Lightning+1","Stack+1"],"picked":"SKIP","floor":37.0},{"not_picked":["Compile Driver","Gash+1","Stack","Barrage"],"picked":"Leap","floor":39.0},{"not_picked":["hubris:Ukulele","hubris:SpecializedCircuitry","Hologram+1","Beam Cell+1"],"picked":"White Noise+1","floor":40},{"not_picked":["Tempest+1","Static Discharge","ReplaySolidLightProjector","Steam+1"],"picked":"Chaos+1","floor":41},{"not_picked":["Steam+1","conspire:Rain+1","Capacitor","Redo","Recycle+1"],"picked":"SKIP","floor":44},{"not_picked":["Steam","Panic Button+1","MostiFishMod:PushDownKick+1","Conserve Battery+1"],"picked":"MostiFishMod:ReadyAimFire","floor":45},{"not_picked":["Go for the Eyes","Compile Driver+1","Steam","Fusion+1"],"picked":"ReplayTheSpireMod:Calculation Training","floor":46},{"not_picked":["Tempest","Chill","Glacier+1","Rebound","Gash"],"picked":"SKIP","floor":47},{"not_picked":["Capacitor","Streamline","StuffTheSpire:Plugnplay+1","Gash","StuffTheSpire:ForEach"],"picked":"SKIP","floor":48}],"player_experience":1947106,"relics_obtained":[{"floor":1.0,"key":"SynthV:TestCard"},{"floor":6.0,"key":"MiniBlackHole"},{"floor":9.0,"key":"Regal Pillow"},{"floor":10.0,"key":"infinitespire:Lychee Nut"},{"floor":23.0,"key":"infinitespire:BottledMercury"},{"floor":26.0,"key":"conspire:Boomerang"},{"floor":31.0,"key":"Lizard Tail"},{"floor":40,"key":"hubris:Spice"},{"floor":48,"key":"ReplayTheSpireMod:Lightbulb"}],"event_choices":[{"damage_healed":0.0,"max_hp_gain":0.0,"max_hp_loss":0.0,"gold_gain":63.0,"event_name":"Golden Wing","player_choice":"Gained Gold","floor":2.0,"gold_loss":0.0,"damage_taken":0.0},{"damage_healed":0.0,"max_hp_gain":0.0,"max_hp_loss":0.0,"gold_gain":0.0,"event_name":"Purifier","player_choice":"Ignored","floor":3.0,"gold_loss":0.0,"damage_taken":0.0},{"cards_removed":["BootSequence"],"damage_healed":7.0,"max_hp_gain":0.0,"max_hp_loss":0.0,"gold_gain":0.0,"event_name":"Bonfire Elementals","player_choice":"Offered Uncommon","floor":24.0,"gold_loss":0.0,"damage_taken":0.0},{"damage_healed":0.0,"max_hp_gain":0.0,"max_hp_loss":0.0,"gold_gain":0.0,"event_name":"Accursed Blacksmith","player_choice":"Rummage","floor":36.0,"gold_loss":0.0,"damage_taken":0.0,"relics_obtained":["WarpedTongs"],"cards_obtained":["Pain"]}],"is_beta":false,"boss_relics":[{"not_picked":["Coffee Dripper","Empty Cage"],"picked":"ChiXiaoBlade"},{"not_picked":["Velvet Choker","reliquary:RedPaperclip"],"picked":"Replay:Grab Bag"},{"not_picked":["ReplayTheSpireMod:DimensionalGlitch","Busted Crown"],"picked":"conspire:SlowCooker"},{"not_picked":["conspire:RoyalGoblet","hubris:GrandSneckoEye"],"picked":"reliquary:RedCape"},{"not_picked":["aspiration:RunicSpoon","Kintsugi"],"picked":"Runic Pyramid"}],"items_purged_floors":[38],"is_endless":false,"potions_floor_spawned":[1,4,5,11,21,23,29,33,41,44,45,46,48],"ascension_level":0}}