{"host":"y4mx56vxqys6xwyn","time":1613782691,"event":{"mods":["BaseMod","Hermit","Minty Spire (QoL Compilation)","StSLib","The Bug Knight"],"gold_per_floor":[99,49,49,49,49,49,49,49,49,24,24,24,0,0,0,0,0,0,0,0,0,0,0,0,0,0,0,0,0,0,0,0,0,0,0,0,0,0,0,0,0,0,0,0,0,0,0,0,0,0,0,0,0,0,0,0],"floor_reached":55,"language":"ENG","playtime":5831,"items_purged":[],"score":745,"play_id":"5d5b0d82-1d3d-4be7-b93f-0db3004462e6","local_time":"20210219185811","is_ascension_mode":false,"campfire_choices":[{"data":"Conserve Battery","floor":7,"key":"SMITH"},{"data":"Consume","floor":12,"key":"SMITH"},{"data":"Zap","floor":15,"key":"SMITH"},{"floor":32,"key":"RECALL"},{"data":"White Noise","floor":40,"key":"SMITH"},{"floor":42,"key":"REST"},{"floor":49,"key":"DIG"},{"data":"Echo Form","floor":52,"key":"SMITH"}],"circlet_count":0,"master_deck":["Strike_B","Strike_B","Strike_B","Strike_B","Defend_B","Defend_B","Streamline","Conserve Battery+1","Rip and Tear","Conserve Battery","Consume+1","Self Repair","Cold Snap","BootSequence+1","Machine Learning+1","Compile Driver+1","Defragment+1","Leap+1","Reboot","Conserve Battery+1","White Noise+1","FTL","Gash","Go for the Eyes","Echo Form+1","Sweeping Beam","Melter+1","Gash+1","Steam+1","Auto Shields+1","Lockon+1","Rebound+1"],"relics":["Ectoplasm","Tiny Chest","PreservedInsect","Meat on the Bone","Astrolabe","Strawberry","Gremlin Horn","Vajra","Nuclear Battery","Red Mask","StoneCalendar","Ancient Tea Set","Kunai","Shovel","Incense Burner","CaptainsWheel","Ice Cream","Pen Nib"],"acts_visited":["Exordium","TheCity","TheBeyond","TheEnding"],"potions_floor_usage":[16,30,33,37,41,50,50,55],"damage_taken":[{"damage":0,"enemies":"Small Slimes","floor":1,"turns":4},{"damage":6,"enemies":"Jaw Worm","floor":5,"turns":3},{"damage":21,"enemies":"Gremlin Nob","floor":6,"turns":4},{"damage":1,"enemies":"2 Louse","floor":11,"turns":2},{"damage":0,"enemies":"Looter","floor":13,"turns":3},{"damage":0,"enemies":"Exordium Thugs","floor":14,"turns":4},{"damage":27,"enemies":"Hexaghost","floor":16,"turns":11},{"damage":3,"enemies":"3 Byrds","floor":18,"turns":6},{"damage":13,"enemies":"Spheric Guardian","floor":21,"turns":6},{"damage":45,"enemies":"Book of Stabbing","floor":23,"turns":7},{"damage":0,"enemies":"Snecko","floor":24,"turns":7},{"damage":2,"enemies":"Centurion and Healer","floor":25,"turns":9},{"damage":25,"enemies":"Snake Plant","floor":28,"turns":6},{"damage":13,"enemies":"3 Cultists","floor":30,"turns":6},{"damage":5,"enemies":"Sentry and Sphere","floor":31,"turns":7},{"damage":17,"enemies":"Champ","floor":33,"turns":19},{"damage":8,"enemies":"Orb Walker","floor":35,"turns":5},{"damage":22,"enemies":"Mind Bloom Boss Battle","floor":37,"turns":10},{"damage":8,"enemies":"3 Shapes","floor":39,"turns":6},{"damage":29,"enemies":"Reptomancer","floor":41,"turns":4},{"damage":2,"enemies":"Spire Growth","floor":44,"turns":6},{"damage":0,"enemies":"Giant Head","floor":47,"turns":8},{"damage":23,"enemies":"2 Orb Walkers","floor":48,"turns":5},{"damage":13,"enemies":"Donu and Deca","floor":50,"turns":9},{"damage":30,"enemies":"Shield and Spear","floor":54,"turns":7},{"damage":71,"enemies":"The Heart","floor":55,"turns":5}],"seed_played":"-145205333775135627","potions_obtained":[{"floor":6,"key":"SpeedPotion"},{"floor":14,"key":"Dexterity Potion"},{"floor":16,"key":"GamblersBrew"},{"floor":18,"key":"SpeedPotion"},{"floor":23,"key":"Fire Potion"},{"floor":30,"key":"PowerPotion"},{"floor":33,"key":"Swift Potion"},{"floor":35,"key":"Dexterity Potion"},{"floor":39,"key":"Swift Potion"},{"floor":54,"key":"ColorlessPotion"}],"is_trial":false,"path_per_floor":["M","?","?","?","M","E","R","T","T","$","M","R","M","M","R","B",null,"M","T","?","M","?","E","M","M","T","T","M","$","M","M","R","B",null,"M","?","?","T","M","R","E","R","T","M","$","$","E","?","R","B",null,"R","$","E","B"],"character_chosen":"DEFECT","items_purchased":["Conserve Battery"],"campfire_rested":1,"item_purchase_floors":[10],"current_hp_per_floor":[75,75,75,75,69,48,48,48,48,48,47,47,47,54,54,46,75,75,82,66,60,60,34,53,58,58,58,52,52,58,60,60,62,87,86,86,78,78,77,77,62,87,87,87,87,87,87,71,71,65,87,87,87,64,0,0],"gold":0,"neow_bonus":"BOSS_RELIC","is_daily":false,"chose_seed":false,"campfire_upgraded":5,"win_rate":0.0,"timestamp":1613782691,"path_taken":["M","?","?","?","M","E","R","?","T","?","M","R","?","M","R","BOSS","M","?","?","M","?","E","M","?","T","?","M","?","M","M","R","BOSS","M","?","?","?","?","R","E","R","T","M","?","$","E","?","R","BOSS","R","$","E","BOSS"],"items_purchased_type":["Card"],"build_version":"2020-12-22","purchased_purges":0,"victory":false,"max_hp_per_floor":[75,75,75,75,75,75,75,75,75,75,75,75,75,75,75,75,75,75,82,87,87,87,87,87,87,87,87,87,87,87,87,87,87,87,87,87,87,87,87,87,87,87,87,87,87,87,87,87,87,87,87,87,87,87,87,87],"card_choices":[{"not_picked":["Steam","Rebound"],"picked":"Streamline","floor":1},{"not_picked":["Steam","Coolheaded"],"picked":"Conserve Battery","floor":5},{"not_picked":["Genetic Algorithm","Beam Cell"],"picked":"Rip and Tear","floor":6},{"not_picked":["Heatsinks","Tempest"],"picked":"Consume","floor":11},{"not_picked":["Darkness","Multi-Cast"],"picked":"Self Repair","floor":13},{"not_picked":["Aggregate","Hello World"],"picked":"Cold Snap","floor":14},{"not_picked":["Scrape+1","Leap"],"picked":"Defragment+1","floor":18},{"not_picked":["Skim","Coolheaded+1"],"picked":"Leap+1","floor":21},{"not_picked":["Rainbow","Glacier+1"],"picked":"Conserve Battery+1","floor":23},{"not_picked":["Leap","Coolheaded","Genetic Algorithm"],"picked":"SKIP","floor":24},{"not_picked":["Barrage","Conserve Battery"],"picked":"White Noise","floor":25},{"not_picked":["Hologram","Cold Snap+1"],"picked":"FTL","floor":28},{"not_picked":["Darkness+1","Ball Lightning"],"picked":"Gash","floor":30},{"not_picked":["Doom and Gloom","Buffer"],"picked":"Go for the Eyes","floor":31},{"not_picked":["Thunder Strike","Reboot"],"picked":"Echo Form","floor":33},{"not_picked":["Steam+1","Consume"],"picked":"Sweeping Beam","floor":35},{"not_picked":["Redo","Coolheaded+1"],"picked":"Melter+1","floor":37},{"not_picked":["Rebound+1","Hologram"],"picked":"Gash+1","floor":39},{"not_picked":["Redo","Ball Lightning"],"picked":"Steam+1","floor":41},{"not_picked":["Aggregate+1","Tempest","Fission"],"picked":"SKIP","floor":44},{"not_picked":["Redo","Conserve Battery"],"picked":"Auto Shields+1","floor":47},{"not_picked":["Skim","Coolheaded+1"],"picked":"Lockon+1","floor":48},{"not_picked":["Capacitor","Coolheaded"],"picked":"Rebound+1","floor":54}],"player_experience":86182,"relics_obtained":[{"floor":6,"key":"Tiny Chest"},{"floor":8,"key":"PreservedInsect"},{"floor":9,"key":"Meat on the Bone"},{"floor":19,"key":"Strawberry"},{"floor":23,"key":"Gremlin Horn"},{"floor":26,"key":"Vajra"},{"floor":37,"key":"StoneCalendar"},{"floor":38,"key":"Ancient Tea Set"},{"floor":41,"key":"Kunai"},{"floor":43,"key":"Shovel"},{"floor":47,"key":"Incense Burner"},{"floor":48,"key":"CaptainsWheel"},{"floor":49,"key":"Ice Cream"},{"floor":54,"key":"Pen Nib"}],"event_choices":[{"cards_removed":["Dualcast"],"damage_healed":0,"gold_gain":0,"player_choice":"Card Removal","damage_taken":0,"max_hp_gain":0,"max_hp_loss":0,"event_name":"The Cleric","floor":2,"gold_loss":50},{"damage_healed":0,"gold_gain":0,"player_choice":"Ignored","damage_taken":0,"max_hp_gain":0,"max_hp_loss":0,"event_name":"Liars Game","floor":3,"gold_loss":0},{"damage_healed":0,"gold_gain":0,"player_choice":"Ignored","damage_taken":0,"max_hp_gain":0,"max_hp_loss":0,"event_name":"Golden Idol","floor":4,"gold_loss":0},{"damage_healed":0,"gold_gain":0,"player_choice":"Shed Blood","damage_taken":21,"max_hp_gain":5,"max_hp_loss":0,"event_name":"Forgotten Altar","floor":20,"gold_loss":0},{"damage_healed":0,"gold_gain":0,"player_choice":"1 cards matched","damage_taken":0,"max_hp_gain":0,"max_hp_loss":0,"event_name":"Match and Keep!","floor":22,"gold_loss":0,"cards_obtained":["Reboot"]},{"damage_healed":0,"gold_gain":0,"player_choice":"Paid","damage_taken":0,"relics_obtained":["Red Mask"],"max_hp_gain":0,"max_hp_loss":0,"event_name":"Tomb of Lord Red Mask","floor":36,"gold_loss":0},{"damage_healed":0,"gold_gain":0,"player_choice":"Fight","damage_taken":0,"max_hp_gain":0,"max_hp_loss":0,"event_name":"MindBloom","floor":37,"gold_loss":0},{"damage_healed":0,"gold_gain":0,"player_choice":"Fight","damage_taken":0,"max_hp_gain":0,"max_hp_loss":0,"event_name":"Mysterious Sphere","floor":48,"gold_loss":0}],"is_beta":false,"boss_relics":[{"not_picked":["Busted Crown","Pandora\u0027s Box"],"picked":"Astrolabe"},{"not_picked":["Tiny House","Snecko Eye"],"picked":"Nuclear Battery"}],"items_purged_floors":[],"is_endless":false,"potions_floor_spawned":[6,14,16,18,23,30,33,35,39,54],"killed_by":"The Heart","ascension_level":0}}