{"host":"du3j2mdkciet31iv","time":1613824037,"event":{"mods":["BaseMod","Minty Spire (QoL Compilation)","Relic Stats","StSLib"],"gold_per_floor":[113,124,141,151,151,182,182,195,195,195,195,211,58,86,86,184,184,184,184],"floor_reached":18,"language":"ENG","playtime":4384,"items_purged":[],"score":172,"play_id":"3f1867f5-f8a3-4ea1-8835-892cb918e7b5","local_time":"20210220142717","is_ascension_mode":false,"campfire_choices":[{"data":"Bouncing Flask","floor":7,"key":"SMITH"},{"data":"Caltrops","floor":11,"key":"SMITH"},{"data":"Noxious Fumes","floor":15,"key":"SMITH"}],"circlet_count":0,"master_deck":["Strike_G","Strike_G","Strike_G","Strike_G","Strike_G","Defend_G+1","Defend_G","Defend_G+1","Defend_G","Defend_G","Survivor","Neutralize","Dagger Spray","Deadly Poison+1","Reflex","Dodge and Roll","Bouncing Flask+1","Caltrops+1","Noxious Fumes+1","Dodge and Roll","Adrenaline"],"relics":["Ring of the Snake","Kunai","Du-Vu Doll","Lee\u0027s Waffle","The Specimen","Runic Dome"],"acts_visited":["Exordium","TheCity"],"potions_floor_usage":[8,14,16],"damage_taken":[{"damage":0,"enemies":"2 Louse","floor":1,"turns":1},{"damage":0,"enemies":"Small Slimes","floor":2,"turns":2},{"damage":9,"enemies":"Jaw Worm","floor":3,"turns":4},{"damage":0,"enemies":"2 Fungi Beasts","floor":4,"turns":3},{"damage":32,"enemies":"Gremlin Nob","floor":6,"turns":5},{"damage":11,"enemies":"Large Slime","floor":8,"turns":7},{"damage":0,"enemies":"Blue Slaver","floor":12,"turns":4},{"damage":10,"enemies":"Lagavulin","floor":14,"turns":5},{"damage":12,"enemies":"Hexaghost","floor":16,"turns":7},{"damage":0,"enemies":"Spheric Guardian","floor":18,"turns":1}],"seed_played":"-7160282828951964611","potions_obtained":[{"floor":1,"key":"BlessingOfTheForge"},{"floor":12,"key":"Poison Potion"},{"floor":14,"key":"Fire Potion"},{"floor":16,"key":"CunningPotion"}],"is_trial":false,"path_per_floor":["M","M","M","M","?","E","R","M","T","?","R","M","$","E","R","B",null,"M"],"character_chosen":"THE_SILENT","items_purchased":["Lee\u0027s Waffle"],"campfire_rested":0,"item_purchase_floors":[13],"current_hp_per_floor":[70,70,61,61,61,29,29,18,18,4,4,4,77,67,67,55,77,77,77],"gold":184,"neow_bonus":"THREE_CARDS","is_daily":false,"chose_seed":false,"campfire_upgraded":3,"win_rate":0.0,"timestamp":1613824037,"path_taken":["M","M","M","M","?","E","R","M","T","?","R","M","?","E","R","BOSS","M"],"items_purchased_type":["Relic"],"build_version":"2020-12-22","purchased_purges":0,"victory":false,"max_hp_per_floor":[70,70,70,70,70,70,70,70,70,70,70,70,77,77,77,77,77,77,77],"relic_stats":{"Lee\u0027s Waffle":73,"counters":[10,39],"Kunai":[1],"obtain_stats":[{"Du-Vu Doll":9,"Runic Dome":17,"Lee\u0027s Waffle":13,"The Specimen":14,"Kunai":6,"Ring of the Snake":0},{"Du-Vu Doll":6,"Runic Dome":9,"Lee\u0027s Waffle":7,"The Specimen":8,"Kunai":5,"Ring of the Snake":0},{"Du-Vu Doll":22,"Runic Dome":38,"Lee\u0027s Waffle":26,"The Specimen":31,"Kunai":15,"Ring of the Snake":0}],"Ring of the Snake":[20]},"card_choices":[{"not_picked":["Terror","Dagger Throw"],"picked":"Dagger Spray","floor":0},{"not_picked":["Calculated Gamble","Deflect"],"picked":"Deadly Poison","floor":1},{"not_picked":["Dagger Throw","Choke"],"picked":"Reflex","floor":2},{"not_picked":["Reflex","Quick Slash","Heel Hook"],"picked":"SKIP","floor":3},{"not_picked":["Dagger Spray","Prepared"],"picked":"Dodge and Roll","floor":4},{"not_picked":["Deadly Poison","Underhanded Strike"],"picked":"Bouncing Flask","floor":6},{"not_picked":["Outmaneuver","Sucker Punch"],"picked":"Caltrops","floor":8},{"not_picked":["Leg Sweep","Skewer"],"picked":"Noxious Fumes","floor":12},{"not_picked":["Envenom","Flying Knee"],"picked":"Dodge and Roll","floor":14},{"not_picked":["Phantasmal Killer","Malaise"],"picked":"Adrenaline","floor":16}],"player_experience":24455,"relics_obtained":[{"floor":6,"key":"Kunai"},{"floor":9,"key":"Du-Vu Doll"},{"floor":14,"key":"The Specimen"}],"event_choices":[{"damage_healed":0,"gold_gain":0,"player_choice":"Grow","damage_taken":0,"max_hp_gain":0,"max_hp_loss":0,"event_name":"Living Wall","floor":5,"gold_loss":0,"cards_upgraded":["Deadly Poison"]},{"damage_healed":0,"gold_gain":0,"player_choice":"Entered Light","damage_taken":14,"max_hp_gain":0,"max_hp_loss":0,"event_name":"Shining Light","floor":10,"gold_loss":0,"cards_upgraded":["Defend_G","Defend_G"]}],"is_beta":false,"boss_relics":[{"not_picked":["Philosopher\u0027s Stone","Runic Pyramid"],"picked":"Runic Dome"}],"items_purged_floors":[],"is_endless":false,"potions_floor_spawned":[1,12,14,16],"killed_by":"Spheric Guardian","ascension_level":0}}