{"host":"i3w38rq1z4slkels","time":1613792620,"event":{"mods":["2.2 Compatiblity","Act Like it!","BaseMod","Better Match","Better Vampires","BetterRewards","Conspire","Downfall","Minty Spire (QoL Compilation)","Rare Cards Sparkle","Replay The Spire","StSLib"],"gold_per_floor":[99,119,139,154,102,2,2,0,100,0,16,48,48,48,63,167,167,167,214,214,214,230,230,257,272,292,292,302,302,38,69,89,89,89,89],"floor_reached":33,"language":"ENG","playtime":1921,"items_purged":[],"score":305,"play_id":"3eaf4124-b148-4575-9b66-db4d4bdcb805","local_time":"20210220104340","is_ascension_mode":true,"campfire_choices":[{"floor":1,"key":"RECALL"},{"data":"bronze:ChosenStrike","floor":6,"key":"SMITH"},{"data":"bronze:MaxOutput","floor":10,"key":"SMITH"},{"data":"bronze:ItsAFeature","floor":13,"key":"SMITH"},{"data":"bronze:AlphaBuild","floor":18,"key":"SMITH"},{"data":"bronze:Boost","floor":23,"key":"SMITH"},{"data":"bronze:BurnOut","floor":27,"key":"SMITH"},{"data":"bronze:Separator","floor":29,"key":"SMITH"}],"circlet_count":0,"master_deck":["bronze:Strike","bronze:Strike","bronze:Strike","bronze:Defend","bronze:Defend","bronze:Defend","bronze:Replicate+1","bronze:Goto+1","bronze:MaxOutput+1","bronze:Boost+1","bronze:ChosenStrike+1","bronze:BurnOut+1","bronze:ItsAFeature+1","bronze:Deprecate","bronze:AlphaBuild+1","bronze:Constructor+1","bronze:Separator+1","bronze:Allocate","bronze:Iterate+1"],"relics":["bronze:BronzeCore","downfall:HeartBlessingRed","downfall:HeartBlessingBlue","MealTicket","conspire:RoyalGoblet","War Paint","MutagenicStrength","Simple Rune","Golden Egg","bronze:ProtectiveGoggles"],"acts_visited":["Exordium","TheCity"],"potions_floor_usage":[12,16,22,26,30,30,30],"damage_taken":[{"damage":0,"enemies":"conspire:RoseBush","floor":2,"turns":8},{"damage":4,"enemies":"2 Louse","floor":3,"turns":3},{"damage":7,"enemies":"Jaw Worm","floor":4,"turns":5},{"damage":0,"enemies":"downfall:FleeingMerchant","floor":5,"turns":4},{"damage":0,"enemies":"downfall:FleeingMerchant","floor":8,"turns":4},{"damage":9,"enemies":"Large Slime","floor":11,"turns":5},{"damage":9,"enemies":"Lagavulin","floor":12,"turns":5},{"damage":12,"enemies":"Lots of Slimes","floor":15,"turns":4},{"damage":38,"enemies":"WA_ARCHETYPE_RETAIN","floor":16,"turns":6},{"damage":7,"enemies":"Shell Parasite","floor":22,"turns":4},{"damage":27,"enemies":"conspire:FuzzyDice","floor":25,"turns":6},{"damage":8,"enemies":"conspire:HollyBat","floor":26,"turns":6},{"damage":23,"enemies":"Centurion and Healer","floor":28,"turns":5},{"damage":0,"enemies":"downfall:FleeingMerchant","floor":30,"turns":4},{"damage":2,"enemies":"Book of Stabbing","floor":31,"turns":4},{"damage":8,"enemies":"Chosen and Byrds","floor":32,"turns":2},{"damage":69,"enemies":"DF_ARCHETYPE_CLAW","floor":33,"turns":7}],"seed_played":"5248358216867665107","potions_obtained":[{"floor":4,"key":"Block Potion"},{"floor":12,"key":"Elixir"},{"floor":15,"key":"Strength Potion"},{"floor":16,"key":"EntropicBrew"},{"floor":19,"key":"champ:CounterPotion"},{"floor":19,"key":"EssenceOfSteel"},{"floor":22,"key":"Swift Potion"},{"floor":26,"key":"FairyPotion"}],"is_trial":false,"path_per_floor":["R","M","M","M","$","R","T","$","?","R","M","E","R","?","M","B",null,"R","?","?","?","M","R","T","M","M","R","M","R","$","E","M","B"],"character_chosen":"THE_AUTOMATON","items_purchased":["bronze:ChosenStrike","Golden Egg"],"campfire_rested":0,"item_purchase_floors":[5,30],"current_hp_per_floor":[70,70,66,59,59,59,59,59,59,69,60,51,51,51,39,1,80,80,80,80,80,73,73,73,46,38,38,15,15,30,28,20,0,0,0],"gold":89,"neow_bonus":"UPGRADE_CARD","is_daily":false,"chose_seed":false,"campfire_upgraded":7,"win_rate":0.0,"timestamp":1613792620,"path_taken":["R","M","M","M","$","R","T","$","?","R","M","E","R","?","M","BOSS","R","?","?","?","?","R","T","M","M","R","M","R","$","E","M","BOSS"],"items_purchased_type":["Card","Relic"],"build_version":"2020-12-22","purchased_purges":0,"victory":false,"max_hp_per_floor":[70,70,70,70,70,70,70,70,70,80,80,80,80,80,80,80,80,80,80,80,80,80,80,80,80,80,80,80,80,80,80,80,80,80,80],"card_choices":[{"not_picked":["bronze:DelayedGuard","bronze:ChildClass","bronze:OilSpill"],"picked":"SKIP","floor":2},{"not_picked":["bronze:WhirlingStrike","bronze:GetLatest"],"picked":"bronze:MaxOutput","floor":3},{"not_picked":["bronze:Iterate","bronze:Allocate"],"picked":"bronze:Boost","floor":4},{"not_picked":["bronze:DarkDash","bronze:FineTuning","bronze:BitShift"],"picked":"SKIP","floor":5},{"not_picked":["bronze:DelayedGuard","bronze:BuggyMess"],"picked":"bronze:BurnOut","floor":8},{"not_picked":["bronze:FineTuning","bronze:Invalidate","bronze:Frontload"],"picked":"SKIP","floor":11},{"not_picked":["bronze:Safeguard","bronze:WildBeam"],"picked":"bronze:ItsAFeature","floor":12},{"not_picked":["bronze:Shield","bronze:BuggyMess","bronze:Frontload"],"picked":"SKIP","floor":15},{"not_picked":["bronze:Assembly","bronze:CleanCode"],"picked":"bronze:AlphaBuild","floor":16},{"not_picked":["bronze:Overheat","bronze:DelayedSlice","bronze:Invalidate"],"picked":"SKIP","floor":22},{"not_picked":["bronze:Flail","bronze:Separator"],"picked":"bronze:Constructor+1","floor":25},{"not_picked":["bronze:Repulsor","bronze:CloningBeam","bronze:DarkDash"],"picked":"SKIP","floor":26},{"not_picked":["bronze:Fortify","bronze:FineTuning"],"picked":"bronze:Separator","floor":28},{"not_picked":["bronze:Separator","bronze:Safeguard"],"picked":"bronze:Allocate","floor":30},{"not_picked":["bronze:Frontload","bronze:ForceShield+1"],"picked":"bronze:Iterate+1","floor":31},{"not_picked":["bronze:DigitalCarnage","bronze:FineTuning","bronze:WildBeam+1"],"picked":"SKIP","floor":32}],"player_experience":512239,"relics_obtained":[{"floor":12,"key":"MealTicket"},{"floor":19,"key":"War Paint"},{"floor":24,"key":"Simple Rune"},{"floor":31,"key":"bronze:ProtectiveGoggles"}],"event_choices":[{"damage_healed":0,"gold_gain":0,"player_choice":"Inject Mutagens","damage_taken":0,"relics_obtained":["MutagenicStrength"],"max_hp_gain":0,"max_hp_loss":0,"event_name":"Drug Dealer","floor":20,"gold_loss":0}],"is_beta":false,"boss_relics":[{"not_picked":["conspire:SeveredTorchhead","Snecko Eye"],"picked":"conspire:RoyalGoblet"}],"items_purged_floors":[],"is_endless":false,"potions_floor_spawned":[4,12,15,16,22,26,28],"killed_by":"DF_ARCHETYPE_CLAW","ascension_level":3}}