{"host":"k7udt7atmcuzf6l0","time":1613802453,"event":{"mods":["Act Like it!","BaseMod","Colored Map","Colored Powertips","Highlight Path","Minty Spire (QoL Compilation)","Quick Restart","Rare Cards Sparkle","Relic Stats","StSLib","UnlockEverythingMod"],"gold_per_floor":[13,13,31,44,219,219,219,95,95,95,46,26,26,43,43,141,141,155,57,57,73,92,92,92,92,92,105,105,131,31,31,31,134,134,147,147,147,161,181,181,208,208,208,58,58,58],"floor_reached":45,"language":"ZHS","playtime":1164,"items_purged":["Doubt","Writhe"],"score":474,"play_id":"e5d5fb59-acf2-47bf-b03e-623f49ef6f71","local_time":"20210220142733","is_ascension_mode":false,"campfire_choices":[{"data":"Inflame","floor":7,"key":"SMITH"},{"data":"Armaments","floor":10,"key":"SMITH"},{"data":"Cleave","floor":13,"key":"SMITH"},{"data":"Rampage","floor":15,"key":"SMITH"},{"data":"Berserk","floor":23,"key":"SMITH"},{"data":"Anger","floor":25,"key":"SMITH"},{"data":"Pommel Strike","floor":28,"key":"SMITH"},{"data":"Bash","floor":32,"key":"SMITH"},{"data":"Double Tap","floor":40,"key":"SMITH"},{"data":"Twin Strike","floor":42,"key":"SMITH"}],"circlet_count":0,"master_deck":["Strike_R","Strike_R","Defend_R","Defend_R","Defend_R","Defend_R","Bash+1","Sword Boomerang+1","Inflame+1","Clash","Armaments+1","Cleave+1","Twin Strike+1","Rampage+1","Berserk+1","Infernal Blade+1","Havoc+1","Sever Soul+1","Anger+1","Pommel Strike+1","Twin Strike+1","Double Tap+1","Dropkick+1","Madness","Warcry+1","Body Slam+1"],"relics":["Burning Blood","Unceasing Top","Bottled Tornado","Astrolabe","Blood Vial","Ornamental Fan","StoneCalendar","Black Star","Strawberry","Happy Flower","Omamori","MealTicket"],"acts_visited":["Exordium","TheCity","TheBeyond"],"potions_floor_usage":[16,22,22,38,38],"damage_taken":[{"damage":12,"enemies":"2 Louse","floor":1,"turns":3},{"damage":11,"enemies":"Jaw Worm","floor":3,"turns":2},{"damage":6,"enemies":"Small Slimes","floor":4,"turns":3},{"damage":4,"enemies":"Exordium Thugs","floor":12,"turns":4},{"damage":6,"enemies":"Large Slime","floor":14,"turns":3},{"damage":54,"enemies":"The Guardian","floor":16,"turns":8},{"damage":9,"enemies":"Chosen","floor":18,"turns":3},{"damage":14,"enemies":"3 Byrds","floor":21,"turns":4},{"damage":21,"enemies":"Centurion and Healer","floor":22,"turns":4},{"damage":18,"enemies":"Snake Plant","floor":27,"turns":3},{"damage":1,"enemies":"Gremlin Leader","floor":29,"turns":4},{"damage":77,"enemies":"Collector","floor":33,"turns":7},{"damage":22,"enemies":"Orb Walker","floor":35,"turns":2},{"damage":11,"enemies":"3 Shapes","floor":38,"turns":4},{"damage":11,"enemies":"Transient","floor":39,"turns":5},{"damage":85,"enemies":"Reptomancer","floor":41,"turns":7},{"damage":71,"enemies":"Nemesis","floor":45,"turns":2}],"seed_played":"2417292194022132435","potions_obtained":[{"floor":1,"key":"LiquidMemories"},{"floor":4,"key":"DistilledChaos"},{"floor":14,"key":"Fire Potion"},{"floor":21,"key":"Swift Potion"},{"floor":22,"key":"FairyPotion"},{"floor":33,"key":"ColorlessPotion"},{"floor":35,"key":"Explosive Potion"}],"is_trial":false,"path_per_floor":["M","?","M","M","?","T","R","$","T","R","$","M","R","M","R","B",null,"M","$","?","M","M","R","$","R","T","M","R","E","$","?","R","B",null,"M","?","?","M","M","R","E","R","T","$","E"],"character_chosen":"IRONCLAD","items_purchased":["Armaments","Cleave","FairyPotion","MealTicket"],"campfire_rested":0,"item_purchase_floors":[8,11,19,44],"current_hp_per_floor":[90,90,85,85,85,85,85,85,85,85,85,87,87,87,87,39,96,93,93,93,87,74,74,74,74,74,64,64,71,71,71,71,34,96,80,80,80,77,74,74,41,41,41,41,0,0],"gold":58,"neow_bonus":"TWENTY_PERCENT_HP_BONUS","is_daily":false,"chose_seed":false,"campfire_upgraded":10,"win_rate":0.0,"timestamp":1613802453,"path_taken":["M","?","M","M","?","?","R","$","T","R","$","M","R","M","R","BOSS","M","$","?","M","M","R","?","R","T","M","R","E","$","?","R","BOSS","M","?","?","M","M","R","E","R","T","$","E"],"items_purchased_type":["Card","Card","Potion","Relic"],"build_version":"2020-12-22","purchased_purges":2,"victory":false,"max_hp_per_floor":[96,96,96,96,96,96,96,96,96,96,96,96,96,96,96,96,96,96,96,96,96,96,96,96,96,96,96,96,96,96,96,96,96,96,96,96,96,96,96,96,103,103,103,103,103,103],"relic_stats":{"Blood Vial":18,"Happy Flower":[0],"counters":[17,68],"Ornamental Fan":[80],"Astrolabe":["Infernal Blade","Havoc","Sever Soul"],"StoneCalendar":[1],"MealTicket":0,"Black Star":1,"obtain_stats":[{"Blood Vial":20,"Happy Flower":41,"Ornamental Fan":26,"Astrolabe":17,"Strawberry":41,"StoneCalendar":29,"MealTicket":44,"Black Star":34,"Omamori":43,"Bottled Tornado":9,"Burning Blood":0,"Unceasing Top":6},{"Blood Vial":7,"Happy Flower":16,"Ornamental Fan":9,"Astrolabe":6,"Strawberry":16,"StoneCalendar":11,"MealTicket":16,"Black Star":12,"Omamori":16,"Bottled Tornado":3,"Burning Blood":0,"Unceasing Top":3},{"Blood Vial":26,"Happy Flower":66,"Ornamental Fan":34,"Astrolabe":23,"Strawberry":66,"StoneCalendar":41,"MealTicket":66,"Black Star":48,"Omamori":66,"Bottled Tornado":8,"Burning Blood":0,"Unceasing Top":8}],"Burning Blood":96,"Unceasing Top":[8]},"card_choices":[{"not_picked":["Feel No Pain","Reckless Charge"],"picked":"Sword Boomerang","floor":1},{"not_picked":["Clash","Twin Strike"],"picked":"Inflame","floor":3},{"not_picked":["Headbutt","Sever Soul"],"picked":"Clash","floor":4},{"not_picked":["Second Wind","Clash"],"picked":"Twin Strike","floor":12},{"not_picked":["Clash","Sword Boomerang"],"picked":"Rampage","floor":14},{"not_picked":["Demon Form","Brutality"],"picked":"Berserk","floor":16},{"not_picked":["Hemokinesis","Havoc"],"picked":"Anger","floor":18},{"not_picked":["Metallicize","Entrench","Anger"],"picked":"SKIP","floor":21},{"not_picked":["True Grit","Clash+1"],"picked":"Pommel Strike","floor":22},{"not_picked":["Iron Wave","Sword Boomerang","Anger"],"picked":"SKIP","floor":27},{"not_picked":["Disarm","Iron Wave"],"picked":"Twin Strike+1","floor":29},{"not_picked":["Corruption","Berserk"],"picked":"Double Tap","floor":33},{"not_picked":["Cleave+1","Perfected Strike+1"],"picked":"Dropkick+1","floor":35},{"not_picked":["Mind Blast","PanicButton"],"picked":"Madness","floor":36},{"not_picked":["Entrench","Havoc","Ghostly Armor"],"picked":"SKIP","floor":38},{"not_picked":["Armaments","Clothesline"],"picked":"Warcry+1","floor":39},{"not_picked":["Armaments","Uppercut+1"],"picked":"Body Slam+1","floor":41}],"player_experience":146144,"relics_obtained":[{"floor":6,"key":"Unceasing Top"},{"floor":9,"key":"Bottled Tornado"},{"floor":26,"key":"Ornamental Fan"},{"floor":29,"key":"StoneCalendar"},{"floor":41,"key":"Strawberry"},{"floor":41,"key":"Happy Flower"},{"floor":43,"key":"Omamori"}],"event_choices":[{"damage_healed":0,"gold_gain":0,"player_choice":"Grow","damage_taken":0,"max_hp_gain":0,"max_hp_loss":0,"event_name":"Living Wall","floor":2,"gold_loss":0,"cards_upgraded":["Sword Boomerang"]},{"damage_healed":0,"gold_gain":175,"player_choice":"AGREE","damage_taken":0,"max_hp_gain":0,"max_hp_loss":0,"event_name":"Liars Game","floor":5,"gold_loss":0,"cards_obtained":["Doubt"]},{"damage_healed":0,"gold_gain":0,"player_choice":"Opened","damage_taken":0,"relics_obtained":["Blood Vial"],"max_hp_gain":0,"max_hp_loss":0,"event_name":"The Mausoleum","floor":20,"gold_loss":0,"cards_obtained":["Writhe"]},{"damage_healed":0,"gold_gain":0,"player_choice":"Memory 1","damage_taken":0,"max_hp_gain":0,"max_hp_loss":0,"event_name":"SensoryStone","floor":36,"gold_loss":0},{"damage_healed":0,"gold_gain":0,"player_choice":"Ignored","damage_taken":0,"max_hp_gain":0,"max_hp_loss":0,"event_name":"NoteForYourself","floor":37,"gold_loss":0}],"is_beta":false,"boss_relics":[{"not_picked":["Fusion Hammer","SacredBark"],"picked":"Astrolabe"},{"not_picked":["Runic Cube","SlaversCollar"],"picked":"Black Star"}],"items_purged_floors":[8,30],"is_endless":false,"potions_floor_spawned":[1,4,14,21,22,33,35],"killed_by":"Nemesis","ascension_level":0}}