{"host":"y76clbnovzmw9ubx","time":1613864228,"event":{"mods":["AchievementEnabler","BaseMod","Minty Spire (QoL Compilation)","Permanent Neow","Relic Stats"],"gold_per_floor":[118,130,147,147,164,190,190,216,241,266,23,23,88,115,115,198,198,220,242,268,268,268,268],"floor_reached":22,"language":"ENG","playtime":812,"items_purged":["Strike_G"],"score":412,"play_id":"635cfaf8-ee71-4a12-9040-d313f011b43d","local_time":"20210220183708","is_ascension_mode":true,"campfire_choices":[{"floor":7,"key":"REST"},{"floor":12,"key":"REST"},{"data":"Finisher","floor":15,"key":"SMITH"}],"circlet_count":0,"master_deck":["AscendersBane","Strike_G+1","Strike_G","Strike_G+1","Strike_G","Defend_G","Defend_G","Defend_G","Defend_G","Defend_G","Survivor","Neutralize","A Thousand Cuts","Blade Dance","Finisher+1","Endless Agony","Die Die Die","Blade Dance","Backstab","Malaise","Cloak And Dagger","Escape Plan+1","Dodge and Roll"],"relics":["Ring of the Snake","Ancient Tea Set","CeramicFish","PreservedInsect","Dream Catcher","MealTicket","Sozu"],"acts_visited":["Exordium","TheCity"],"potions_floor_usage":[6,6,8,16],"damage_taken":[{"damage":9,"enemies":"Cultist","floor":1,"turns":5},{"damage":0,"enemies":"2 Louse","floor":2,"turns":3},{"damage":0,"enemies":"Jaw Worm","floor":3,"turns":3},{"damage":11,"enemies":"Blue Slaver","floor":5,"turns":3},{"damage":15,"enemies":"Lagavulin","floor":6,"turns":5},{"damage":5,"enemies":"3 Sentries","floor":8,"turns":4},{"damage":3,"enemies":"Gremlin Nob","floor":10,"turns":3},{"damage":0,"enemies":"Gremlin Gang","floor":14,"turns":1},{"damage":31,"enemies":"Hexaghost","floor":16,"turns":9},{"damage":0,"enemies":"Spheric Guardian","floor":18,"turns":2},{"damage":0,"enemies":"Chosen","floor":19,"turns":4},{"damage":36,"enemies":"Shelled Parasite and Fungi","floor":20,"turns":4},{"damage":23,"enemies":"Sentry and Sphere","floor":22,"turns":4}],"seed_played":"1179020674652183423","potions_obtained":[{"floor":1,"key":"Fire Potion"},{"floor":5,"key":"FearPotion"},{"floor":6,"key":"BlessingOfTheForge"},{"floor":14,"key":"Poison Potion"},{"floor":16,"key":"Fire Potion"}],"is_trial":false,"path_per_floor":["M","M","M","?","M","E","R","E","T","E","$","R","?","M","R","B",null,"M","M","M","?","M"],"character_chosen":"THE_SILENT","items_purchased":["MealTicket"],"campfire_rested":2,"item_purchase_floors":[11],"current_hp_per_floor":[50,50,50,30,19,4,23,18,18,15,15,34,34,34,34,3,50,50,50,14,14,0,0],"gold":268,"neow_bonus":"ONE_RANDOM_RARE_CARD","is_daily":false,"chose_seed":false,"campfire_upgraded":1,"win_rate":0.0,"timestamp":1613864228,"path_taken":["M","M","?","?","M","E","R","E","T","E","$","R","?","M","R","BOSS","M","M","M","?","?"],"items_purchased_type":["Relic"],"build_version":"2020-12-22","purchased_purges":1,"victory":false,"max_hp_per_floor":[66,66,66,66,66,66,66,66,66,66,66,66,66,66,66,66,66,66,66,66,66,66,66],"relic_stats":{"Sozu":1,"Dream Catcher":1,"counters":[13,50],"CeramicFish":45,"MealTicket":0,"PreservedInsect":23,"obtain_stats":[{"Sozu":17,"Dream Catcher":10,"CeramicFish":8,"MealTicket":11,"PreservedInsect":9,"Ancient Tea Set":6,"Ring of the Snake":0},{"Sozu":9,"Dream Catcher":7,"CeramicFish":6,"MealTicket":7,"PreservedInsect":6,"Ancient Tea Set":5,"Ring of the Snake":0},{"Sozu":36,"Dream Catcher":26,"CeramicFish":23,"MealTicket":26,"PreservedInsect":23,"Ancient Tea Set":19,"Ring of the Snake":0}],"Ring of the Snake":[27]},"card_choices":[{"not_picked":["Underhanded Strike","Bane"],"picked":"Blade Dance","floor":1},{"not_picked":["Dodge and Roll","Poisoned Stab"],"picked":"Finisher","floor":2},{"not_picked":["Deflect","Infinite Blades"],"picked":"Endless Agony","floor":3},{"not_picked":["Outmaneuver","Backflip"],"picked":"Die Die Die","floor":5},{"not_picked":["Underhanded Strike","Noxious Fumes"],"picked":"Blade Dance","floor":6},{"not_picked":["Dagger Throw","Bane","Catalyst"],"picked":"SKIP","floor":8},{"not_picked":["Choke","Skewer","Deadly Poison"],"picked":"SKIP","floor":10},{"not_picked":["Setup","Blur"],"picked":"Backstab","floor":14},{"not_picked":["Doppelganger","Bullet Time"],"picked":"Malaise","floor":16},{"not_picked":["Tactician","Deadly Poison"],"picked":"Cloak And Dagger","floor":18},{"not_picked":["Masterful Stab","Flying Knee"],"picked":"Escape Plan+1","floor":19},{"not_picked":["Slice","PiercingWail"],"picked":"Dodge and Roll","floor":20}],"player_experience":3268437,"relics_obtained":[{"floor":6,"key":"Ancient Tea Set"},{"floor":8,"key":"CeramicFish"},{"floor":9,"key":"PreservedInsect"},{"floor":10,"key":"Dream Catcher"}],"event_choices":[{"damage_healed":0,"gold_gain":0,"player_choice":"Entered Light","damage_taken":20,"max_hp_gain":0,"max_hp_loss":0,"event_name":"Shining Light","floor":4,"gold_loss":0,"cards_upgraded":["Strike_G","Strike_G"]},{"damage_healed":0,"gold_gain":65,"player_choice":"Gained Gold","damage_taken":0,"max_hp_gain":0,"max_hp_loss":0,"event_name":"Golden Wing","floor":13,"gold_loss":0},{"damage_healed":0,"gold_gain":0,"player_choice":"Ignored","damage_taken":0,"max_hp_gain":0,"max_hp_loss":0,"event_name":"N\u0027loth","floor":21,"gold_loss":0}],"is_beta":false,"boss_relics":[{"not_picked":["Fusion Hammer","Velvet Choker"],"picked":"Sozu"}],"items_purged_floors":[11],"is_endless":false,"potions_floor_spawned":[1,5,6,14,16,18],"killed_by":"Sentry and Sphere","ascension_level":20}}