{"host":"2a0mdijsgk15db4y","time":1613854817,"event":{"mods":["AchievementEnabler","BaseMod","Colored Map","Colored Powertips","Downfall","Googly Eyes","Hermit","Highlight Path","Hubris","Jorbs\u0027s Wanderer Trilogy","Minty Spire (QoL Compilation)","Quick Restart","Rare Cards Sparkle","Replay The Spire","Shop Mod","StSLib","The Bug Knight","The Construct","The Cursed","The Hierophant","The Mystic"],"gold_per_floor":[99,119,111,29,52,86,133,133,161,161,180,180,180,212,233,343,343,343,369,391,412,435,435,513,534,70,70,70,70,70],"floor_reached":28,"language":"ENG","playtime":3525,"items_purged":["hexamod:Strike"],"score":255,"play_id":"15d4bf7c-99f2-450b-bc23-4a7ca242e09a","local_time":"20210220130017","is_ascension_mode":false,"campfire_choices":[{"data":"hexamod:Float","floor":1,"key":"SMITH"},{"data":"hexamod:ThermalTransfer","floor":8,"key":"SMITH"},{"data":"hexamod:SoulSteal","floor":12,"key":"SMITH"},{"data":"hexamod:GhostOfSpirePresent","floor":18,"key":"SMITH"},{"data":"hexamod:GhostflameBarrier","floor":23,"key":"SMITH"}],"circlet_count":0,"master_deck":["hexamod:Strike","hexamod:Strike","hexamod:Strike","hexamod:Defend","hexamod:Defend","hexamod:Defend+1","hexamod:Defend","hexamod:Sear+1","hexamod:Float+1","hexamod:FirstSeal","hexamod:SecondSeal","hexamod:FourthSeal","hexamod:BurningTouch+1","hexamod:ThermalTransfer+1","hexamod:RadiantFlame+1","hexamod:SoulSteal+1","hexamod:Sear","Dark Shackles","hexamod:GhostOfSpirePresent+1","hexamod:TimeWarp","hexamod:GhostflameBarrier+1","hexamod:FifthSeal"],"relics":["hexamod:SpiritBrand","War Paint","Omamori","Mango","hubris:HollowSoul","hexamod:InflammatoryLetter","hubris:BundleOfHerbs","ClockworkSouvenir"],"acts_visited":["Exordium","TheCity"],"potions_floor_usage":[6,14,15,16,19,20,21,21,22,25,25,26,26,28],"damage_taken":[{"damage":4,"enemies":"2 Louse","floor":2,"turns":4},{"damage":0,"enemies":"downfall:FleeingMerchant","floor":4,"turns":4},{"damage":1,"enemies":"Cultist","floor":5,"turns":4},{"damage":8,"enemies":"Lagavulin","floor":6,"turns":6},{"damage":1,"enemies":"Jaw Worm","floor":9,"turns":5},{"damage":3,"enemies":"Exordium Thugs","floor":11,"turns":5},{"damage":1,"enemies":"Gremlin Nob","floor":14,"turns":3},{"damage":1,"enemies":"Red Slaver","floor":15,"turns":3},{"damage":51,"enemies":"WA_ARCHETYPE_RETAIN","floor":16,"turns":9},{"damage":21,"enemies":"downfall:LooterAlt2","floor":19,"turns":4},{"damage":14,"enemies":"Spheric Guardian","floor":20,"turns":4},{"damage":10,"enemies":"Cultist and Chosen","floor":21,"turns":6},{"damage":29,"enemies":"Snake Plant","floor":22,"turns":7},{"damage":29,"enemies":"Chosen and Byrds","floor":25,"turns":7},{"damage":5,"enemies":"downfall:FleeingMerchant","floor":26,"turns":4},{"damage":30,"enemies":"Gremlin Leader","floor":28,"turns":4}],"seed_played":"-8027018854985340174","potions_obtained":[{"floor":2,"key":"Slimebound:ThreeZeroPotion"},{"floor":4,"key":"hexamod:InfernoChargePotion"},{"floor":5,"key":"LifebloodPotion"},{"floor":5,"key":"ColorlessPotion"},{"floor":9,"key":"DuplicationPotion"},{"floor":11,"key":"hexamod:SoulburnPotion"},{"floor":14,"key":"Block Potion"},{"floor":15,"key":"GamblersBrew"},{"floor":15,"key":"hexamod:EctoCoolerPotion"},{"floor":16,"key":"Venom Potion"},{"floor":16,"key":"Adrenaline Potion"},{"floor":19,"key":"Flashbang"},{"floor":20,"key":"Flashbang"},{"floor":20,"key":"Adrenaline Potion"},{"floor":21,"key":"LiquidMemories"},{"floor":22,"key":"GamblersBrew"},{"floor":25,"key":"hexamod:InfernoChargePotion"},{"floor":25,"key":"PowerPotion"},{"floor":26,"key":"AttackPotion"}],"is_trial":false,"path_per_floor":["R","M","?","$","M","E","T","R","M","?","M","R","?","E","M","B",null,"R","M","M","M","M","R","T","M","$","?","E"],"character_chosen":"THE_SPIRIT","items_purchased":["hubris:BundleOfHerbs","ClockworkSouvenir"],"campfire_rested":0,"item_purchase_floors":[26,26],"current_hp_per_floor":[77,73,66,73,77,76,76,76,75,75,77,77,77,91,91,47,91,91,77,70,67,45,45,45,23,25,25,0,0,0],"gold":70,"neow_bonus":"TEN_PERCENT_HP_BONUS","is_daily":false,"chose_seed":false,"campfire_upgraded":5,"win_rate":0.0,"timestamp":1613854817,"path_taken":["R","M","?","$","M","E","T","R","M","?","?","R","?","E","M","BOSS","R","M","M","M","M","R","T","M","$","?","E"],"items_purchased_type":["Relic","Relic"],"build_version":"2020-12-22","purchased_purges":1,"victory":false,"max_hp_per_floor":[77,77,77,77,77,77,77,77,77,77,77,77,77,91,91,91,91,91,91,91,91,91,91,91,91,91,91,91,91,91],"card_choices":[{"not_picked":["hexamod:Again","hexamod:SpectersWail","hexamod:CatchUp"],"picked":"SKIP","floor":2},{"not_picked":["hexamod:BacktrackSmack","hexamod:DynamicBlow"],"picked":"hexamod:BurningTouch","floor":4},{"not_picked":["hexamod:NightmareGuise","hexamod:Haunt"],"picked":"hexamod:ThermalTransfer","floor":5},{"not_picked":["hexamod:BurningTouch","hexamod:GhostflameInferno","hexamod:Haunt"],"picked":"SKIP","floor":6},{"not_picked":["hexamod:FirstSeal","hexamod:BurningTouch"],"picked":"hexamod:RadiantFlame","floor":9},{"not_picked":["hexamod:BacktrackSmack","hexamod:BurningTouch"],"picked":"hexamod:SoulSteal","floor":11},{"not_picked":["hexamod:RecurringNightmare","hexamod:SecondSeal","hexamod:RainOfEmbers"],"picked":"SKIP","floor":14},{"not_picked":["hexamod:Firestarter","hexamod:FastForward","hexamod:Haunt"],"picked":"SKIP","floor":15},{"not_picked":["hexamod:ParanormalForm","hexamod:GhostOfSpirePresent"],"picked":"hexamod:TimeWarp","floor":16},{"not_picked":["hexamod:BacktrackSmack","hexamod:NightmareStrike","hexamod:Hexaguard"],"picked":"SKIP","floor":19},{"not_picked":["hexamod:AdvancingGuard","hexamod:GhostLash","hexamod:HeatShield"],"picked":"SKIP","floor":20},{"not_picked":["hexamod:Again+1","hexamod:InspiringFlames+1"],"picked":"hexamod:GhostflameBarrier","floor":21},{"not_picked":["hexamod:NightmareGuise+1","hexamod:SoulSteal","hexamod:FastForward+1"],"picked":"SKIP","floor":22},{"not_picked":["hexamod:NightmareGuise","hexamod:Rewind"],"picked":"hexamod:FifthSeal","floor":25},{"not_picked":["hexamod:FastForward","hexamod:HauntingEcho+1","hexamod:FifthSeal"],"picked":"SKIP","floor":26}],"player_experience":181384,"relics_obtained":[{"floor":6,"key":"War Paint"},{"floor":7,"key":"Omamori"},{"floor":14,"key":"Mango"},{"floor":24,"key":"hexamod:InflammatoryLetter"}],"event_choices":[],"is_beta":false,"boss_relics":[{"not_picked":["bronze:MakeshiftBattery","hubris:CrackedHourglass"],"picked":"hubris:HollowSoul"}],"items_purged_floors":[4],"is_endless":false,"potions_floor_spawned":[2,5,11,15,16,20,25],"killed_by":"Gremlin Leader","ascension_level":0}}