{"host":"1v3mnj67s3trvm6y","time":1613824149,"event":{"mods":["BaseMod","Challenge The Spire","Minty Spire (QoL Compilation)","StSLib","The Cursed"],"gold_per_floor":[116,130,130,144,164,208,208,251,251,276,276,276,276,317,317,447,447,465,149,170,195,216,216,234,272,272,272,306,306,306,319,319,438,438,454,354,354,373,115,146,146,162,162,197,35,49,80,100,100,100,100,100,4,44,44],"floor_reached":56,"language":"ENG","playtime":4115,"items_purged":["TheCursedMod:Strike_TheCursed","TheCursedMod:Strike_TheCursed"],"score":1372,"play_id":"c36627d1-8b94-490e-acf9-124447d7525f","local_time":"20210220212909","is_ascension_mode":false,"campfire_choices":[{"data":"TheCursedMod:CleanUpWorkshop","floor":7,"key":"SMITH"},{"data":"TheCursedMod:TacticalStrike","floor":11,"key":"SMITH"},{"data":"TheCursedMod:CursedBoomerang","floor":12,"key":"SMITH"},{"floor":15,"key":"RECALL"},{"floor":23,"key":"REST"},{"floor":32,"key":"REST"},{"floor":41,"key":"REST"},{"floor":49,"key":"REST"},{"floor":52,"key":"REST"}],"circlet_count":0,"master_deck":["TheCursedMod:Strike_TheCursed","TheCursedMod:Defend_TheCursed","TheCursedMod:Defend_TheCursed","TheCursedMod:CursedWand","TheCursedMod:CleanUpWorkshop+1","TheCursedMod:Dregs","TheCursedMod:CursedBoomerang+1","TheCursedMod:TacticalStrike+1","Injury","TheCursedMod:WearCloak","TheCursedMod:CursedAmulet","TheCursedMod:CursedBlade","TheCursedMod:Wield","TheCursedMod:HellfireBreathing","Parasite","TheCursedMod:DemonSword","TheCursedMod:ReleasedKnowledge+1","TheCursedMod:SpitefulPlan+1","TheCursedMod:EmpowerCircles+1","TheCursedMod:CursedSpellbook","TheCursedMod:CircleOfAbyss","TheCursedMod:ReleasedStrength","TheCursedMod:ManaCirculation+1","TheCursedMod:Obscuration","TheCursedMod:AntiAging","TheCursedMod:SmokeScreen","TheCursedMod:ManaCirculation+1","TheCursedMod:RapidMovement+1","TheCursedMod:RapidMovement+1","TheCursedMod:SpitefulPlan+1","TheCursedMod:Neurasthenia","TheCursedMod:RapidMovement+1","TheCursedMod:Grudge+1","TheCursedMod:RavingStaff+1","TheCursedMod:SmokeScreen","TheCursedMod:ManaBullet"],"relics":["TheCursedMod:BlackMagic101","Golden Idol","Centennial Puzzle","WingedGreaves","Singing Bowl","InkBottle","Fusion Hammer","Frozen Egg 2","Bag of Marbles","Omamori","Gremlin Horn","TheCursedMod:OminousMark","TheCursedMod:DemonicMark","Pantograph","Shuriken","Toy Ornithopter","Torii","Calipers"],"acts_visited":["Exordium","TheCity","TheBeyond","TheEnding"],"potions_floor_usage":[6,6,55,55,55],"damage_taken":[{"damage":0,"enemies":"Jaw Worm","floor":1,"turns":4},{"damage":0,"enemies":"2 Louse","floor":2,"turns":2},{"damage":0,"enemies":"Small Slimes","floor":4,"turns":3},{"damage":0,"enemies":"2 Fungi Beasts","floor":5,"turns":4},{"damage":3,"enemies":"Gremlin Nob","floor":6,"turns":3},{"damage":12,"enemies":"3 Sentries","floor":8,"turns":6},{"damage":11,"enemies":"3 Louse","floor":10,"turns":2},{"damage":3,"enemies":"Lagavulin","floor":14,"turns":6},{"damage":62,"enemies":"Hexaghost","floor":16,"turns":10},{"damage":4,"enemies":"2 Thieves","floor":18,"turns":3},{"damage":7,"enemies":"Shell Parasite","floor":20,"turns":4},{"damage":9,"enemies":"Snake Plant","floor":21,"turns":4},{"damage":3,"enemies":"Centurion and Healer","floor":22,"turns":3},{"damage":4,"enemies":"Snecko","floor":24,"turns":5},{"damage":13,"enemies":"Gremlin Leader","floor":25,"turns":5},{"damage":0,"enemies":"Slavers","floor":28,"turns":4},{"damage":0,"enemies":"Sentry and Sphere","floor":31,"turns":3},{"damage":1,"enemies":"Champ","floor":33,"turns":7},{"damage":11,"enemies":"Orb Walker","floor":35,"turns":3},{"damage":9,"enemies":"3 Darklings","floor":38,"turns":5},{"damage":2,"enemies":"Reptomancer","floor":40,"turns":5},{"damage":2,"enemies":"4 Shapes","floor":42,"turns":4},{"damage":9,"enemies":"Giant Head","floor":44,"turns":6},{"damage":1,"enemies":"Sphere and 2 Shapes","floor":46,"turns":3},{"damage":5,"enemies":"Nemesis","floor":47,"turns":9},{"damage":0,"enemies":"Spire Growth","floor":48,"turns":6},{"damage":45,"enemies":"Donu and Deca","floor":50,"turns":6},{"damage":21,"enemies":"Shield and Spear","floor":54,"turns":9},{"damage":73,"enemies":"The Heart","floor":55,"turns":11}],"seed_played":"8425649392175850003","potions_obtained":[{"floor":2,"key":"Fire Potion"},{"floor":4,"key":"FearPotion"},{"floor":6,"key":"BlessingOfTheForge"},{"floor":14,"key":"Dexterity Potion"},{"floor":20,"key":"Dexterity Potion"}],"is_trial":false,"path_per_floor":["M","M","?","M","M","E","R","E","T","M","R","R","?","E","R","B",null,"M","$","M","M","M","R","M","E","T","?","E","?","?","M","R","B",null,"M","$","?","M","$","E","R","M","T","E","$","M","E","M","R","B",null,"R","$","E","B",null],"character_chosen":"THE_CURSED","items_purchased":["Frozen Egg 2","TheCursedMod:DemonicMark","TheCursedMod:SpitefulPlan+1","TheCursedMod:Neurasthenia","TheCursedMod:SmokeScreen","TheCursedMod:ManaBullet"],"campfire_rested":5,"item_purchase_floors":[19,39,45,45,53,53],"current_hp_per_floor":[75,75,75,75,75,72,72,60,60,49,49,49,67,66,66,4,77,73,73,68,59,56,79,75,62,62,62,64,64,64,64,81,80,81,70,70,70,63,63,63,85,87,87,82,82,83,80,82,99,56,101,101,101,84,36],"gold":44,"neow_bonus":"REMOVE_CARD","is_daily":false,"chose_seed":false,"campfire_upgraded":3,"win_rate":0.0,"timestamp":1613824149,"path_taken":["M","M","?","M","M","E","R","E","T","M","R","R","?","E","R","BOSS","M","$","M","M","M","R","M","E","T","?","E","?","?","M","R","BOSS","M","$","?","M","$","E","R","?","T","E","$","M","E","M","R","BOSS","R","$","E","BOSS"],"items_purchased_type":["Relic","Relic","Card","Card","Card","Card"],"build_version":"2020-12-22","purchased_purges":2,"victory":true,"max_hp_per_floor":[75,75,75,75,75,75,75,75,75,75,75,75,75,77,77,77,77,77,77,79,79,79,79,79,79,79,79,81,81,81,81,81,81,81,81,81,81,83,83,85,85,89,89,93,93,95,97,99,99,101,101,101,101,105,108],"card_choices":[{"not_picked":["TheCursedMod:SurpriseAttack","TheCursedMod:CircleOfAmplification"],"picked":"TheCursedMod:CursedBoomerang","floor":1},{"not_picked":["TheCursedMod:BlessingInDisguise","TheCursedMod:SurpriseAttack"],"picked":"TheCursedMod:TacticalStrike","floor":2},{"not_picked":["TheCursedMod:CursedMace","TheCursedMod:Stigma"],"picked":"TheCursedMod:WearCloak","floor":4},{"not_picked":["TheCursedMod:EmpowerCircles","TheCursedMod:SpreadPlague"],"picked":"TheCursedMod:CursedAmulet","floor":5},{"not_picked":["TheCursedMod:ReleasedStrength","TheCursedMod:WearCloak"],"picked":"TheCursedMod:CursedBlade","floor":6},{"not_picked":["TheCursedMod:VitalStrike","TheCursedMod:SpreadPlague"],"picked":"TheCursedMod:Wield","floor":8},{"not_picked":["TheCursedMod:SmokeScreen","TheCursedMod:Torture"],"picked":"TheCursedMod:HellfireBreathing","floor":10},{"not_picked":["TheCursedMod:CircleOfFlame","TheCursedMod:CursedShiv","TheCursedMod:Wield"],"picked":"Singing Bowl","floor":14},{"not_picked":["TheCursedMod:CircleOfAbyss","TheCursedMod:VoidForm"],"picked":"TheCursedMod:DemonSword","floor":16},{"not_picked":["TheCursedMod:CursedMace","TheCursedMod:BloodBarrier+1"],"picked":"TheCursedMod:ReleasedKnowledge+1","floor":18},{"not_picked":["TheCursedMod:TacticalStrike","TheCursedMod:CircleOfWindfury","TheCursedMod:Hemoplague+1"],"picked":"Singing Bowl","floor":20},{"not_picked":["TheCursedMod:CursedArmor+1","TheCursedMod:SaltUponWound"],"picked":"TheCursedMod:SpitefulPlan+1","floor":21},{"not_picked":["TheCursedMod:CircleOfFlame","TheCursedMod:Grudge"],"picked":"TheCursedMod:EmpowerCircles+1","floor":22},{"not_picked":["TheCursedMod:CursedBlade","TheCursedMod:Wield+1"],"picked":"TheCursedMod:CursedSpellbook","floor":24},{"not_picked":["TheCursedMod:Mangle","TheCursedMod:ReleasedKnowledge"],"picked":"TheCursedMod:CircleOfAbyss","floor":25},{"not_picked":["TheCursedMod:WearCloak","TheCursedMod:TacticalStrike","TheCursedMod:SaltUponWound"],"picked":"Singing Bowl","floor":28},{"not_picked":["TheCursedMod:WearCloak","TheCursedMod:CursedBlade"],"picked":"TheCursedMod:Obscuration","floor":31},{"not_picked":["TheCursedMod:StunningStrike","TheCursedMod:CursedRelics"],"picked":"TheCursedMod:AntiAging","floor":33},{"not_picked":["TheCursedMod:CircleOfFlame","TheCursedMod:CircleOfBlood+1"],"picked":"TheCursedMod:SmokeScreen","floor":35},{"not_picked":["TheCursedMod:Torture","TheCursedMod:ManaBullet+1"],"picked":"TheCursedMod:RapidMovement+1","floor":38},{"not_picked":["TheCursedMod:CursedArmor+1","TheCursedMod:Wield+1"],"picked":"TheCursedMod:RapidMovement+1","floor":40},{"not_picked":["TheCursedMod:Stretching","TheCursedMod:FuryStrike+1","TheCursedMod:VitalStrike+1"],"picked":"Singing Bowl","floor":42},{"not_picked":["TheCursedMod:DoubleShield+1","TheCursedMod:SurpriseAttack+1","TheCursedMod:Obscuration"],"picked":"Singing Bowl","floor":44},{"not_picked":["TheCursedMod:CircleOfFlame","TheCursedMod:SpitefulStrike"],"picked":"TheCursedMod:RapidMovement+1","floor":46},{"not_picked":["TheCursedMod:RapidMovement+1","TheCursedMod:TroublousMinions+1"],"picked":"TheCursedMod:Grudge+1","floor":47},{"not_picked":["TheCursedMod:CircleOfCorruption+1","TheCursedMod:SpitefulStrike+1"],"picked":"TheCursedMod:RavingStaff+1","floor":48},{"not_picked":["TheCursedMod:Stigma","TheCursedMod:CursedRelics","TheCursedMod:CircleOfBlood"],"picked":"Singing Bowl","floor":54}],"player_experience":1575823,"relics_obtained":[{"floor":6,"key":"Centennial Puzzle"},{"floor":8,"key":"WingedGreaves"},{"floor":9,"key":"Singing Bowl"},{"floor":14,"key":"InkBottle"},{"floor":25,"key":"Bag of Marbles"},{"floor":28,"key":"Omamori"},{"floor":40,"key":"Pantograph"},{"floor":43,"key":"Shuriken"},{"floor":44,"key":"Toy Ornithopter"},{"floor":47,"key":"Torii"},{"floor":54,"key":"Calipers"}],"event_choices":[{"damage_healed":0,"gold_gain":0,"player_choice":"Take Wound","damage_taken":0,"relics_obtained":["Golden Idol"],"max_hp_gain":0,"max_hp_loss":0,"event_name":"Golden Idol","floor":3,"gold_loss":0,"cards_obtained":["Injury"]},{"damage_healed":18,"gold_gain":0,"player_choice":"Healed and dodged fight","damage_taken":0,"max_hp_gain":0,"max_hp_loss":0,"event_name":"Mushrooms","floor":13,"gold_loss":0,"cards_obtained":["Parasite"]},{"damage_healed":0,"gold_gain":0,"player_choice":"Ignored","damage_taken":0,"max_hp_gain":0,"max_hp_loss":0,"event_name":"Vampires","floor":27,"gold_loss":0},{"damage_healed":0,"gold_gain":0,"player_choice":"Stole Relic","damage_taken":0,"relics_obtained":["Gremlin Horn"],"max_hp_gain":0,"max_hp_loss":0,"event_name":"Addict","floor":29,"gold_loss":0,"cards_obtained":["Shame"]},{"damage_healed":0,"gold_gain":0,"cards_transformed":["TheCursedMod:Defend_TheCursed","TheCursedMod:Defend_TheCursed"],"player_choice":"Became Test Subject","damage_taken":0,"max_hp_gain":0,"max_hp_loss":0,"event_name":"Drug Dealer","floor":30,"gold_loss":0,"cards_obtained":["TheCursedMod:ReleasedStrength","TheCursedMod:ManaCirculation"]},{"damage_healed":0,"gold_gain":0,"player_choice":"Copied","damage_taken":0,"max_hp_gain":0,"max_hp_loss":0,"event_name":"Duplicator","floor":37,"gold_loss":0,"cards_obtained":["TheCursedMod:ManaCirculation"]}],"is_beta":false,"boss_relics":[{"not_picked":["Coffee Dripper","Velvet Choker"],"picked":"Fusion Hammer"},{"not_picked":["TheCursedMod:BlackMagicAdvanced","Snecko Eye"],"picked":"TheCursedMod:OminousMark"}],"items_purged_floors":[19,36],"is_endless":false,"potions_floor_spawned":[2,4,6,14,20,28,31,42,44,46,54],"ascension_level":0}}