{"host":"jmm0ejj8wulo2lqh","time":1613810545,"event":{"mods":["AchievementEnabler","BaseMod","BetterRewards","Colored Map","Colored Powertips","Conspire","Downfall","Infinite Spire","Koishi","Marisa（霧雨　魔理沙）","Minty Spire (QoL Compilation)","Remilia（蕾米莉?）","Replay The Spire","StSLib","The Bladedancer","The Servant 0.9.4","Transform Curses","Wandering Minibosses"],"gold_per_floor":[115,115,130,140,150,150,178,178,178,178,257,268,285,299,299,299,299],"floor_reached":16,"language":"ENG","playtime":1200,"items_purged":[],"score":104,"play_id":"97fbe979-8bd5-4b71-8c97-df3591574512","local_time":"20210220184225","is_ascension_mode":false,"campfire_choices":[{"data":"Koishi:SubterraneanRose","floor":6,"key":"SMITH"},{"data":"Koishi:HauntingSlash","floor":10,"key":"SMITH"},{"data":"Koishi:Ego","floor":15,"key":"SMITH"}],"circlet_count":0,"master_deck":["Koishi:BasicStrike","Koishi:BasicStrike","Koishi:BasicStrike","Koishi:BasicDefend","Koishi:BasicDefend","Koishi:BasicDefend","Koishi:BasicDefend","Koishi:Provoke","Koishi:HauntingSlash+1","Koishi:SubconsciousSweep","Koishi:SubterraneanRose+1","Koishi:PhilosophyOfTheDespised","Koishi:EmbersOfLove","Koishi:Prune","Amnesia","Koishi:Ego+1","Koishi:FourthEye","Koishi:JumpScare","Koishi:StingingMind"],"relics":["Koishi:ImaginaryFriend","Matryoshka","Replay:Rubber Ducky","Calipers","Odd Mushroom","Frozen Eye"],"acts_visited":["Exordium"],"potions_floor_usage":[16,16,16],"damage_taken":[{"damage":8,"enemies":"2 Louse","floor":1,"turns":3},{"damage":5,"enemies":"Small Slimes","floor":3,"turns":3},{"damage":0,"enemies":"Jaw Worm","floor":4,"turns":4},{"damage":0,"enemies":"Red Slaver","floor":5,"turns":4},{"damage":48,"enemies":"Gremlin Nob","floor":7,"turns":6},{"damage":4,"enemies":"The Mushroom Lair","floor":11,"turns":6},{"damage":5,"enemies":"Blue Slaver","floor":12,"turns":3},{"damage":2,"enemies":"Exordium Thugs","floor":13,"turns":5},{"damage":18,"enemies":"Large Slime","floor":14,"turns":5},{"damage":45,"enemies":"Hexaghost","floor":16,"turns":14}],"seed_played":"1084325716433089529","potions_obtained":[{"floor":7,"key":"Adrenaline Potion"},{"floor":11,"key":"EssenceOfSteel"},{"floor":12,"key":"ColorlessPotion"}],"is_trial":false,"path_per_floor":["M","?","M","M","M","R","E","?","T","R","?","M","M","M","R","B"],"character_chosen":"KOISHI","items_purchased":[],"campfire_rested":0,"item_purchase_floors":[],"current_hp_per_floor":[60,60,56,57,59,59,13,66,66,66,62,59,57,45,45,0,0],"gold":299,"neow_bonus":"TEN_PERCENT_HP_BONUS","is_daily":false,"chose_seed":false,"campfire_upgraded":3,"win_rate":0.0,"timestamp":1613810545,"path_taken":["M","?","M","M","M","R","E","?","T","R","?","M","?","M","R","BOSS"],"items_purchased_type":[],"build_version":"2020-12-22","purchased_purges":0,"victory":false,"max_hp_per_floor":[66,66,66,66,66,66,66,66,66,66,66,66,66,66,66,66,66],"card_choices":[{"not_picked":["Koishi:DNAsFlaw","Koishi:PhantomStrike"],"picked":"Koishi:SubconsciousSweep","floor":1},{"not_picked":["Koishi:DreadfulBlow","Koishi:IdleWhim"],"picked":"Koishi:SubterraneanRose","floor":3},{"not_picked":["Koishi:UnansweredLove","Koishi:ParalyzingFear"],"picked":"Koishi:PhilosophyOfTheDespised","floor":4},{"not_picked":["Koishi:DreadfulBlow","Koishi:ParalyzingFear"],"picked":"Koishi:EmbersOfLove","floor":5},{"not_picked":["Koishi:CatchAndRose","Koishi:ConfinedInnocent"],"picked":"Koishi:Prune","floor":7},{"not_picked":["Koishi:FleetingPhantom","Koishi:UnansweredLove"],"picked":"Koishi:Ego","floor":11},{"not_picked":["Koishi:ReflexRadar","Koishi:StrangeCloudFist"],"picked":"Koishi:FourthEye","floor":12},{"not_picked":["Koishi:VengefulSpirit","Koishi:Vanish"],"picked":"Koishi:JumpScare","floor":13},{"not_picked":["Koishi:RorschachInDanmaku","Koishi:JumpScare"],"picked":"Koishi:StingingMind","floor":14}],"player_experience":116915,"relics_obtained":[{"floor":7,"key":"Matryoshka"},{"floor":9,"key":"Replay:Rubber Ducky"},{"floor":9,"key":"Calipers"},{"floor":11,"key":"Odd Mushroom"}],"event_choices":[{"damage_healed":0,"gold_gain":0,"player_choice":"Fought Mushrooms","damage_taken":0,"max_hp_gain":0,"max_hp_loss":0,"event_name":"Mushrooms","floor":11,"gold_loss":0}],"is_beta":false,"boss_relics":[],"items_purged_floors":[],"is_endless":false,"potions_floor_spawned":[7,11,12,13],"killed_by":"Hexaghost","ascension_level":0}}