{"host":"tod","time":1613827651,"event":{"mods":["ATMod(∞¢Ë™Mod)","AchievementEnabler","Act Like it!","BaseMod","CapriCore","Energized Spire","Highlight Path","Lobotomy","Marisa£®ÏF”Í°°ƒß¿Ì…≥£©","Minty Spire (QoL Compilation)","Quick Restart","Reimu£®≤©¿ˆ¡È√Œ£©","Relic Filter Mod","Relic Stats","Remilia£®¿Ÿ√◊¿Ú—«£©","Replay The Spire","Shop Mod","StSLib","The Cursed","The Immortal","Yakumo Yukari mod","Youmu£®ªÍ∆«—˝√Œ£©"],"gold_per_floor":[114,125,125,145,155,155,190,190,267,279,314,329,357,369,369,447,447,463,476,102,102,102,131,143,143,143,143,157,157,157,172,172,202,202,274,324,340,365,159,212,230,230,230],"floor_reached":42,"language":"ZHS","playtime":1285,"items_purged":["Strike_R"],"score":1416,"play_id":"7d070417-2c0c-4e60-9f37-1c3f8caebd08","local_time":"20210220212731","is_ascension_mode":true,"campfire_choices":[{"floor":6,"key":"REST"},{"data":"Bludgeon","floor":8,"key":"SMITH"},{"floor":15,"key":"REST"},{"floor":27,"key":"REST"},{"floor":32,"key":"RECALL"},{"floor":34,"key":"REST"}],"circlet_count":0,"master_deck":["AscendersBane","Strike_R+1","Strike_R","Strike_R","Strike_R","Defend_R+1","Defend_R","Defend_R","Defend_R+1","Bash","AT_IchimonjiDouble+1","ReplayTheSpireMod:Strike From Hell","Shockwave","Bludgeon+1","Uppercut","ReplayTheSpireMod:Limb From Limb","Barricade","AT_IchimonjiDouble","Apotheosis","Sever Soul","ReplayTheSpireMod:Limb From Limb","Pot Of Greed","Pot Of Greed","Corruption","Ghostly Armor+1","Pot Of Greed","ReplayTheSpireMod:Brewmster"],"relics":["AT_ATBox","Snecko Eye","AT_LudenTempest","Simple Rune","Potion Belt","Fusion Hammer","AT_ChloranthyRing","InkBottle","StoneCalendar","Grinning Jar","Tiny House","Thread and Needle","ReplayTheSpireMod:ShopPack","Incense Burner"],"acts_visited":["Exordium","TheCity","TheBeyond"],"potions_floor_usage":[16,23,23,23,33,33,35],"damage_taken":[{"damage":12,"enemies":"Jaw Worm","floor":1,"turns":3},{"damage":0,"enemies":"Cultist","floor":2,"turns":2},{"damage":6,"enemies":"2 Louse","floor":4,"turns":3},{"damage":20,"enemies":"Gremlin Gang","floor":5,"turns":3},{"damage":8,"enemies":"Gremlin Nob","floor":7,"turns":3},{"damage":12,"enemies":"3 Louse","floor":10,"turns":2},{"damage":0,"enemies":"3 Sentries","floor":11,"turns":2},{"damage":0,"enemies":"Large Slime","floor":12,"turns":1},{"damage":0,"enemies":"Gremlin Nob","floor":13,"turns":2},{"damage":9,"enemies":"Blue Slaver","floor":14,"turns":2},{"damage":0,"enemies":"Slime Boss","floor":16,"turns":3},{"damage":16,"enemies":"2 Thieves","floor":18,"turns":2},{"damage":12,"enemies":"3 Byrds","floor":19,"turns":3},{"damage":14,"enemies":"Book of Stabbing","floor":23,"turns":3},{"damage":0,"enemies":"Snecko","floor":24,"turns":2},{"damage":6,"enemies":"Cultist and Chosen","floor":28,"turns":3},{"damage":0,"enemies":"Centurion and Healer","floor":31,"turns":3},{"damage":19,"enemies":"Slavers","floor":33,"turns":2},{"damage":56,"enemies":"Pondfish","floor":35,"turns":6},{"damage":8,"enemies":"Orb Walker","floor":37,"turns":2},{"damage":0,"enemies":"Mind Bloom Boss Battle","floor":38,"turns":5},{"damage":12,"enemies":"2 Orb Walkers","floor":40,"turns":2},{"damage":10,"enemies":"3 Shapes","floor":41,"turns":2},{"damage":33,"enemies":"Reptomancer","floor":42,"turns":3}],"seed_played":"-2284800582941115437","potions_obtained":[{"floor":2,"key":"LifebloodPotion"},{"floor":5,"key":"Dexterity Potion"},{"floor":7,"key":"Weak Potion"},{"floor":12,"key":"LifebloodPotion"},{"floor":14,"key":"Energy Potion"},{"floor":16,"key":"BloodPotion"},{"floor":18,"key":"SteroidPotion"},{"floor":24,"key":"Languid Potion"},{"floor":28,"key":"Energy Potion"},{"floor":36,"key":"Cursed Concoction"}],"is_trial":false,"path_per_floor":["M","M","?","M","M","R","E","R","T","M","E","M","E","M","R","B",null,"M","M","$","?","?","E","M","$","T","R","M","PTL","PTL","M","R","E","R","B",null,"M","?","$","?","M","E"],"character_chosen":"IRONCLAD","items_purchased":["AT_ChloranthyRing","Apotheosis","ReplayTheSpireMod:ShopPack"],"campfire_rested":4,"item_purchase_floors":[20,20,39],"current_hp_per_floor":[56,56,56,50,30,52,44,44,44,32,32,32,32,23,45,45,68,52,40,40,40,40,41,41,41,41,63,57,57,57,57,57,38,60,4,62,54,54,54,42,32,0,0],"gold":230,"neow_bonus":"BOSS_RELIC","is_daily":false,"chose_seed":false,"campfire_upgraded":1,"win_rate":0.0,"timestamp":1613827651,"path_taken":["M","M","?","?","M","R","E","R","T","M","E","M","E","?","R","BOSS","M","M","$","?","?","E","?","$","T","R","M","PTL","PTL","M","R","E","R","BOSS","M","?","$","?","M","E"],"items_purchased_type":["Relic","Card","Relic"],"build_version":"2020-12-18","purchased_purges":1,"victory":false,"max_hp_per_floor":[75,75,75,75,75,75,75,75,75,75,75,75,75,75,75,75,75,75,75,75,75,75,75,75,75,75,75,75,75,75,75,75,75,75,75,80,80,80,80,80,80,80,80],"relic_stats":{"counters":[24,64],"Snecko Eye":[105,123,121,127],"StoneCalendar":[0],"obtain_stats":[{"Potion Belt":13,"AT_ChloranthyRing":20,"AT_ATBox":0,"Tiny House":36,"StoneCalendar":26,"Thread and Needle":38,"Incense Burner":40,"Burning Blood":0,"AT_LudenTempest":7,"Snecko Eye":0,"Simple Rune":11,"Fusion Hammer":17,"Grinning Jar":33,"InkBottle":23,"ReplayTheSpireMod:ShopPack":39},{"Potion Belt":9,"AT_ChloranthyRing":13,"AT_ATBox":0,"Tiny House":19,"StoneCalendar":15,"Thread and Needle":21,"Incense Burner":22,"Burning Blood":0,"AT_LudenTempest":5,"Snecko Eye":0,"Simple Rune":7,"Fusion Hammer":11,"Grinning Jar":18,"InkBottle":14,"ReplayTheSpireMod:ShopPack":21},{"Potion Belt":21,"AT_ChloranthyRing":31,"AT_ATBox":0,"Tiny House":50,"StoneCalendar":36,"Thread and Needle":57,"Incense Burner":59,"Burning Blood":0,"AT_LudenTempest":14,"Snecko Eye":0,"Simple Rune":18,"Fusion Hammer":26,"Grinning Jar":44,"InkBottle":34,"ReplayTheSpireMod:ShopPack":57}],"InkBottle":[11]},"card_choices":[{"not_picked":["AT_BodySlamDance","Havoc"],"picked":"ReplayTheSpireMod:Strike From Hell","floor":1},{"not_picked":["Defy Death","Shrug It Off","Clash"],"picked":"SKIP","floor":2},{"not_picked":["Sword Boomerang","Thunderclap","Armaments"],"picked":"SKIP","floor":4},{"not_picked":["Run Through","Massacre"],"picked":"Shockwave","floor":5},{"not_picked":["Perfected Strike","Armaments"],"picked":"Bludgeon","floor":7},{"not_picked":["ReplayTheSpireMod:Stacked","Headbutt"],"picked":"Uppercut","floor":10},{"not_picked":["Hemokinesis","Intimidate","Clash"],"picked":"SKIP","floor":11},{"not_picked":["Heavy Blade","Run Through"],"picked":"ReplayTheSpireMod:Limb From Limb","floor":12},{"not_picked":["Clothesline","Massacre","Headbutt"],"picked":"SKIP","floor":13},{"not_picked":["True Grit","Headbutt","AT_BodySlamDance"],"picked":"SKIP","floor":14},{"not_picked":["Impervious","Juggernaut"],"picked":"Barricade","floor":16},{"not_picked":["Run Through","ReplayTheSpireMod:Strike From Hell","AT_BodySlamDance"],"picked":"SKIP","floor":18},{"not_picked":["Run Through","Intimidate"],"picked":"AT_IchimonjiDouble","floor":19},{"not_picked":["Shrug It Off","Defy Death","Heavy Blade"],"picked":"SKIP","floor":23},{"not_picked":["Rampage","Second Wind","Shrug It Off"],"picked":"SKIP","floor":24},{"not_picked":["Headbutt","Pommel Strike"],"picked":"Sever Soul","floor":28},{"not_picked":["ReplayTheSpireMod:LeadingStrike","Clash"],"picked":"ReplayTheSpireMod:Limb From Limb","floor":31},{"not_picked":["Anger","AT_BodySlamDance","Disarm"],"picked":"SKIP","floor":33},{"not_picked":["Hemogenesis","Replay:Many Hands"],"picked":"Corruption","floor":35},{"not_picked":["Battle Trance","Havoc"],"picked":"Ghostly Armor+1","floor":37},{"not_picked":["The Bomb","Midas Touch"],"picked":"ReplayTheSpireMod:Brewmster","floor":39},{"not_picked":["Havoc+1","Warcry","Pummel+1"],"picked":"SKIP","floor":41}],"player_experience":414583,"relics_obtained":[{"floor":7,"key":"AT_LudenTempest"},{"floor":11,"key":"Simple Rune"},{"floor":13,"key":"Potion Belt"},{"floor":23,"key":"InkBottle"},{"floor":26,"key":"StoneCalendar"},{"floor":33,"key":"Grinning Jar"},{"floor":38,"key":"Thread and Needle"},{"floor":40,"key":"Incense Burner"}],"event_choices":[{"damage_healed":0,"gold_gain":0,"player_choice":"Forge","damage_taken":0,"max_hp_gain":0,"max_hp_loss":0,"event_name":"Accursed Blacksmith","floor":3,"gold_loss":0,"cards_upgraded":["AT_IchimonjiDouble"]},{"damage_healed":0,"gold_gain":0,"player_choice":"Ignored","damage_taken":0,"max_hp_gain":0,"max_hp_loss":0,"event_name":"Vampires","floor":21,"gold_loss":0},{"damage_healed":0,"gold_gain":0,"player_choice":"0 cards matched","damage_taken":0,"max_hp_gain":0,"max_hp_loss":0,"event_name":"Match and Keep!","floor":22,"gold_loss":0,"cards_obtained":[]},{"damage_healed":0,"gold_gain":0,"player_choice":"Fight","damage_taken":0,"max_hp_gain":0,"max_hp_loss":0,"event_name":"MindBloom","floor":38,"gold_loss":0},{"damage_healed":0,"gold_gain":0,"player_choice":"Fight","damage_taken":0,"max_hp_gain":0,"max_hp_loss":0,"event_name":"Mysterious Sphere","floor":40,"gold_loss":0}],"is_beta":true,"boss_relics":[{"not_picked":["Runic Pyramid","Runic Dome"],"picked":"Fusion Hammer"},{"not_picked":["Replay:Wanted Poster","Mark of Pain"],"picked":"Tiny House"}],"items_purged_floors":[39],"is_endless":false,"potions_floor_spawned":[2,5,7,12,14,16,18,24,28],"killed_by":"Reptomancer","ascension_level":20}}