{"host":"x5yhywqzhy6atib3","time":1613789409,"event":{"mods":["BaseMod","Colored Map","Colored Powertips","DeckTracker","Highlight Path","Minty Spire (QoL Compilation)","StSLib","The Cursed"],"gold_per_floor":[113,124,135,135,150,183,200,215,215,215,215,185,185,185,185,286,286,302,302,102,102,114,156,184,209,245,274,89,103,31,31,31,134,134,148,161,174,189,201,201,201],"floor_reached":40,"language":"KOR","playtime":3493,"items_purged":["TheCursedMod:ForbiddenAlchemy"],"score":437,"play_id":"a916effe-2ee1-483f-bd31-f53165f8dc97","local_time":"20210220035009","is_ascension_mode":false,"campfire_choices":[{"data":"TheCursedMod:ReleasedKnowledge","floor":11,"key":"SMITH"},{"data":"TheCursedMod:CursedAmulet","floor":15,"key":"SMITH"},{"floor":32,"key":"REST"}],"circlet_count":0,"master_deck":["TheCursedMod:Strike_TheCursed","TheCursedMod:Strike_TheCursed","TheCursedMod:Strike_TheCursed","TheCursedMod:Strike_TheCursed+1","TheCursedMod:Defend_TheCursed","TheCursedMod:Defend_TheCursed","TheCursedMod:Defend_TheCursed","TheCursedMod:Defend_TheCursed","TheCursedMod:CursedWand","TheCursedMod:CleanUpWorkshop","TheCursedMod:Dregs","TheCursedMod:FleshFromBone+1","TheCursedMod:SpitefulStrike","TheCursedMod:CursedShiv","TheCursedMod:SmokeScreen+1","TheCursedMod:VoidForm","TheCursedMod:CursedAmulet+1","TheCursedMod:ReleasedKnowledge+1","TheCursedMod:CursedBlade","Parasite","TheCursedMod:DarkBarrier","TheCursedMod:Wield","Shame","TheCursedMod:HellfireBreathing","TheCursedMod:TacticalStrike","TheCursedMod:WearCloak","TheCursedMod:PrepareRite+1","TheCursedMod:LuckyCharm","TheCursedMod:WearCloak","TheCursedMod:SpitefulPlan","TheCursedMod:Obscuration","TheCursedMod:FleshFromBone+1","TheCursedMod:LuckyCharm","TheCursedMod:ManaCirculation","TheCursedMod:LuckyCharm","TheCursedMod:Wield","TheCursedMod:Wield+1","TheCursedMod:Stretching+1","TheCursedMod:CursedSpellbook+1"],"relics":["TheCursedMod:BlackMagic101","NeowsBlessing","Ice Cream","Strawberry","Sozu","Thread and Needle","MawBank","Gremlin Horn","Oddly Smooth Stone","Cursed Key"],"acts_visited":["Exordium","TheCity","TheBeyond"],"potions_floor_usage":[12,16,23],"damage_taken":[{"damage":0,"enemies":"Small Slimes","floor":1,"turns":1},{"damage":0,"enemies":"2 Louse","floor":2,"turns":1},{"damage":0,"enemies":"Jaw Worm","floor":3,"turns":1},{"damage":7,"enemies":"Blue Slaver","floor":5,"turns":5},{"damage":21,"enemies":"3 Sentries","floor":6,"turns":15},{"damage":0,"enemies":"Lots of Slimes","floor":7,"turns":6},{"damage":0,"enemies":"Exordium Thugs","floor":8,"turns":4},{"damage":1,"enemies":"Looter","floor":12,"turns":4},{"damage":47,"enemies":"Hexaghost","floor":16,"turns":8},{"damage":3,"enemies":"Chosen","floor":18,"turns":5},{"damage":9,"enemies":"Book of Stabbing","floor":23,"turns":7},{"damage":11,"enemies":"Spheric Guardian","floor":24,"turns":5},{"damage":1,"enemies":"3 Cultists","floor":25,"turns":5},{"damage":12,"enemies":"Centurion and Healer","floor":27,"turns":7},{"damage":0,"enemies":"Cultist and Chosen","floor":29,"turns":7},{"damage":21,"enemies":"Automaton","floor":33,"turns":13},{"damage":6,"enemies":"3 Shapes","floor":35,"turns":6},{"damage":35,"enemies":"3 Darklings","floor":36,"turns":6},{"damage":10,"enemies":"Sphere and 2 Shapes","floor":37,"turns":7},{"damage":9,"enemies":"4 Shapes","floor":38,"turns":6},{"damage":2,"enemies":"Spire Growth","floor":39,"turns":7},{"damage":34,"enemies":"Nemesis","floor":40,"turns":5}],"seed_played":"759420806829759140","potions_obtained":[{"floor":3,"key":"Block Potion"},{"floor":7,"key":"SkillPotion"},{"floor":8,"key":"Regen Potion"},{"floor":16,"key":"FearPotion"}],"is_trial":false,"path_per_floor":["M","M","M","?","M","E","M","M","T","$","R","M","?","?","R","B",null,"M","?","$","?","$","E","M","M","T","M","$","M","$","?","R","B",null,"M","M","M","M","M","E"],"character_chosen":"THE_CURSED","items_purchased":["TheCursedMod:HellfireBreathing","TheCursedMod:ForbiddenAlchemy","TheCursedMod:TacticalStrike","TheCursedMod:SpitefulPlan","TheCursedMod:Obscuration","TheCursedMod:LuckyCharm"],"campfire_rested":1,"item_purchase_floors":[20,20,20,28,28,30],"current_hp_per_floor":[75,75,75,75,68,47,47,47,54,54,54,65,82,66,66,19,82,79,79,79,79,79,70,59,58,58,46,46,46,46,46,70,49,82,76,41,31,22,20,0,0],"gold":201,"neow_bonus":"THREE_ENEMY_KILL","is_daily":false,"chose_seed":false,"campfire_upgraded":2,"win_rate":0.0,"timestamp":1613789409,"path_taken":["M","M","M","?","M","E","M","M","T","$","R","M","?","?","R","BOSS","M","?","?","?","$","E","M","M","T","M","$","?","?","?","R","BOSS","M","M","M","M","M","E"],"items_purchased_type":["Card","Card","Card","Card","Card","Card"],"build_version":"2020-12-22","purchased_purges":1,"victory":false,"max_hp_per_floor":[75,75,75,75,75,75,75,75,82,82,82,82,82,82,82,82,82,82,82,82,82,82,82,82,82,82,82,82,82,82,82,82,82,82,82,82,82,82,82,82,82],"card_choices":[{"not_picked":["TheCursedMod:HellsGateOpen","TheCursedMod:Torture"],"picked":"TheCursedMod:FleshFromBone","floor":1},{"not_picked":["TheCursedMod:CircleOfFlame","TheCursedMod:SoulCrush"],"picked":"TheCursedMod:SpitefulStrike","floor":2},{"not_picked":["TheCursedMod:SpitefulStrike","TheCursedMod:BlessingInDisguise"],"picked":"TheCursedMod:CursedShiv","floor":3},{"not_picked":["TheCursedMod:CursedAmulet","TheCursedMod:DemonicPact"],"picked":"TheCursedMod:SmokeScreen","floor":5},{"not_picked":["TheCursedMod:TacticalStrike","TheCursedMod:RapidMovement"],"picked":"TheCursedMod:VoidForm","floor":6},{"not_picked":["TheCursedMod:SoulCrush","TheCursedMod:PrepareRite"],"picked":"TheCursedMod:CursedAmulet","floor":7},{"not_picked":["TheCursedMod:FleshFromBone","TheCursedMod:SpitefulPlan"],"picked":"TheCursedMod:ReleasedKnowledge","floor":8},{"not_picked":["TheCursedMod:TacticalStrike","TheCursedMod:CircleOfFocus"],"picked":"TheCursedMod:CursedBlade","floor":12},{"not_picked":["TheCursedMod:CursedRelics","TheCursedMod:ManaCirculation"],"picked":"TheCursedMod:DarkBarrier","floor":16},{"not_picked":["TheCursedMod:CircleOfFlame","TheCursedMod:FleshFromBone"],"picked":"TheCursedMod:Wield","floor":18},{"not_picked":["TheCursedMod:TacticalStrike","TheCursedMod:CircleOfCorruption"],"picked":"TheCursedMod:WearCloak","floor":23},{"not_picked":["TheCursedMod:EmpowerCircles","TheCursedMod:SurpriseAttack"],"picked":"TheCursedMod:PrepareRite+1","floor":24},{"not_picked":["TheCursedMod:Obscuration","TheCursedMod:CursedShiv"],"picked":"TheCursedMod:LuckyCharm","floor":25},{"not_picked":["TheCursedMod:Stretching+1","TheCursedMod:Neurasthenia"],"picked":"TheCursedMod:WearCloak","floor":27},{"not_picked":["TheCursedMod:Stigma","TheCursedMod:RapidMovement"],"picked":"TheCursedMod:FleshFromBone+1","floor":29},{"not_picked":["TheCursedMod:NeowsMight","TheCursedMod:AntiAging"],"picked":"TheCursedMod:ManaCirculation","floor":33},{"not_picked":["TheCursedMod:CursedStaff+1","TheCursedMod:Evocation+1"],"picked":"TheCursedMod:LuckyCharm","floor":35},{"not_picked":["TheCursedMod:Obscuration","TheCursedMod:Stigma+1"],"picked":"TheCursedMod:Wield","floor":36},{"not_picked":["TheCursedMod:RavingStaff+1","TheCursedMod:FleshFromBone+1"],"picked":"TheCursedMod:Wield+1","floor":37},{"not_picked":["TheCursedMod:DoubleShield","TheCursedMod:SmokeScreen"],"picked":"TheCursedMod:Stretching+1","floor":38},{"not_picked":["TheCursedMod:RapidMovement+1","TheCursedMod:Stretching"],"picked":"TheCursedMod:CursedSpellbook+1","floor":39}],"player_experience":46968,"relics_obtained":[{"floor":6,"key":"Ice Cream"},{"floor":9,"key":"Strawberry"},{"floor":23,"key":"Gremlin Horn"},{"floor":26,"key":"Oddly Smooth Stone"}],"event_choices":[{"damage_healed":0,"gold_gain":0,"player_choice":"Grow","damage_taken":0,"max_hp_gain":0,"max_hp_loss":0,"event_name":"Living Wall","floor":4,"gold_loss":0,"cards_upgraded":["TheCursedMod:FleshFromBone"]},{"damage_healed":20,"gold_gain":0,"player_choice":"Healed and dodged fight","damage_taken":0,"max_hp_gain":0,"max_hp_loss":0,"event_name":"Mushrooms","floor":13,"gold_loss":0,"cards_obtained":["Parasite"]},{"damage_healed":0,"gold_gain":0,"player_choice":"Entered Light","damage_taken":16,"max_hp_gain":0,"max_hp_loss":0,"event_name":"Shining Light","floor":14,"gold_loss":0,"cards_upgraded":["TheCursedMod:Strike_TheCursed","TheCursedMod:SmokeScreen"]},{"damage_healed":0,"gold_gain":0,"player_choice":"Stole Relic","damage_taken":0,"relics_obtained":["Thread and Needle"],"max_hp_gain":0,"max_hp_loss":0,"event_name":"Addict","floor":19,"gold_loss":0,"cards_obtained":["Shame"]},{"damage_healed":0,"gold_gain":0,"player_choice":"Gave Potion","damage_taken":0,"relics_obtained":["MawBank"],"max_hp_gain":0,"max_hp_loss":0,"event_name":"WeMeetAgain","floor":21,"gold_loss":0},{"damage_healed":0,"gold_gain":0,"player_choice":"Ignored","damage_taken":0,"max_hp_gain":0,"max_hp_loss":0,"event_name":"Ghosts","floor":31,"gold_loss":0}],"is_beta":false,"boss_relics":[{"not_picked":["Empty Cage","Busted Crown"],"picked":"Sozu"},{"not_picked":["Coffee Dripper","Calling Bell"],"picked":"Cursed Key"}],"items_purged_floors":[28],"is_endless":false,"potions_floor_spawned":[3,7,8,16,23,27,33,36,39],"killed_by":"Nemesis","ascension_level":0}}