{"host":"r6jigiblrojhp6xe","time":1613803534,"event":{"mods":["AchievementEnabler","BaseMod","DeckTracker","Hermit","Minty Spire (QoL Compilation)","Quick Restart","Rare Cards Sparkle","Relic Stats","StSLib","SuperFastMode","everything is the same but u backflip on backflip"],"gold_per_floor":[118,118,193,193,210,243,243,275,300,324,324,336,336,354,354,426,426,426,426,426,351,351,351,351,351],"floor_reached":24,"language":"KOR","playtime":635,"items_purged":["Strike_G"],"score":508,"play_id":"80fd2509-c4cc-41d0-a329-c52c206bf7ef","local_time":"20210220154534","is_ascension_mode":true,"campfire_choices":[{"data":"Wraith Form v2","floor":7.0,"key":"SMITH"},{"data":"Survivor","floor":11,"key":"SMITH"},{"floor":13,"key":"REST"},{"data":"Riddle With Holes","floor":15,"key":"SMITH"},{"data":"Tactician","floor":23,"key":"SMITH"}],"circlet_count":0,"master_deck":["AscendersBane","Strike_G","Strike_G","Strike_G","Strike_G","Defend_G+1","Defend_G","Defend_G","Defend_G","Survivor+1","Neutralize+1","Wraith Form v2+1","Grand Finale","Riddle With Holes+1","Adrenaline","Prepared","Blade Dance","Tactician+1"],"relics":["Ring of the Snake","NeowsBlessing","Pen Nib","Juzu Bracelet","Art of War","Strawberry","Ectoplasm"],"acts_visited":["Exordium","TheCity"],"potions_floor_usage":[8,16,21],"damage_taken":[{"damage":0.0,"enemies":"Cultist","floor":1.0,"turns":1.0},{"damage":0.0,"enemies":"2 Louse","floor":5.0,"turns":1.0},{"damage":0.0,"enemies":"Gremlin Nob","floor":6.0,"turns":1.0},{"damage":11,"enemies":"Lagavulin","floor":8,"turns":8},{"damage":0,"enemies":"Jaw Worm","floor":12,"turns":4},{"damage":8,"enemies":"Looter","floor":14,"turns":4},{"damage":24,"enemies":"Slime Boss","floor":16,"turns":18},{"damage":0,"enemies":"2 Thieves","floor":18,"turns":1},{"damage":3,"enemies":"Chosen","floor":19,"turns":6},{"damage":0,"enemies":"Sentry and Sphere","floor":22,"turns":3},{"damage":0,"enemies":"Cultist and Chosen","floor":24,"turns":2}],"seed_played":"-6695981372586033213","potions_obtained":[{"floor":5.0,"key":"BlessingOfTheForge"},{"floor":8,"key":"Weak Potion"},{"floor":12,"key":"SkillPotion"},{"floor":19,"key":"Fruit Juice"}],"is_trial":false,"path_per_floor":["M","?","?","?","M","E","R","E","T","T","R","M","R","M","R","B",null,"M","M","?","$","M","R","M"],"character_chosen":"THE_SILENT","items_purchased":[],"campfire_rested":1,"item_purchase_floors":[],"current_hp_per_floor":[59,39,28,21,21,21,21,10,10,17,17,17,38,30,30,6,56,56,53,32,37,37,37,37,37],"gold":351,"neow_bonus":"THREE_ENEMY_KILL","is_daily":false,"chose_seed":false,"campfire_upgraded":4,"win_rate":0.0,"timestamp":1613803534,"path_taken":["M","?","?","?","M","E","R","E","T","?","R","M","R","M","R","BOSS","M","M","?","$","M","R","M"],"items_purchased_type":[],"build_version":"2020-12-22","purchased_purges":1,"victory":false,"max_hp_per_floor":[66,66,66,66,66,66,66,66,66,73,73,73,73,73,73,73,73,73,73,78,83,83,83,83,83],"relic_stats":{"counters":[11,49],"Pen Nib":[8],"Ectoplasm":39,"Juzu Bracelet":1,"Art of War":[6],"obtain_stats":[{"NeowsBlessing":0,"Strawberry":10,"Pen Nib":6,"Ectoplasm":17,"Juzu Bracelet":8,"Art of War":9,"Ring of the Snake":0},{"NeowsBlessing":0,"Strawberry":4,"Pen Nib":3,"Ectoplasm":7,"Juzu Bracelet":4,"Art of War":4,"Ring of the Snake":0},{"NeowsBlessing":0,"Strawberry":11,"Pen Nib":3,"Ectoplasm":37,"Juzu Bracelet":11,"Art of War":11,"Ring of the Snake":0}],"Ring of the Snake":[22]},"card_choices":[{"not_picked":["Poisoned Stab","Expertise","PiercingWail"],"picked":"SKIP","floor":1.0},{"not_picked":["Deflect","Underhanded Strike","Deadly Poison"],"picked":"SKIP","floor":5.0},{"not_picked":["Underhanded Strike","Prepared"],"picked":"Wraith Form v2","floor":6.0},{"not_picked":["Well Laid Plans","Underhanded Strike","Bane"],"picked":"SKIP","floor":8},{"not_picked":["Footwork","Terror"],"picked":"Grand Finale","floor":12},{"not_picked":["Cloak And Dagger","Flechettes"],"picked":"Riddle With Holes","floor":14},{"not_picked":["Unload","Wraith Form v2"],"picked":"Adrenaline","floor":16},{"not_picked":["Prepared","Deadly Poison","Predator"],"picked":"SKIP","floor":18},{"not_picked":["Deadly Poison","Predator"],"picked":"Prepared","floor":18},{"not_picked":["Footwork","PiercingWail"],"picked":"Blade Dance","floor":19},{"not_picked":["Underhanded Strike","Accuracy"],"picked":"Tactician","floor":22}],"player_experience":612306,"relics_obtained":[{"floor":6.0,"key":"Pen Nib"},{"floor":8,"key":"Juzu Bracelet"},{"floor":9,"key":"Art of War"},{"floor":10,"key":"Strawberry"}],"event_choices":[{"damage_healed":0.0,"max_hp_gain":0.0,"max_hp_loss":0.0,"gold_gain":0.0,"event_name":"Shining Light","player_choice":"Entered Light","floor":2.0,"gold_loss":0.0,"damage_taken":20.0,"cards_upgraded":["Defend_G","Neutralize"]},{"damage_healed":0.0,"max_hp_gain":0.0,"max_hp_loss":0.0,"gold_gain":75.0,"event_name":"World of Goop","player_choice":"Gather Gold","floor":3.0,"gold_loss":0.0,"damage_taken":11.0},{"cards_removed":["Defend_G"],"damage_healed":0.0,"max_hp_gain":0.0,"max_hp_loss":0.0,"gold_gain":0.0,"event_name":"Golden Wing","player_choice":"Card Removal","floor":4.0,"gold_loss":0.0,"damage_taken":7.0},{"damage_healed":0,"gold_gain":0,"player_choice":"Shed Blood","damage_taken":26,"max_hp_gain":5,"max_hp_loss":0,"event_name":"Forgotten Altar","floor":20,"gold_loss":0}],"is_beta":false,"boss_relics":[{"not_picked":["Cursed Key","Coffee Dripper"],"picked":"Ectoplasm"}],"items_purged_floors":[21],"is_endless":false,"potions_floor_spawned":[5,8,12,19],"killed_by":"Cultist and Chosen","ascension_level":20}}