{"host":"a4s27ghlnr83kbqz","time":1613814958,"event":{"mods":["AchievementEnabler","BaseMod","Colored Map","Minty Spire (QoL Compilation)","Permanent Neow","SuperFastMode"],"gold_per_floor":[19,30,45,63,82,82,110,110,133,133,148,168,168,197,197,197,197],"floor_reached":16,"language":"KOR","playtime":337,"items_purged":[],"score":188,"play_id":"4546ed57-fb9c-4aed-b975-816b2dd06f0a","local_time":"20210220185558","is_ascension_mode":true,"campfire_choices":[{"data":"Predator","floor":6.0,"key":"SMITH"},{"data":"Dagger Spray","floor":8.0,"key":"SMITH"},{"data":"Noxious Fumes","floor":10.0,"key":"SMITH"},{"data":"Wraith Form v2","floor":13.0,"key":"SMITH"},{"data":"Dagger Throw","floor":15,"key":"SMITH"}],"circlet_count":0,"master_deck":["AscendersBane","Strike_G","Strike_G","Strike_G","Defend_G","Defend_G","Defend_G","Defend_G","Defend_G","Survivor","Neutralize+1","Dagger Throw+1","Deflect","Dagger Spray+1","Predator+1","Endless Agony+1","Noxious Fumes+1","Wraith Form v2+1","Backflip"],"relics":["Ring of the Snake","Pear","Whetstone","Orichalcum"],"acts_visited":["Exordium"],"potions_floor_usage":[14,14],"damage_taken":[{"damage":1.0,"enemies":"Cultist","floor":1.0,"turns":6.0},{"damage":0.0,"enemies":"Small Slimes","floor":2.0,"turns":3.0},{"damage":0.0,"enemies":"2 Louse","floor":3.0,"turns":2.0},{"damage":5.0,"enemies":"Exordium Wildlife","floor":4.0,"turns":3.0},{"damage":12.0,"enemies":"3 Louse","floor":5.0,"turns":4.0},{"damage":10.0,"enemies":"3 Sentries","floor":7.0,"turns":7.0},{"damage":6.0,"enemies":"2 Fungi Beasts","floor":11.0,"turns":2.0},{"damage":1.0,"enemies":"Blue Slaver","floor":12.0,"turns":3.0},{"damage":22,"enemies":"Lagavulin","floor":14,"turns":6},{"damage":33,"enemies":"Slime Boss","floor":16,"turns":7}],"seed_played":"3160838114834920274","potions_obtained":[{"floor":1.0,"key":"Energy Potion"},{"floor":3.0,"key":"Ancient Potion"},{"floor":4.0,"key":"Dexterity Potion"},{"floor":11.0,"key":"Regen Potion"}],"is_trial":false,"path_per_floor":["M","M","M","M","M","R","E","R","T","R","M","M","R","E","R","B"],"character_chosen":"THE_SILENT","items_purchased":[],"campfire_rested":0,"item_purchase_floors":[],"current_hp_per_floor":[62,62,62,57,45,45,45,45,45,45,39,38,38,31,31,0,0],"gold":197,"neow_bonus":"TRANSFORM_TWO_CARDS","is_daily":false,"chose_seed":false,"campfire_upgraded":5,"win_rate":0.0,"timestamp":1613814958,"path_taken":["M","M","M","M","M","R","E","R","T","R","M","M","R","E","R","BOSS"],"items_purchased_type":[],"build_version":"2020-12-22","purchased_purges":0,"victory":false,"max_hp_per_floor":[70,70,70,70,70,70,80,80,80,80,80,80,80,80,80,80,80],"card_choices":[{"not_picked":["Dagger Throw","Concentrate"],"picked":"Dagger Spray","floor":1.0},{"not_picked":["Backflip","Dagger Spray"],"picked":"Predator","floor":2.0},{"not_picked":["Flying Knee","Outmaneuver"],"picked":"Endless Agony","floor":3.0},{"not_picked":["Prepared","Catalyst","Deflect"],"picked":"SKIP","floor":4.0},{"not_picked":["Flying Knee","Backstab"],"picked":"Noxious Fumes","floor":5.0},{"not_picked":["Dagger Throw","Cloak And Dagger"],"picked":"Wraith Form v2","floor":7.0},{"not_picked":["Prepared","Expertise","Heel Hook"],"picked":"SKIP","floor":11.0},{"not_picked":["Flechettes","Dagger Spray"],"picked":"Backflip","floor":12.0},{"not_picked":["Riddle With Holes","Eviscerate","Choke"],"picked":"SKIP","floor":14}],"player_experience":1142298,"relics_obtained":[{"floor":7.0,"key":"Pear"},{"floor":9.0,"key":"Whetstone"},{"floor":14,"key":"Orichalcum"}],"event_choices":[],"is_beta":false,"boss_relics":[],"items_purged_floors":[],"is_endless":false,"potions_floor_spawned":[1,3,4,11],"killed_by":"Slime Boss","ascension_level":13}}