{"host":"dztixnx9b0gu6w9i","time":1613865150,"event":{"mods":["BaseMod","Bestiary","Minty Spire (QoL Compilation)","Relic Stats","SpireBot","ojb\u0027s Better Paths Mod","ojb\u0027s Info Mod"],"gold_per_floor":[116,129,54,74,91,125,125,159,186,227,242,270,308,317,317,404,404,419,419,334,352,12,54,54,54,54],"floor_reached":25,"language":"ENG","playtime":2634,"items_purged":["Strike_B"],"score":502,"play_id":"7c3da8c7-8f25-4dde-a3eb-cd7682dc092d","local_time":"20210220185230","is_ascension_mode":true,"campfire_choices":[{"data":"Zap","floor":7,"key":"SMITH"},{"data":"Capacitor","floor":15,"key":"SMITH"},{"floor":24,"key":"REST"}],"circlet_count":0,"master_deck":["AscendersBane","Strike_B","Strike_B","Defend_B","Defend_B","Defend_B","Defend_B","Zap+1","Dualcast","Tempest","Compile Driver","Cold Snap","Cold Snap","Conserve Battery","Rip and Tear","Cold Snap","Genetic Algorithm","Capacitor+1","Steam Power","Echo Form","Steam"],"relics":["Cracked Core","PreservedInsect","Bird Faced Urn","CeramicFish","Happy Flower","Potion Belt","Velvet Choker","Bronze Scales","Membership Card","Incense Burner","CaptainsWheel"],"acts_visited":["Exordium","TheCity"],"potions_floor_usage":[6,6,16,18,23,23],"damage_taken":[{"damage":0,"enemies":"Cultist","floor":1,"turns":4},{"damage":2,"enemies":"Jaw Worm","floor":2,"turns":3},{"damage":4,"enemies":"Small Slimes","floor":4,"turns":3},{"damage":7,"enemies":"Blue Slaver","floor":5,"turns":4},{"damage":9,"enemies":"3 Sentries","floor":6,"turns":6},{"damage":6,"enemies":"Gremlin Nob","floor":8,"turns":3},{"damage":1,"enemies":"3 Sentries","floor":10,"turns":5},{"damage":9,"enemies":"Exordium Thugs","floor":11,"turns":3},{"damage":0,"enemies":"Looter","floor":12,"turns":3},{"damage":8,"enemies":"Lagavulin","floor":13,"turns":8},{"damage":2,"enemies":"The Guardian","floor":16,"turns":15},{"damage":9,"enemies":"Spheric Guardian","floor":18,"turns":4},{"damage":0,"enemies":"3 Byrds","floor":21,"turns":3},{"damage":40,"enemies":"Gremlin Leader","floor":23,"turns":7},{"damage":49,"enemies":"Slavers","floor":25,"turns":3}],"seed_played":"3684086445993780808","potions_obtained":[{"floor":2,"key":"Fire Potion"},{"floor":5,"key":"Regen Potion"},{"floor":6,"key":"SpeedPotion"},{"floor":12,"key":"EssenceOfSteel"},{"floor":16,"key":"Fire Potion"},{"floor":21,"key":"AttackPotion"}],"is_trial":false,"path_per_floor":["M","M","$","M","M","E","R","E","T","E","M","M","E","?","R","B",null,"M","?","?","M","$","E","R","E"],"character_chosen":"DEFECT","items_purchased":["Membership Card","Incense Burner"],"campfire_rested":1,"item_purchase_floors":[22,22],"current_hp_per_floor":[64,62,62,58,51,57,57,51,51,50,41,41,33,33,33,33,62,57,57,57,57,57,21,42,0,0],"gold":54,"neow_bonus":"RANDOM_COMMON_RELIC","is_daily":false,"chose_seed":false,"campfire_upgraded":2,"win_rate":0.0,"timestamp":1613865150,"path_taken":["M","M","$","M","M","E","R","E","T","E","?","M","E","?","R","BOSS","M","?","?","M","$","E","R","E"],"items_purchased_type":["Relic","Relic"],"build_version":"2020-12-22","purchased_purges":1,"victory":false,"max_hp_per_floor":[71,71,71,71,71,71,71,71,71,71,71,71,71,71,71,71,71,71,71,71,71,71,71,71,71,71],"relic_stats":{"Happy Flower":[17],"counters":[15,74],"Bird Faced Urn":[12],"CeramicFish":63,"Bronze Scales":[81],"PreservedInsect":209,"obtain_stats":[{"Potion Belt":10,"CaptainsWheel":23,"Happy Flower":9,"Bird Faced Urn":6,"CeramicFish":8,"Bronze Scales":20,"Velvet Choker":17,"PreservedInsect":0,"Incense Burner":22,"Membership Card":22,"Cracked Core":0},{"Potion Belt":7,"CaptainsWheel":14,"Happy Flower":6,"Bird Faced Urn":5,"CeramicFish":6,"Bronze Scales":12,"Velvet Choker":11,"PreservedInsect":0,"Incense Burner":13,"Membership Card":13,"Cracked Core":0},{"Potion Belt":28,"CaptainsWheel":71,"Happy Flower":23,"Bird Faced Urn":20,"CeramicFish":23,"Bronze Scales":61,"Velvet Choker":57,"PreservedInsect":0,"Incense Burner":64,"Membership Card":64,"Cracked Core":0}]},"card_choices":[{"not_picked":["Gash","Skim"],"picked":"Tempest","floor":1},{"not_picked":["Force Field","Redo"],"picked":"Compile Driver","floor":2},{"not_picked":["Double Energy","Genetic Algorithm"],"picked":"Cold Snap","floor":4},{"not_picked":["Conserve Battery","Tempest"],"picked":"Cold Snap","floor":5},{"not_picked":["Leap","Storm"],"picked":"Conserve Battery","floor":6},{"not_picked":["Aggregate","Meteor Strike"],"picked":"Rip and Tear","floor":8},{"not_picked":["Ball Lightning","Loop"],"picked":"Cold Snap","floor":10},{"not_picked":["Redo","Stack","Fusion"],"picked":"SKIP","floor":11},{"not_picked":["Gash","Go for the Eyes"],"picked":"Genetic Algorithm","floor":12},{"not_picked":["Creative AI","Gash"],"picked":"Capacitor","floor":13},{"not_picked":["Rainbow","Machine Learning"],"picked":"Echo Form","floor":16},{"not_picked":["Force Field","Cold Snap","Tempest+1"],"picked":"SKIP","floor":18},{"not_picked":["Beam Cell","Leap","Stack"],"picked":"SKIP","floor":21},{"not_picked":["Sweeping Beam","Coolheaded"],"picked":"Steam","floor":23}],"player_experience":8750456,"relics_obtained":[{"floor":6,"key":"Bird Faced Urn"},{"floor":8,"key":"CeramicFish"},{"floor":9,"key":"Happy Flower"},{"floor":10,"key":"Potion Belt"},{"floor":23,"key":"CaptainsWheel"}],"event_choices":[{"damage_healed":0,"gold_gain":0,"cards_transformed":["Strike_B"],"player_choice":"Change","damage_taken":0,"max_hp_gain":0,"max_hp_loss":0,"event_name":"Living Wall","floor":14,"gold_loss":0,"cards_obtained":["Steam Power"]},{"damage_healed":0,"gold_gain":0,"player_choice":"Ignored","damage_taken":0,"max_hp_gain":0,"max_hp_loss":0,"event_name":"Vampires","floor":19,"gold_loss":0},{"damage_healed":0,"gold_gain":0,"player_choice":"Obtained Relic","damage_taken":0,"relics_obtained":["Bronze Scales"],"max_hp_gain":0,"max_hp_loss":0,"event_name":"Addict","floor":20,"gold_loss":85}],"is_beta":false,"boss_relics":[{"not_picked":["FrozenCore","Fusion Hammer"],"picked":"Velvet Choker"}],"items_purged_floors":[3],"is_endless":false,"potions_floor_spawned":[2,5,6,12,16,21],"killed_by":"Slavers","ascension_level":20}}