{"host":"eksvfr80mef7di1h","time":1613855029,"event":{"mods":["AchievementEnabler","BaseMod","Colored Map","Minty Spire (QoL Compilation)","StSLib","SuperFastMode"],"gold_per_floor":[111,61,61,76,76,108,121,121,147,164,164,182,199,219,219,219,219],"floor_reached":16,"language":"ENG","playtime":316,"items_purged":[],"score":104,"play_id":"9efd3462-a29d-4742-9c10-80b9f8b6da79","local_time":"20210220220349","is_ascension_mode":false,"campfire_choices":[{"data":"Dagger Spray","floor":8,"key":"SMITH"},{"data":"Neutralize","floor":11,"key":"SMITH"},{"data":"Glass Knife","floor":15,"key":"SMITH"}],"circlet_count":0,"master_deck":["Strike_G","Strike_G","Strike_G","Defend_G","Defend_G","Defend_G","Defend_G","Defend_G","Survivor","Neutralize+1","Dagger Throw","Dagger Spray+1","Die Die Die","Dodge and Roll","Deflect","Glass Knife+1","Tactician","Calculated Gamble"],"relics":["Sozu","Ancient Tea Set","Toy Ornithopter"],"acts_visited":["Exordium"],"potions_floor_usage":[],"damage_taken":[{"damage":0,"enemies":"Small Slimes","floor":1,"turns":3},{"damage":1,"enemies":"Jaw Worm","floor":4,"turns":3},{"damage":36,"enemies":"Gremlin Nob","floor":6,"turns":6},{"damage":0,"enemies":"2 Louse","floor":7,"turns":2},{"damage":0,"enemies":"Looter","floor":10,"turns":3},{"damage":10,"enemies":"Large Slime","floor":12,"turns":6},{"damage":0,"enemies":"Blue Slaver","floor":13,"turns":2},{"damage":0,"enemies":"3 Louse","floor":14,"turns":2},{"damage":27,"enemies":"The Guardian","floor":16,"turns":10}],"seed_played":"-2201686371878596998","potions_obtained":[],"is_trial":false,"path_per_floor":["M","?","?","M","?","E","M","R","T","M","R","M","M","M","R","B"],"character_chosen":"THE_SILENT","items_purchased":[],"campfire_rested":0,"item_purchase_floors":[],"current_hp_per_floor":[70,70,70,69,62,26,26,26,26,26,26,16,16,16,16,0,0],"gold":219,"neow_bonus":"BOSS_RELIC","is_daily":false,"chose_seed":false,"campfire_upgraded":3,"win_rate":0.0,"timestamp":1613855029,"path_taken":["M","?","?","M","?","E","M","R","T","M","R","M","M","M","R","BOSS"],"items_purchased_type":[],"build_version":"2020-12-22","purchased_purges":0,"victory":false,"max_hp_per_floor":[70,70,70,70,70,70,70,70,70,70,70,70,70,70,70,70,70],"card_choices":[{"not_picked":["Terror","Tactician"],"picked":"Dagger Throw","floor":1},{"not_picked":["Dodge and Roll","Cloak And Dagger"],"picked":"Dagger Spray","floor":4},{"not_picked":["Underhanded Strike","Deflect"],"picked":"Die Die Die","floor":6},{"not_picked":["Cloak And Dagger","Deflect"],"picked":"Dodge and Roll","floor":7},{"not_picked":["Catalyst","Flying Knee"],"picked":"Deflect","floor":10},{"not_picked":["Cloak And Dagger","Flying Knee"],"picked":"Glass Knife","floor":12},{"not_picked":["Deflect","Cloak And Dagger"],"picked":"Tactician","floor":13},{"not_picked":["Dagger Spray","Bane"],"picked":"Calculated Gamble","floor":14}],"player_experience":171176,"relics_obtained":[{"floor":6,"key":"Ancient Tea Set"},{"floor":9,"key":"Toy Ornithopter"}],"event_choices":[{"cards_removed":["Strike_G"],"damage_healed":0,"gold_gain":0,"player_choice":"Card Removal","damage_taken":0,"max_hp_gain":0,"max_hp_loss":0,"event_name":"The Cleric","floor":2,"gold_loss":50},{"damage_healed":0,"gold_gain":0,"player_choice":"Ignored","damage_taken":0,"max_hp_gain":0,"max_hp_loss":0,"event_name":"Liars Game","floor":3,"gold_loss":0},{"cards_removed":["Strike_G"],"damage_healed":0,"gold_gain":0,"player_choice":"Card Removal","damage_taken":7,"max_hp_gain":0,"max_hp_loss":0,"event_name":"Golden Wing","floor":5,"gold_loss":0}],"is_beta":false,"boss_relics":[],"items_purged_floors":[],"is_endless":false,"potions_floor_spawned":[1,12,14],"killed_by":"The Guardian","ascension_level":0}}