{"host":"f5n4tidiz2n5sooh","time":1613823511,"event":{"mods":["BaseMod","Colored Map","Minty Spire (QoL Compilation)","Relic Stats","StSLib"],"gold_per_floor":[111,124,150,36,52,91,91,126,126,146,166,166,195,195,195,278,278,292,308,337,366,384,384,412,431,484,484,484,504,554,4,4,92,92,112,126,137,148,148,148],"floor_reached":39,"language":"ENG","playtime":2026,"items_purged":["Strike_R","Strike_R+1"],"score":868,"play_id":"68d20345-f73e-4e80-8b05-841ddafe12a6","local_time":"20210220061831","is_ascension_mode":true,"campfire_choices":[{"data":"Carnage","floor":7,"key":"SMITH"},{"floor":12,"key":"REST"},{"data":"Second Wind","floor":15,"key":"SMITH"},{"data":"Feed","floor":23,"key":"SMITH"},{"data":"Inflame","floor":27,"key":"SMITH"},{"floor":32,"key":"REST"}],"circlet_count":0,"master_deck":["AscendersBane","Strike_R+1","Strike_R+1","Strike_R+1","Defend_R+1","Defend_R+1","Defend_R+1","Defend_R+1","Bash","Carnage+1","Thunderclap","Bloodletting","Battle Trance","Inflame+1","Second Wind+1","Power Through","Feed+1","Dark Embrace","Burning Pact","Flame Barrier+1","Immolate"],"relics":["Burning Blood","Nunchaku","CeramicFish","Bronze Scales","Pocketwatch","InkBottle","Oddly Smooth Stone","Runic Pyramid","Akabeko","Kunai","Sling","Black Star"],"acts_visited":["Exordium","TheCity","TheBeyond"],"potions_floor_usage":[6,8,16,16,24,33,33],"damage_taken":[{"damage":17,"enemies":"Cultist","floor":1,"turns":4},{"damage":14,"enemies":"Jaw Worm","floor":2,"turns":4},{"damage":3,"enemies":"2 Louse","floor":5,"turns":2},{"damage":33,"enemies":"Lagavulin","floor":6,"turns":6},{"damage":8,"enemies":"Gremlin Nob","floor":8,"turns":3},{"damage":11,"enemies":"Large Slime","floor":10,"turns":2},{"damage":22,"enemies":"Gremlin Gang","floor":11,"turns":3},{"damage":25,"enemies":"3 Sentries","floor":13,"turns":5},{"damage":5,"enemies":"Hexaghost","floor":16,"turns":7},{"damage":2,"enemies":"Chosen","floor":18,"turns":5},{"damage":37,"enemies":"2 Thieves","floor":19,"turns":4},{"damage":3,"enemies":"Centurion and Healer","floor":20,"turns":4},{"damage":37,"enemies":"Shelled Parasite and Fungi","floor":21,"turns":7},{"damage":6,"enemies":"Sentry and Sphere","floor":22,"turns":6},{"damage":0,"enemies":"Centurion and Healer","floor":24,"turns":6},{"damage":12,"enemies":"Snecko","floor":25,"turns":6},{"damage":7,"enemies":"Cultist and Chosen","floor":29,"turns":6},{"damage":36,"enemies":"Champ","floor":33,"turns":8},{"damage":3,"enemies":"3 Shapes","floor":35,"turns":4},{"damage":3,"enemies":"3 Darklings","floor":36,"turns":3},{"damage":27,"enemies":"Transient","floor":37,"turns":6},{"damage":47,"enemies":"Spire Growth","floor":38,"turns":6},{"damage":52,"enemies":"Maw","floor":39,"turns":9}],"seed_played":"-3487532999497354160","potions_obtained":[{"floor":1,"key":"Ancient Potion"},{"floor":2,"key":"Weak Potion"},{"floor":6,"key":"Ancient Potion"},{"floor":11,"key":"LiquidBronze"},{"floor":13,"key":"AttackPotion"},{"floor":19,"key":"SteroidPotion"},{"floor":22,"key":"Fire Potion"},{"floor":25,"key":"ColorlessPotion"},{"floor":35,"key":"EssenceOfSteel"},{"floor":38,"key":"FearPotion"}],"is_trial":false,"path_per_floor":["M","M","T","$","M","E","R","E","T","M","M","R","E","T","R","B",null,"M","M","M","M","M","R","M","M","T","R","?","M","?","$","R","B",null,"M","M","M","M","M"],"character_chosen":"IRONCLAD","items_purchased":["Bloodletting","Kunai","Sling"],"campfire_rested":2,"item_purchase_floors":[4,31,31],"current_hp_per_floor":[64,56,56,56,59,32,32,30,30,25,9,33,14,14,14,15,65,72,44,50,22,25,25,35,33,33,33,33,36,36,36,68,38,91,98,105,84,47,0,0],"gold":148,"neow_bonus":"TEN_PERCENT_HP_BONUS","is_daily":false,"chose_seed":false,"campfire_upgraded":4,"win_rate":0.0,"timestamp":1613823511,"path_taken":["M","M","?","$","M","E","R","E","T","?","?","R","E","?","R","BOSS","M","M","M","M","M","R","M","M","T","R","?","M","?","$","R","BOSS","M","M","M","M","?"],"items_purchased_type":["Card","Relic","Relic"],"build_version":"2020-12-22","purchased_purges":2,"victory":false,"max_hp_per_floor":[82,82,82,82,82,82,82,82,82,82,82,82,82,82,82,82,82,85,88,91,94,97,97,101,105,105,105,105,109,109,109,109,109,109,113,117,117,121,121,121],"relic_stats":{"Nunchaku":[19],"counters":[23,116],"CeramicFish":72,"Bronze Scales":[222],"Black Star":0,"Kunai":[11],"obtain_stats":[{"Nunchaku":3,"CeramicFish":6,"Bronze Scales":8,"Oddly Smooth Stone":14,"Black Star":34,"Kunai":31,"Sling":31,"Burning Blood":0,"InkBottle":13,"Akabeko":26,"Pocketwatch":9,"Runic Pyramid":17},{"Nunchaku":2,"CeramicFish":4,"Bronze Scales":5,"Oddly Smooth Stone":8,"Black Star":18,"Kunai":17,"Sling":17,"Burning Blood":0,"InkBottle":8,"Akabeko":16,"Pocketwatch":5,"Runic Pyramid":9},{"Nunchaku":8,"CeramicFish":16,"Bronze Scales":19,"Oddly Smooth Stone":29,"Black Star":88,"Kunai":80,"Sling":80,"Burning Blood":0,"InkBottle":29,"Akabeko":74,"Pocketwatch":19,"Runic Pyramid":36}],"Burning Blood":132,"InkBottle":[19],"Pocketwatch":[80]},"card_choices":[{"not_picked":["Spot Weakness","Infernal Blade"],"picked":"Carnage","floor":1},{"not_picked":["Heavy Blade","Perfected Strike"],"picked":"Thunderclap","floor":2},{"not_picked":["Body Slam","Heavy Blade"],"picked":"Battle Trance","floor":5},{"not_picked":["Anger","Shrug It Off"],"picked":"Inflame","floor":6},{"not_picked":["Ghostly Armor","Dual Wield","Uppercut"],"picked":"SKIP","floor":8},{"not_picked":["Twin Strike","Sentinel"],"picked":"Second Wind","floor":10},{"not_picked":["Fire Breathing","True Grit"],"picked":"Power Through","floor":11},{"not_picked":["Entrench","Anger","Body Slam"],"picked":"SKIP","floor":13},{"not_picked":["Juggernaut","Offering"],"picked":"Feed","floor":16},{"not_picked":["Havoc","Warcry+1","Second Wind"],"picked":"SKIP","floor":18},{"not_picked":["Clash","Anger","Thunderclap"],"picked":"SKIP","floor":19},{"not_picked":["Armaments","Warcry"],"picked":"Dark Embrace","floor":20},{"not_picked":["Pommel Strike","Warcry"],"picked":"Burning Pact","floor":21},{"not_picked":["Cleave","Sever Soul","Sentinel"],"picked":"SKIP","floor":22},{"not_picked":["Twin Strike","Exhume"],"picked":"Flame Barrier+1","floor":24},{"not_picked":["Clash","Wild Strike","Perfected Strike"],"picked":"SKIP","floor":25},{"not_picked":["Clash","Entrench","Perfected Strike+1"],"picked":"SKIP","floor":29},{"not_picked":["Bludgeon","Feed"],"picked":"Immolate","floor":33},{"not_picked":["Fire Breathing","Blood for Blood","Twin Strike"],"picked":"SKIP","floor":35},{"not_picked":["True Grit","Heavy Blade","Perfected Strike"],"picked":"SKIP","floor":36},{"not_picked":["Armaments","Power Through","Sword Boomerang"],"picked":"SKIP","floor":37},{"not_picked":["Armaments","Power Through","Sword Boomerang"],"picked":"SKIP","floor":37},{"not_picked":["Flex","Heavy Blade","Clothesline"],"picked":"SKIP","floor":38}],"player_experience":2065601,"relics_obtained":[{"floor":3,"key":"Nunchaku"},{"floor":6,"key":"CeramicFish"},{"floor":8,"key":"Bronze Scales"},{"floor":9,"key":"Pocketwatch"},{"floor":13,"key":"InkBottle"},{"floor":14,"key":"Oddly Smooth Stone"},{"floor":26,"key":"Akabeko"}],"event_choices":[{"damage_healed":0,"gold_gain":0,"player_choice":"Simplicity","damage_taken":0,"max_hp_gain":0,"max_hp_loss":0,"event_name":"Back to Basics","floor":28,"gold_loss":0,"cards_upgraded":["Strike_R","Strike_R","Strike_R","Strike_R","Defend_R","Defend_R","Defend_R","Defend_R"]},{"damage_healed":0,"gold_gain":100,"player_choice":"Bet on Murderer","damage_taken":0,"max_hp_gain":0,"max_hp_loss":0,"event_name":"The Joust","floor":30,"gold_loss":50}],"is_beta":false,"boss_relics":[{"not_picked":["Mark of Pain","Pandora\u0027s Box"],"picked":"Runic Pyramid"},{"not_picked":["Philosopher\u0027s Stone","Tiny House"],"picked":"Black Star"}],"items_purged_floors":[4,31],"is_endless":false,"potions_floor_spawned":[1,2,6,11,13,19,22,25,35,38],"killed_by":"Maw","ascension_level":20}}