{"host":"08t08ld674si40tv","time":1613812215,"event":{"mods":["AchievementEnabler","BaseMod","Colored Map","Minty Spire (QoL Compilation)","StSLib","SuperFastMode"],"gold_per_floor":[111,127,139,159,58,58,70,135,190,190,190,201,218,252,252,328,328,340,340,340,340],"floor_reached":20,"language":"KOR","playtime":552,"items_purged":[],"score":402,"play_id":"8709e6c3-aca5-44eb-9d95-97cde7b72258","local_time":"20210220181015","is_ascension_mode":true,"campfire_choices":[{"data":"Barrage","floor":6,"key":"SMITH"},{"floor":11,"key":"REST"},{"data":"Reboot","floor":15,"key":"SMITH"}],"circlet_count":0,"master_deck":["AscendersBane","Dualcast","Reprogram+1","Reboot+1","Barrage+1","Flash of Steel","Echo Form","Sweeping Beam","Conserve Battery","Zap+1","Gash","Gash","Machine Learning","Storm","Lockon","FTL","Steam Power","Consume","Machine Learning","Echo Form","Consume"],"relics":["Cracked Core","Shuriken","Ornamental Fan","Omamori","PreservedInsect","Bag of Marbles","Pandora\u0027s Box"],"acts_visited":["Exordium","TheCity"],"potions_floor_usage":[8,14,17,20],"damage_taken":[{"damage":2,"enemies":"Jaw Worm","floor":1,"turns":4},{"damage":0,"enemies":"Cultist","floor":2,"turns":4},{"damage":18,"enemies":"Small Slimes","floor":3,"turns":3},{"damage":0,"enemies":"2 Fungi Beasts","floor":4,"turns":3},{"damage":8,"enemies":"Large Slime","floor":7,"turns":7},{"damage":8,"enemies":"Gremlin Nob","floor":8,"turns":3},{"damage":12,"enemies":"Blue Slaver","floor":12,"turns":6},{"damage":14,"enemies":"2 Fungi Beasts","floor":13,"turns":4},{"damage":0,"enemies":"Lagavulin","floor":14,"turns":5},{"damage":12,"enemies":"Hexaghost","floor":16,"turns":7},{"damage":35,"enemies":"2 Thieves","floor":18,"turns":4},{"damage":15,"enemies":"Shell Parasite","floor":20,"turns":1}],"seed_played":"2096913070219030953","potions_obtained":[{"floor":2,"key":"BlessingOfTheForge"},{"floor":3,"key":"BlessingOfTheForge"},{"floor":14,"key":"Weak Potion"},{"floor":16,"key":"Fruit Juice"}],"is_trial":false,"path_per_floor":["M","M","M","M","$","R","M","?","T","?","R","M","M","E","R","B",null,"M","?","M"],"character_chosen":"DEFECT","items_purchased":["Flash of Steel"],"campfire_rested":1,"item_purchase_floors":[5],"current_hp_per_floor":[62,62,44,44,44,44,36,28,28,28,49,37,23,23,23,11,61,26,26,11,11],"gold":340,"neow_bonus":"ONE_RANDOM_RARE_CARD","is_daily":false,"chose_seed":false,"campfire_upgraded":2,"win_rate":0.0,"timestamp":1613812215,"path_taken":["M","M","M","M","$","R","M","?","T","?","R","M","?","E","R","BOSS","M","?","M"],"items_purchased_type":["Card"],"build_version":"2020-12-22","purchased_purges":0,"victory":false,"max_hp_per_floor":[71,71,71,71,71,71,71,71,71,71,71,71,71,71,71,71,76,76,76,76,76],"card_choices":[{"not_picked":["Redo","Glacier","Coolheaded"],"picked":"SKIP","floor":1},{"not_picked":["Steam","Redo"],"picked":"Barrage","floor":2},{"not_picked":["Coolheaded","Darkness","Barrage"],"picked":"SKIP","floor":3},{"not_picked":["Compile Driver","Redo","Chaos"],"picked":"SKIP","floor":4},{"not_picked":["Capacitor","Go for the Eyes"],"picked":"Echo Form","floor":7},{"not_picked":["Coolheaded","Leap"],"picked":"Sweeping Beam","floor":12},{"not_picked":["Compile Driver","Blizzard"],"picked":"Conserve Battery","floor":13},{"not_picked":["Barrage","Cold Snap"],"picked":"Gash","floor":14},{"not_picked":["Multi-Cast","Buffer"],"picked":"Machine Learning","floor":16},{"not_picked":["Capacitor","Loop","Sunder"],"picked":"SKIP","floor":18}],"player_experience":308866,"relics_obtained":[{"floor":8,"key":"Ornamental Fan"},{"floor":9,"key":"Omamori"},{"floor":10,"key":"PreservedInsect"},{"floor":14,"key":"Bag of Marbles"}],"event_choices":[{"damage_healed":0,"gold_gain":0,"player_choice":"Searched \u00271\u0027 times","damage_taken":0,"max_hp_gain":0,"max_hp_loss":0,"event_name":"Dead Adventurer","floor":8,"gold_loss":0},{"damage_healed":0,"gold_gain":0,"player_choice":"Relic","damage_taken":0,"max_hp_gain":0,"max_hp_loss":0,"event_name":"Wheel of Change","floor":10,"gold_loss":0},{"damage_healed":0,"gold_gain":0,"player_choice":"Ignored","damage_taken":0,"max_hp_gain":0,"max_hp_loss":0,"event_name":"Cursed Tome","floor":19,"gold_loss":0}],"is_beta":false,"boss_relics":[{"not_picked":["Snecko Eye","Fusion Hammer"],"picked":"Pandora\u0027s Box"}],"items_purged_floors":[],"is_endless":false,"potions_floor_spawned":[2,3,14,16],"killed_by":"Shell Parasite","ascension_level":20}}