{"host":"hw9lt6p3yhr90vz0","time":1613784766,"event":{"mods":["BaseMod","DeckTracker","Minty Spire (QoL Compilation)","Relic Stats"],"gold_per_floor":[114,133,144,219,237,237,269,444,444,475,475,535,547,547,547,649,649,665,684,684,684,684,709,724,649,649,677,489,489,520,532,532,633,633,648,664,764,639,649,684,684,709,709,709,761,561,561,587,587,587,587],"floor_reached":50,"language":"ENG","playtime":4105,"items_purged":["Strike_P","Vault","Defend_P","Defend_P"],"score":818,"play_id":"49ede020-8951-4e87-ab79-25a20410ae3f","local_time":"20210219203246","is_ascension_mode":true,"campfire_choices":[{"data":"PathToVictory","floor":6.0,"key":"SMITH"},{"floor":11.0,"key":"REST"},{"floor":15.0,"key":"REST"},{"floor":32.0,"key":"RECALL"},{"floor":41.0,"key":"DIG"},{"floor":47.0,"key":"REST"},{"floor":49.0,"key":"DIG"}],"circlet_count":0,"master_deck":["Defend_P","Eruption","Vigilance","PathToVictory+1","JustLucky","FollowUp","PathToVictory","Wireheading","EmptyBody","PathToVictory","Collect","ThirdEye+1","RitualDagger","Ghostly","Ghostly","Ghostly","Ghostly","Ghostly","PathToVictory+1","PathToVictory","Nirvana","Judgement","PathToVictory","DevaForm","Blasphemy+1","FlurryOfBlows+1","Crescendo+1","PathToVictory","SignatureMove+1","PathToVictory+1","ThirdEye+1","Scrawl+1"],"relics":["PureWater","Whetstone","Bottled Lightning","Blood Vial","Kunai","Empty Cage","Ornamental Fan","Bottled Tornado","TeardropLocket","Letter Opener","Astrolabe","Shovel","Molten Egg 2","Toxic Egg 2","Juzu Bracelet","Centennial Puzzle","Question Card","Bottled Flame"],"acts_visited":["Exordium","TheCity","TheBeyond"],"potions_floor_usage":[50,50,50],"damage_taken":[{"damage":0.0,"enemies":"Jaw Worm","floor":1.0,"turns":4.0},{"damage":2.0,"enemies":"Small Slimes","floor":2.0,"turns":3.0},{"damage":0.0,"enemies":"2 Louse","floor":3.0,"turns":1.0},{"damage":6.0,"enemies":"Looter","floor":5.0,"turns":3.0},{"damage":32.0,"enemies":"Gremlin Nob","floor":7.0,"turns":5.0},{"damage":20.0,"enemies":"Lagavulin","floor":10.0,"turns":5.0},{"damage":14.0,"enemies":"Lagavulin Event","floor":12.0,"turns":4.0},{"damage":8.0,"enemies":"Exordium Thugs","floor":13.0,"turns":4.0},{"damage":1.0,"enemies":"Hexaghost","floor":16.0,"turns":7.0},{"damage":8.0,"enemies":"Shell Parasite","floor":18.0,"turns":3.0},{"damage":3.0,"enemies":"Chosen","floor":19.0,"turns":4.0},{"damage":6.0,"enemies":"Slavers","floor":23.0,"turns":9.0},{"damage":0.0,"enemies":"Snake Plant","floor":24.0,"turns":4.0},{"damage":10.0,"enemies":"Book of Stabbing","floor":27.0,"turns":4.0},{"damage":2.0,"enemies":"Slavers","floor":30.0,"turns":9.0},{"damage":0.0,"enemies":"Chosen and Byrds","floor":31.0,"turns":4.0},{"damage":14.0,"enemies":"Champ","floor":33.0,"turns":6.0},{"damage":4.0,"enemies":"3 Shapes","floor":35.0,"turns":5.0},{"damage":1.0,"enemies":"Orb Walker","floor":36.0,"turns":3.0},{"damage":4.0,"enemies":"3 Darklings","floor":39.0,"turns":5.0},{"damage":14.0,"enemies":"Giant Head","floor":40.0,"turns":6.0},{"damage":6.0,"enemies":"Reptomancer","floor":42.0,"turns":5.0},{"damage":3.0,"enemies":"Nemesis","floor":48.0,"turns":5.0},{"damage":39,"enemies":"Awakened One","floor":50,"turns":7}],"seed_played":"3537422774294153820","potions_obtained":[{"floor":2.0,"key":"SpeedPotion"},{"floor":10.0,"key":"DistilledChaos"},{"floor":16.0,"key":"GamblersBrew"},{"floor":18.0,"key":"Block Potion"},{"floor":24.0,"key":"BottledMiracle"},{"floor":27.0,"key":"Regen Potion"},{"floor":31.0,"key":"SteroidPotion"},{"floor":35.0,"key":"Dexterity Potion"},{"floor":42.0,"key":"LiquidBronze"}],"is_trial":false,"path_per_floor":["M","M","M","?","M","R","E","?","T","E","R","?","M","T","R","B",null,"M","M","?","?","?","E","M","$","T","E","$","?","E","M","R","B",null,"M","M","?","$","M","E","R","E","T","?","T","$","R","E","R","B"],"character_chosen":"WATCHER","items_purchased":["PathToVictory","Nirvana","ThirdEye+1"],"campfire_rested":3,"item_purchase_floors":[28,28,46],"current_hp_per_floor":[79,77,77,66,60,60,28,28,28,8,31,17,11,11,34,35,79,71,70,64,39,39,33,35,35,35,27,27,27,39,39,39,25,39,35,36,36,36,34,22,22,18,18,18,18,18,29,28,28,0,0],"gold":587,"neow_bonus":"TEN_PERCENT_HP_BONUS","is_daily":false,"chose_seed":false,"campfire_upgraded":1,"win_rate":0.0,"timestamp":1613784766,"path_taken":["M","M","M","?","M","R","E","?","T","E","R","?","M","?","R","BOSS","M","M","?","?","?","E","?","$","T","E","?","?","E","M","R","BOSS","M","?","?","$","M","E","R","E","T","?","?","$","R","E","R","BOSS"],"items_purchased_type":["Card","Card","Card"],"build_version":"2020-12-22","purchased_purges":4,"victory":false,"max_hp_per_floor":[79,79,79,79,79,79,79,79,79,79,79,79,79,79,79,79,79,79,79,79,39,39,39,39,39,39,39,39,39,39,39,39,39,39,39,39,39,39,39,39,39,39,39,39,39,39,39,39,39,39,39],"relic_stats":{"Blood Vial":24,"Centennial Puzzle":[6],"Shovel":2,"counters":[24,115],"Ornamental Fan":[4],"Astrolabe":["Blasphemy","FlurryOfBlows","Crescendo"],"Juzu Bracelet":1,"Whetstone":["Strike_P","Strike_P"],"Kunai":[2],"Letter Opener":[247],"Question Card":0,"obtain_stats":[{"Astrolabe":34,"Juzu Bracelet":43,"Whetstone":7,"TeardropLocket":27,"Letter Opener":30,"Bottled Tornado":26,"Empty Cage":17,"Question Card":48,"Blood Vial":12,"Centennial Puzzle":45,"Bottled Flame":49,"Shovel":40,"Ornamental Fan":23,"Molten Egg 2":41,"Bottled Lightning":10,"Kunai":14,"PureWater":0,"Toxic Egg 2":42},{"Astrolabe":17,"Juzu Bracelet":22,"Whetstone":5,"TeardropLocket":14,"Letter Opener":15,"Bottled Tornado":13,"Empty Cage":9,"Question Card":23,"Blood Vial":7,"Centennial Puzzle":22,"Bottled Flame":23,"Shovel":21,"Ornamental Fan":12,"Molten Egg 2":21,"Bottled Lightning":6,"Kunai":8,"PureWater":0,"Toxic Egg 2":22},{"Astrolabe":79,"Juzu Bracelet":103,"Whetstone":16,"TeardropLocket":60,"Letter Opener":69,"Bottled Tornado":56,"Empty Cage":36,"Question Card":108,"Blood Vial":25,"Centennial Puzzle":103,"Bottled Flame":108,"Shovel":98,"Ornamental Fan":52,"Molten Egg 2":98,"Bottled Lightning":21,"Kunai":29,"PureWater":0,"Toxic Egg 2":103}]},"card_choices":[{"not_picked":["Crescendo","InnerPeace"],"picked":"PathToVictory","floor":1.0},{"not_picked":["SashWhip","Evaluate"],"picked":"JustLucky","floor":2.0},{"not_picked":["BowlingBash","FlyingSleeves"],"picked":"FollowUp","floor":3.0},{"not_picked":["WheelKick","ClearTheMind"],"picked":"PathToVictory","floor":5.0},{"not_picked":["WreathOfFlame","FearNoEvil"],"picked":"Wireheading","floor":7.0},{"not_picked":["Establishment","WreathOfFlame"],"picked":"EmptyBody","floor":10.0},{"not_picked":["LikeWater","CutThroughFate"],"picked":"PathToVictory","floor":12.0},{"not_picked":["Conclude","Consecrate"],"picked":"Collect","floor":13.0},{"not_picked":["Alpha","LessonLearned"],"picked":"Vault","floor":16.0},{"not_picked":["Indignation","ReachHeaven+1","Tantrum"],"picked":"SKIP","floor":18.0},{"not_picked":["Indignation","ReachHeaven+1","Tantrum"],"picked":"SKIP","floor":18.0},{"not_picked":["WreathOfFlame+1","FollowUp"],"picked":"ThirdEye+1","floor":19.0},{"not_picked":["EmptyBody","FlurryOfBlows","WheelKick"],"picked":"SKIP","floor":23.0},{"not_picked":["InnerPeace","BowlingBash","FlyingSleeves"],"picked":"SKIP","floor":24.0},{"not_picked":["FlurryOfBlows+1","Fasting2","EmptyFist"],"picked":"SKIP","floor":27.0},{"not_picked":["Tantrum","DeceiveReality"],"picked":"PathToVictory","floor":30.0},{"not_picked":["SandsOfTime","Prostrate","Protect"],"picked":"SKIP","floor":31.0},{"not_picked":["Devotion","Wish"],"picked":"DevaForm","floor":33.0},{"not_picked":["Crescendo","Halt+1"],"picked":"PathToVictory","floor":35.0},{"not_picked":["ForeignInfluence","Consecrate+1","SashWhip"],"picked":"SKIP","floor":36.0},{"not_picked":["Protect+1","FollowUp"],"picked":"SignatureMove+1","floor":39.0},{"not_picked":["CrushJoints+1","ThirdEye","Fasting2+1"],"picked":"SKIP","floor":40.0},{"not_picked":["DeceiveReality+1","ClearTheMind+1"],"picked":"PathToVictory+1","floor":42.0},{"not_picked":["Ragnarok+1","FlyingSleeves+1"],"picked":"Scrawl+1","floor":48.0}],"player_experience":1468951,"relics_obtained":[{"floor":7.0,"key":"Whetstone"},{"floor":10.0,"key":"Bottled Lightning"},{"floor":12.0,"key":"Blood Vial"},{"floor":14.0,"key":"Kunai"},{"floor":23.0,"key":"Ornamental Fan"},{"floor":26.0,"key":"Bottled Tornado"},{"floor":27.0,"key":"TeardropLocket"},{"floor":30.0,"key":"Letter Opener"},{"floor":40.0,"key":"Shovel"},{"floor":41.0,"key":"Molten Egg 2"},{"floor":42.0,"key":"Toxic Egg 2"},{"floor":43.0,"key":"Juzu Bracelet"},{"floor":45.0,"key":"Centennial Puzzle"},{"floor":48.0,"key":"Question Card"},{"floor":49.0,"key":"Bottled Flame"}],"event_choices":[{"damage_healed":0.0,"max_hp_gain":0.0,"max_hp_loss":0.0,"gold_gain":75.0,"event_name":"World of Goop","player_choice":"Gather Gold","floor":4.0,"gold_loss":0.0,"damage_taken":11.0},{"damage_healed":0.0,"max_hp_gain":0.0,"max_hp_loss":0.0,"gold_gain":175.0,"event_name":"Liars Game","player_choice":"AGREE","floor":8.0,"gold_loss":0.0,"damage_taken":0.0,"cards_obtained":["Doubt"]},{"damage_healed":0.0,"max_hp_gain":0.0,"max_hp_loss":0.0,"gold_gain":0.0,"event_name":"Dead Adventurer","player_choice":"Searched \u00271\u0027 times","floor":12.0,"gold_loss":0.0,"damage_taken":0.0},{"damage_healed":0.0,"max_hp_gain":0.0,"max_hp_loss":0.0,"gold_gain":0.0,"event_name":"Nest","player_choice":"Joined the Cult","floor":20.0,"gold_loss":0.0,"damage_taken":6.0,"cards_obtained":["RitualDagger"]},{"damage_healed":0.0,"max_hp_gain":0.0,"max_hp_loss":40.0,"gold_gain":0.0,"event_name":"Ghosts","player_choice":"Became a Ghost","floor":21.0,"gold_loss":0.0,"damage_taken":0.0,"cards_obtained":["Ghostly","Ghostly","Ghostly","Ghostly","Ghostly"]},{"damage_healed":0.0,"max_hp_gain":0.0,"max_hp_loss":0.0,"gold_gain":0.0,"event_name":"Duplicator","player_choice":"Copied","floor":22.0,"gold_loss":0.0,"damage_taken":0.0,"cards_obtained":["PathToVictory"]},{"damage_healed":0.0,"max_hp_gain":0.0,"max_hp_loss":0.0,"gold_gain":0.0,"event_name":"Match and Keep!","player_choice":"1 cards matched","floor":29.0,"gold_loss":0.0,"damage_taken":0.0,"cards_obtained":["Judgement"]},{"damage_healed":0.0,"max_hp_gain":0.0,"max_hp_loss":0.0,"gold_gain":100.0,"event_name":"Golden Shrine","player_choice":"Pray","floor":37.0,"gold_loss":0.0,"damage_taken":0.0},{"damage_healed":0.0,"max_hp_gain":0.0,"max_hp_loss":0.0,"gold_gain":0.0,"event_name":"Tomb of Lord Red Mask","player_choice":"Ignored","floor":44.0,"gold_loss":0.0,"damage_taken":0.0}],"is_beta":false,"boss_relics":[{"not_picked":["Pandora\u0027s Box","Sozu"],"picked":"Empty Cage"},{"not_picked":["Runic Dome","Fusion Hammer"],"picked":"Astrolabe"}],"items_purged_floors":[25,28,38,46],"is_endless":false,"potions_floor_spawned":[2,10,16,18,24,27,31,35,42],"killed_by":"Awakened One","ascension_level":4}}