{"host":"i8x3uekhioq8aaet","time":1613822185,"event":{"mods":["AchievementEnabler","BaseMod","Colored Map","Colored Powertips","DeckTracker","Minty Spire (QoL Compilation)","Relic Sorter","StSLib"],"gold_per_floor":[113,113,133,133,10,42,42,56,56,56,67,67,82,141,141,245,245,262,187,17,37,51,51,51,0,49,49,75,25,25,41,41,137,137,147,160,120,132,132,132,132,132,181,193,207,21,21,33,33,33,33],"floor_reached":50,"language":"ZHT","playtime":1684,"items_purged":["Strike_G","Writhe"],"score":506,"play_id":"683da929-836a-4434-a8c1-87a679284d33","local_time":"20210220195625","is_ascension_mode":true,"campfire_choices":[{"floor":7.0,"key":"REST"},{"floor":10.0,"key":"REST"},{"floor":12.0,"key":"RECALL"},{"floor":15.0,"key":"REST"},{"floor":23.0,"key":"REST"},{"floor":27.0,"key":"REST"},{"floor":30.0,"key":"REST"},{"floor":32.0,"key":"REST"},{"floor":40.0,"key":"REST"},{"floor":42.0,"key":"REST"},{"floor":49,"key":"REST"}],"circlet_count":0,"master_deck":["Defend_G+1","Defend_G+1","Defend_G+1","Defend_G+1","Defend_G+1","Survivor","Neutralize","Backflip","Deadly Poison","Unload","Poisoned Stab","Crippling Poison","Backflip","Footwork","Blade Dance","Envenom","Bullet Time+1","All Out Attack+1","Bouncing Flask","Poisoned Stab","Cloak And Dagger+1","Flying Knee+1","Infinite Blades","Backflip","Cloak And Dagger","Bullet Time","Deflect+1","Slice+1","Crippling Poison+1","Slice+1","Outmaneuver+1","Terror","Parasite","Storm of Steel"],"relics":["Fusion Hammer","Mercury Hourglass","Boot","Pocketwatch","Astrolabe","Potion Belt","Peace Pipe","WristBlade","Ancient Tea Set"],"acts_visited":["Exordium","TheCity","TheBeyond"],"potions_floor_usage":[50,50,50,50,50],"damage_taken":[{"damage":0.0,"enemies":"Cultist","floor":1.0,"turns":5.0},{"damage":0.0,"enemies":"Jaw Worm","floor":3.0,"turns":4.0},{"damage":15.0,"enemies":"Lagavulin","floor":6.0,"turns":6.0},{"damage":6.0,"enemies":"2 Louse","floor":8.0,"turns":2.0},{"damage":0.0,"enemies":"2 Fungi Beasts","floor":11.0,"turns":2.0},{"damage":0.0,"enemies":"Exordium Thugs","floor":13.0,"turns":4.0},{"damage":16.0,"enemies":"Hexaghost","floor":16.0,"turns":9.0},{"damage":13.0,"enemies":"3 Byrds","floor":18.0,"turns":3.0},{"damage":2.0,"enemies":"2 Thieves","floor":21.0,"turns":4.0},{"damage":8.0,"enemies":"3 Cultists","floor":22.0,"turns":3.0},{"damage":19.0,"enemies":"Gremlin Leader","floor":28.0,"turns":4.0},{"damage":8.0,"enemies":"Cultist and Chosen","floor":31.0,"turns":5.0},{"damage":42.0,"enemies":"Automaton","floor":33.0,"turns":10.0},{"damage":8.0,"enemies":"Orb Walker","floor":35.0,"turns":3.0},{"damage":20.0,"enemies":"3 Shapes","floor":36.0,"turns":6.0},{"damage":46.0,"enemies":"Transient","floor":38.0,"turns":5.0},{"damage":29.0,"enemies":"Spire Growth","floor":44.0,"turns":5.0},{"damage":8.0,"enemies":"Jaw Worm Horde","floor":45.0,"turns":4.0},{"damage":20,"enemies":"Writhing Mass","floor":48,"turns":6},{"damage":30,"enemies":"Time Eater","floor":50,"turns":5}],"seed_played":"5378216540059046231","potions_obtained":[{"floor":3.0,"key":"SneckoOil"},{"floor":6.0,"key":"Dexterity Potion"},{"floor":11.0,"key":"FearPotion"},{"floor":21.0,"key":"Poison Potion"},{"floor":31.0,"key":"Fruit Juice"},{"floor":33.0,"key":"Swift Potion"},{"floor":36.0,"key":"SpeedPotion"},{"floor":37.0,"key":"LiquidMemories"},{"floor":37.0,"key":"LiquidMemories"},{"floor":37.0,"key":"LiquidBronze"},{"floor":48,"key":"SkillPotion"}],"is_trial":false,"path_per_floor":["M","T","M","?","$","E","R","M","T","R","M","R","M","?","R","B",null,"M","?","$","M","M","R","?","?","T","R","E","$","R","M","R","B",null,"M","M","?","M","?","R","?","R","T","M","M","$","?","M","R","B"],"character_chosen":"THE_SILENT","items_purchased":["Poisoned Stab","Bouncing Flask","Poison Potion","Poisoned Stab","Backflip","Terror","PowerPotion"],"campfire_rested":10,"item_purchase_floors":[5,20,20,20,29,46,46],"current_hp_per_floor":[70,70,70,70,70,55,70,64,64,70,70,70,70,70,70,54,70,57,57,57,55,47,68,68,68,68,70,51,51,70,67,75,33,75,67,47,47,1,20,42,42,64,64,35,27,27,27,7,29,0,0],"gold":33,"neow_bonus":"BOSS_RELIC","is_daily":false,"chose_seed":false,"campfire_upgraded":0,"win_rate":0.0,"timestamp":1613822185,"path_taken":["M","?","M","?","$","E","R","?","T","R","M","R","M","?","R","BOSS","M","?","?","M","M","R","?","?","T","R","E","$","R","M","R","BOSS","M","M","?","?","?","R","?","R","T","?","M","$","?","M","R","BOSS"],"items_purchased_type":["Card","Card","Potion","Card","Card","Card","Potion"],"build_version":"2020-12-22","purchased_purges":2,"victory":false,"max_hp_per_floor":[70,70,70,70,70,70,70,70,70,70,70,70,70,70,70,70,70,70,70,70,70,70,70,70,70,70,70,70,70,70,75,75,75,75,75,75,75,75,75,75,75,75,75,75,75,75,75,75,75,75,75],"card_choices":[{"not_picked":["Dagger Throw","Acrobatics"],"picked":"Backflip","floor":1.0},{"not_picked":["Acrobatics","Dagger Spray"],"picked":"Deadly Poison","floor":3.0},{"not_picked":["Flying Knee","Quick Slash"],"picked":"Crippling Poison","floor":6.0},{"not_picked":["Escape Plan","Blade Dance"],"picked":"Backflip","floor":8.0},{"not_picked":["Quick Slash","Prepared"],"picked":"Footwork","floor":11.0},{"not_picked":["Accuracy","Deflect"],"picked":"Blade Dance","floor":13.0},{"not_picked":["Glass Knife","Unload"],"picked":"Envenom","floor":16.0},{"not_picked":["Quick Slash","Underhanded Strike+1","Reflex"],"picked":"SKIP","floor":18.0},{"not_picked":["Backflip","Dagger Spray+1"],"picked":"Cloak And Dagger+1","floor":21.0},{"not_picked":["Slice","Dagger Throw"],"picked":"Flying Knee+1","floor":22.0},{"not_picked":["Leg Sweep","Unload"],"picked":"Infinite Blades","floor":28.0},{"not_picked":["Outmaneuver","Slice"],"picked":"Cloak And Dagger","floor":31.0},{"not_picked":["Grand Finale","After Image"],"picked":"Bullet Time","floor":33.0},{"not_picked":["Acrobatics+1","Skewer"],"picked":"Deflect+1","floor":35.0},{"not_picked":["Sucker Punch","Well Laid Plans"],"picked":"Slice+1","floor":36.0},{"not_picked":["Dash","Finisher+1"],"picked":"Crippling Poison+1","floor":38.0},{"not_picked":["Cloak And Dagger","Reflex+1"],"picked":"Slice+1","floor":44.0},{"not_picked":["Dagger Throw+1","Backflip"],"picked":"Outmaneuver+1","floor":45.0},{"not_picked":["Flying Knee","Deadly Poison"],"picked":"Storm of Steel","floor":48}],"player_experience":341940,"relics_obtained":[{"floor":2.0,"key":"Mercury Hourglass"},{"floor":6.0,"key":"Boot"},{"floor":9.0,"key":"Pocketwatch"},{"floor":26.0,"key":"Potion Belt"},{"floor":28.0,"key":"Peace Pipe"},{"floor":43.0,"key":"Ancient Tea Set"}],"event_choices":[{"damage_healed":0.0,"max_hp_gain":0.0,"max_hp_loss":0.0,"gold_gain":0.0,"event_name":"Match and Keep!","player_choice":"1 cards matched","floor":4.0,"gold_loss":0.0,"damage_taken":0.0,"cards_obtained":["Unload"]},{"damage_healed":0.0,"max_hp_gain":0.0,"max_hp_loss":0.0,"gold_gain":59.0,"event_name":"Golden Wing","player_choice":"Gained Gold","floor":14.0,"gold_loss":0.0,"damage_taken":0.0},{"cards_removed":["Strike_G"],"damage_healed":0.0,"max_hp_gain":0.0,"max_hp_loss":0.0,"gold_gain":0.0,"event_name":"Beggar","player_choice":"Gave Gold","floor":19.0,"gold_loss":75.0,"damage_taken":0.0},{"damage_healed":0.0,"max_hp_gain":0.0,"max_hp_loss":0.0,"gold_gain":0.0,"event_name":"Back to Basics","player_choice":"Simplicity","floor":24.0,"gold_loss":0.0,"damage_taken":0.0,"cards_upgraded":["Defend_G","Defend_G","Defend_G","Defend_G","Defend_G"]},{"damage_healed":0.0,"max_hp_gain":0.0,"max_hp_loss":0.0,"gold_gain":0.0,"event_name":"Masked Bandits","player_choice":"Paid Fearfully","floor":25.0,"gold_loss":51.0,"damage_taken":0.0},{"damage_healed":0.0,"max_hp_gain":0.0,"max_hp_loss":0.0,"gold_gain":0.0,"event_name":"The Woman in Blue","player_choice":"Bought 3 Potions","floor":37.0,"gold_loss":0.0,"damage_taken":0.0},{"damage_healed":19.0,"max_hp_gain":0.0,"max_hp_loss":0.0,"gold_gain":0.0,"event_name":"Winding Halls","player_choice":"Writhe","floor":39.0,"gold_loss":0.0,"damage_taken":0.0,"cards_obtained":["Writhe"]},{"cards_removed":["Calculated Gamble"],"damage_healed":0.0,"max_hp_gain":0.0,"max_hp_loss":0.0,"gold_gain":0.0,"event_name":"Falling","player_choice":"Removed Skill","floor":41.0,"gold_loss":0.0,"damage_taken":0.0},{"damage_healed":0.0,"max_hp_gain":0.0,"max_hp_loss":0.0,"gold_gain":0.0,"event_name":"Match and Keep!","player_choice":"0 cards matched","floor":47.0,"gold_loss":0.0,"damage_taken":0.0,"cards_obtained":[]}],"is_beta":false,"boss_relics":[{"not_picked":["SlaversCollar","Ectoplasm"],"picked":"Astrolabe"},{"not_picked":["Pandora\u0027s Box","Snecko Eye"],"picked":"WristBlade"}],"items_purged_floors":[5,46],"is_endless":false,"potions_floor_spawned":[3,6,11,21,31,33,36,38,48],"killed_by":"Time Eater","ascension_level":2}}