{"host":"zsnmfqgcm92hlreo","time":1613795148,"event":{"mods":["AchievementEnabler","BaseMod","Bestiary","Block Reminder","Colored Map","Colored Powertips","Filter the Spire","Minty Spire (QoL Compilation)","Permanent Neow","Quick Restart","Relic Stats","StSLib","Weighted Paths"],"gold_per_floor":[114,114,128,143,153,183,183,215,215,245,320,332,44,71,71,149,149,159,159,159,22,22,42,19,46,46,78,78,11,40,55,55,131,131,151,165,165,465,483,483,483,483,483,516,17,43,79,102,102,102,127,127,127,24,89,89],"floor_reached":57,"language":"ENG","playtime":2812,"items_purged":["Strike_P","Strike_P","Defend_P"],"score":3167,"play_id":"1f357d59-4a1d-40a4-8b1d-f23af148550d","local_time":"20210219222548","is_ascension_mode":true,"campfire_choices":[{"floor":7.0,"key":"REST"},{"data":"Vigilance","floor":15.0,"key":"SMITH"},{"data":"Ragnarok","floor":28.0,"key":"SMITH"},{"floor":32.0,"key":"REST"},{"floor":40.0,"key":"RECALL"},{"data":"DevaForm","floor":42.0,"key":"SMITH"},{"data":"Tantrum","floor":49.0,"key":"SMITH"},{"floor":53,"key":"REST"}],"circlet_count":0,"master_deck":["AscendersBane","Defend_P","Defend_P","Eruption","Vigilance+1","Protect","EmptyBody","BowlingBash","Omniscience","BowlingBash","ForeignInfluence+1","Collect+1","DevaForm+1","SpiritShield+1","ConjureBlade+1","SignatureMove","ReachHeaven","Ragnarok+1","ThirdEye+1","Writhe","TalkToTheHand+1","Protect+1","SpiritShield+1","Swivel+1","Tantrum+1","FearNoEvil","Conclude+1","Vault+1","Vault+1","CutThroughFate","HandOfGreed","The Bomb+1","Apotheosis+1","Omniscience+1","Writhe","Meditate+1","DevaForm","Swivel+1","ConjureBlade+1","WheelKick+1","WheelKick+1","Indignation+1"],"relics":["Snecko Eye","PreservedInsect","Toxic Egg 2","Question Card","Pear","Membership Card","The Courier","VioletLotus","Chemical X","Potion Belt","Blood Vial","White Beast Statue","Bag of Preparation","InkBottle","Cursed Key","Meat on the Bone","Du-Vu Doll","Orrery","Torii","Pen Nib","CeramicFish","DollysMirror","Gambling Chip"],"acts_visited":["Exordium","TheCity","TheBeyond","TheEnding"],"potions_floor_usage":[50,56,56,56],"damage_taken":[{"damage":0.0,"enemies":"Jaw Worm","floor":1.0,"turns":3.0},{"damage":0.0,"enemies":"Cultist","floor":3.0,"turns":2.0},{"damage":5.0,"enemies":"2 Louse","floor":4.0,"turns":2.0},{"damage":16.0,"enemies":"Blue Slaver","floor":5.0,"turns":3.0},{"damage":9.0,"enemies":"3 Sentries","floor":6.0,"turns":10.0},{"damage":0.0,"enemies":"Gremlin Nob","floor":8.0,"turns":2.0},{"damage":0.0,"enemies":"3 Sentries","floor":10.0,"turns":3.0},{"damage":0.0,"enemies":"Looter","floor":12.0,"turns":3.0},{"damage":5.0,"enemies":"Lagavulin","floor":14.0,"turns":4.0},{"damage":11.0,"enemies":"Hexaghost","floor":16.0,"turns":8.0},{"damage":0.0,"enemies":"3 Byrds","floor":18.0,"turns":4.0},{"damage":13.0,"enemies":"2 Thieves","floor":23.0,"turns":4.0},{"damage":2.0,"enemies":"Book of Stabbing","floor":25.0,"turns":3.0},{"damage":13.0,"enemies":"Gremlin Leader","floor":27.0,"turns":3.0},{"damage":33.0,"enemies":"Book of Stabbing","floor":30.0,"turns":4.0},{"damage":2.0,"enemies":"Snecko","floor":31.0,"turns":3.0},{"damage":0.0,"enemies":"Automaton","floor":33.0,"turns":4.0},{"damage":0.0,"enemies":"3 Darklings","floor":35.0,"turns":4.0},{"damage":0.0,"enemies":"Orb Walker","floor":36.0,"turns":3.0},{"damage":0.0,"enemies":"Maw","floor":39.0,"turns":5.0},{"damage":0.0,"enemies":"Nemesis","floor":44.0,"turns":6.0},{"damage":0.0,"enemies":"Giant Head","floor":46.0,"turns":4.0},{"damage":1.0,"enemies":"4 Shapes","floor":47.0,"turns":2.0},{"damage":16.0,"enemies":"Jaw Worm Horde","floor":48.0,"turns":3.0},{"damage":12,"enemies":"Time Eater","floor":50,"turns":6},{"damage":24,"enemies":"Donu and Deca","floor":51,"turns":7},{"damage":0,"enemies":"Shield and Spear","floor":55,"turns":3},{"damage":61,"enemies":"The Heart","floor":56,"turns":8}],"seed_played":"-268407093596710576","potions_obtained":[{"floor":3.0,"key":"BottledMiracle"},{"floor":5.0,"key":"GamblersBrew"},{"floor":12.0,"key":"CultistPotion"},{"floor":25.0,"key":"Fire Potion"},{"floor":27.0,"key":"Explosive Potion"},{"floor":30.0,"key":"Swift Potion"},{"floor":31.0,"key":"Ambrosia"},{"floor":33.0,"key":"LiquidMemories"},{"floor":44.0,"key":"FairyPotion"}],"is_trial":false,"path_per_floor":["M","?","M","M","M","E","R","E","T","E","?","M","$","E","R","B",null,"M","?","?","$","?","M","$","E","T","E","R","$","E","M","R","B",null,"M","M","?","?","M","R","?","R","T","E","$","E","M","M","R","B","B",null,"R","$","E","B",null],"character_chosen":"WATCHER","items_purchased":["Membership Card","DevaForm","Chemical X","ThirdEye+1","Protect+1","Tantrum","FearNoEvil","Du-Vu Doll","DevaForm","Orrery","Torii","Pen Nib","DollysMirror","SneckoOil"],"campfire_rested":3,"item_purchase_floors":[13,13,21,21,24,29,29,45,45,45,45,45,54,54],"current_hp_per_floor":[61,61,61,56,40,31,51,51,51,61,50,50,50,45,45,34,67,67,67,67,67,67,54,54,52,52,41,41,41,10,10,33,35,67,69,71,61,61,63,63,63,63,63,65,65,67,68,54,54,44,34,67,78,78,78,29],"gold":89,"neow_bonus":"BOSS_RELIC","is_daily":false,"chose_seed":false,"campfire_upgraded":4,"win_rate":0.0,"timestamp":1613795148,"path_taken":["M","?","?","M","M","E","R","E","T","E","?","M","?","E","R","BOSS","M","?","?","$","?","M","?","E","T","E","R","?","E","M","R","BOSS","M","M","?","?","?","R","?","R","T","E","$","E","M","M","R","BOSS","BOSS","R","$","E","BOSS"],"items_purchased_type":["Relic","Card","Relic","Card","Card","Card","Card","Relic","Card","Relic","Relic","Relic","Relic","Potion"],"build_version":"2020-12-22","purchased_purges":3,"victory":true,"max_hp_per_floor":[68,68,68,68,68,68,68,68,68,78,78,78,78,78,78,78,78,78,78,78,78,78,78,78,78,78,78,78,78,78,78,78,78,78,78,78,78,78,78,78,78,78,78,78,78,78,78,78,78,78,78,78,78,78,78,78],"relic_stats":{"Torii":8,"counters":[28,116],"CeramicFish":27,"PreservedInsect":473,"Pen Nib":[7],"Bag of Preparation":[28],"Question Card":27,"Cursed Key":1,"Blood Vial":26,"Gambling Chip":[5],"Snecko Eye":[186,188,208,188],"VioletLotus":[16],"Chemical X":[24],"obtain_stats":[{"Potion Belt":22,"Pear":10,"Torii":45,"CeramicFish":46,"PreservedInsect":6,"The Courier":14,"Pen Nib":45,"Bag of Preparation":27,"Question Card":9,"Cursed Key":34,"White Beast Statue":26,"Blood Vial":25,"Du-Vu Doll":45,"DollysMirror":54,"Gambling Chip":55,"Snecko Eye":0,"Orrery":45,"VioletLotus":17,"Membership Card":13,"Chemical X":21,"PureWater":0,"Toxic Egg 2":8,"InkBottle":30,"Meat on the Bone":44},{"Potion Belt":11,"Pear":7,"Torii":21,"CeramicFish":22,"PreservedInsect":5,"The Courier":9,"Pen Nib":21,"Bag of Preparation":14,"Question Card":6,"Cursed Key":17,"White Beast Statue":13,"Blood Vial":13,"Du-Vu Doll":21,"DollysMirror":26,"Gambling Chip":27,"Snecko Eye":0,"Orrery":21,"VioletLotus":10,"Membership Card":8,"Chemical X":11,"PureWater":0,"Toxic Egg 2":6,"InkBottle":15,"Meat on the Bone":21},{"Potion Belt":44,"Pear":25,"Torii":83,"CeramicFish":87,"PreservedInsect":20,"The Courier":32,"Pen Nib":83,"Bag of Preparation":54,"Question Card":22,"Cursed Key":65,"White Beast Statue":51,"Blood Vial":51,"Du-Vu Doll":83,"DollysMirror":105,"Gambling Chip":108,"Snecko Eye":0,"Orrery":83,"VioletLotus":40,"Membership Card":28,"Chemical X":44,"PureWater":0,"Toxic Egg 2":22,"InkBottle":58,"Meat on the Bone":83}],"InkBottle":[26],"Meat on the Bone":24},"card_choices":[{"not_picked":["FlyingSleeves","Indignation","Evaluate"],"picked":"SKIP","floor":1.0},{"not_picked":["MentalFortress","ClearTheMind"],"picked":"Protect","floor":3.0},{"not_picked":["Halt","SashWhip"],"picked":"EmptyBody","floor":4.0},{"not_picked":["JustLucky","Crescendo"],"picked":"BowlingBash","floor":5.0},{"not_picked":["Crescendo","ClearTheMind"],"picked":"Omniscience","floor":6.0},{"not_picked":["Prostrate+1","PathToVictory+1"],"picked":"BowlingBash","floor":8.0},{"not_picked":["CutThroughFate","Consecrate","SashWhip"],"picked":"ForeignInfluence+1","floor":10.0},{"not_picked":["WaveOfTheHand+1","Halt+1","PathToVictory+1"],"picked":"Collect+1","floor":12.0},{"not_picked":["Study","ClearTheMind+1","ThirdEye+1"],"picked":"SpiritShield+1","floor":14.0},{"not_picked":["Judgement+1","Scrawl+1","DevaForm"],"picked":"ConjureBlade+1","floor":16.0},{"not_picked":["CrushJoints","Consecrate","Crescendo+1"],"picked":"SignatureMove","floor":18.0},{"not_picked":["PathToVictory+1","CutThroughFate","LikeWater"],"picked":"TalkToTheHand+1","floor":23.0},{"not_picked":["Consecrate","PathToVictory+1","EmptyBody+1"],"picked":"SpiritShield+1","floor":25.0},{"not_picked":["Prostrate+1","Evaluate+1","JustLucky+1"],"picked":"Swivel+1","floor":27.0},{"not_picked":["CutThroughFate","FlyingSleeves+1","EmptyBody+1"],"picked":"Conclude+1","floor":30.0},{"not_picked":["Sanctity+1","JustLucky","EmptyBody+1"],"picked":"Vault+1","floor":31.0},{"not_picked":["Brilliance","MasterReality","Scrawl+1"],"picked":"Vault+1","floor":33.0},{"not_picked":["BowlingBash+1","SashWhip","FlurryOfBlows","CutThroughFate+1"],"picked":"SKIP","floor":35.0},{"not_picked":["CrushJoints","CutThroughFate","Prostrate+1","PathToVictory+1"],"picked":"SKIP","floor":36.0},{"not_picked":["CrushJoints","Prostrate+1","PathToVictory+1"],"picked":"CutThroughFate","floor":36.0},{"not_picked":["Discovery+1","Blind+1","Panacea+1"],"picked":"HandOfGreed","floor":37.0},{"not_picked":["Mind Blast","Forethought+1","Mayhem"],"picked":"The Bomb+1","floor":37.0},{"not_picked":["Metamorphosis+1","Discovery+1","Sadistic Nature"],"picked":"Apotheosis+1","floor":37.0},{"not_picked":["WreathOfFlame+1","Study","SashWhip","Conclude"],"picked":"SKIP","floor":39.0},{"not_picked":["Prostrate+1","CutThroughFate","Perseverance+1"],"picked":"Meditate+1","floor":44.0},{"not_picked":["Worship+1","Vengeance+1","SashWhip+1"],"picked":"Swivel+1","floor":45.0},{"not_picked":["Evaluate+1","FlurryOfBlows+1","SashWhip+1"],"picked":"ConjureBlade+1","floor":45.0},{"not_picked":["CutThroughFate","Consecrate","SignatureMove","Wireheading"],"picked":"SKIP","floor":46.0},{"not_picked":["Wireheading+1","Tantrum","PathToVictory+1","Crescendo+1"],"picked":"SKIP","floor":47.0},{"not_picked":["BattleHymn+1","Wallop","LikeWater"],"picked":"WheelKick+1","floor":48.0},{"not_picked":["BattleHymn","FlurryOfBlows","Halt+1","Indignation+1"],"picked":"SKIP","floor":55},{"not_picked":["BattleHymn","FlurryOfBlows","Halt+1"],"picked":"Indignation+1","floor":55}],"player_experience":1235371,"relics_obtained":[{"floor":6.0,"key":"PreservedInsect"},{"floor":8.0,"key":"Toxic Egg 2"},{"floor":9.0,"key":"Question Card"},{"floor":10.0,"key":"Pear"},{"floor":14.0,"key":"The Courier"},{"floor":25.0,"key":"Blood Vial"},{"floor":26.0,"key":"White Beast Statue"},{"floor":27.0,"key":"Bag of Preparation"},{"floor":30.0,"key":"InkBottle"},{"floor":44.0,"key":"Meat on the Bone"},{"floor":46.0,"key":"CeramicFish"},{"floor":55,"key":"Gambling Chip"}],"event_choices":[{"cards_removed":["Defend_P"],"damage_healed":0.0,"max_hp_gain":0.0,"max_hp_loss":0.0,"gold_gain":0.0,"event_name":"Bonfire Elementals","player_choice":"Offered Basic","floor":2.0,"gold_loss":0.0,"damage_taken":0.0},{"damage_healed":0.0,"max_hp_gain":0.0,"max_hp_loss":0.0,"gold_gain":75.0,"event_name":"World of Goop","player_choice":"Gather Gold","floor":11.0,"gold_loss":0.0,"damage_taken":11.0},{"damage_healed":0.0,"max_hp_gain":0.0,"max_hp_loss":0.0,"gold_gain":0.0,"cards_transformed":["Strike_P","Strike_P"],"event_name":"Drug Dealer","player_choice":"Became Test Subject","floor":19.0,"gold_loss":0.0,"damage_taken":0.0,"cards_obtained":["ReachHeaven","Ragnarok"]},{"damage_healed":0.0,"max_hp_gain":0.0,"max_hp_loss":0.0,"gold_gain":0.0,"event_name":"Beggar","player_choice":"Ignored","floor":20.0,"gold_loss":0.0,"damage_taken":0.0},{"damage_healed":0.0,"max_hp_gain":0.0,"max_hp_loss":0.0,"gold_gain":0.0,"event_name":"The Mausoleum","player_choice":"Opened","floor":22.0,"gold_loss":0.0,"damage_taken":0.0,"relics_obtained":["Potion Belt"],"cards_obtained":["Writhe"]},{"damage_healed":0.0,"max_hp_gain":0.0,"max_hp_loss":0.0,"gold_gain":0.0,"event_name":"SensoryStone","player_choice":"Memory 3","floor":37.0,"gold_loss":0.0,"damage_taken":10.0},{"damage_healed":0.0,"max_hp_gain":0.0,"max_hp_loss":0.0,"gold_gain":300.0,"event_name":"Wheel of Change","player_choice":"Gold","floor":38.0,"gold_loss":0.0,"damage_taken":0.0},{"damage_healed":0.0,"max_hp_gain":0.0,"max_hp_loss":0.0,"gold_gain":0.0,"event_name":"Duplicator","player_choice":"Copied","floor":41.0,"gold_loss":0.0,"damage_taken":0.0,"cards_obtained":["Omniscience"]}],"is_beta":false,"boss_relics":[{"not_picked":["Tiny House","Coffee Dripper"],"picked":"VioletLotus"},{"not_picked":["Astrolabe","Runic Pyramid"],"picked":"Cursed Key"}],"items_purged_floors":[13,21,45],"is_endless":false,"potions_floor_spawned":[3,5,12,14,25,27,30,31,33,35,36,39,44,46,47,48,55],"ascension_level":20}}