{"host":"sfkslwp4t49i7lrt","time":1613812898,"event":{"mods":["100% Spire Juice","Act Like it!","BaseMod","Bestiary","Block Reminder","Downfall","Friendly Minions","Gensokyo","Highlight Path","Jorbs\u0027s Wanderer Trilogy","Lobotomy","Marisa????????","Minty Spire (QoL Compilation)","Relic Stats","Spire Arcade","StSLib","The Servant 0.9.4","Wide Potions","everything is the same but u backflip on backflip","slay the spire mod where everything is the same but ironclad has a cowboy hat"],"gold_per_floor":[116,116,116,44,92,92,17,17,86,120,131,165,180,199,199,294,294,313,323,323,342,352,379,379,396,396,427,228,245,245,245],"floor_reached":30,"language":"ENG","playtime":2278,"items_purged":["Strike_G","Strike_G"],"score":305,"play_id":"56fe8aa1-9d88-40e7-bff3-3e3235cfa22a","local_time":"20210220162138","is_ascension_mode":false,"campfire_choices":[{"data":"Dodge and Roll","floor":6.0,"key":"SMITH"},{"data":"Blade Dance","floor":8.0,"key":"SMITH"},{"data":"Footwork","floor":15.0,"key":"SMITH"},{"floor":24,"key":"REST"}],"circlet_count":0,"master_deck":["Strike_G+1","Strike_G","Strike_G","Defend_G","Defend_G","Defend_G","Defend_G","Defend_G","Survivor","Neutralize","Blade Dance+1","Footwork+1","Dodge and Roll+1","Infinite Blades","Blur","After Image","Deflect","Well Laid Plans","QueenOfHatred","Dagger Spray","Wraith Form v2","OldLady","A Thousand Cuts","Noxious Fumes","Yin","Caltrops","Noxious Fumes","Leg Sweep","Poisoned Stab+1","After Image","WallGazer","BigBadWolf","Acrobatics","Accuracy","GreedKing"],"relics":["Ring of the Snake","CogitoBucket","Bronze Scales","Happy Flower","Ninja Scroll","CaptainsWheel","TreeSap","SlaversCollar","Yang_Lob","BackwardClock","Whetstone","Gremlin Horn"],"acts_visited":["Exordium","TheCity"],"potions_floor_usage":[22,22,22,30],"damage_taken":[{"damage":1.0,"enemies":"2 Louse","floor":1.0,"turns":3.0},{"damage":6.0,"enemies":"Gremlin Nob","floor":10.0,"turns":5.0},{"damage":0.0,"enemies":"Jaw Worm","floor":11.0,"turns":3.0},{"damage":1.0,"enemies":"3 Sentries","floor":12.0,"turns":9.0},{"damage":0.0,"enemies":"Cultist","floor":13.0,"turns":3.0},{"damage":2.0,"enemies":"Lots of Slimes","floor":14.0,"turns":14.0},{"damage":6.0,"enemies":"Hexaghost","floor":16.0,"turns":12.0},{"damage":5.0,"enemies":"Shell Parasite","floor":18.0,"turns":5.0},{"damage":2.0,"enemies":"Spheric Guardian","floor":19.0,"turns":4.0},{"damage":7.0,"enemies":"Centurion and Healer","floor":21.0,"turns":8.0},{"damage":48,"enemies":"3 Cultists","floor":22,"turns":8},{"damage":7,"enemies":"Book of Stabbing","floor":23,"turns":5},{"damage":11,"enemies":"Snake Plant","floor":25,"turns":5},{"damage":19,"enemies":"Slavers","floor":27,"turns":4},{"damage":21,"enemies":"Shelled Parasite and Fungi","floor":29,"turns":6},{"damage":83,"enemies":"3 Cultists","floor":30,"turns":3}],"seed_played":"-6425090547773206118","potions_obtained":[{"floor":10.0,"key":"SteroidPotion"},{"floor":12.0,"key":"FearPotion"},{"floor":13.0,"key":"Strength Potion"},{"floor":27,"key":"ColorlessPotion"}],"is_trial":false,"path_per_floor":["M","?","?","$","T","R","$","R","T","E","M","E","M","M","R","B",null,"M","M","?","M","M","E","R","M","T","E","$","M","M"],"character_chosen":"THE_SILENT","items_purchased":["Blur","Acrobatics","Accuracy"],"campfire_rested":1,"item_purchase_floors":[4,28,28],"current_hp_per_floor":[69,66,66,66,66,66,66,66,66,60,60,59,59,70,70,70,70,65,68,68,70,25,24,45,40,40,21,21,6,0,0],"gold":245,"neow_bonus":"","is_daily":false,"chose_seed":false,"campfire_upgraded":3,"win_rate":0.0,"timestamp":1613812898,"path_taken":["M","?","?","$","?","R","$","R","T","E","M","E","M","M","R","BOSS","M","M","?","?","M","E","R","?","T","E","$","M","?"],"items_purchased_type":["Card","Card","Card"],"build_version":"2020-12-22","purchased_purges":2,"victory":false,"max_hp_per_floor":[70,70,70,70,70,70,70,70,70,70,70,70,70,70,70,70,70,70,70,70,70,70,70,70,70,70,70,70,70,70,70],"relic_stats":{"Happy Flower":[32],"Gremlin Horn":[1,1],"counters":[19,100],"Bronze Scales":[446],"Whetstone":["Poisoned Stab","Strike_G"],"obtain_stats":[{"Yang_Lob":22,"SlaversCollar":17,"BackwardClock":22,"CogitoBucket":0,"CaptainsWheel":12,"Happy Flower":5,"Gremlin Horn":27,"Ninja Scroll":10,"Bronze Scales":2,"TreeSap":14,"Whetstone":23,"Ring of the Snake":0},{"Yang_Lob":13,"SlaversCollar":8,"BackwardClock":13,"CogitoBucket":0,"CaptainsWheel":4,"Happy Flower":1,"Gremlin Horn":16,"Ninja Scroll":2,"Bronze Scales":1,"TreeSap":7,"Whetstone":14,"Ring of the Snake":0},{"Yang_Lob":76,"SlaversCollar":50,"BackwardClock":76,"CogitoBucket":0,"CaptainsWheel":20,"Happy Flower":3,"Gremlin Horn":90,"Ninja Scroll":8,"Bronze Scales":3,"TreeSap":38,"Whetstone":81,"Ring of the Snake":0}],"Ring of the Snake":[38]},"card_choices":[{"not_picked":["Flying Knee","Accuracy"],"picked":"Blade Dance","floor":1.0},{"not_picked":["Setup","Deadly Poison"],"picked":"Footwork","floor":3.0},{"not_picked":["Footwork","Deflect"],"picked":"Dodge and Roll","floor":3.0},{"not_picked":["Underhanded Strike","Catalyst"],"picked":"Infinite Blades","floor":3.0},{"not_picked":["Slice","Venomology"],"picked":"After Image","floor":10.0},{"not_picked":["Prepared","Blade Dance"],"picked":"Deflect","floor":11.0},{"not_picked":["Poisoned Stab","Underhanded Strike"],"picked":"Well Laid Plans","floor":12.0},{"not_picked":["ShyLook","OSAHOGD"],"picked":"QueenOfHatred","floor":12.0},{"not_picked":["Footwork","PiercingWail"],"picked":"Dagger Spray","floor":13.0},{"not_picked":["Underhanded Strike","Acrobatics"],"picked":"Wraith Form v2","floor":14.0},{"not_picked":["CrumblingArmor","VoidDream"],"picked":"OldLady","floor":14.0},{"not_picked":["Bullet Time","Adrenaline"],"picked":"A Thousand Cuts","floor":16.0},{"not_picked":["Blade Dance","Prepared+1"],"picked":"Noxious Fumes","floor":18.0},{"not_picked":["PunishingBird","MHz"],"picked":"Yin","floor":19.0},{"not_picked":["Doppelganger","Footwork"],"picked":"Caltrops","floor":19.0},{"not_picked":["PiercingWail+1","Blade Dance"],"picked":"Leg Sweep","floor":21.0},{"not_picked":["Underhanded Strike","Cloak And Dagger"],"picked":"Poisoned Stab","floor":22},{"not_picked":["Underhanded Strike","Blade Dance+1"],"picked":"After Image","floor":23},{"not_picked":["MHz","SpiderBud"],"picked":"WallGazer","floor":23},{"not_picked":["Deadly Poison+1","PiercingWail","Poisoned Stab+1"],"picked":"SKIP","floor":25},{"not_picked":["Freischutz","MeltingLove"],"picked":"BigBadWolf","floor":27},{"not_picked":["Blade Dance","Distraction+1","Terror"],"picked":"SKIP","floor":27},{"not_picked":["FairyFestival","Laetitia"],"picked":"GreedKing","floor":29},{"not_picked":["Finisher+1","Wraith Form v2","Flying Knee+1"],"picked":"SKIP","floor":29}],"player_experience":474909,"relics_obtained":[{"floor":5.0,"key":"Happy Flower"},{"floor":10.0,"key":"Ninja Scroll"},{"floor":12.0,"key":"CaptainsWheel"},{"floor":23,"key":"Whetstone"},{"floor":27,"key":"Gremlin Horn"}],"event_choices":[{"damage_healed":0.0,"max_hp_gain":0.0,"max_hp_loss":0.0,"gold_gain":0.0,"event_name":"Scrap Ooze","player_choice":"Success","floor":2.0,"gold_loss":0.0,"damage_taken":3.0,"relics_obtained":["Bronze Scales"]},{"damage_healed":0.0,"max_hp_gain":0.0,"max_hp_loss":0.0,"gold_gain":0.0,"event_name":"Duplicator","player_choice":"Copied","floor":20.0,"gold_loss":0.0,"damage_taken":0.0,"cards_obtained":["Noxious Fumes"]}],"is_beta":false,"boss_relics":[{"not_picked":["Runic Dome","bronze:MakeshiftBattery"],"picked":"SlaversCollar"}],"items_purged_floors":[7,28],"is_endless":false,"potions_floor_spawned":[10,12,13,14,18,27],"killed_by":"3 Cultists","ascension_level":0}}