{"host":"y6s8mw1hb3jg98nz","time":1613811585,"event":{"mods":["Aspiration","BaseMod","Better Match","Better Note","Better Third Choice","BetterRewards","Colored Map","Colored Powertips","Googly Eyes","Halation","Minty Spire (QoL Compilation)","Quick Restart","Rare Cards Sparkle","Relic Stats","Replay The Spire","Shop Mod","Spicy Shops","StSLib"],"gold_per_floor":[211,211,386,397,409,409,409,409,420,6,6,17,0,12,12,26,26,122,122,133,144,144,13,13,13,39,39,62,68,68],"floor_reached":29,"language":"ENG","playtime":2582,"items_purged":["Doubt"],"score":233,"play_id":"8cd18128-63bf-4f80-b01d-0a49d4ba6d3b","local_time":"20210220192945","is_ascension_mode":false,"campfire_choices":[{"floor":8,"key":"REST"},{"floor":15,"key":"REST"},{"data":"ReplayTheSpireMod:Muscle Training","floor":17,"key":"SMITH"},{"floor":25,"key":"REST"},{"floor":27,"key":"REST"}],"circlet_count":0,"master_deck":["Strike_R","Strike_R","Strike_R","Strike_R","Defend_R","Defend_R","Defend_R","Defend_R","Bash","Inflame+1","Rupture","ReplayTheSpireMod:Muscle Training+1","Flex","Twin Strike","Rampage","Limit Break+1","Cleave+1","ReplayTheSpireMod:Muscle Training+1","Clash","Headbutt+1"],"relics":["Burning Blood","Ginger","Mirror","Empty Cage","halation:KoshaPiece","halation:IllGainedPizza","Ancient Tea Set"],"acts_visited":["Exordium","TheCity"],"potions_floor_usage":[9,14,18,26,26,29],"damage_taken":[{"damage":1,"enemies":"Jaw Worm","floor":1,"turns":5},{"damage":13,"enemies":"2 Louse","floor":4,"turns":3},{"damage":19,"enemies":"Small Slimes","floor":5,"turns":4},{"damage":30,"enemies":"Exordium Thugs","floor":9,"turns":5},{"damage":13,"enemies":"Blue Slaver","floor":12,"turns":4},{"damage":7,"enemies":"2 Fungi Beasts","floor":14,"turns":4},{"damage":1,"enemies":"Large Slime","floor":16,"turns":3},{"damage":40,"enemies":"Fading Forest","floor":18,"turns":11},{"damage":25,"enemies":"Spheric Guardian","floor":20,"turns":4},{"damage":30,"enemies":"Chosen","floor":21,"turns":5},{"damage":52,"enemies":"Book of Stabbing","floor":26,"turns":5},{"damage":46,"enemies":"Centurion and Healer","floor":29,"turns":3}],"seed_played":"4904582730453167101","potions_obtained":[{"floor":4,"key":"Ancient Potion"},{"floor":9,"key":"BloodPotion"},{"floor":14,"key":"LiquidBronze"},{"floor":18,"key":"Explosive Potion"},{"floor":21,"key":"SkillPotion"}],"is_trial":false,"path_per_floor":["M","?","?","M","M","PTL","PTL","R","M","$","T","M","?","M","R","M","R","B",null,"M","M","?","$","?","R","E","R","T","M"],"character_chosen":"IRONCLAD","items_purchased":["Ginger","Dexterity Potion","halation:KoshaPiece","Clash"],"campfire_rested":4,"item_purchase_floors":[10,10,23,23],"current_hp_per_floor":[80,80,80,73,60,60,60,80,56,56,56,49,49,64,80,80,80,56,80,61,37,37,37,37,61,15,39,39,0,0],"gold":68,"neow_bonus":"HUNDRED_GOLD","is_daily":false,"chose_seed":false,"campfire_upgraded":1,"win_rate":0.0,"timestamp":1613811585,"path_taken":["M","?","?","M","M","PTL","PTL","R","M","$","T","M","?","M","R","M","R","BOSS","M","M","?","$","?","R","E","R","T","M"],"items_purchased_type":["Relic","Potion","Relic","Card"],"build_version":"2020-12-22","purchased_purges":1,"victory":false,"max_hp_per_floor":[80,80,80,80,80,80,80,80,80,80,80,80,80,80,80,80,80,80,80,80,80,80,80,80,80,80,80,80,80,80],"relic_stats":{"counters":[12,56],"Ginger":[3],"obtain_stats":[{"halation:IllGainedPizza":26,"halation:KoshaPiece":23,"Ginger":10,"Mirror":11,"Empty Cage":19,"Ancient Tea Set":28,"Burning Blood":0},{"halation:IllGainedPizza":11,"halation:KoshaPiece":10,"Ginger":4,"Mirror":4,"Empty Cage":8,"Ancient Tea Set":11,"Burning Blood":0},{"halation:IllGainedPizza":53,"halation:KoshaPiece":48,"Ginger":17,"Mirror":17,"Empty Cage":39,"Ancient Tea Set":53,"Burning Blood":0}],"Burning Blood":56},"card_choices":[{"not_picked":["Clothesline","Replay:Undeath\u0027s Touch"],"picked":"Inflame","floor":1},{"not_picked":["Blood for Blood","Evolve"],"picked":"Rupture","floor":4},{"not_picked":["Dark Embrace","Sentinel"],"picked":"ReplayTheSpireMod:Muscle Training","floor":5},{"not_picked":["Perfected Strike","Clash"],"picked":"Flex","floor":9},{"not_picked":["Iron Wave","Dark Embrace"],"picked":"Twin Strike","floor":12},{"not_picked":["Whirlwind","Burning Pact"],"picked":"Rampage","floor":14},{"not_picked":["ReplayTheSpireMod:Strike From Hell","ReplayTheSpireMod:Stacked"],"picked":"Pommel Strike","floor":16},{"not_picked":["Fiend Fire","Impervious"],"picked":"Limit Break","floor":18},{"not_picked":["ReplayTheSpireMod:Stacked+1","Metallicize+1"],"picked":"Cleave+1","floor":20},{"not_picked":["Flex+1","ReplayTheSpireMod:Strike From Hell"],"picked":"ReplayTheSpireMod:Muscle Training+1","floor":21},{"not_picked":["Flex","Massacre+1"],"picked":"Headbutt+1","floor":26}],"player_experience":163282,"relics_obtained":[{"floor":11,"key":"Mirror"},{"floor":26,"key":"halation:IllGainedPizza"},{"floor":28,"key":"Ancient Tea Set"}],"event_choices":[{"damage_healed":0,"gold_gain":0,"player_choice":"Grow","damage_taken":0,"max_hp_gain":0,"max_hp_loss":0,"event_name":"Living Wall","floor":2,"gold_loss":0,"cards_upgraded":["Inflame"]},{"damage_healed":0,"gold_gain":175,"player_choice":"AGREE","damage_taken":211,"max_hp_gain":0,"max_hp_loss":0,"event_name":"betterThird:BetterSerpent","floor":3,"gold_loss":0},{"damage_healed":0,"gold_gain":0,"player_choice":"Left","damage_taken":0,"max_hp_gain":0,"max_hp_loss":0,"event_name":"betterThird:BetterGoop","floor":13,"gold_loss":17},{"damage_healed":0,"gold_gain":0,"player_choice":"Upgraded","damage_taken":0,"max_hp_gain":0,"max_hp_loss":0,"event_name":"Upgrade Shrine","floor":22,"gold_loss":0,"cards_upgraded":["Limit Break"]},{"damage_healed":0,"gold_gain":0,"player_choice":"Ignored","damage_taken":0,"max_hp_gain":0,"max_hp_loss":0,"event_name":"betterNote:BetterNote","floor":24,"gold_loss":0,"cards_obtained":["Perfected Strike"]}],"is_beta":false,"boss_relics":[{"not_picked":["halation:SmartPhone","halation:PlatinumPhoenix"],"picked":"Empty Cage"}],"items_purged_floors":[10],"is_endless":false,"potions_floor_spawned":[4,9,14,18,21],"killed_by":"Centurion and Healer","ascension_level":0}}