{"host":"jpzdg3po3tjxdjri","time":1613828615,"event":{"mods":["BaseMod","Better Third Choice","Colored Map","Colored Powertips","Minty Spire (QoL Compilation)","StSLib"],"gold_per_floor":[115,40,40,40,54,93,93,127,151,176,188,240,252,264,276,416,428,456,468,395,23,23,59,79,79,79,79,97,97,132,145,145,145,145],"floor_reached":33,"language":"ENG","playtime":984,"items_purged":["Strike_G"],"score":314,"play_id":"1d0285ad-f357-4ed7-8b82-808af3087796","local_time":"20210220134335","is_ascension_mode":true,"campfire_choices":[{"floor":7,"key":"REST"},{"floor":11,"key":"REST"},{"floor":15,"key":"REST"},{"data":"Envenom","floor":25,"key":"SMITH"},{"floor":27,"key":"RECALL"},{"data":"Blade Dance","floor":29,"key":"SMITH"},{"data":"Cloak And Dagger","floor":32,"key":"SMITH"}],"circlet_count":0,"master_deck":["Strike_G","Strike_G","Strike_G","Strike_G","Defend_G","Defend_G","Defend_G","Defend_G","Defend_G+1","Survivor","Neutralize+1","Underhanded Strike","Deadly Poison","Dagger Throw","Dagger Throw","Dagger Throw","Blade Dance","Noxious Fumes","Blade Dance+1","Envenom+1","Blade Dance+1","Poisoned Stab","Prepared","A Thousand Cuts","Injury","PiercingWail","Malaise","Cloak And Dagger+1"],"relics":["Ring of the Snake","Blood Vial","Golden Idol","Art of War","Darkstone Periapt","MawBank","Gambling Chip","Ancient Tea Set","Cursed Key","Ninja Scroll","Shuriken","Potion Belt","Smiling Mask","StoneCalendar"],"acts_visited":["Exordium","TheCity"],"potions_floor_usage":[8,33],"damage_taken":[{"damage":1,"enemies":"2 Louse","floor":1,"turns":3},{"damage":3,"enemies":"Jaw Worm","floor":5,"turns":2},{"damage":25,"enemies":"3 Sentries","floor":6,"turns":11},{"damage":10,"enemies":"Gremlin Nob","floor":8,"turns":3},{"damage":0,"enemies":"Small Slimes","floor":10,"turns":3},{"damage":12,"enemies":"Lagavulin","floor":12,"turns":8},{"damage":33,"enemies":"The Guardian","floor":16,"turns":9},{"damage":24,"enemies":"Chosen","floor":18,"turns":5},{"damage":18,"enemies":"Gremlin Leader","floor":23,"turns":4},{"damage":0,"enemies":"3 Byrds","floor":24,"turns":3},{"damage":0,"enemies":"Snecko","floor":28,"turns":2},{"damage":8,"enemies":"Slavers","floor":30,"turns":3},{"damage":0,"enemies":"Snake Plant","floor":31,"turns":4},{"damage":67,"enemies":"Automaton","floor":33,"turns":6}],"seed_played":"2438457614122913025","potions_obtained":[{"floor":6,"key":"CunningPotion"},{"floor":12,"key":"SpeedPotion"},{"floor":23,"key":"FearPotion"},{"floor":24,"key":"Block Potion"},{"floor":30,"key":"BlessingOfTheForge"}],"is_trial":false,"path_per_floor":["M","$","?","?","M","E","R","E","T","M","R","E","?","$","R","B",null,"M","?","?","$","?","E","M","R","T","R","M","R","E","M","R","B"],"character_chosen":"THE_SILENT","items_purchased":["Deadly Poison","Dagger Throw","Shuriken","Poisoned Stab"],"campfire_rested":3,"item_purchase_floors":[2,2,21,21],"current_hp_per_floor":[69,69,55,38,37,14,35,27,27,29,50,40,15,15,36,5,70,46,46,46,46,69,52,54,54,60,60,62,62,56,58,58,0,0],"gold":145,"neow_bonus":"RANDOM_COMMON_RELIC","is_daily":false,"chose_seed":false,"campfire_upgraded":3,"win_rate":0.0,"timestamp":1613828615,"path_taken":["M","$","?","?","M","E","R","E","T","M","R","E","?","$","R","BOSS","M","?","?","$","?","E","M","R","T","R","?","R","E","M","R","BOSS"],"items_purchased_type":["Card","Card","Relic","Card"],"build_version":"2020-12-22","purchased_purges":1,"victory":false,"max_hp_per_floor":[70,70,70,70,70,70,70,70,70,70,70,70,70,70,70,70,70,70,70,70,70,70,70,70,70,76,76,76,76,76,76,76,76,76],"card_choices":[{"not_picked":["Backflip","Eviscerate"],"picked":"Underhanded Strike","floor":1},{"not_picked":["Heel Hook","Acrobatics"],"picked":"Dagger Throw","floor":5},{"not_picked":["Wraith Form v2","Outmaneuver"],"picked":"Dagger Throw","floor":6},{"not_picked":["PiercingWail","Underhanded Strike"],"picked":"Blade Dance","floor":8},{"not_picked":["All Out Attack","Deadly Poison"],"picked":"Noxious Fumes","floor":10},{"not_picked":["Quick Slash","Calculated Gamble"],"picked":"Blade Dance","floor":12},{"not_picked":["Bullet Time","Die Die Die"],"picked":"Envenom","floor":16},{"not_picked":["Outmaneuver+1","Backflip"],"picked":"Blade Dance+1","floor":18},{"not_picked":["Bane","Quick Slash+1"],"picked":"Prepared","floor":23},{"not_picked":["Bane+1","Infinite Blades"],"picked":"A Thousand Cuts","floor":24},{"not_picked":["Accuracy","Dagger Spray+1"],"picked":"PiercingWail","floor":28},{"not_picked":["Bane+1","Sucker Punch"],"picked":"Malaise","floor":30},{"not_picked":["Deadly Poison","Noxious Fumes"],"picked":"Cloak And Dagger","floor":31}],"player_experience":921048,"relics_obtained":[{"floor":6,"key":"Art of War"},{"floor":8,"key":"Darkstone Periapt"},{"floor":9,"key":"MawBank"},{"floor":12,"key":"Gambling Chip"},{"floor":23,"key":"Potion Belt"},{"floor":26,"key":"Smiling Mask"},{"floor":30,"key":"StoneCalendar"}],"event_choices":[{"damage_healed":69,"gold_gain":0,"player_choice":"Upgrade","damage_taken":14,"max_hp_gain":0,"max_hp_loss":70,"event_name":"betterThird:BetterShining","floor":3,"gold_loss":0,"cards_upgraded":["Defend_G","Neutralize"]},{"damage_healed":0,"gold_gain":0,"player_choice":"Take Damage","damage_taken":17,"relics_obtained":["Golden Idol"],"max_hp_gain":0,"max_hp_loss":0,"event_name":"Golden Idol","floor":4,"gold_loss":0},{"damage_healed":0,"gold_gain":0,"player_choice":"Relic ","damage_taken":25,"max_hp_gain":0,"max_hp_loss":0,"event_name":"betterThird:BetterScrap","floor":13,"gold_loss":0,"cards_obtained":["Entrench"]},{"damage_healed":0,"gold_gain":0,"player_choice":"Ignored","damage_taken":0,"max_hp_gain":0,"max_hp_loss":0,"event_name":"Ghosts","floor":19,"gold_loss":0},{"damage_healed":0,"gold_gain":0,"player_choice":"Obtained Relic","damage_taken":0,"relics_obtained":["Ninja Scroll"],"max_hp_gain":0,"max_hp_loss":0,"event_name":"Addict","floor":20,"gold_loss":85},{"damage_healed":23,"gold_gain":0,"player_choice":"Heal","damage_taken":0,"max_hp_gain":0,"max_hp_loss":0,"event_name":"The Library","floor":22,"gold_loss":0}],"is_beta":false,"boss_relics":[{"not_picked":["Runic Dome","Fusion Hammer"],"picked":"Cursed Key"}],"items_purged_floors":[21],"is_endless":false,"potions_floor_spawned":[6,12,23,24,30],"killed_by":"Automaton","ascension_level":1}}