{"host":"iovigr651ajk16h5","time":1613865088,"event":{"mods":["2.2 Compatiblity","AchievementEnabler","Aspiration","BaseMod","Better Altar","Better Match","Better Note","Better Sensory Stone","Better Skull","Better Third Choice","Block Reminder","CapriCore","Colored Map","Ekko","Energized Spire","GifTheSpireLib","GungeonMod","Halation","Hermit","Highlight Path","Hubris","Infinite Spire","Koishi","Luminous","Marisa????????","Minty Spire (QoL Compilation)","Nova Terra(??·??)","Onozuka Komachi Mod","Permanent Neow","Prisma Mod","Quick Restart","Railgun Mod","Remilia??????","Replay The Spire","StSLib","Stuff the Spire","Td1madao Mod","The Administrix","The Bladedancer","The Bug Knight","The Construct","The Exalted","The Immortal","The Marked","The Problem Sleuth","The Servant 0.9.4","TheFirefly","TheSwordswoman","Trackpad","Waifu the Spire","WarShipGirlsR/????R mod","everything is the same but u backflip on backflip"],"gold_per_floor":[114,114,126,3,17,42,42,22,22,39,57,57,17,17,17,120,170,188,388,135,155,155,185,185,202,202,202,216,216,216,228,228,323,323,335,347,347,247,264,264,264,23,23,50,50,70,70,85,85,85,85,85,85,118,118],"floor_reached":56,"language":"ENG","playtime":3060,"items_purged":["blademaster:Defend","blademaster:Strike"],"score":1245,"play_id":"cf0329e2-2dd5-40a8-a2b8-3d237eea5bcd","local_time":"20210220185128","is_ascension_mode":false,"campfire_choices":[{"floor":7.0,"key":"REST"},{"data":"blademaster:Havoc","floor":12.0,"key":"SMITH"},{"floor":15.0,"key":"RECALL"},{"data":"blademaster:Havoc","floor":24,"key":"SMITH"},{"floor":32,"key":"REST"},{"floor":41,"key":"REST"},{"data":"blademaster:Havoc","floor":49,"key":"SMITH"},{"data":"blademaster:Blockade","floor":52,"key":"SMITH"}],"circlet_count":0,"master_deck":["blademaster:Strike","blademaster:Strike","blademaster:Defend","blademaster:Defend","blademaster:Defend","blademaster:RagingBlow","blademaster:HighVoltage","blademaster:Safeguard","blademaster:Gust","blademaster:Flurry+1","blademaster:Flurry+1","blademaster:Meditate","blademaster:Havoc+1","blademaster:AirSlash","blademaster:Empower","blademaster:Havoc+1","blademaster:Havoc+1","blademaster:ThreePointStrike","blademaster:Blockade+1","blademaster:AwakeningStrike+1","blademaster:Empower","blademaster:DragonStrike","blademaster:RagingBlow","Replay:Fractal Strike","blademaster:Flurry+1","blademaster:Safeguard","blademaster:BrainBloom+1"],"relics":["blademaster:DancersAmulet","aspiration:Nostalgia","PrismaMod:PrismaRuby","Incense Burner","hubris:MysteriousPyramids","hubris:OldNail","Tiny House","Nunchaku","Replay:Bottled Eggs","aspiration:RitualStick","Sozu","Bottled Lightning","StuffTheSpire:CocoNut","infinitespire:Satchel","Bromod:ArcaneGrace","DemoMod:GlassGuonStoneRelic","Chameleon Ring"],"acts_visited":["Exordium","TheCity","TheBeyond","TheEnding"],"potions_floor_usage":[31],"damage_taken":[{"damage":0.0,"enemies":"Small Slimes","floor":1.0,"turns":4.0},{"damage":0.0,"enemies":"Cultist","floor":3.0,"turns":5.0},{"damage":0.0,"enemies":"2 Louse","floor":5.0,"turns":3.0},{"damage":37.0,"enemies":"Gremlin Nob","floor":6.0,"turns":4.0},{"damage":2.0,"enemies":"Exordium Thugs","floor":10.0,"turns":3.0},{"damage":0.0,"enemies":"2 Fungi Beasts","floor":11.0,"turns":3.0},{"damage":15.0,"enemies":"Fading Forest","floor":16.0,"turns":11.0},{"damage":0.0,"enemies":"Spheric Guardian","floor":18.0,"turns":2.0},{"damage":0.0,"enemies":"Chosen","floor":21.0,"turns":3.0},{"damage":2,"enemies":"Book of Stabbing","floor":23,"turns":3},{"damage":0,"enemies":"Shelled Parasite and Fungi","floor":25,"turns":2},{"damage":3,"enemies":"Sentry and Sphere","floor":28,"turns":4},{"damage":12,"enemies":"Centurion and Healer","floor":31,"turns":3},{"damage":19,"enemies":"hubris:MusketHawk","floor":33,"turns":5},{"damage":3,"enemies":"3 Shapes","floor":35,"turns":2},{"damage":0,"enemies":"3 Darklings","floor":36,"turns":2},{"damage":4,"enemies":"4 Shapes","floor":39,"turns":2},{"damage":0,"enemies":"Giant Head","floor":44,"turns":3},{"damage":0,"enemies":"Maw","floor":46,"turns":2},{"damage":0,"enemies":"Jaw Worm Horde","floor":48,"turns":2},{"damage":18,"enemies":"infinitespire:MassOfShapes","floor":50,"turns":4},{"damage":12,"enemies":"Shield and Spear","floor":54,"turns":2},{"damage":1,"enemies":"The Heart","floor":55,"turns":4}],"seed_played":"-6499547828151265087","potions_obtained":[{"floor":1.0,"key":"SneckoOil"},{"floor":5.0,"key":"Swift Potion"},{"floor":10.0,"key":"LifebloodPotion"},{"floor":11.0,"key":"Adrenaline Potion"},{"floor":16.0,"key":"Block Potion"},{"floor":17.0,"key":"Cursed Concoction"},{"floor":21.0,"key":"Explosive Potion"}],"is_trial":false,"path_per_floor":["M","?","M","$","M","E","R","?","T","M","M","R","$","T","R","B",null,"M","?","$","M","AVR","E","R","M","T","?","M","?","?","M","R","B",null,"M","M","?","NS","M","?","R","$","T","E","$","M","AVR","M","R","B",null,"R","$","E","B",null],"character_chosen":"THE_BLADEMASTER","items_purchased":["blademaster:Flurry","blademaster:Havoc","Nunchaku","Bottled Lightning"],"campfire_rested":3,"item_purchase_floors":[4,13,20,42],"current_hp_per_floor":[75,75,75,75,75,43,65,65,65,69,75,75,75,75,75,66,80,80,80,80,80,80,80,80,80,80,80,80,80,64,58,80,78,80,80,80,80,80,80,61,80,80,87,87,87,87,87,87,87,86,87,87,87,81,87],"gold":118,"neow_bonus":"NOSTALGIA","is_daily":false,"chose_seed":false,"campfire_upgraded":4,"win_rate":0.0,"timestamp":1613865088,"path_taken":["M","?","?","$","M","E","R","?","T","?","M","R","$","?","R","BOSS","M","?","$","M","AVR","E","R","?","T","?","?","?","?","M","R","BOSS","M","M","?","NS","?","?","R","$","T","E","?","?","AVR","M","R","BOSS","R","$","E","BOSS"],"items_purchased_type":["Card","Card","Relic","Relic"],"build_version":"2020-12-22","purchased_purges":2,"victory":true,"max_hp_per_floor":[75,75,75,75,75,75,75,75,75,75,75,75,75,75,75,75,80,80,80,80,80,80,80,80,80,80,80,80,80,80,80,80,80,80,80,80,80,80,80,80,80,80,87,87,87,87,87,87,87,87,87,87,87,87,87],"card_choices":[{"not_picked":["blademaster:Thrust","blademaster:BladeCross"],"picked":"blademaster:Safeguard","floor":1.0},{"not_picked":["blademaster:Discharge","blademaster:DragonStrike"],"picked":"blademaster:Flurry","floor":3.0},{"not_picked":["blademaster:WindSlash","blademaster:AspectOfLightning"],"picked":"blademaster:Meditate","floor":5.0},{"not_picked":["blademaster:BrainBloom","blademaster:DragonStrike"],"picked":"blademaster:Havoc","floor":6.0},{"not_picked":[],"picked":"blademaster:AirSlash","floor":8.0},{"not_picked":[],"picked":"blademaster:Empower","floor":8.0},{"not_picked":["blademaster:ThunderSlash","blademaster:Rupture"],"picked":"blademaster:Havoc","floor":10.0},{"not_picked":["blademaster:AspectOfWind","blademaster:DancingEdge"],"picked":"blademaster:Sunder","floor":11.0},{"not_picked":["blademaster:FuryOfTheElements","blademaster:ColdBlood"],"picked":"blademaster:ThreePointStrike","floor":16.0},{"not_picked":["blademaster:DeadlyDance","blademaster:Cut"],"picked":"blademaster:Blockade","floor":17.0},{"not_picked":["blademaster:Bloodbath","blademaster:Blockade"],"picked":"blademaster:AwakeningStrike+1","floor":18.0},{"not_picked":["blademaster:Slice","blademaster:AspectOfWind"],"picked":"blademaster:Empower","floor":21.0},{"not_picked":["blademaster:AspectOfWind","blademaster:Breeze","blademaster:Quickstep+1"],"picked":"SKIP","floor":23},{"not_picked":["blademaster:ThunderSlash","blademaster:Blockade+1"],"picked":"blademaster:BladeCross+1","floor":25},{"not_picked":["blademaster:AspectOfWind","blademaster:Reversal+1","blademaster:Slice"],"picked":"SKIP","floor":28},{"not_picked":["blademaster:DeadlyDance","blademaster:Frontflip"],"picked":"blademaster:DragonStrike","floor":31},{"not_picked":["blademaster:ColdBlood","blademaster:CloudOfSteel"],"picked":"blademaster:RagingBlow","floor":33},{"not_picked":["blademaster:OneTrickPony+1","blademaster:Reversal","blademaster:Sunder+1"],"picked":"SKIP","floor":35},{"not_picked":["blademaster:Cut+1","blademaster:EyeOfTheTornado","blademaster:LeechingStrike+1"],"picked":"SKIP","floor":36},{"not_picked":["blademaster:KiBarrier","blademaster:Slice+1","blademaster:Stability"],"picked":"SKIP","floor":39},{"not_picked":["ReplayTheSpireMod:??????????????????????","ReplayTheSpireMod:Chaos Vortex"],"picked":"Replay:Fractal Strike","floor":40},{"not_picked":["blademaster:LeechingStrike+1","blademaster:Thrust","blademaster:Breeze"],"picked":"SKIP","floor":44},{"not_picked":["blademaster:Frontflip","blademaster:Stormstrike"],"picked":"blademaster:Flurry+1","floor":46},{"not_picked":["blademaster:Quickstep+1","blademaster:Stability"],"picked":"blademaster:Safeguard","floor":48},{"not_picked":["blademaster:Quickstep+1","blademaster:DancingEdge+1"],"picked":"blademaster:BrainBloom+1","floor":54}],"player_experience":404286,"relics_obtained":[{"floor":6.0,"key":"Incense Burner"},{"floor":6.0,"key":"blademaster:StanceHealPerk"},{"floor":9.0,"key":"hubris:MysteriousPyramids"},{"floor":14.0,"key":"hubris:OldNail"},{"floor":23,"key":"Replay:Bottled Eggs"},{"floor":23,"key":"blademaster:RandomBladePerk"},{"floor":43,"key":"StuffTheSpire:CocoNut"},{"floor":44,"key":"infinitespire:Satchel"},{"floor":44,"key":"blademaster:BonusFuryPerk"},{"floor":54,"key":"Chameleon Ring"},{"floor":54,"key":"blademaster:WindChargePerk"}],"event_choices":[{"damage_healed":0.0,"max_hp_gain":0.0,"max_hp_loss":0.0,"gold_gain":0.0,"cards_transformed":["blademaster:Strike"],"event_name":"Transmorgrifier","player_choice":"Transformed","floor":2.0,"gold_loss":0.0,"damage_taken":0.0,"cards_obtained":["blademaster:Gust"]},{"damage_healed":0.0,"max_hp_gain":0.0,"max_hp_loss":0.0,"gold_gain":250.0,"event_name":"The Joust","player_choice":"Bet on Owner","floor":19.0,"gold_loss":50.0,"damage_taken":0.0},{"damage_healed":0,"gold_gain":0,"player_choice":"Ignored","damage_taken":0,"max_hp_gain":0,"max_hp_loss":0,"event_name":"betterNote:BetterNote","floor":27,"gold_loss":0,"cards_obtained":["UpSweep"]},{"damage_healed":0,"gold_gain":0,"player_choice":"Ignored","damage_taken":0,"max_hp_gain":0,"max_hp_loss":0,"event_name":"Vampires","floor":29,"gold_loss":0}],"is_beta":false,"boss_relics":[{"not_picked":["halation:PlatinumPhoenix","ChewingGum"],"picked":"Tiny House"},{"not_picked":["Replay:Drink Me","energizedSpire:SpiderWeb"],"picked":"Sozu"}],"items_purged_floors":[4,20],"is_endless":false,"potions_floor_spawned":[1,5,10,11,16,21,23,28,35,36,39,46],"ascension_level":0}}