{"host":"d744ndivyohnro60","time":1613789238,"event":{"mods":["BaseMod","Bestiary","Colored Powertips","Minty Spire (QoL Compilation)","Relic Stats"],"gold_per_floor":[112,187,202,34,34,34,47,76,76,76,86,86,86,98,98,199,199,212,225,240,88,88,123,139,139,139,139,149,149,182,199,199,296,296,312,312,22,34,45,45,45],"floor_reached":40,"language":"ENG","playtime":1798,"items_purged":["Strike_B"],"score":599,"play_id":"f8c8357f-3471-4ca0-ba83-78d2dc7bc99d","local_time":"20210219214718","is_ascension_mode":true,"campfire_choices":[{"floor":6,"key":"REST"},{"floor":10,"key":"REST"},{"data":"Cold Snap","floor":13,"key":"SMITH"},{"data":"Blizzard","floor":15,"key":"SMITH"},{"floor":25,"key":"REST"},{"floor":29,"key":"REST"},{"floor":32,"key":"REST"}],"circlet_count":0,"master_deck":["Strike_B","Strike_B","Defend_B","Defend_B","Zap","Dualcast","Cold Snap+1","Cold Snap","Bandage Up","Blizzard+1","Blizzard+1","Melter+1","Conserve Battery","Electrodynamics","Ball Lightning","Skim+1","Capacitor","Barrage","Ball Lightning+1","Beam Cell","Recycle","Consume","Tempest","BootSequence","Reboot","Barrage+1","Compile Driver+1","Sunder+1"],"relics":["Runic Pyramid","Incense Burner","Eternal Feather","NlothsMask","Nuclear Battery","Lee\u0027s Waffle","Whetstone","Akabeko","Sozu","Emotion Chip"],"acts_visited":["Exordium","TheCity","TheBeyond"],"potions_floor_usage":[15,16,20,23,30,33,35],"damage_taken":[{"damage":7,"enemies":"Small Slimes","floor":1,"turns":4},{"damage":0,"enemies":"2 Louse","floor":3,"turns":2},{"damage":6,"enemies":"Cultist","floor":7,"turns":4},{"damage":47,"enemies":"Gremlin Nob","floor":8,"turns":6},{"damage":1,"enemies":"2 Fungi Beasts","floor":11,"turns":4},{"damage":11,"enemies":"Large Slime","floor":14,"turns":6},{"damage":22,"enemies":"Hexaghost","floor":16,"turns":10},{"damage":8,"enemies":"Chosen","floor":18,"turns":4},{"damage":13,"enemies":"3 Byrds","floor":19,"turns":3},{"damage":14,"enemies":"Snake Plant","floor":20,"turns":5},{"damage":50,"enemies":"Gremlin Leader","floor":23,"turns":6},{"damage":24,"enemies":"3 Cultists","floor":24,"turns":5},{"damage":32,"enemies":"Shelled Parasite and Fungi","floor":28,"turns":4},{"damage":19,"enemies":"Slavers","floor":30,"turns":3},{"damage":29,"enemies":"Centurion and Healer","floor":31,"turns":5},{"damage":55,"enemies":"Collector","floor":33,"turns":8},{"damage":1,"enemies":"Orb Walker","floor":35,"turns":2},{"damage":16,"enemies":"3 Shapes","floor":38,"turns":4},{"damage":26,"enemies":"3 Darklings","floor":39,"turns":4},{"damage":68,"enemies":"Giant Head","floor":40,"turns":7}],"seed_played":"-5226747868701808885","potions_obtained":[{"floor":3,"key":"Dexterity Potion"},{"floor":14,"key":"Fruit Juice"},{"floor":16,"key":"LiquidMemories"},{"floor":18,"key":"FearPotion"},{"floor":20,"key":"DistilledChaos"},{"floor":24,"key":"FocusPotion"},{"floor":28,"key":"GamblersBrew"}],"is_trial":false,"path_per_floor":["M","?","M","$","?","R","M","E","T","R","M","?","R","M","R","B",null,"M","M","M","$","?","E","M","R","T","?","M","R","E","M","R","B",null,"M","?","$","M","M","E"],"character_chosen":"DEFECT","items_purchased":["Bandage Up","Lee\u0027s Waffle","Emotion Chip"],"campfire_rested":5,"item_purchase_floors":[4,21,37],"current_hp_per_floor":[61,50,50,50,43,65,63,20,20,48,51,51,57,50,64,46,72,68,59,49,87,87,37,17,55,55,55,27,65,50,25,63,12,68,67,67,67,55,33,0,0],"gold":45,"neow_bonus":"BOSS_RELIC","is_daily":false,"chose_seed":false,"campfire_upgraded":2,"win_rate":0.0,"timestamp":1613789238,"path_taken":["M","?","M","$","?","R","M","E","T","R","M","?","R","?","R","BOSS","M","M","M","$","?","E","M","R","T","?","M","R","E","M","R","BOSS","M","?","$","M","M","E"],"items_purchased_type":["Card","Relic","Relic"],"build_version":"2020-12-22","purchased_purges":1,"victory":false,"max_hp_per_floor":[75,75,75,75,75,75,75,75,75,75,75,75,75,75,80,80,80,80,80,80,87,87,87,87,87,87,87,87,87,87,87,87,87,87,87,87,87,87,87,87,87],"relic_stats":{"Sozu":1,"Lee\u0027s Waffle":38,"Emotion Chip":[12,9,2,0,1],"counters":[20,96],"Eternal Feather":57,"Whetstone":["Blizzard","Melter"],"obtain_stats":[{"Sozu":34,"Lee\u0027s Waffle":21,"Emotion Chip":37,"Eternal Feather":9,"Incense Burner":8,"Whetstone":23,"Cracked Core":0,"Akabeko":30,"Runic Pyramid":0,"NlothsMask":12,"Nuclear Battery":17},{"Sozu":16,"Lee\u0027s Waffle":10,"Emotion Chip":17,"Eternal Feather":4,"Incense Burner":4,"Whetstone":11,"Cracked Core":0,"Akabeko":14,"Runic Pyramid":0,"NlothsMask":5,"Nuclear Battery":7},{"Sozu":79,"Lee\u0027s Waffle":48,"Emotion Chip":81,"Eternal Feather":16,"Incense Burner":16,"Whetstone":54,"Cracked Core":0,"Akabeko":66,"Runic Pyramid":0,"NlothsMask":20,"Nuclear Battery":36}]},"card_choices":[{"not_picked":["Ball Lightning","Storm"],"picked":"Cold Snap","floor":1},{"not_picked":["Skim","Ball Lightning"],"picked":"Cold Snap","floor":3},{"not_picked":["Rebound","Compile Driver"],"picked":"Blizzard","floor":7},{"not_picked":["Leap","Rebound"],"picked":"Blizzard","floor":8},{"not_picked":["Steam Power","Leap"],"picked":"Melter","floor":11},{"not_picked":["Barrage","Turbo"],"picked":"Conserve Battery","floor":14},{"not_picked":["Machine Learning","Fission"],"picked":"Electrodynamics","floor":16},{"not_picked":["Hologram","Steam+1"],"picked":"Ball Lightning","floor":18},{"not_picked":["Glacier","Hologram"],"picked":"Skim+1","floor":19},{"not_picked":["Redo","Sweeping Beam","Leap"],"picked":"SKIP","floor":20},{"not_picked":["Go for the Eyes","Sweeping Beam"],"picked":"Barrage","floor":23},{"not_picked":["Compile Driver","Scrape+1"],"picked":"Ball Lightning+1","floor":24},{"not_picked":["FTL","Go for the Eyes"],"picked":"Consume","floor":28},{"not_picked":["Heatsinks","Melter+1"],"picked":"Tempest","floor":30},{"not_picked":["Doom and Gloom","Machine Learning"],"picked":"BootSequence","floor":31},{"not_picked":["Electrodynamics","Buffer"],"picked":"Reboot","floor":33},{"not_picked":["Recycle","Go for the Eyes+1"],"picked":"Barrage+1","floor":35},{"not_picked":["Go for the Eyes+1","Stack"],"picked":"Compile Driver+1","floor":38},{"not_picked":["Compile Driver","Sweeping Beam"],"picked":"Sunder+1","floor":39}],"player_experience":261304,"relics_obtained":[{"floor":8,"key":"Incense Burner"},{"floor":9,"key":"Eternal Feather"},{"floor":23,"key":"Whetstone"},{"floor":30,"key":"Akabeko"}],"event_choices":[{"damage_healed":0,"gold_gain":75,"player_choice":"Gather Gold","damage_taken":11,"max_hp_gain":0,"max_hp_loss":0,"event_name":"World of Goop","floor":2,"gold_loss":0},{"cards_removed":["Strike_B"],"damage_healed":0,"gold_gain":0,"player_choice":"Card Removal","damage_taken":7,"max_hp_gain":0,"max_hp_loss":0,"event_name":"Golden Wing","floor":5,"gold_loss":0},{"damage_healed":0,"gold_gain":0,"player_choice":"Trade","damage_taken":0,"relics_obtained":["NlothsMask"],"max_hp_gain":0,"max_hp_loss":0,"event_name":"FaceTrader","floor":12,"gold_loss":0},{"damage_healed":0,"gold_gain":0,"player_choice":"Read","damage_taken":0,"max_hp_gain":0,"max_hp_loss":0,"event_name":"The Library","floor":22,"gold_loss":0,"cards_obtained":["Capacitor"]},{"damage_healed":0,"gold_gain":0,"cards_transformed":["Defend_B","Defend_B"],"player_choice":"Became Test Subject","damage_taken":0,"max_hp_gain":0,"max_hp_loss":0,"event_name":"Drug Dealer","floor":27,"gold_loss":0,"cards_obtained":["Beam Cell","Recycle"]},{"damage_healed":0,"gold_gain":0,"player_choice":"Ignored","damage_taken":0,"max_hp_gain":0,"max_hp_loss":0,"event_name":"Tomb of Lord Red Mask","floor":36,"gold_loss":0}],"is_beta":false,"boss_relics":[{"not_picked":["Empty Cage","Tiny House"],"picked":"Nuclear Battery"},{"not_picked":["Snecko Eye","Coffee Dripper"],"picked":"Sozu"}],"items_purged_floors":[4],"is_endless":false,"potions_floor_spawned":[3,14,16,18,20,24,28,39],"killed_by":"Giant Head","ascension_level":8}}