{"host":"Oniwa","time":1613825608,"event":{"mods":["BaseMod","Colored Map","Colored Powertips","Minty Spire (QoL Compilation)","Relic Stats","SpireBot","StSLib","Twitch Utils","ojb\u0027s Better Paths Mod","ojb\u0027s Info Mod"],"gold_per_floor":[110,129,129,145,145,145,197,221,245,270,300,349,374,417,417,520,520,548,548,557,10,48,48,80,130,130,157,282,282,326,354,354,453,453,477,495,495,248,286,334,361,381,381,419,439,99,147,175,175,175,175,175,175,27,71,71],"floor_reached":57,"language":"JPN","playtime":5657,"items_purged":["Normality","Strike_P","Strike_P"],"score":3173,"play_id":"6ee77746-65a6-42ed-84d7-9bef61cc501f","local_time":"20210220215328","is_ascension_mode":true,"campfire_choices":[{"floor":6,"key":"REST"},{"floor":15,"key":"REST"},{"floor":23,"key":"REST"},{"floor":29,"key":"REST"},{"floor":32,"key":"RECALL"},{"floor":49,"key":"REST"},{"floor":53,"key":"REST"}],"circlet_count":0,"master_deck":["AscendersBane","Strike_P+1","Strike_P+1","Defend_P","Defend_P","Defend_P","Defend_P","Eruption+1","Vigilance","TalkToTheHand+1","ReachHeaven","Wallop+1","Protect","CutThroughFate","EmptyBody","Fasting2","WheelKick+1","Blasphemy","Halt","FearNoEvil","WaveOfTheHand","MentalFortress+1","EmptyMind+1","MentalFortress","ClearTheMind+1","WheelKick","Ghostly","Ghostly","Ghostly","Collect+1","DeusExMachina+1","SpiritShield","Finesse","Flash of Steel+1","Wireheading","Conclude","LessonLearned+1","EmptyMind","Weave+1","FlurryOfBlows+1","Vault","FlurryOfBlows+1","Crescendo","CutThroughFate+1","TalkToTheHand","Ghostly"],"relics":["Fusion Hammer","Golden Idol","CeramicFish","Orichalcum","Oddly Smooth Stone","Shuriken","Ancient Tea Set","Cursed Key","Enchiridion","Prayer Wheel","Omamori","Frozen Eye","Whetstone","Bird Faced Urn","Darkstone Periapt","Strawberry","Runic Pyramid","Pen Nib","Ice Cream","Strange Spoon","Letter Opener","DollysMirror","Bottled Flame"],"acts_visited":["Exordium","TheCity","TheBeyond","TheEnding"],"potions_floor_usage":[25,33,39,56],"damage_taken":[{"damage":2,"enemies":"Jaw Worm","floor":1,"turns":4},{"damage":0,"enemies":"Cultist","floor":2,"turns":3},{"damage":5,"enemies":"Small Slimes","floor":4,"turns":4},{"damage":16,"enemies":"Lagavulin","floor":7,"turns":6},{"damage":5,"enemies":"Exordium Thugs","floor":10,"turns":3},{"damage":0,"enemies":"Large Slime","floor":11,"turns":6},{"damage":4,"enemies":"3 Sentries","floor":12,"turns":4},{"damage":2,"enemies":"Exordium Wildlife","floor":13,"turns":3},{"damage":12,"enemies":"Lagavulin","floor":14,"turns":8},{"damage":16,"enemies":"Hexaghost","floor":16,"turns":10},{"damage":0,"enemies":"Spheric Guardian","floor":18,"turns":1},{"damage":7,"enemies":"Shell Parasite","floor":22,"turns":4},{"damage":0,"enemies":"Centurion and Healer","floor":24,"turns":4},{"damage":28,"enemies":"Book of Stabbing","floor":25,"turns":5},{"damage":3,"enemies":"Colosseum Slavers","floor":28,"turns":4},{"damage":1,"enemies":"Colosseum Nobs","floor":28,"turns":3},{"damage":0,"enemies":"Gremlin Leader","floor":30,"turns":3},{"damage":0,"enemies":"Snake Plant","floor":31,"turns":4},{"damage":0,"enemies":"Collector","floor":33,"turns":8},{"damage":0,"enemies":"Orb Walker","floor":35,"turns":4},{"damage":20,"enemies":"3 Darklings","floor":39,"turns":3},{"damage":0,"enemies":"Nemesis","floor":40,"turns":5},{"damage":1,"enemies":"4 Shapes","floor":41,"turns":4},{"damage":0,"enemies":"Sphere and 2 Shapes","floor":42,"turns":4},{"damage":0,"enemies":"Transient","floor":44,"turns":6},{"damage":0,"enemies":"Spire Growth","floor":45,"turns":4},{"damage":0,"enemies":"Giant Head","floor":47,"turns":5},{"damage":0,"enemies":"Sphere and 2 Shapes","floor":48,"turns":5},{"damage":0,"enemies":"Donu and Deca","floor":50,"turns":7},{"damage":27,"enemies":"Time Eater","floor":51,"turns":10},{"damage":0,"enemies":"Shield and Spear","floor":55,"turns":7},{"damage":8,"enemies":"The Heart","floor":56,"turns":8}],"seed_played":"6466120393250454763","potions_obtained":[{"floor":4,"key":"Ancient Potion"},{"floor":7,"key":"BlessingOfTheForge"},{"floor":30,"key":"Explosive Potion"},{"floor":35,"key":"FearPotion"},{"floor":39,"key":"Dexterity Potion"},{"floor":41,"key":"AttackPotion"},{"floor":55,"key":"Swift Potion"}],"is_trial":false,"path_per_floor":["M","M","?","M","?","R","E","T","T","M","M","E","M","E","R","B",null,"M","?","T","$","M","R","M","E","T","?","?","R","E","M","R","B",null,"M","?","?","$","M","E","M","M","T","M","M","$","E","M","R","B","B",null,"R","$","E","B",null],"character_chosen":"WATCHER","items_purchased":["Omamori","Frozen Eye","FearNoEvil","WaveOfTheHand","Wireheading","Conclude","Crescendo","Strange Spoon","DollysMirror"],"campfire_rested":6,"item_purchase_floors":[21,21,21,21,38,38,46,46,54],"current_hp_per_floor":[59,59,59,54,54,62,46,46,46,41,41,37,35,23,41,25,53,53,32,32,32,25,43,43,15,15,15,11,20,33,38,38,38,38,38,28,28,28,18,22,27,33,33,38,38,38,38,38,38,38,19,33,38,38,38,38],"gold":71,"neow_bonus":"BOSS_RELIC","is_daily":false,"chose_seed":false,"campfire_upgraded":0,"win_rate":0.0,"timestamp":1613825608,"path_taken":["M","M","?","M","?","R","E","?","T","?","M","E","?","E","R","BOSS","M","?","?","$","M","R","M","E","T","?","?","R","E","M","R","BOSS","M","?","?","$","M","E","M","M","T","M","M","$","E","M","R","BOSS","BOSS","R","$","E","BOSS"],"items_purchased_type":["Relic","Relic","Card","Card","Card","Card","Card","Relic","Relic"],"build_version":"2020-12-18","purchased_purges":3,"victory":true,"max_hp_per_floor":[68,68,62,62,62,62,62,62,62,62,62,62,62,62,62,62,62,62,62,62,62,62,62,62,62,62,31,31,31,38,38,38,38,38,38,38,38,38,38,38,38,38,38,38,38,38,38,38,38,38,38,38,38,38,38,38],"relic_stats":{"Darkstone Periapt":0,"counters":[32,159],"Golden Idol":243,"CeramicFish":324,"Pen Nib":[18],"Whetstone":["Strike_P","Strike_P"],"Letter Opener":[82],"Orichalcum":[126],"Cursed Key":3,"Strange Spoon":[29],"Shuriken":[75],"Bird Faced Urn":[58],"Prayer Wheel":10,"obtain_stats":[{"Darkstone Periapt":28,"Ice Cream":43,"Golden Idol":3,"CeramicFish":7,"Oddly Smooth Stone":9,"Enchiridion":19,"Pen Nib":40,"Omamori":21,"Whetstone":25,"Letter Opener":47,"Orichalcum":8,"Ancient Tea Set":14,"Cursed Key":17,"Frozen Eye":21,"Strange Spoon":46,"Bottled Flame":55,"Shuriken":12,"DollysMirror":54,"Bird Faced Urn":28,"Strawberry":30,"Prayer Wheel":20,"Fusion Hammer":0,"PureWater":0,"Runic Pyramid":34},{"Darkstone Periapt":16,"Ice Cream":24,"Golden Idol":2,"CeramicFish":4,"Oddly Smooth Stone":4,"Enchiridion":11,"Pen Nib":22,"Omamori":11,"Whetstone":14,"Letter Opener":27,"Orichalcum":4,"Ancient Tea Set":9,"Cursed Key":10,"Frozen Eye":11,"Strange Spoon":26,"Bottled Flame":31,"Shuriken":7,"DollysMirror":30,"Bird Faced Urn":16,"Strawberry":17,"Prayer Wheel":11,"Fusion Hammer":0,"PureWater":0,"Runic Pyramid":19},{"Darkstone Periapt":72,"Ice Cream":107,"Golden Idol":7,"CeramicFish":17,"Oddly Smooth Stone":17,"Enchiridion":52,"Pen Nib":99,"Omamori":52,"Whetstone":65,"Letter Opener":122,"Orichalcum":17,"Ancient Tea Set":41,"Cursed Key":51,"Frozen Eye":52,"Strange Spoon":117,"Bottled Flame":151,"Shuriken":30,"DollysMirror":144,"Bird Faced Urn":72,"Strawberry":75,"Prayer Wheel":52,"Fusion Hammer":0,"PureWater":0,"Runic Pyramid":87}]},"card_choices":[{"not_picked":["Prostrate","ClearTheMind"],"picked":"TalkToTheHand","floor":1},{"not_picked":["EmptyBody","ClearTheMind"],"picked":"ReachHeaven","floor":2},{"not_picked":["Consecrate","FollowUp"],"picked":"BowlingBash","floor":4},{"not_picked":["CutThroughFate","CrushJoints"],"picked":"Wallop","floor":7},{"not_picked":["FlyingSleeves","Alpha"],"picked":"Protect","floor":10},{"not_picked":["WindmillStrike","Wallop"],"picked":"CutThroughFate","floor":11},{"not_picked":["ThirdEye","PathToVictory"],"picked":"EmptyBody","floor":12},{"not_picked":["CutThroughFate","Consecrate"],"picked":"Fasting2","floor":13},{"not_picked":["Prostrate","WreathOfFlame"],"picked":"WheelKick","floor":14},{"not_picked":["MasterReality","ConjureBlade"],"picked":"Blasphemy","floor":16},{"not_picked":["Fasting2","ThirdEye"],"picked":"Halt","floor":18},{"not_picked":["Sanctity","SashWhip"],"picked":"MentalFortress+1","floor":22},{"not_picked":["FearNoEvil","Crescendo"],"picked":"EmptyMind","floor":22},{"not_picked":["EmptyFist","WaveOfTheHand"],"picked":"MentalFortress","floor":24},{"not_picked":["Sanctity","Evaluate+1","ClearTheMind"],"picked":"SKIP","floor":24},{"not_picked":["Sanctity","Evaluate+1"],"picked":"ClearTheMind","floor":24},{"not_picked":["SashWhip","Crescendo"],"picked":"WheelKick","floor":25},{"not_picked":["Conclude","FollowUp"],"picked":"Collect","floor":30},{"not_picked":["FlyingSleeves+1","Pray"],"picked":"DeusExMachina","floor":31},{"not_picked":["LikeWater","ThirdEye","FlyingSleeves"],"picked":"SKIP","floor":31},{"not_picked":["Devotion","Judgement"],"picked":"SpiritShield","floor":33},{"not_picked":["DeceiveReality","FlyingSleeves+1","Pray"],"picked":"SKIP","floor":35},{"not_picked":["Worship","PathToVictory","BattleHymn+1"],"picked":"SKIP","floor":35},{"not_picked":["Panache","Mind Blast"],"picked":"Finesse","floor":36},{"not_picked":["Mind Blast","Discovery"],"picked":"Flash of Steel","floor":36},{"not_picked":["Weave","EmptyBody"],"picked":"LessonLearned","floor":39},{"not_picked":["EmptyFist","PathToVictory"],"picked":"EmptyMind","floor":39},{"not_picked":["Crescendo","Consecrate"],"picked":"Weave+1","floor":40},{"not_picked":["WreathOfFlame","Consecrate"],"picked":"FlurryOfBlows+1","floor":41},{"not_picked":["EmptyFist","Nirvana+1","PathToVictory"],"picked":"SKIP","floor":41},{"not_picked":["EmptyFist","Nirvana+1","PathToVictory"],"picked":"SKIP","floor":41},{"not_picked":["ThirdEye","EmptyBody","Protect"],"picked":"SKIP","floor":42},{"not_picked":["Pray+1","WindmillStrike","Wallop"],"picked":"SKIP","floor":42},{"not_picked":["PathToVictory+1","Consecrate+1"],"picked":"Vault","floor":44},{"not_picked":["WaveOfTheHand","Consecrate+1"],"picked":"FlurryOfBlows+1","floor":44},{"not_picked":["Nirvana","Adaptation","ReachHeaven"],"picked":"SKIP","floor":45},{"not_picked":["CrushJoints","LikeWater+1","Protect+1"],"picked":"SKIP","floor":45},{"not_picked":["Prostrate","WaveOfTheHand"],"picked":"CutThroughFate+1","floor":47},{"not_picked":["FearNoEvil","JustLucky"],"picked":"TalkToTheHand","floor":48},{"not_picked":["Crescendo","SashWhip+1","ThirdEye"],"picked":"SKIP","floor":48},{"not_picked":["Judgement","Crescendo","Blasphemy"],"picked":"SKIP","floor":55}],"player_experience":2746499,"relics_obtained":[{"floor":7,"key":"CeramicFish"},{"floor":8,"key":"Orichalcum"},{"floor":9,"key":"Oddly Smooth Stone"},{"floor":12,"key":"Shuriken"},{"floor":14,"key":"Ancient Tea Set"},{"floor":19,"key":"Enchiridion"},{"floor":20,"key":"Prayer Wheel"},{"floor":25,"key":"Whetstone"},{"floor":28,"key":"Bird Faced Urn"},{"floor":28,"key":"Darkstone Periapt"},{"floor":30,"key":"Strawberry"},{"floor":40,"key":"Pen Nib"},{"floor":43,"key":"Ice Cream"},{"floor":47,"key":"Letter Opener"},{"floor":55,"key":"Bottled Flame"}],"event_choices":[{"damage_healed":0,"gold_gain":0,"player_choice":"Lose Max HP","damage_taken":0,"relics_obtained":["Golden Idol"],"max_hp_gain":0,"max_hp_loss":6,"event_name":"Golden Idol","floor":3,"gold_loss":0},{"damage_healed":0,"gold_gain":0,"player_choice":"Grow","damage_taken":0,"max_hp_gain":0,"max_hp_loss":0,"event_name":"Living Wall","floor":5,"gold_loss":0,"cards_upgraded":["TalkToTheHand"]},{"damage_healed":0,"gold_gain":0,"player_choice":"Obtained Book","damage_taken":21,"max_hp_gain":0,"max_hp_loss":0,"event_name":"Cursed Tome","floor":19,"gold_loss":0},{"damage_healed":0,"gold_gain":0,"player_choice":"Became a Ghost","damage_taken":0,"max_hp_gain":0,"max_hp_loss":31,"event_name":"Ghosts","floor":27,"gold_loss":0,"cards_obtained":["Ghostly","Ghostly","Ghostly"]},{"damage_healed":0,"gold_gain":0,"player_choice":"Fight","damage_taken":0,"max_hp_gain":0,"max_hp_loss":0,"event_name":"Colosseum","floor":28,"gold_loss":0},{"damage_healed":0,"gold_gain":0,"player_choice":"Fought Nobs","damage_taken":0,"max_hp_gain":0,"max_hp_loss":0,"event_name":"Colosseum","floor":28,"gold_loss":0},{"damage_healed":0,"gold_gain":0,"player_choice":"Memory 3","damage_taken":10,"max_hp_gain":0,"max_hp_loss":0,"event_name":"SensoryStone","floor":36,"gold_loss":0},{"cards_removed":["BowlingBash"],"damage_healed":0,"gold_gain":0,"player_choice":"Removed Attack","damage_taken":0,"max_hp_gain":0,"max_hp_loss":0,"event_name":"Falling","floor":37,"gold_loss":0}],"is_beta":true,"boss_relics":[{"not_picked":["Runic Dome","Sozu"],"picked":"Cursed Key"},{"not_picked":["Black Star","Snecko Eye"],"picked":"Runic Pyramid"}],"items_purged_floors":[21,38,46],"is_endless":false,"potions_floor_spawned":[4,7,12,16,22,24,30,35,39,41,47,55],"ascension_level":20}}