{"host":"wbn3xdfsa5pc2kse","time":1613843466,"event":{"mods":["AchievementEnabler","BaseMod","Bestiary","Colored Map","Colored Powertips","Curses Come First","Highlight Path","Minty Spire (QoL Compilation)","Permanent Neow","Rare Cards Sparkle","Relic Stats","StSLib"],"gold_per_floor":[115,126,14,14,14,41,41,66,91,91,106,106,121,147,147,218,218,230,230,58,73,73,105,105,136,136,465,480,480,491,542,542,542,542],"floor_reached":33,"language":"ZHT","playtime":1117,"items_purged":["Strike_P"],"score":682,"play_id":"466f0dac-685e-4cd8-b2ee-f609607e4112","local_time":"20210221015106","is_ascension_mode":true,"campfire_choices":[{"data":"Eruption","floor":7.0,"key":"SMITH"},{"data":"WreathOfFlame","floor":10.0,"key":"SMITH"},{"data":"CrushJoints","floor":12.0,"key":"SMITH"},{"data":"Vengeance","floor":15.0,"key":"SMITH"},{"floor":24.0,"key":"REST"},{"data":"Wish","floor":32.0,"key":"SMITH"}],"circlet_count":0,"master_deck":["AscendersBane","Strike_P+1","Defend_P+1","Defend_P+1","Defend_P+1","Eruption+1","Vigilance","Tantrum+1","Ragnarok+1","Adaptation+1","JustLucky","EmptyBody","TalkToTheHand+1","CrushJoints+1","WreathOfFlame+1","WreathOfFlame","Vengeance+1","Wish+1","Protect+1","FollowUp+1","LikeWater+1","EmptyMind","FlurryOfBlows"],"relics":["Astrolabe","Eternal Feather","Happy Flower","Art of War","Boot","Toy Ornithopter","Runic Pyramid","PreservedInsect","Ancient Tea Set","Yang","White Beast Statue","Old Coin","Omamori"],"acts_visited":["Exordium","TheCity"],"potions_floor_usage":[33,33],"damage_taken":[{"damage":0.0,"enemies":"Cultist","floor":1.0,"turns":2.0},{"damage":0.0,"enemies":"2 Louse","floor":2.0,"turns":1.0},{"damage":11.0,"enemies":"Lagavulin","floor":6.0,"turns":4.0},{"damage":10.0,"enemies":"Gremlin Nob","floor":8.0,"turns":4.0},{"damage":0.0,"enemies":"Small Slimes","floor":11.0,"turns":2.0},{"damage":4.0,"enemies":"Looter","floor":13.0,"turns":2.0},{"damage":49.0,"enemies":"3 Sentries","floor":14.0,"turns":8.0},{"damage":14.0,"enemies":"Hexaghost","floor":16.0,"turns":6.0},{"damage":19.0,"enemies":"Shell Parasite","floor":18.0,"turns":3.0},{"damage":14.0,"enemies":"2 Thieves","floor":21.0,"turns":2.0},{"damage":10.0,"enemies":"Book of Stabbing","floor":23.0,"turns":3.0},{"damage":10.0,"enemies":"Slavers","floor":25.0,"turns":3.0},{"damage":4.0,"enemies":"Gremlin Leader","floor":27.0,"turns":4.0},{"damage":16.0,"enemies":"Cultist and Chosen","floor":28.0,"turns":5.0},{"damage":0.0,"enemies":"Snake Plant","floor":30.0,"turns":2.0},{"damage":21.0,"enemies":"Slavers","floor":31.0,"turns":6.0},{"damage":43,"enemies":"Champ","floor":33,"turns":7}],"seed_played":"8373010337579909504","potions_obtained":[{"floor":1.0,"key":"SkillPotion"},{"floor":2.0,"key":"SteroidPotion"},{"floor":13.0,"key":"SpeedPotion"},{"floor":16.0,"key":"GamblersBrew"},{"floor":18.0,"key":"GamblersBrew"},{"floor":25.0,"key":"Ancient Potion"},{"floor":27.0,"key":"FairyPotion"},{"floor":28.0,"key":"EssenceOfSteel"},{"floor":30.0,"key":"Dexterity Potion"},{"floor":31.0,"key":"BlessingOfTheForge"}],"is_trial":false,"path_per_floor":["M","M","$","T","?","E","R","E","T","R","M","R","M","E","R","B",null,"M","?","$","M","?","E","R","E","T","E","M","?","M","E","R","B"],"character_chosen":"WATCHER","items_purchased":["TalkToTheHand","PreservedInsect"],"campfire_rested":1,"item_purchase_floors":[3,20],"current_hp_per_floor":[61,61,61,61,61,50,56,46,46,55,55,64,60,11,20,6,53,34,34,34,20,20,10,42,37,37,38,22,36,36,20,32,0,0],"gold":542,"neow_bonus":"BOSS_RELIC","is_daily":false,"chose_seed":false,"campfire_upgraded":5,"win_rate":0.0,"timestamp":1613843466,"path_taken":["M","M","?","?","?","E","R","E","T","R","M","R","M","E","R","BOSS","M","?","$","M","?","E","R","E","T","E","M","?","M","E","R","BOSS"],"items_purchased_type":["Card","Relic"],"build_version":"2020-12-22","purchased_purges":1,"victory":false,"max_hp_per_floor":[68,68,68,68,68,68,68,68,68,68,68,68,68,68,68,68,68,68,68,68,68,68,68,68,68,68,68,68,68,68,68,68,68,68],"relic_stats":{"Happy Flower":[19],"counters":[17,64],"Astrolabe":["Tantrum","Ragnarok","Adaptation"],"Eternal Feather":57,"Yang":[38],"PreservedInsect":172,"Art of War":[17],"Boot":[29],"obtain_stats":[{"Happy Flower":6,"Astrolabe":0,"Eternal Feather":4,"Yang":25,"PreservedInsect":20,"Omamori":31,"Boot":9,"Ancient Tea Set":23,"White Beast Statue":26,"Old Coin":27,"Art of War":8,"PureWater":0,"Toy Ornithopter":14,"Runic Pyramid":17},{"Happy Flower":3,"Astrolabe":0,"Eternal Feather":2,"Yang":12,"PreservedInsect":9,"Omamori":16,"Boot":4,"Ancient Tea Set":11,"White Beast Statue":12,"Old Coin":13,"Art of War":4,"PureWater":0,"Toy Ornithopter":7,"Runic Pyramid":8},{"Happy Flower":7,"Astrolabe":0,"Eternal Feather":3,"Yang":40,"PreservedInsect":32,"Omamori":57,"Boot":11,"Ancient Tea Set":37,"White Beast Statue":40,"Old Coin":44,"Art of War":11,"PureWater":0,"Toy Ornithopter":23,"Runic Pyramid":29}],"Toy Ornithopter":25},"card_choices":[{"not_picked":["ForeignInfluence","CarveReality"],"picked":"JustLucky","floor":1.0},{"not_picked":["Evaluate","Consecrate"],"picked":"EmptyBody","floor":2.0},{"not_picked":["ThirdEye","Perseverance"],"picked":"CrushJoints","floor":6.0},{"not_picked":["SpiritShield","MentalFortress"],"picked":"WreathOfFlame","floor":8.0},{"not_picked":["FlyingSleeves","Prostrate"],"picked":"WreathOfFlame","floor":11.0},{"not_picked":["BattleHymn","EmptyBody","Prostrate"],"picked":"SKIP","floor":13.0},{"not_picked":["FollowUp","EmptyBody"],"picked":"Vengeance","floor":14.0},{"not_picked":["MasterReality","Establishment"],"picked":"Wish","floor":16.0},{"not_picked":["Consecrate","Evaluate"],"picked":"Protect+1","floor":18.0},{"not_picked":["Brilliance","WindmillStrike+1"],"picked":"FollowUp+1","floor":21.0},{"not_picked":["EmptyFist","CutThroughFate","Consecrate"],"picked":"SKIP","floor":23.0},{"not_picked":["Halt","MasterReality"],"picked":"LikeWater+1","floor":25.0},{"not_picked":["PathToVictory","ClearTheMind","Evaluate"],"picked":"SKIP","floor":27.0},{"not_picked":["Wireheading","Tantrum+1","EmptyBody"],"picked":"SKIP","floor":28.0},{"not_picked":["FlurryOfBlows","Study"],"picked":"EmptyMind","floor":30.0},{"not_picked":["EmptyBody","Collect+1"],"picked":"FlurryOfBlows","floor":31.0}],"player_experience":844768,"relics_obtained":[{"floor":4.0,"key":"Eternal Feather"},{"floor":6.0,"key":"Happy Flower"},{"floor":8.0,"key":"Art of War"},{"floor":9.0,"key":"Boot"},{"floor":14.0,"key":"Toy Ornithopter"},{"floor":23.0,"key":"Ancient Tea Set"},{"floor":25.0,"key":"Yang"},{"floor":26.0,"key":"White Beast Statue"},{"floor":27.0,"key":"Old Coin"},{"floor":31.0,"key":"Omamori"}],"event_choices":[{"damage_healed":0.0,"max_hp_gain":0.0,"max_hp_loss":0.0,"gold_gain":0.0,"event_name":"Living Wall","player_choice":"Grow","floor":5.0,"gold_loss":0.0,"damage_taken":0.0,"cards_upgraded":["TalkToTheHand"]},{"damage_healed":0.0,"max_hp_gain":0.0,"max_hp_loss":0.0,"gold_gain":0.0,"event_name":"Back to Basics","player_choice":"Simplicity","floor":19.0,"gold_loss":0.0,"damage_taken":0.0,"cards_upgraded":["Strike_P","Defend_P","Defend_P","Defend_P"]},{"damage_healed":0.0,"max_hp_gain":0.0,"max_hp_loss":0.0,"gold_gain":0.0,"event_name":"Ghosts","player_choice":"Ignored","floor":22.0,"gold_loss":0.0,"damage_taken":0.0},{"damage_healed":14.0,"max_hp_gain":0.0,"max_hp_loss":0.0,"gold_gain":0.0,"event_name":"The Library","player_choice":"Heal","floor":29.0,"gold_loss":0.0,"damage_taken":0.0}],"is_beta":false,"boss_relics":[{"not_picked":["Calling Bell","Empty Cage"],"picked":"Runic Pyramid"}],"items_purged_floors":[3],"is_endless":false,"potions_floor_spawned":[1,2,13,16,18,25,27,28,30,31],"killed_by":"Champ","ascension_level":20}}