{"host":"j4g6ia6asvpyu2b0","time":1613862735,"event":{"mods":["BaseMod","Colored Map","Infinite Spire","Minty Spire (QoL Compilation)","Permanent Neow","Quick Restart","Relic Stats","StSLib","Unceasing Turn Reminder"],"gold_per_floor":[114,64,64,74,90,90,124,143,221,221,248,265,265,278,278,383,383,395,19,19,19,19,48,48,74,134,160,207,239,261,273,285,398,410,432,444,456,541,553,553],"floor_reached":39,"language":"ENG","playtime":1326,"items_purged":["Sever Soul"],"score":519,"play_id":"5b4f2574-bba2-4550-a3b6-71fa274713e0","local_time":"20210220161215","is_ascension_mode":true,"campfire_choices":[{"data":"Bash","floor":6.0,"key":"SMITH"},{"data":"Anger","floor":10.0,"key":"SMITH"},{"data":"Demon Form","floor":13.0,"key":"SMITH"},{"data":"Shockwave","floor":15.0,"key":"SMITH"},{"data":"Berserk","floor":24.0,"key":"SMITH"},{"data":"Feel No Pain","floor":32.0,"key":"SMITH"}],"circlet_count":0,"master_deck":["Bash+1","Carnage","Infernal Blade","Anger","Shockwave+1","Anger+1","Demon Form+1","Feel No Pain+1","Berserk+1","Heavy Blade","Anger","Limit Break+1","Flex+1","Entrench+1","Dropkick","Shrug It Off+1","Spot Weakness+1","infinitespire:Starlight+1","infinitespire:FutureSight+1","Thunderclap+1","Sentinel+1","Flame Barrier+1","True Grit+1","Burning Pact+1","Havoc+1","Offering+1","Cleave+1","infinitespire:NeuralNetwork","PanicButton+1"],"relics":["Runic Pyramid","Incense Burner","Toxic Egg 2","Ancient Tea Set","Pandora\u0027s Box","Gambling Chip","Coffee Dripper","MealTicket","MawBank","Tiny Chest","infinitespire:Cupcake","Kunai"],"acts_visited":["Exordium","TheCity","TheBeyond"],"potions_floor_usage":[],"damage_taken":[{"damage":6.0,"enemies":"Jaw Worm","floor":1.0,"turns":4.0},{"damage":5.0,"enemies":"Small Slimes","floor":4.0,"turns":3.0},{"damage":0.0,"enemies":"2 Louse","floor":5.0,"turns":2.0},{"damage":16.0,"enemies":"Lagavulin","floor":7.0,"turns":5.0},{"damage":8.0,"enemies":"Large Slime","floor":8.0,"turns":4.0},{"damage":5.0,"enemies":"3 Sentries","floor":11.0,"turns":6.0},{"damage":7.0,"enemies":"Exordium Wildlife","floor":12.0,"turns":4.0},{"damage":0.0,"enemies":"Blue Slaver","floor":14.0,"turns":1.0},{"damage":13.0,"enemies":"The Guardian","floor":16.0,"turns":8.0},{"damage":16.0,"enemies":"Spheric Guardian","floor":18.0,"turns":3.0},{"damage":13.0,"enemies":"Gremlin Leader","floor":23.0,"turns":4.0},{"damage":39.0,"enemies":"Slavers","floor":25.0,"turns":3.0},{"damage":26.0,"enemies":"Shell Parasite","floor":27.0,"turns":4.0},{"damage":8.0,"enemies":"Nightmare","floor":28.0,"turns":5.0},{"damage":6.0,"enemies":"Cultist and Chosen","floor":29.0,"turns":4.0},{"damage":12.0,"enemies":"Shelled Parasite and Fungi","floor":30.0,"turns":4.0},{"damage":12.0,"enemies":"Champ","floor":33.0,"turns":6.0},{"damage":0.0,"enemies":"Orb Walker","floor":35.0,"turns":3.0},{"damage":0,"enemies":"3 Shapes","floor":39,"turns":2}],"seed_played":"8464918304633018671","potions_obtained":[{"floor":5.0,"key":"Dexterity Potion"},{"floor":7.0,"key":"DistilledChaos"},{"floor":8.0,"key":"Block Potion"},{"floor":23.0,"key":"FairyPotion"},{"floor":27.0,"key":"SpeedPotion"},{"floor":29.0,"key":"DuplicationPotion"},{"floor":30.0,"key":"PowerPotion"}],"is_trial":false,"path_per_floor":["M","?","?","M","M","R","E","M","T","R","E","M","R","M","R","B",null,"M","$","?","?","AVR","E","R","E","T","M","NM","M","M","?","R","B",null,"M","?","?","T","M"],"character_chosen":"IRONCLAD","items_purchased":["Gambling Chip"],"campfire_rested":0,"item_purchase_floors":[19],"current_hp_per_floor":[74,74,74,69,69,69,53,45,45,45,40,33,33,33,33,20,80,64,64,64,64,64,66,66,42,42,31,38,32,35,35,35,38,80,80,61,61,61,76,76],"gold":553,"neow_bonus":"BOSS_RELIC","is_daily":false,"chose_seed":false,"campfire_upgraded":6,"win_rate":0.0,"timestamp":1613862735,"path_taken":["M","?","?","M","M","R","E","M","T","R","E","?","R","M","R","BOSS","M","$","?","?","AVR","E","R","E","T","M","NM","M","M","?","R","BOSS","M","?","?","?","M"],"items_purchased_type":["Relic"],"build_version":"2020-12-22","purchased_purges":1,"victory":false,"max_hp_per_floor":[80,80,80,80,80,80,80,80,80,80,80,80,80,80,80,80,80,80,80,80,80,80,80,80,80,80,80,80,80,80,80,80,80,80,80,80,80,80,80,80],"relic_stats":{"counters":[19,75],"Gambling Chip":[12],"Pandora\u0027s Box":["Heavy Blade","Anger","Blood for Blood","Limit Break","Flex","Entrench","Dropkick","Sever Soul"],"MealTicket":0,"Tiny Chest":1,"Kunai":[0],"MawBank":168,"obtain_stats":[{"Incense Burner":7,"Ancient Tea Set":11,"MawBank":25,"Burning Blood":0,"Gambling Chip":19,"Pandora\u0027s Box":17,"MealTicket":23,"Tiny Chest":28,"Coffee Dripper":22,"Kunai":38,"Toxic Egg 2":9,"Runic Pyramid":0,"infinitespire:Cupcake":34},{"Incense Burner":4,"Ancient Tea Set":6,"MawBank":12,"Burning Blood":0,"Gambling Chip":10,"Pandora\u0027s Box":9,"MealTicket":11,"Tiny Chest":14,"Coffee Dripper":10,"Kunai":18,"Toxic Egg 2":5,"Runic Pyramid":0,"infinitespire:Cupcake":17},{"Incense Burner":14,"Ancient Tea Set":24,"MawBank":47,"Burning Blood":0,"Gambling Chip":40,"Pandora\u0027s Box":37,"MealTicket":44,"Tiny Chest":56,"Coffee Dripper":40,"Kunai":73,"Toxic Egg 2":18,"Runic Pyramid":0,"infinitespire:Cupcake":70}]},"card_choices":[{"not_picked":["Heavy Blade","Iron Wave"],"picked":"Carnage","floor":1.0},{"not_picked":["Dual Wield","Wild Strike"],"picked":"Infernal Blade","floor":4.0},{"not_picked":["Clash","Burning Pact"],"picked":"Anger","floor":5.0},{"not_picked":["Juggernaut","Body Slam"],"picked":"Shockwave","floor":7.0},{"not_picked":["Flex","Headbutt"],"picked":"Anger","floor":8.0},{"not_picked":["Anger","Wild Strike","Heavy Blade"],"picked":"SKIP","floor":11.0},{"not_picked":["True Grit+1","Flex+1"],"picked":"Demon Form","floor":12.0},{"not_picked":["Anger","Pommel Strike"],"picked":"Feel No Pain","floor":14.0},{"not_picked":["Brutality","Limit Break+1"],"picked":"Berserk","floor":16.0},{"not_picked":["Fire Breathing","Clash"],"picked":"Shrug It Off+1","floor":18.0},{"not_picked":["Fire Breathing","Inflame"],"picked":"Thunderclap+1","floor":23.0},{"not_picked":["Bloodletting+1","Combust"],"picked":"Sentinel+1","floor":25.0},{"not_picked":["Clash","Dark Embrace"],"picked":"Flame Barrier+1","floor":27.0},{"not_picked":["Iron Wave+1","Shrug It Off+1"],"picked":"True Grit+1","floor":28.0},{"not_picked":["Seeing Red+1","Iron Wave"],"picked":"Burning Pact+1","floor":29.0},{"not_picked":["Hemokinesis+1","Rupture"],"picked":"Havoc+1","floor":30.0},{"not_picked":["Immolate","Berserk"],"picked":"Offering+1","floor":33.0},{"not_picked":["Intimidate+1","Evolve"],"picked":"Cleave+1","floor":35},{"not_picked":["infinitespire:Menacing","infinitespire:FinalStrike"],"picked":"infinitespire:NeuralNetwork","floor":36},{"not_picked":["Magnetism","Enlightenment+1"],"picked":"PanicButton+1","floor":37}],"player_experience":1262635,"relics_obtained":[{"floor":7.0,"key":"Incense Burner"},{"floor":9.0,"key":"Toxic Egg 2"},{"floor":11.0,"key":"Ancient Tea Set"},{"floor":23.0,"key":"MealTicket"},{"floor":25.0,"key":"MawBank"},{"floor":28.0,"key":"Tiny Chest"},{"floor":38,"key":"Kunai"}],"event_choices":[{"cards_removed":["Strike_R"],"damage_healed":0.0,"max_hp_gain":0.0,"max_hp_loss":0.0,"gold_gain":0.0,"event_name":"The Cleric","player_choice":"Card Removal","floor":2.0,"gold_loss":50.0,"damage_taken":0.0},{"damage_healed":0.0,"max_hp_gain":0.0,"max_hp_loss":0.0,"gold_gain":0.0,"event_name":"The Library","player_choice":"Read","floor":20.0,"gold_loss":0.0,"damage_taken":0.0,"cards_obtained":["Spot Weakness"]},{"cards_removed":["Blood for Blood"],"damage_healed":0.0,"max_hp_gain":0.0,"max_hp_loss":0.0,"gold_gain":0.0,"event_name":"Back to Basics","player_choice":"Elegance","floor":21.0,"gold_loss":0.0,"damage_taken":0.0},{"damage_healed":0.0,"max_hp_gain":0.0,"max_hp_loss":0.0,"gold_gain":0.0,"event_name":"Vampires","player_choice":"Ignored","floor":31.0,"gold_loss":0.0,"damage_taken":0.0},{"damage_healed":0,"gold_gain":0,"player_choice":"Memory 1","damage_taken":0,"max_hp_gain":0,"max_hp_loss":0,"event_name":"SensoryStone","floor":37,"gold_loss":0}],"is_beta":false,"boss_relics":[{"not_picked":["Empty Cage","Tiny House"],"picked":"Pandora\u0027s Box"},{"not_picked":["Astrolabe","Velvet Choker"],"picked":"infinitespire:Cupcake"}],"items_purged_floors":[19],"is_endless":false,"potions_floor_spawned":[5,7,8,14,23,27,29,30],"killed_by":"3 Shapes","ascension_level":2}}