{"host":"9op7xyky91xc1g6p","time":1613794470,"event":{"mods":["100% Spire Juice","Act Like it!","Astrologer","Bartender","BaseMod","Beaked The Cultist","Better Altar","Better Note","Better Sensory Stone","Better Skull","Better Third Choice","Better Vampires","Bossed Relics","BshForSts","CapriCore","Energized Spire","Gensokyo","Hallownest","Hermit","HololiveMod","Infinite Spire","Koishi","Magitek Elite","Marisa????????","Minty Spire (QoL Compilation)","Random Character Button","Remilia??????","Retaliation","Robot Space Explorer","Shade Mod","SpireExporter+","StSLib","The Animator","The Disciple","The Dragon Tamer","The Elementalist","The Hierophant","The Immortal","The Marked","The Mystic","The Poker Player","The Problem Sleuth","The Runesmith","The Spell Scribe","TheBandit","Trackpad","Yuyuko","??????REMEMod"],"gold_per_floor":[111,130,167,97,110,110,138,149,149,159,84,84,104,115,115,211,211,226,240,290,245,245,273,273,308,331,140,174,190,201,215,215,317,317,334,334,384,399,399,426,441,36,36,36,50,50,62,78,78,78],"floor_reached":51,"language":"ENG","playtime":4883,"items_purged":[],"score":798,"play_id":"eea81344-e3e2-42bc-8623-162a0dded810","local_time":"20210219201430","is_ascension_mode":false,"campfire_choices":[{"floor":6,"key":"RECALL"},{"data":"REME_Cut","floor":15,"key":"SMITH"},{"floor":32,"key":"REST"},{"floor":44,"key":"REST"},{"floor":46,"key":"REST"},{"floor":49,"key":"REST"}],"circlet_count":0,"master_deck":["Strike_R","Strike_R","Strike_R","Strike_R","Strike_R","Defend_R","Defend_R","Defend_R","Defend_R","Bash","Thunderclap","Shrug It Off","Pommel Strike","Hemokinesis","REME_TheLastStrike","Combust","REME_Cut+1","Thunderclap","DDmod:PlatedThornsSkill","Ghostly Armor","Perfected Strike","Wild Strike","Battle Trance","Metallicize","DDmod:UnstoppableAttack","Dropkick","Disarm+1","DDmod:SpikedSkill","Whirlwind","Impervious","Armaments","Iron Wave+1","Flex+1","Decay","Shockwave","Parasite","Perfected Strike","Metallicize+1","Perfected Strike+1","REME_Scribble"],"relics":["Burning Blood","REME_ComplimentaryCards","Orichalcum","Hallownest:StagBellRelic1","infinitespire:Lucky Rock","Pear","Hallownest:BankAccountRelic","Fusion Hammer","Shuriken","trackpad:DisasterInABottle","Bag of Marbles","Lee\u0027s Waffle","Bag of Preparation","SlaversCollar","infinitespire:Magic Flask","trackpad:StainlessSteel","PreservedInsect","Mango","White_Cape"],"acts_visited":["Hallownest:Greenpath","Hallownest:CityofTears","TheBeyond"],"potions_floor_usage":[10,16,23,23,29,33,38,40,40,50,50,50],"damage_taken":[{"damage":2,"enemies":"Hallownest:monsterHuskWarrior","floor":1,"turns":4},{"damage":2,"enemies":"Hallownest:monsterHuskGuard","floor":2,"turns":4},{"damage":0,"enemies":"2_ Uuma","floor":5,"turns":4},{"damage":0,"enemies":"Hallownest:eliteMossKnight","floor":7,"turns":6},{"damage":6,"enemies":"Hallownest:Wandering_and_Horned","floor":8,"turns":4},{"damage":24,"enemies":"Hallownest:Guard_and_Warrior","floor":10,"turns":5},{"damage":12,"enemies":"Hallownest:MossCreep_and_Mosskin","floor":13,"turns":5},{"damage":7,"enemies":"Hallownest:monsterFoolEater","floor":14,"turns":3},{"damage":51,"enemies":"Hallownest:BossFalseKnight","floor":16,"turns":7},{"damage":11,"enemies":"Hallownest:3_Youths","floor":18,"turns":5},{"damage":5,"enemies":"Hallownest:Flukemon_and_Top","floor":19,"turns":4},{"damage":26,"enemies":"Hallownest:eliteSoulWarrior","floor":23,"turns":5},{"damage":27,"enemies":"Hallownest:Glutton_and_Coward","floor":25,"turns":3},{"damage":4,"enemies":"Hallownest:Nosk","floor":28,"turns":6},{"damage":2,"enemies":"Hallownest:2_Husk_Sentries","floor":29,"turns":3},{"damage":11,"enemies":"Hallownest:2_Flukemon","floor":30,"turns":7},{"damage":10,"enemies":"Hallownest:Warrior_and_Youth","floor":31,"turns":4},{"damage":54,"enemies":"Hallownest:BossGrimm","floor":33,"turns":9},{"damage":19,"enemies":"Orb Walker","floor":35,"turns":4},{"damage":20,"enemies":"Mind Bloom Boss Battle","floor":37,"turns":7},{"damage":15,"enemies":"3 Shapes","floor":38,"turns":5},{"damage":54,"enemies":"Reptomancer","floor":40,"turns":8},{"damage":29,"enemies":"Writhing Mass","floor":41,"turns":8},{"damage":20,"enemies":"Transient","floor":45,"turns":5},{"damage":38,"enemies":"4 Shapes","floor":47,"turns":6},{"damage":33,"enemies":"Jaw Worm Horde","floor":48,"turns":3},{"damage":70,"enemies":"Awakened One","floor":50,"turns":13}],"seed_played":"4213891079056824282","potions_obtained":[{"floor":1,"key":"SteroidPotion"},{"floor":5,"key":"Regen Potion"},{"floor":16,"key":"Swift Potion"},{"floor":18,"key":"Block Potion"},{"floor":25,"key":"LiquidBronze"},{"floor":30,"key":"Block Potion"},{"floor":31,"key":"EssenceOfSteel"},{"floor":33,"key":"BloodPotion"},{"floor":35,"key":"LiquidMemories"},{"floor":41,"key":"DuplicationPotion"},{"floor":45,"key":"Strength Potion"},{"floor":47,"key":"FearPotion"}],"is_trial":false,"path_per_floor":["M","M","?","?","M","R","E","M","T","M","?","?","M","M","R","B",null,"M","M","?","?","T","E","?","M","T","$","E","M","M","M","R","B",null,"M","?","?","M","?","E","M","$","T","R","M","R","M","M","R","B",null],"character_chosen":"IRONCLAD","items_purchased":["Lee\u0027s Waffle","Metallicize","DDmod:UnstoppableAttack","PreservedInsect","Mango"],"campfire_rested":4,"item_purchase_floors":[27,27,27,42,42],"current_hp_per_floor":[80,80,80,80,80,80,80,80,90,84,84,84,78,77,77,32,90,85,86,86,86,86,66,71,50,50,97,97,97,95,91,97,55,97,91,91,87,78,78,53,43,57,57,90,76,109,77,50,83,39],"gold":78,"neow_bonus":"RANDOM_COMMON_RELIC","is_daily":false,"chose_seed":false,"campfire_upgraded":1,"win_rate":0.0,"timestamp":1613794470,"path_taken":["M","M","?","?","?","R","E","M","T","M","?","?","M","M","R","BOSS","M","M","?","?","?","E","?","?","T","$","E","M","M","M","R","BOSS","M","?","?","M","?","E","M","$","T","R","M","R","M","M","R","BOSS"],"items_purchased_type":["Relic","Card","Card","Relic","Relic"],"build_version":"2020-12-22","purchased_purges":0,"victory":true,"max_hp_per_floor":[80,80,80,80,80,80,80,80,90,90,90,90,90,90,90,90,90,90,90,90,90,90,90,90,90,90,97,97,97,97,97,97,97,97,97,97,97,97,97,97,97,111,111,111,111,111,111,111,111,113],"card_choices":[{"not_picked":["Cleave","Sword Boomerang"],"picked":"Thunderclap","floor":1},{"not_picked":["DDmod:UnstoppableAttack","Armaments"],"picked":"Shrug It Off","floor":2},{"not_picked":["REME_Scribble","DDmod:PokeAttack"],"picked":"Pommel Strike","floor":5},{"not_picked":["Pommel Strike","Headbutt"],"picked":"Hemokinesis","floor":7},{"not_picked":["Thunderclap","Pommel Strike"],"picked":"Uppercut","floor":8},{"not_picked":["Twin Strike","Headbutt"],"picked":"REME_TheLastStrike","floor":10},{"not_picked":["Shrug It Off","Burning Pact"],"picked":"REME_Cut","floor":13},{"not_picked":["DDmod:RapidStrikeAttack","Cleave"],"picked":"Thunderclap","floor":14},{"not_picked":["Offering","Bludgeon"],"picked":"DDmod:PlatedThornsSkill","floor":16},{"not_picked":["Whirlwind","Pommel Strike"],"picked":"Ghostly Armor","floor":18},{"not_picked":["Sword Boomerang","Sever Soul"],"picked":"Perfected Strike","floor":19},{"not_picked":["True Grit","DDmod:CallousedSkill"],"picked":"Wild Strike","floor":23},{"not_picked":["Thunderclap","Combust"],"picked":"Battle Trance","floor":25},{"not_picked":["Uppercut","Perfected Strike+1"],"picked":"Dropkick","floor":28},{"not_picked":["Bloodletting+1","Combust+1"],"picked":"Disarm+1","floor":29},{"not_picked":["Rampage","Bludgeon"],"picked":"DDmod:SpikedSkill","floor":30},{"not_picked":["Sword Boomerang+1","DDmod:PokeAttack"],"picked":"Whirlwind","floor":31},{"not_picked":["Fiend Fire","Offering"],"picked":"Impervious","floor":33},{"not_picked":["Combust","Body Slam+1"],"picked":"Armaments","floor":35},{"not_picked":["DDmod:PokeAttack+1","Disarm"],"picked":"Iron Wave+1","floor":37},{"not_picked":["Twin Strike","Armaments"],"picked":"Flex+1","floor":38},{"not_picked":["Rupture+1","DDmod:AllInSkill"],"picked":"Shockwave","floor":40},{"not_picked":["Clash","Body Slam"],"picked":"Perfected Strike","floor":41},{"not_picked":["True Grit+1","REME_Cut"],"picked":"Metallicize+1","floor":45},{"not_picked":["Cleave","Thunderclap"],"picked":"Perfected Strike+1","floor":47},{"not_picked":["Headbutt","Body Slam+1"],"picked":"REME_Scribble","floor":48}],"player_experience":436814,"relics_obtained":[{"floor":7,"key":"infinitespire:Lucky Rock"},{"floor":9,"key":"Pear"},{"floor":22,"key":"Shuriken"},{"floor":23,"key":"trackpad:DisasterInABottle"},{"floor":26,"key":"Bag of Marbles"},{"floor":28,"key":"Bag of Preparation"},{"floor":37,"key":"infinitespire:Magic Flask"},{"floor":40,"key":"trackpad:StainlessSteel"},{"floor":43,"key":"White_Cape"}],"event_choices":[{"damage_healed":0,"gold_gain":0,"player_choice":"Ignored","damage_taken":0,"max_hp_gain":0,"max_hp_loss":0,"event_name":"Tomb of Lord Red Mask","floor":36,"gold_loss":0},{"damage_healed":0,"gold_gain":0,"player_choice":"Fight","damage_taken":0,"max_hp_gain":0,"max_hp_loss":0,"event_name":"MindBloom","floor":37,"gold_loss":0},{"damage_healed":0,"gold_gain":0,"player_choice":"Cursed","damage_taken":0,"max_hp_gain":0,"max_hp_loss":0,"event_name":"Wheel of Change","floor":39,"gold_loss":0,"cards_obtained":["Decay"]}],"is_beta":false,"boss_relics":[{"not_picked":["Pandora\u0027s Box","REME_ChargedStone"],"picked":"Fusion Hammer"},{"not_picked":["Runic Pyramid","Coffee Dripper"],"picked":"SlaversCollar"}],"items_purged_floors":[],"is_endless":false,"potions_floor_spawned":[1,5,16,18,25,30,31,33,35,41,45,47],"ascension_level":0}}