{"host":"c0rqchpxu0yjpthq","time":1613823494,"event":{"mods":["100% Spire Juice","ATMod(阿瑾Mod)","BaseMod","Challenge The Spire","Conspire","Downfall","HololiveMod","Minty Spire (QoL Compilation)","MostiFishMod","Prisma Mod","Reimu（博丽灵梦）","Relic Stats","Reliquary","Replay The Spire","Spicy Shops","StSLib","The Alterego","The Hierophant","WarShipGirlsR/战舰少女R mod","Wide Potions","Yakumo Yukari mod","[GremlinLeader]The Maniac","【功能Mod】聪明的最终Boss","【遗物卡牌】REMEMod"],"gold_per_floor":[117,21,34,34,34,62,62,81,104,114,114,114,39,54,54,54,54,149,149,191,206,59,59,70,70,104,30,30,61,61,135,135,135,135,242,242,302,302,320,340,387,417,468,516,566,592,636,636,97,114,114,123,123,123,23,62,65,65],"floor_reached":57,"language":"ZHS","playtime":3144,"items_purged":["Languid","PrismaMod:MiyuCommonAttack"],"score":1148,"play_id":"cae90ccd-acbd-4472-b54c-a25378d837de","local_time":"20210220201814","is_ascension_mode":false,"campfire_choices":[{"floor":7.0,"key":"RECALL"},{"data":"PrismaMod:MiyuBride","floor":12.0,"key":"SMITH"},{"data":"AT_FamilyPortrait","floor":17.0,"key":"SMITH"},{"data":"PrismaMod:MiyuCheapChannelVul","floor":25.0,"key":"SMITH"},{"data":"PrismaMod:MiyuCheapChannelAttack","floor":32.0,"key":"SMITH"},{"floor":34.0,"key":"REST"},{"floor":51,"key":"REST"},{"data":"PrismaMod:MiyuOrbIncreasePerm","floor":54,"key":"SMITH"}],"circlet_count":0,"master_deck":["PrismaMod:MiyuCommonDefend","PrismaMod:MiyuCommonDefend","PrismaMod:MiyuCommonDefend","PrismaMod:MiyuCommonDefend","PrismaMod:MiyuCommonDefend","PrismaMod:MiyuCommonAttack","PrismaMod:MiyuCommonAttack","PrismaMod:MiyuCommonAttack","PrismaMod:MiyuCommonAttack","PrismaMod:MiyuCheapChannelAttack+1","PrismaMod:MiyuCheapChannelDefend","AT_FamilyPortrait+1","MostiFishMod:SephirahHod+1","Meteor Strike","PrismaMod:MiyuCheapChannelVul+1","PrismaMod:MiyuBride+1","PrismaMod:MiyuBride","PrismaMod:MiyuCheapDexBuff+1","PrismaMod:MiyuCarnivalDefend","PrismaMod:MiyuEvokeAllAttack","PrismaMod:MiyuCarnivalDefend","PrismaMod:MiyuMaid+1","PrismaMod:MiyuOrbIncreasePerm+1","PrismaMod:MiyuOrbIncreasePerm+1","PrismaMod:MiyuCheapDexBuff+1"],"relics":["PrismaMod:PrismaSapphire","AT_ATBox","DaveBox","REME_ComplimentaryCards","NeowsBlessing","MostiFishMod:Hod","Prayer Wheel","SynthV:TestCard","Ring of Searing","Ring of Hypnosis","RuthlessExorcism:ReiMu","AT_SeraphEmbrace","Pen Nib","reliquary:RedCape","AT_BladeRuinedKing","WingedGreaves","Counterbalance","conspire:DecoderRing","REME_ArchaeologicalTools","AT_BellowingDragoncrestRing","reliquary:WritOfMandamus","AT_DeathDance","OriginationStaff","Darkstone Periapt","Omamori","Quantum Egg","ArrowTower","SynthV","Orichalcum","Vajra","Replay:PocketPolymizer"],"acts_visited":["Exordium","TheCity","TheBeyond","TheEnding"],"potions_floor_usage":[57],"damage_taken":[{"damage":0.0,"enemies":"Jaw Worm","floor":1.0,"turns":3.0},{"damage":0.0,"enemies":"2 Louse","floor":3.0,"turns":1.0},{"damage":0.0,"enemies":"Lagavulin","floor":6.0,"turns":1.0},{"damage":5.0,"enemies":"Cultist","floor":8.0,"turns":2.0},{"damage":0.0,"enemies":"conspire:2 RoseBushes","floor":10.0,"turns":1.0},{"damage":0.0,"enemies":"Looter","floor":14.0,"turns":1.0},{"damage":25.0,"enemies":"Hexaghost","floor":18.0,"turns":4.0},{"damage":7.0,"enemies":"2 Thieves","floor":20.0,"turns":2.0},{"damage":15.0,"enemies":"3 Byrds","floor":21.0,"turns":4.0},{"damage":11.0,"enemies":"conspire:HollyBat","floor":24.0,"turns":4.0},{"damage":0.0,"enemies":"REME_1_Revenger","floor":26.0,"turns":2.0},{"damage":0.0,"enemies":"Slavers","floor":29.0,"turns":2.0},{"damage":0.0,"enemies":"Book of Stabbing","floor":31.0,"turns":2.0},{"damage":0.0,"enemies":"Champ","floor":35.0,"turns":3.0},{"damage":19.0,"enemies":"3 Shapes","floor":37.0,"turns":2.0},{"damage":0.0,"enemies":"Orb Walker","floor":39.0,"turns":1.0},{"damage":5.0,"enemies":"Writhing Mass","floor":40.0,"turns":2.0},{"damage":7.0,"enemies":"conspire:MimicChest","floor":41.0,"turns":4.0},{"damage":0.0,"enemies":"Reptomancer","floor":42.0,"turns":2.0},{"damage":9.0,"enemies":"4 Shapes","floor":43.0,"turns":1.0},{"damage":0,"enemies":"R_Hoarder","floor":44,"turns":3},{"damage":31,"enemies":"Reptomancer","floor":46,"turns":3},{"damage":6,"enemies":"Sphere and 2 Shapes","floor":47,"turns":3},{"damage":0,"enemies":"Writhing Mass","floor":50,"turns":3},{"damage":0,"enemies":"Donu and Deca","floor":52,"turns":5},{"damage":10,"enemies":"Shield and Spear","floor":56,"turns":3},{"damage":126,"enemies":"The Heart","floor":57,"turns":3}],"seed_played":"-5756302475123893537","potions_obtained":[{"floor":8.0,"key":"SteroidPotion"},{"floor":10.0,"key":"Elixir"}],"is_trial":false,"path_per_floor":["M","$","M","?","?","E","R","M","T","M","?","R","$","M","PTL","PTL","R","B",null,"M","M","$","?","M","R","E","$","T","E","?","E","R","?","R","B",null,"M","?","M","M","?","E","M","E","T","E","M","?","$","M","R","B",null,"R","$","E","B"],"character_chosen":"MIYU","items_purchased":["PrismaMod:MiyuCheapChannelVul","AT_BladeRuinedKing","PrismaMod:MiyuEvokeAllAttack","ArrowTower","SynthV","Orichalcum","Vajra"],"campfire_rested":2,"item_purchase_floors":[2,22,27,49,49,49,49],"current_hp_per_floor":[75,75,75,75,75,75,75,70,70,70,67,67,67,67,67,67,67,42,75,68,53,53,53,42,42,42,42,42,42,42,42,42,28,52,52,80,61,61,61,56,49,50,41,41,41,10,4,24,24,24,48,53,80,80,80,70,0,0],"gold":65,"neow_bonus":"THREE_ENEMY_KILL","is_daily":false,"chose_seed":false,"campfire_upgraded":5,"win_rate":0.0,"timestamp":1613823494,"path_taken":["M","$","M","?","?","E","R","?","T","M","?","R","$","M","PTL","PTL","R","BOSS","M","M","$","?","M","R","E","$","T","E","?","E","R","?","R","BOSS","M","?","M","M","?","E","?","E","T","E","M","?","$","M","R","BOSS","R","$","E","BOSS"],"items_purchased_type":["Card","Relic","Card","Relic","Relic","Relic","Relic"],"build_version":"2020-12-22","purchased_purges":2,"victory":false,"max_hp_per_floor":[75,75,75,75,75,75,75,75,75,75,75,75,75,75,75,75,75,75,75,75,75,75,75,75,75,75,75,75,75,75,75,75,80,80,80,80,80,80,80,80,80,80,80,80,80,80,80,80,80,80,80,80,80,80,80,80,80,80],"relic_stats":{"Darkstone Periapt":0,"counters":[27,67],"Prayer Wheel":14,"Pen Nib":[13],"Orichalcum":[6],"obtain_stats":[{"AT_SeraphEmbrace":40,"Darkstone Periapt":44,"AT_ATBox":0,"Replay:PocketPolymizer":56,"DaveBox":0,"PrismaMod:PrismaSapphire":0,"SynthV":49,"Vajra":49,"reliquary:RedCape":19,"AT_ArchangelStaff":9,"Ring of Searing":4,"conspire:DecoderRing":26,"Prayer Wheel":1,"WingedGreaves":23,"REME_ArchaeologicalTools":29,"MostiFishMod:Hod":0,"NeowsBlessing":0,"Ring of Hypnosis":4,"Counterbalance":26,"Quantum Egg":46,"Pen Nib":11,"AT_BladeRuinedKing":22,"Omamori":45,"Orichalcum":49,"SynthV:TestCard":1,"AT_BellowingDragoncrestRing":31,"OriginationStaff":42,"reliquary:WritOfMandamus":36,"AT_DeathDance":41,"ArrowTower":49,"REME_ComplimentaryCards":0,"RuthlessExorcism:ReiMu":6},{"AT_SeraphEmbrace":17,"Darkstone Periapt":21,"AT_ATBox":0,"Replay:PocketPolymizer":26,"DaveBox":0,"PrismaMod:PrismaSapphire":0,"SynthV":23,"Vajra":23,"reliquary:RedCape":7,"AT_ArchangelStaff":4,"Ring of Searing":2,"conspire:DecoderRing":11,"Prayer Wheel":1,"WingedGreaves":9,"REME_ArchaeologicalTools":12,"MostiFishMod:Hod":0,"NeowsBlessing":0,"Ring of Hypnosis":2,"Counterbalance":11,"Quantum Egg":22,"Pen Nib":5,"AT_BladeRuinedKing":9,"Omamori":21,"Orichalcum":23,"SynthV:TestCard":1,"AT_BellowingDragoncrestRing":13,"OriginationStaff":19,"reliquary:WritOfMandamus":14,"AT_DeathDance":18,"ArrowTower":23,"REME_ComplimentaryCards":0,"RuthlessExorcism:ReiMu":3},{"AT_SeraphEmbrace":36,"Darkstone Periapt":47,"AT_ATBox":0,"Replay:PocketPolymizer":64,"DaveBox":0,"PrismaMod:PrismaSapphire":0,"SynthV":53,"Vajra":53,"reliquary:RedCape":13,"AT_ArchangelStaff":7,"Ring of Searing":4,"conspire:DecoderRing":25,"Prayer Wheel":3,"WingedGreaves":19,"REME_ArchaeologicalTools":27,"MostiFishMod:Hod":0,"NeowsBlessing":0,"Ring of Hypnosis":4,"Counterbalance":25,"Quantum Egg":50,"Pen Nib":8,"AT_BladeRuinedKing":19,"Omamori":47,"Orichalcum":53,"SynthV:TestCard":3,"AT_BellowingDragoncrestRing":29,"OriginationStaff":43,"reliquary:WritOfMandamus":32,"AT_DeathDance":41,"ArrowTower":53,"REME_ComplimentaryCards":0,"RuthlessExorcism:ReiMu":5}]},"card_choices":[{"not_picked":["PrismaMod:MiyuCheapPlate","PrismaMod:MiyuDefenseExplosion","PrismaMod:MiyuCheapAttack2"],"picked":"SKIP","floor":1.0},{"not_picked":["PrismaMod:MiyuUncommonAttack","PrismaMod:MiyuMaid","PrismaMod:MiyuCheapChannelAttack"],"picked":"SKIP","floor":1.0},{"not_picked":["PrismaMod:MiyuChristmas","PrismaMod:MiyuCarnivalAttack","PrismaMod:MiyuCheapChannelWeak","PrismaMod:MiyuCheapChannelAttack"],"picked":"PrismaMod:MiyuBride","floor":3.0},{"not_picked":["PrismaMod:MiyuCheapChannelVul","PrismaMod:MiyuMaid","PrismaMod:MiyuCheapAttack1","PrismaMod:MiyuCheapDefend1","PrismaMod:MiyuUncommonDexBuff"],"picked":"SKIP","floor":3.0},{"not_picked":["PrismaMod:MiyuCheapEvoke","PrismaMod:MiyuUberAttack","PrismaMod:MiyuUncommonDexBuff","PrismaMod:MiyuCheapChannelHeal","PrismaMod:MiyuDefenseAbsorbMinor"],"picked":"SKIP","floor":6.0},{"not_picked":["PrismaMod:MiyuEvokeCheapAttack","PrismaMod:MiyuUberAttack","PrismaMod:MiyuCheapStrBuff","PrismaMod:MiyuAttackChannelWeak","PrismaMod:MiyuCheapChannelVul"],"picked":"SKIP","floor":8.0},{"not_picked":["PrismaMod:MiyuEvokeBuffStr","PrismaMod:MiyuUncommonStrBuff","PrismaMod:MiyuCheapPlate","PrismaMod:MiyuAttackChannelAttack","PrismaMod:MiyuMaid"],"picked":"SKIP","floor":8.0},{"not_picked":["PrismaMod:MiyuEvokeBuffStr","PrismaMod:MiyuDefenseRemoval","PrismaMod:MiyuUncommonAOEAttack","PrismaMod:MiyuDefenseExplosion","PrismaMod:MiyuUncommonAttack"],"picked":"SKIP","floor":10.0},{"not_picked":["PrismaMod:MiyuCommonAOEAttack","PrismaMod:MiyuCheapChannelRandom","PrismaMod:MiyuChannelAttackEvoke","PrismaMod:MiyuUncommonPlate","PrismaMod:MiyuEvokeBuffStr"],"picked":"SKIP","floor":10.0},{"not_picked":["PrismaMod:MiyuCheapChannelHeal","PrismaMod:MiyuCheapChannelVul","PrismaMod:MiyuUberAttack","PrismaMod:MiyuCheapEvoke","PrismaMod:MiyuEvokeBuffDex"],"picked":"SKIP","floor":14.0},{"not_picked":["PrismaMod:MiyuUncommonDefend","PrismaMod:MiyuCommonAOEAttack","PrismaMod:MiyuUncommonAttack","PrismaMod:MiyuUberAOEAttack","PrismaMod:MiyuCheapPlate"],"picked":"SKIP","floor":14.0},{"not_picked":["PrismaMod:MiyuEvokeAllAttack","PrismaMod:MiyuDefendChannelDefend","PrismaMod:MiyuUberDefend","PrismaMod:MiyuCheapDefend2"],"picked":"PrismaMod:MiyuBride","floor":18.0},{"not_picked":["PrismaMod:MiyuCheapChannelVul+1","PrismaMod:MiyuCarnivalAttack","PrismaMod:MiyuCheapChannelDefend+1","PrismaMod:MiyuUberAttack"],"picked":"PrismaMod:MiyuCheapDexBuff+1","floor":20.0},{"not_picked":["PrismaMod:MiyuUncommonStrBuff+1","PrismaMod:MiyuCheapEvoke","PrismaMod:MiyuEvokeBuffStr+1","PrismaMod:MiyuEvokeBuffDex","PrismaMod:MiyuCommonAOEAttack"],"picked":"SKIP","floor":20.0},{"not_picked":["PrismaMod:MiyuUncommonAttack","PrismaMod:MiyuAttackChannelWeak","PrismaMod:MiyuChannelDefendEvoke","PrismaMod:MiyuCheapChannelWeak","PrismaMod:MiyuEvokeCheapAttack+1"],"picked":"SKIP","floor":21.0},{"not_picked":["PrismaMod:MiyuCommonAOEAttack","PrismaMod:MiyuEvokeBuffStr","PrismaMod:MiyuEvokeCheapDefend+1","PrismaMod:MiyuEvokeBuffDex","PrismaMod:MiyuEvokeAll"],"picked":"SKIP","floor":21.0},{"not_picked":["PrismaMod:MiyuCheapChannelVul+1","PrismaMod:MiyuCheapAttack2","PrismaMod:MiyuCheapStrBuff","PrismaMod:MiyuCheapDefend1","PrismaMod:MiyuCheapEvoke"],"picked":"SKIP","floor":24.0},{"not_picked":["PrismaMod:MiyuCheapChannelRandom","PrismaMod:MiyuUncommonAttack","PrismaMod:MiyuAttackChannelAttack","PrismaMod:MiyuUberAttack+1","PrismaMod:MiyuDefenseRemoval"],"picked":"SKIP","floor":24.0},{"not_picked":["PrismaMod:MiyuDefenseRemoval","PrismaMod:MiyuUncommonDefend+1","PrismaMod:MiyuCheapChannelHeal","PrismaMod:MiyuEvokeCheapDefend+1"],"picked":"PrismaMod:MiyuCarnivalDefend","floor":26.0},{"not_picked":["PrismaMod:MiyuUberAOEAttack","PrismaMod:MiyuEvokeAllAttack","PrismaMod:MiyuUncommonPlate","PrismaMod:MiyuCommonAOEAttack","PrismaMod:MiyuUberAttack"],"picked":"SKIP","floor":29.0},{"not_picked":["PrismaMod:MiyuCheapAttack1","PrismaMod:MiyuCheapChannelDefend","PrismaMod:MiyuCheapStrBuff+1","PrismaMod:MiyuCheapDexBuff","PrismaMod:MiyuDefenseExplosion"],"picked":"SKIP","floor":31.0},{"not_picked":["PrismaMod:MiyuDefendChannelDefend","PrismaMod:MiyuChannelDefendEvoke","PrismaMod:MiyuEvokeAllAttack","PrismaMod:MiyuChannelAttackEvoke"],"picked":"PrismaMod:MiyuCarnivalDefend","floor":35.0},{"not_picked":["PrismaMod:MiyuEvokeCheapAttack","PrismaMod:MiyuCheapChannelHeal","PrismaMod:MiyuCheapPlate","PrismaMod:MiyuAttackChannelAttack+1","PrismaMod:MiyuCheapChannelWeak+1"],"picked":"SKIP","floor":37.0},{"not_picked":["PrismaMod:MiyuCheapEvoke","PrismaMod:MiyuCommonAOEAttack+1","PrismaMod:MiyuEvokeBuffStr","PrismaMod:MiyuUncommonDefend","PrismaMod:MiyuUberAttack"],"picked":"SKIP","floor":37.0},{"not_picked":["PrismaMod:MiyuCommonAOEAttack+1","PrismaMod:MiyuCheapChannelVul","PrismaMod:MiyuEvokeBuffDex","PrismaMod:MiyuChannelAttackEvoke"],"picked":"PrismaMod:MiyuMaid+1","floor":39.0},{"not_picked":["PrismaMod:MiyuUncommonAOEAttack+1","PrismaMod:MiyuCommonAOEAttack+1","PrismaMod:MiyuUncommonStrBuff","PrismaMod:MiyuUberAOEAttack+1"],"picked":"PrismaMod:MiyuOrbIncreasePerm","floor":39.0},{"not_picked":["PrismaMod:MiyuCheapDexBuff","PrismaMod:MiyuUncommonDefend","PrismaMod:MiyuEvokeCheapDefend+1","PrismaMod:MiyuDefenseRemoval","PrismaMod:MiyuCheapDefend1+1"],"picked":"SKIP","floor":40.0},{"not_picked":["PrismaMod:MiyuUberAttack+1","PrismaMod:MiyuEvokeBuffStr","PrismaMod:MiyuCheapChannelRandom","PrismaMod:MiyuDevil","PrismaMod:MiyuCheapChannelHeal"],"picked":"SKIP","floor":40.0},{"not_picked":["PrismaMod:MiyuCheapPlate","PrismaMod:MiyuUberAOEAttack","PrismaMod:MiyuEvokeCheapAttack","PrismaMod:MiyuCheapChannelAttack","PrismaMod:MiyuCheapChannelRandom"],"picked":"SKIP","floor":42.0},{"not_picked":["PrismaMod:MiyuAttackChannelVul","PrismaMod:MiyuEvokeCheapAttack+1","PrismaMod:MiyuCheapPlate+1","PrismaMod:MiyuCheapChannelDefend+1","PrismaMod:MiyuCheapAttack1+1"],"picked":"SKIP","floor":43.0},{"not_picked":["PrismaMod:MiyuCheapChannelVul","PrismaMod:MiyuCommonAOEAttack+1","PrismaMod:MiyuEvokeBuffStr","PrismaMod:MiyuUberAttack+1","PrismaMod:MiyuCheapChannelHeal+1"],"picked":"SKIP","floor":43.0},{"not_picked":["PrismaMod:MiyuUncommonAttack+1","PrismaMod:MiyuEvokeBuffStr","PrismaMod:MiyuCheapChannelWeak","PrismaMod:MiyuUberDefend"],"picked":"PrismaMod:MiyuOrbIncreasePerm+1","floor":44},{"not_picked":["PrismaMod:MiyuCheapAttack2+1","PrismaMod:MiyuUncommonAttack","PrismaMod:MiyuMaid","PrismaMod:MiyuCarnivalAttack"],"picked":"PrismaMod:MiyuCheapDexBuff+1","floor":46},{"not_picked":["PrismaMod:MiyuUberAttack","PrismaMod:MiyuOrbIncreasePerm+1","PrismaMod:MiyuCommonAOEAttack","PrismaMod:MiyuUncommonAttack","PrismaMod:MiyuEvokeBuffDex"],"picked":"SKIP","floor":47},{"not_picked":["PrismaMod:MiyuAttackChannelAttack+1","PrismaMod:MiyuDefendChannelDefend","PrismaMod:MiyuDefenseExplosion","PrismaMod:MiyuMaid","PrismaMod:MiyuCheapChannelVul+1"],"picked":"SKIP","floor":47},{"not_picked":["PrismaMod:MiyuUncommonAOEAttack+1","PrismaMod:MiyuCheapStrBuff+1","PrismaMod:MiyuChristmas","PrismaMod:MiyuAttackChannelWeak","PrismaMod:MiyuUncommonDefend"],"picked":"SKIP","floor":50},{"not_picked":["PrismaMod:MiyuCarnivalAttack","PrismaMod:MiyuUberAttack","PrismaMod:MiyuUncommonPlate+1","PrismaMod:MiyuChristmas","PrismaMod:MiyuCheapStrBuff+1"],"picked":"SKIP","floor":50},{"not_picked":["PrismaMod:MiyuMaid","PrismaMod:MiyuDefenseExplosion+1","PrismaMod:MiyuCommonAOEAttack","PrismaMod:MiyuDevil","PrismaMod:MiyuAttackChannelWeak+1"],"picked":"SKIP","floor":56}],"player_experience":81425,"relics_obtained":[{"floor":1.0,"key":"SynthV:TestCard"},{"floor":4.0,"key":"Ring of Searing"},{"floor":4.0,"key":"Ring of Hypnosis"},{"floor":6.0,"key":"RuthlessExorcism:ReiMu"},{"floor":9.0,"key":"AT_ArchangelStaff"},{"floor":26.0,"key":"conspire:DecoderRing"},{"floor":29.0,"key":"REME_ArchaeologicalTools"},{"floor":31.0,"key":"AT_BellowingDragoncrestRing"},{"floor":41.0,"key":"AT_DeathDance"},{"floor":42.0,"key":"OriginationStaff"},{"floor":44,"key":"Darkstone Periapt"},{"floor":45,"key":"Omamori"},{"floor":46,"key":"Quantum Egg"},{"floor":56,"key":"Replay:PocketPolymizer"}],"event_choices":[{"damage_healed":0.0,"max_hp_gain":0.0,"max_hp_loss":0.0,"gold_gain":0.0,"event_name":"Upgrade Shrine","player_choice":"Upgraded","floor":5.0,"gold_loss":0.0,"damage_taken":0.0,"cards_upgraded":["MostiFishMod:SephirahHod"]},{"damage_healed":0.0,"max_hp_gain":0.0,"max_hp_loss":0.0,"gold_gain":0.0,"event_name":"Scrap Ooze","player_choice":"Success","floor":11.0,"gold_loss":0.0,"damage_taken":3.0,"relics_obtained":["Pen Nib"]},{"cards_removed":["downfall:Icky"],"damage_healed":0.0,"max_hp_gain":0.0,"max_hp_loss":0.0,"gold_gain":0.0,"event_name":"Back to Basics","player_choice":"Elegance","floor":30.0,"gold_loss":0.0,"damage_taken":0.0},{"damage_healed":0.0,"max_hp_gain":5.0,"max_hp_loss":0.0,"gold_gain":0.0,"event_name":"Forgotten Altar","player_choice":"Shed Blood","floor":33.0,"gold_loss":0.0,"damage_taken":19.0},{"damage_healed":20,"gold_gain":0,"player_choice":"Writhe","damage_taken":0,"max_hp_gain":0,"max_hp_loss":0,"event_name":"Winding Halls","floor":48,"gold_loss":0,"cards_obtained":["Writhe"]}],"is_beta":false,"boss_relics":[{"not_picked":["Replay:Ancient Bell","RedLine:ReiMu"],"picked":"reliquary:RedCape"},{"not_picked":["Snecko Eye","SacredBark"],"picked":"reliquary:WritOfMandamus"}],"items_purged_floors":[13,55],"is_endless":false,"potions_floor_spawned":[8,10,18,20,31,39,42,44],"killed_by":"The Heart","ascension_level":0}}