{"host":"rfvxwqmjnimh09wr","time":1613779540,"event":{"mods":["BaseMod","Colored Map","Hermit","Minty Spire (QoL Compilation)","StSLib"],"gold_per_floor":[114,114,80,99,15,45,45,45,91,91,101,111,127,141,141,244,244,259,270,89,103,123,123,123],"floor_reached":23,"language":"ENG","playtime":1093,"items_purged":[],"score":195,"play_id":"4f158953-5a13-42a9-9d7c-a522389d2fb1","local_time":"20210219190540","is_ascension_mode":false,"campfire_choices":[{"data":"1","floor":8,"key":"LIFT"},{"data":"2","floor":10,"key":"LIFT"},{"data":"3","floor":15,"key":"LIFT"}],"circlet_count":0,"master_deck":["Strike_P","Strike_P","Strike_P","Strike_P","Defend_P","Defend_P","Defend_P","Defend_P","Eruption","Vigilance","Protect","Regret","MentalFortress","ClearTheMind","Dramatic Entrance+1","SashWhip","TalkToTheHand","FlyingSleeves","CutThroughFate","ReachHeaven","MasterReality","EmptyBody+1","SashWhip","Apotheosis","Conclude+1","Wallop"],"relics":["Busted Crown","Girya","Art of War","Runic Dome"],"acts_visited":["Exordium","TheCity"],"potions_floor_usage":[6,16,16,21],"damage_taken":[{"damage":5,"enemies":"2 Louse","floor":1,"turns":2},{"damage":5,"enemies":"Small Slimes","floor":4,"turns":4},{"damage":25,"enemies":"Gremlin Nob","floor":6,"turns":4},{"damage":2,"enemies":"Cultist","floor":11,"turns":3},{"damage":1,"enemies":"Gremlin Gang","floor":12,"turns":3},{"damage":0,"enemies":"Lots of Slimes","floor":13,"turns":1},{"damage":0,"enemies":"2 Fungi Beasts","floor":14,"turns":2},{"damage":13,"enemies":"The Guardian","floor":16,"turns":6},{"damage":4,"enemies":"Shell Parasite","floor":18,"turns":4},{"damage":5,"enemies":"Chosen","floor":19,"turns":3},{"damage":6,"enemies":"Shelled Parasite and Fungi","floor":21,"turns":2},{"damage":15,"enemies":"Snecko","floor":22,"turns":4},{"damage":45,"enemies":"Gremlin Leader","floor":23,"turns":4}],"seed_played":"-7288084062169597657","potions_obtained":[{"floor":4,"key":"AttackPotion"},{"floor":12,"key":"ColorlessPotion"},{"floor":14,"key":"DuplicationPotion"},{"floor":16,"key":"Ancient Potion"},{"floor":19,"key":"Fire Potion"}],"is_trial":false,"path_per_floor":["M","?","$","M","$","E","?","R","T","R","M","M","M","M","R","B",null,"M","M","$","M","M","E"],"character_chosen":"WATCHER","items_purchased":["MentalFortress","Dramatic Entrance","Apotheosis"],"campfire_rested":0,"item_purchase_floors":[3,5,20],"current_hp_per_floor":[67,67,67,62,62,37,37,37,37,37,35,34,34,34,34,21,72,68,63,63,57,42,0,0],"gold":123,"neow_bonus":"BOSS_RELIC","is_daily":false,"chose_seed":false,"campfire_upgraded":0,"win_rate":0.0,"timestamp":1613779540,"path_taken":["M","?","$","M","$","E","?","R","T","R","M","?","M","M","R","BOSS","M","?","$","M","M","E"],"items_purchased_type":["Card","Card","Card"],"build_version":"2020-12-22","purchased_purges":0,"victory":false,"max_hp_per_floor":[72,72,72,72,72,72,72,72,72,72,72,72,72,72,72,72,72,72,72,72,72,72,72,72],"card_choices":[{"not_picked":[],"picked":"Protect","floor":1},{"not_picked":[],"picked":"ClearTheMind","floor":4},{"not_picked":[],"picked":"SashWhip","floor":6},{"not_picked":[],"picked":"TalkToTheHand","floor":11},{"not_picked":[],"picked":"FlyingSleeves","floor":12},{"not_picked":[],"picked":"CutThroughFate","floor":13},{"not_picked":[],"picked":"ReachHeaven","floor":14},{"not_picked":[],"picked":"MasterReality","floor":16},{"not_picked":[],"picked":"EmptyBody+1","floor":18},{"not_picked":[],"picked":"SashWhip","floor":19},{"not_picked":[],"picked":"Conclude+1","floor":21},{"not_picked":[],"picked":"Wallop","floor":22}],"player_experience":209106,"relics_obtained":[{"floor":6,"key":"Art of War"}],"event_choices":[{"damage_healed":0,"gold_gain":0,"player_choice":"Box","damage_taken":0,"relics_obtained":["Girya"],"max_hp_gain":0,"max_hp_loss":0,"event_name":"Big Fish","floor":2,"gold_loss":0,"cards_obtained":["Regret"]},{"damage_healed":0,"gold_gain":0,"player_choice":"Upgraded","damage_taken":0,"max_hp_gain":0,"max_hp_loss":0,"event_name":"Upgrade Shrine","floor":7,"gold_loss":0,"cards_upgraded":["Dramatic Entrance"]}],"is_beta":false,"boss_relics":[{"not_picked":["Coffee Dripper","Ectoplasm"],"picked":"Runic Dome"}],"items_purged_floors":[],"is_endless":false,"potions_floor_spawned":[4,12,14,16,19],"killed_by":"Gremlin Leader","ascension_level":0}}