{"host":"gaqyve1328ta0etl","time":1613823298,"event":{"mods":["BaseMod","Colored Map","Colored Powertips","Duelist Mod","Googly Eyes","Hero for Fun","Minty Spire (QoL Compilation)","Shop Mod","StSLib","SuperFastMode","The Hierophant","The Runesmith"],"gold_per_floor":[187,17,80,92,157,157,184,210,236,254,254,154,220,283,283,283,283],"floor_reached":16,"language":"ENG","playtime":547,"items_purged":["Decay","theDuelist:CastleWalls"],"score":198,"play_id":"e0cc103b-210a-4c5d-baf4-de2e4313361b","local_time":"20210220041458","is_ascension_mode":true,"campfire_choices":[{"data":"theDuelist:GoldenSparks","floor":6,"key":"SMITH"},{"data":"theDuelist:EvilswarmHeliotrope","floor":11,"key":"SMITH"},{"data":"theDuelist:CoreBlaster","floor":15,"key":"SMITH"}],"circlet_count":0,"master_deck":["AscendersBane","theDuelist:BeaverWarrior","theDuelist:BeaverWarrior","theDuelist:FinalFlame","theDuelist:GiantSoldier","theDuelist:GiantSoldier","theDuelist:GoldenSparks+1","theDuelist:ScrapFactory","theDuelist:CoreBlaster+1","theDuelist:AttackTheMoon","theDuelist:EvilswarmHeliotrope+1","theDuelist:WeepingIdol","theDuelist:RainbowNeos"],"relics":["theDuelist:MillenniumPuzzle","theDuelist:CardPoolRelic","theDuelist:CardPoolBasicRelic","theDuelist:BoosterPackPoolRelic","theDuelist:CardPoolAddRelic","theDuelist:CardPoolMinusRelic","theDuelist:CardPoolSaveRelic","theDuelist:CardPoolOptionsRelic","Centennial Puzzle","Ancient Tea Set"],"acts_visited":["Exordium"],"potions_floor_usage":[16],"damage_taken":[{"damage":8,"enemies":"Jaw Worm","floor":1,"turns":5},{"damage":0,"enemies":"2 Louse","floor":3,"turns":3},{"damage":0,"enemies":"Small Slimes","floor":4,"turns":3},{"damage":0,"enemies":"Exordium Wildlife","floor":5,"turns":2},{"damage":6,"enemies":"3 Sentries","floor":7,"turns":10},{"damage":0,"enemies":"Looter","floor":10,"turns":2},{"damage":0,"enemies":"3 Louse","floor":13,"turns":5},{"damage":8,"enemies":"Gremlin Gang","floor":14,"turns":5},{"damage":61,"enemies":"Slime Boss","floor":16,"turns":8}],"seed_played":"1545809023425110032","potions_obtained":[{"floor":3,"key":"Weak Potion"},{"floor":13,"key":"theDuelist:DebuffArmorPotion"},{"floor":14,"key":"Regen Potion"}],"is_trial":false,"path_per_floor":["M","$","M","M","M","R","E","?","T","M","R","$","M","M","R","B"],"character_chosen":"THE_DUELIST","items_purchased":["theDuelist:EvilswarmHeliotrope"],"campfire_rested":0,"item_purchase_floors":[2],"current_hp_per_floor":[55,55,55,55,55,55,49,49,49,49,49,49,49,41,41,0,0],"gold":283,"neow_bonus":"TRANSFORM_TWO_CARDS","is_daily":false,"chose_seed":false,"campfire_upgraded":3,"win_rate":0.0,"timestamp":1613823298,"path_taken":["M","$","M","M","M","R","E","?","T","M","R","$","M","M","R","BOSS"],"items_purchased_type":["Card"],"build_version":"2020-12-22","purchased_purges":2,"victory":false,"max_hp_per_floor":[70,70,70,70,70,70,70,70,70,70,70,70,70,70,70,70,70],"card_choices":[{"not_picked":["theDuelist:Fissure","theDuelist:PowerGiant","theDuelist:Sangan","theDuelist:RainbowOverdragon"],"picked":"theDuelist:AttackTheMoon","floor":1},{"not_picked":["theDuelist:RainbowNeos","theDuelist:BlockGolem","theDuelist:DokiDoki","theDuelist:RainbowOverdragon"],"picked":"theDuelist:WeepingIdol","floor":3},{"not_picked":["theDuelist:BigFire","theDuelist:RedHeadedOni","theDuelist:HaneHane","theDuelist:LightningVortex","theDuelist:HarpieFeather"],"picked":"SKIP","floor":4},{"not_picked":["theDuelist:MythicalBeast","theDuelist:CharcoalInpachi","theDuelist:BattleFootballer","theDuelist:PreventRat"],"picked":"theDuelist:RainbowNeos","floor":5},{"not_picked":["theDuelist:WhiteHowling","theDuelist:ImperialOrder","theDuelist:GravityAxe","theDuelist:ElectromagneticShield"],"picked":"SKIP","floor":7},{"not_picked":["theDuelist:Hinotama","theDuelist:CombinationAttack","theDuelist:BigFire","theDuelist:RainbowNeos","theDuelist:UnderworldCannon"],"picked":"SKIP","floor":10},{"not_picked":["theDuelist:SpellShatteringArrow","theDuelist:BigFire","theDuelist:SwordDeepSeated","theDuelist:EgoBoost","theDuelist:DeltaAttacker"],"picked":"SKIP","floor":13},{"not_picked":["theDuelist:RainbowNeos","theDuelist:SilverApples","theDuelist:WormApocalypse","theDuelist:Hinotama","theDuelist:MeteorDestruction"],"picked":"SKIP","floor":14}],"player_experience":2227958,"relics_obtained":[{"floor":7,"key":"Centennial Puzzle"},{"floor":9,"key":"Ancient Tea Set"}],"event_choices":[{"damage_healed":0,"gold_gain":0,"player_choice":"Sold Silver Apples for 26 Gold.","duelist":true,"damage_taken":0,"max_hp_gain":0,"max_hp_loss":0,"event_name":"Card Trader","floor":8,"gold_loss":0}],"is_beta":false,"boss_relics":[],"items_purged_floors":[2,12],"is_endless":false,"potions_floor_spawned":[3,13,14],"killed_by":"Slime Boss","ascension_level":18}}