{"host":"nwjx7hbomubpmo86","time":1613788597,"event":{"mods":["AchievementEnabler","BaseMod","Better Note","Better Third Choice","Downfall","Hubris","Minty Spire (QoL Compilation)","Replay The Spire","StSLib","The Death Knight","slay the spire mod where everything is the same but ironclad has a cowboy hat"],"gold_per_floor":[112,112,37,55,68,103,103,116,186,212,212,212,222,222,222,322,322],"floor_reached":16,"language":"ENG","playtime":499,"items_purged":["Regret"],"score":220,"play_id":"d27ea041-19a8-4f26-be87-122e41601b44","local_time":"20210220033637","is_ascension_mode":true,"campfire_choices":[{"data":"Redo","floor":7.0,"key":"SMITH"},{"floor":11.0,"key":"REST"},{"data":"Genetic Algorithm","floor":15.0,"key":"SMITH"}],"circlet_count":0,"master_deck":["AscendersBane","Strike_B","Strike_B","Strike_B","Strike_B","Defend_B","Defend_B","Defend_B","Defend_B","Dualcast","Cold Snap","Redo+1","Cold Snap","Leap","BasicCrystalCard","Genetic Algorithm+1","Buffer+1","Steam"],"relics":["Cracked Core","Peace Pipe","Bird Faced Urn","Snack Pack","Golden Egg","hubris:Icosahedron"],"acts_visited":["Exordium"],"potions_floor_usage":[],"damage_taken":[{"damage":0.0,"enemies":"2 Louse","floor":1.0,"turns":1.0},{"damage":2.0,"enemies":"Jaw Worm","floor":4.0,"turns":3.0},{"damage":1.0,"enemies":"Small Slimes","floor":5.0,"turns":3.0},{"damage":11.0,"enemies":"3 Sentries","floor":6.0,"turns":8.0},{"damage":0.0,"enemies":"Looter","floor":8.0,"turns":3.0},{"damage":32.0,"enemies":"Lagavulin","floor":10.0,"turns":7.0},{"damage":2.0,"enemies":"2 Fungi Beasts","floor":13.0,"turns":5.0},{"damage":51,"enemies":"Hexaghost","floor":16,"turns":15}],"seed_played":"5091717338483993953","potions_obtained":[{"floor":1.0,"key":"champ:CounterPotion"},{"floor":5.0,"key":"Swift Potion"},{"floor":8.0,"key":"Toxic Potion"}],"is_trial":false,"path_per_floor":["M","?","$","M","M","E","R","M","T","E","R","?","M","?","R","B"],"character_chosen":"DEFECT","items_purchased":[],"campfire_rested":1,"item_purchase_floors":[],"current_hp_per_floor":[64,64,64,62,61,50,50,50,50,22,43,43,45,45,45,0,0],"gold":322,"neow_bonus":"UPGRADE_CARD","is_daily":false,"chose_seed":false,"campfire_upgraded":2,"win_rate":0.0,"timestamp":1613788597,"path_taken":["M","?","$","M","M","E","R","M","T","E","R","?","M","?","R","BOSS"],"items_purchased_type":[],"build_version":"2020-12-22","purchased_purges":1,"victory":false,"max_hp_per_floor":[71,71,71,71,71,71,71,71,71,71,71,71,71,71,71,71,71],"card_choices":[{"not_picked":["Consume","ReplayTheSpireMod:Repulse"],"picked":"Cold Snap","floor":1.0},{"not_picked":["Skim","Time Bomb"],"picked":"Redo","floor":4.0},{"not_picked":["Turbo","ReplayTheSpireMod:Reroute Power"],"picked":"Cold Snap","floor":5.0},{"not_picked":["Recycle","Streamline"],"picked":"Leap","floor":6.0},{"not_picked":["Tempest","Hello World"],"picked":"BasicCrystalCard","floor":8.0},{"not_picked":["Auto Shields","BootSequence"],"picked":"Genetic Algorithm","floor":10.0},{"not_picked":["Sweeping Beam","Force Field"],"picked":"Steam","floor":13.0}],"player_experience":560414,"relics_obtained":[{"floor":6.0,"key":"Bird Faced Urn"},{"floor":9.0,"key":"Snack Pack"},{"floor":10.0,"key":"Golden Egg"}],"event_choices":[{"damage_healed":0.0,"max_hp_gain":0.0,"max_hp_loss":0.0,"gold_gain":0.0,"event_name":"Big Fish","player_choice":"Box","floor":2.0,"gold_loss":0.0,"damage_taken":0.0,"relics_obtained":["Peace Pipe"],"cards_obtained":["Regret"]}],"is_beta":false,"boss_relics":[],"items_purged_floors":[3],"is_endless":false,"potions_floor_spawned":[1,5,8],"killed_by":"Hexaghost","ascension_level":20}}