{"host":"mydft8i2zzydgggw","time":1613809603,"event":{"mods":["AchievementEnabler","BaseMod","Colored Map","Colored Powertips","DeckTracker","Keyboard Shortcuts","Minty Spire (QoL Compilation)","Rare Cards Sparkle","Relic Stats","StSLib","SuperFastMode","Together in Spire","everything is the same but u backflip on backflip"],"gold_per_floor":[112,187,198,209,70,70,98,98,98,98,109,39,81,96,96,197,197,238,252,212,212,212],"floor_reached":21,"language":"KOR","playtime":400,"items_purged":[],"score":370,"play_id":"f0be1f83-fab5-4055-86bc-88ab96b175c7","local_time":"20210220172643","is_ascension_mode":true,"campfire_choices":[{"data":"Adaptation","floor":6,"key":"SMITH"},{"data":"Eruption","floor":10,"key":"SMITH"},{"data":"Meditate","floor":15,"key":"SMITH"}],"circlet_count":0,"master_deck":["AscendersBane","Strike_P","Strike_P","Strike_P","Defend_P","Defend_P","Defend_P","Eruption+1","Vigilance","CrushJoints","SignatureMove","Prostrate","Adaptation+1","Tantrum","TalkToTheHand","Wish","InnerPeace","Sanctity","Meditate+1","Adaptation","Prostrate"],"relics":["PureWater","Mummified Hand","Pantograph","Cursed Key"],"acts_visited":["Exordium","TheCity"],"potions_floor_usage":[7,11,16,18],"damage_taken":[{"damage":0.0,"enemies":"Jaw Worm","floor":1.0,"turns":2.0},{"damage":0,"enemies":"Cultist","floor":3,"turns":2},{"damage":0,"enemies":"2 Louse","floor":4,"turns":2},{"damage":18,"enemies":"Lagavulin","floor":7,"turns":6},{"damage":1,"enemies":"Gremlin Gang","floor":11,"turns":3},{"damage":0,"enemies":"Exordium Wildlife","floor":13,"turns":2},{"damage":0,"enemies":"Red Slaver","floor":14,"turns":3},{"damage":0,"enemies":"Slime Boss","floor":16,"turns":6},{"damage":35,"enemies":"Spheric Guardian","floor":18,"turns":4},{"damage":20,"enemies":"2 Thieves","floor":19,"turns":2},{"damage":12,"enemies":"Snake Plant","floor":21,"turns":1}],"seed_played":"-5374320398041234440","potions_obtained":[{"floor":1.0,"key":"PowerPotion"},{"floor":8,"key":"Dexterity Potion"},{"floor":8,"key":"Explosive Potion"},{"floor":11,"key":"LiquidMemories"},{"floor":16,"key":"Swift Potion"},{"floor":20,"key":"SneckoOil"},{"floor":20,"key":"PowerPotion"}],"is_trial":false,"path_per_floor":["M","?","M","M","$","R","E","?","T","R","M","$","M","M","R","B",null,"M","M","?","M"],"character_chosen":"WATCHER","items_purchased":["Adaptation","Tantrum","InnerPeace"],"campfire_rested":0,"item_purchase_floors":[5,5,12],"current_hp_per_floor":[65,59,59,59,59,59,41,41,41,41,40,40,40,40,40,65,65,30,10,10,0,0],"gold":212,"neow_bonus":"TRANSFORM_TWO_CARDS","is_daily":false,"chose_seed":false,"campfire_upgraded":3,"win_rate":0.0,"timestamp":1613809603,"path_taken":["M","?","M","?","?","R","E","?","T","R","M","$","?","M","R","BOSS","M","M","?","?"],"items_purchased_type":["Card","Card","Card"],"build_version":"2020-12-22","purchased_purges":0,"victory":false,"max_hp_per_floor":[65,65,65,65,65,65,65,65,65,65,65,65,65,65,65,65,65,65,65,65,65,65],"relic_stats":{"counters":[11,33],"Mummified Hand":[9],"Pantograph":25,"Cursed Key":0,"obtain_stats":[{"Mummified Hand":7,"Pantograph":9,"PureWater":0,"Cursed Key":17},{"Mummified Hand":4,"Pantograph":4,"PureWater":0,"Cursed Key":8},{"Mummified Hand":12,"Pantograph":12,"PureWater":0,"Cursed Key":26}]},"card_choices":[{"not_picked":["Nirvana","CrushJoints"],"picked":"Prostrate","floor":1.0},{"not_picked":["FlyingSleeves","ThirdEye","WaveOfTheHand"],"picked":"SKIP","floor":3},{"not_picked":["Wireheading","Vengeance","PathToVictory"],"picked":"SKIP","floor":4},{"not_picked":["DeceiveReality","Vengeance"],"picked":"TalkToTheHand","floor":7},{"not_picked":["Pray","Consecrate"],"picked":"Wish","floor":11},{"not_picked":["Wireheading","Study"],"picked":"Sanctity","floor":13},{"not_picked":["LikeWater","Protect"],"picked":"Meditate","floor":14},{"not_picked":["FollowUp","ThirdEye"],"picked":"Adaptation","floor":18},{"not_picked":["ThirdEye","CarveReality"],"picked":"Prostrate","floor":19}],"player_experience":295099,"relics_obtained":[{"floor":7,"key":"Mummified Hand"},{"floor":9,"key":"Pantograph"}],"event_choices":[{"damage_healed":0,"gold_gain":75,"player_choice":"Touch","damage_taken":6,"max_hp_gain":0,"max_hp_loss":0,"event_name":"FaceTrader","floor":2,"gold_loss":0},{"damage_healed":0,"gold_gain":0,"player_choice":"Got Potions","damage_taken":0,"max_hp_gain":0,"max_hp_loss":0,"event_name":"Lab","floor":8,"gold_loss":0},{"damage_healed":0,"gold_gain":0,"player_choice":"Bought 3 Potions","damage_taken":0,"max_hp_gain":0,"max_hp_loss":0,"event_name":"The Woman in Blue","floor":20,"gold_loss":0}],"is_beta":false,"boss_relics":[{"not_picked":["Ectoplasm","Coffee Dripper"],"picked":"Cursed Key"}],"items_purged_floors":[],"is_endless":false,"potions_floor_spawned":[1,11,14,16],"killed_by":"Snake Plant","ascension_level":12}}