{"host":"d6oxvn0vsgxeumax","time":1613846373,"event":{"mods":["BaseMod","Better Altar","Better Match","Better Note","Better Sensory Stone","Better Skull","Better Third Choice","BetterRewards","Bossed Relics","Colored Map","Colored Powertips","Defuse TimeMaze Blight","Downfall","Hubris","Infinite Spire","Minty Spire (QoL Compilation)","Relic Sorter","Replay The Spire","Shop Mod","Spicy Shops","Spire Arcade","StSLib","The Bug Knight","Uncapped"],"gold_per_floor":[99,117,102,102,102,133,158,192,192,28,13,13,13,24,42,141,141,141,161,179,189,189,487,487,487,387,387,387,402,416,142,158,263,263,263,277,295,570,580,614,614,283,300,313,313,344,344,444,458,554,554,554,554],"floor_reached":51,"language":"ENG","playtime":2642,"items_purged":["champ:Strike","champ:Defend","champ:Defend"],"score":853,"play_id":"84e8aa3e-b294-4e76-8cc8-752cfe96db9a","local_time":"20210220123933","is_ascension_mode":true,"campfire_choices":[{"data":"champ:Execute","floor":1.0,"key":"SMITH"},{"data":"champ:FanOfKnives","floor":9.0,"key":"SMITH"},{"data":"champ:RecklessLeap","floor":13.0,"key":"SMITH"},{"data":"champ:AdrenalArmor","floor":18.0,"key":"SMITH"},{"data":"champ:Taunt","floor":26.0,"key":"SMITH"},{"data":"champ:FocusedBerserking","floor":35,"key":"SMITH"},{"floor":45,"key":"RECALL"}],"circlet_count":0,"master_deck":["champ:Strike","champ:Strike","champ:Defend","champ:Defend+1","champ:Execute+1","champ:Taunt+1","champ:RecklessLeap+1","champ:CheapShot+1","champ:FanOfKnives+1","champ:AdrenalArmor+1","champ:DeathBlow+1","champ:Haymaker+1","champ:BerserkersShout+1","champ:SwordThrow+1","champ:Lariat+1","champ:FanOfKnives+1","expansioncontent:DashGenerateEvil+1","champ:ArenaPreparation+1","champ:EndlessRage+1","champ:FocusedBerserking+1","champ:SwordThrow+1","champ:HeartStrike+1","infinitespire:SevenWalls","champ:SwordSigil+1"],"relics":["Sozu","hubris:MysteriousPyramids","Blood Vial","Golden Egg","Membership Card","Brimstone","MerchantsRug","infinitespire:Satchel","Chemical X","bronze:BronzeIdol","downfall:HeartBlessingBlue","Question Card","hubris:Potato","hexamod:Sixitude","Tiny House","champ:DefensiveTrainingManual","Replay:Bottled Flurry","Pear","Ancient Tea Set","ReplayTheSpireMod:Lightbulb","Prayer Wheel","Calipers","Pandora\u0027s Box"],"acts_visited":["Exordium","TheCity","TheBeyond","Exordium"],"potions_floor_usage":[],"damage_taken":[{"damage":10.0,"enemies":"2 Louse","floor":2.0,"turns":2.0},{"damage":20.0,"enemies":"downfall:FleeingMerchant","floor":3.0,"turns":4.0},{"damage":26.0,"enemies":"Gremlin Nob","floor":6.0,"turns":4.0},{"damage":60.0,"enemies":"Lagavulin","floor":8.0,"turns":5.0},{"damage":60.0,"enemies":"downfall:FleeingMerchant","floor":10.0,"turns":5.0},{"damage":90.0,"enemies":"downfall:FleeingMerchant","floor":11.0,"turns":5.0},{"damage":0.0,"enemies":"Small Slimes","floor":14.0,"turns":2.0},{"damage":35.0,"enemies":"Jaw Worm","floor":15.0,"turns":2.0},{"damage":57.0,"enemies":"WA_ARCHETYPE_RETAIN","floor":16.0,"turns":4.0},{"damage":26.0,"enemies":"Shell Parasite","floor":19.0,"turns":2.0},{"damage":66.0,"enemies":"3 Byrds","floor":20.0,"turns":4.0},{"damage":32.0,"enemies":"Centurion and Healer","floor":21.0,"turns":4.0},{"damage":55.0,"enemies":"downfall:FleeingMerchant","floor":23.0,"turns":3.0},{"damage":30,"enemies":"3 Cultists","floor":29,"turns":3},{"damage":15,"enemies":"Shelled Parasite and Fungi","floor":30,"turns":2},{"damage":0,"enemies":"Centurion and Healer","floor":32,"turns":3},{"damage":0,"enemies":"DF_ARCHETYPE_CLAW","floor":33,"turns":3},{"damage":0,"enemies":"3 Darklings","floor":36,"turns":2},{"damage":0,"enemies":"Orb Walker","floor":37,"turns":2},{"damage":0,"enemies":"3 Darklings","floor":39,"turns":5},{"damage":0,"enemies":"R_Hoarder","floor":40,"turns":4},{"damage":14,"enemies":"Jaw Worm Horde","floor":43,"turns":4},{"damage":0,"enemies":"Transient","floor":44,"turns":5},{"damage":101,"enemies":"Nightmare","floor":46,"turns":5},{"damage":0,"enemies":"Nightmare","floor":48,"turns":2},{"damage":0,"enemies":"Sphere and 2 Shapes","floor":49,"turns":2},{"damage":10,"enemies":"IC_BLOCK_ARCHETYPE","floor":50,"turns":6}],"seed_played":"-5603623201051328445","potions_obtained":[],"is_trial":false,"path_per_floor":["R","M","$","?","?","E","T","E","R","$","$","?","R","M","M","B",null,"R","M","M","M","?","$","T","AVR","R","?","T","M","M","$","M","B",null,"R","M","M","?","M","E","T","$","M","M","R","NM","AVR","?","M","B",null],"character_chosen":"THE_CHAMP","items_purchased":["Membership Card","MerchantsRug","BargainBundle","Omamori","infinitespire:Satchel","Chemical X","War Paint","expansioncontent:DashGenerateEvil","champ:ArenaPreparation","champ:EndlessRage","hubris:Potato","HollowMod:JonisBlessing","hexamod:Sixitude","DollysMirror","Pear","Ancient Tea Set","ReplayTheSpireMod:Lightbulb"],"campfire_rested":0,"item_purchase_floors":[10,23,23,23,23,23,23,23,23,23,31,31,31,31,42,42,42],"current_hp_per_floor":[90,90,90,90,90,84,84,76,76,78,65,65,65,67,69,59,90,90,84,45,40,40,17,17,17,27,27,27,27,29,29,29,29,100,100,100,100,100,100,100,100,110,101,110,110,65,65,110,110,110,110,110,110],"gold":554,"neow_bonus":"BOSS_RELIC","is_daily":false,"chose_seed":false,"campfire_upgraded":6,"win_rate":0.0,"timestamp":1613846373,"path_taken":["R","M","$","?","?","E","T","E","R","?","$","?","R","M","M","BOSS","R","M","M","M","?","$","T","AVR","R","?","?","?","M","?","M","BOSS","R","M","M","?","M","E","T","$","?","M","R","NM","AVR","?","M","BOSS"],"items_purchased_type":["Relic","Relic","Relic","Relic","Relic","Relic","Relic","Card","Card","Card","Relic","Relic","Relic","Relic","Relic","Relic","Relic"],"build_version":"2020-12-22","purchased_purges":3,"victory":false,"max_hp_per_floor":[90,90,90,90,90,90,90,90,90,90,90,90,90,90,90,90,90,90,90,90,90,90,90,90,90,100,100,100,100,100,100,100,100,100,100,100,100,100,100,100,100,110,110,110,110,110,110,110,110,110,110,110,110],"card_choices":[{"not_picked":["champ:BerserkersShout","champ:BringItOn","champ:PerfectedStrike"],"picked":"SKIP","floor":2.0},{"not_picked":["champ:ShieldSigil","champ:PreciseThrust"],"picked":"champ:RecklessLeap","floor":3.0},{"not_picked":["champ:IronFortress","champ:CrownThrow"],"picked":"champ:FanOfKnives","floor":6.0},{"not_picked":["champ:TornadoPunch","champ:PreciseThrust"],"picked":"champ:AdrenalArmor","floor":8.0},{"not_picked":["champ:StanceDance","champ:ShieldSigil"],"picked":"champ:DeathBlow","floor":10.0},{"not_picked":["champ:GutPunch","champ:Improvising"],"picked":"champ:Haymaker","floor":11.0},{"not_picked":["champ:SetATrap","champ:FalseCounter"],"picked":"champ:BerserkersShout","floor":14.0},{"not_picked":["champ:Backstep","champ:FalseCounter","champ:PerfectedStrike"],"picked":"SKIP","floor":15.0},{"not_picked":["champ:CheapShot","champ:HeavySlash"],"picked":"champ:SwordThrow","floor":16.0},{"not_picked":["champ:PreciseThrust","champ:DefensiveShout+1","champ:BladeFlurry"],"picked":"SKIP","floor":19.0},{"not_picked":["champ:Backstep","champ:EnchantShield","champ:IronFortress+1"],"picked":"SKIP","floor":20.0},{"not_picked":["champ:EndlessRage","champ:ShieldSlam+1"],"picked":"champ:Lariat+1","floor":21.0},{"not_picked":["champ:IronFortress","champ:RageSigil+1"],"picked":"champ:FanOfKnives","floor":23.0},{"not_picked":["champ:BringItOn","champ:EnGarde+1","champ:RapidStrikes"],"picked":"champ:FocusedBerserking","floor":29},{"not_picked":["champ:EnGarde","champ:CrownThrow","champ:DeathBlow","champ:StanceDance+1"],"picked":"SKIP","floor":30},{"not_picked":["champ:FanOfKnives+1","champ:CrookedStrike","champ:EnGarde","champ:StanceDance"],"picked":"SKIP","floor":32},{"not_picked":["champ:FocusedBerserking","champ:SetATrap","champ:Circumvent+1","champ:Haymaker+1"],"picked":"SKIP","floor":36},{"not_picked":["champ:Circumvent","champ:EnGarde+1","champ:Backstep+1","champ:BladeFlurry+1"],"picked":"SKIP","floor":37},{"not_picked":["champ:PreciseThrust","champ:GladiatorStyle+1","champ:PerfectedStrike+1","champ:GutPunch"],"picked":"SKIP","floor":39},{"not_picked":["champ:PreciseThrust+1","champ:StanceDance","champ:Backstep+1","champ:BerserkersShout"],"picked":"SKIP","floor":40},{"not_picked":["champ:HeartStrike+1","champ:ViciousMockery","champ:EndlessRage","champ:DeathBlow"],"picked":"SKIP","floor":43},{"not_picked":["champ:ViciousMockery","champ:EndlessRage","champ:DeathBlow"],"picked":"champ:HeartStrike+1","floor":43},{"not_picked":["champ:PreciseThrust+1","champ:ShieldSigil","champ:CrookedStrike+1","champ:CrownThrow"],"picked":"SKIP","floor":44},{"not_picked":["ReplayTheSpireMod:Echoes of Time","infinitespire:NeuralNetwork"],"picked":"infinitespire:SevenWalls","floor":46},{"not_picked":["champ:PreemptiveStrike+1","champ:DefensiveShout+1","champ:StanceDance+1","champ:Shatter"],"picked":"SKIP","floor":46},{"not_picked":["champ:EnGarde","champ:FanOfKnives+1","champ:TornadoPunch"],"picked":"champ:SwordSigil+1","floor":49},{"not_picked":["champ:GutPunch+1","champ:BringItOn","champ:EnGarde","champ:Lariat+1"],"picked":"SKIP","floor":49}],"player_experience":1135367,"relics_obtained":[{"floor":6.0,"key":"hubris:MysteriousPyramids"},{"floor":7.0,"key":"Blood Vial"},{"floor":8.0,"key":"Golden Egg"},{"floor":28,"key":"Question Card"},{"floor":40,"key":"champ:DefensiveTrainingManual"},{"floor":41,"key":"Replay:Bottled Flurry"},{"floor":46,"key":"Prayer Wheel"}],"event_choices":[{"damage_healed":0.0,"max_hp_gain":0.0,"max_hp_loss":0.0,"gold_gain":1.0,"event_name":"betterStone:BetterStone","player_choice":"1","floor":12.0,"gold_loss":0.0,"damage_taken":0.0},{"damage_healed":0.0,"max_hp_gain":0.0,"max_hp_loss":0.0,"gold_gain":0.0,"event_name":"FaceTrader","player_choice":"Leave","floor":22.0,"gold_loss":0.0,"damage_taken":0.0},{"damage_healed":0,"gold_gain":0,"player_choice":"Ignored","damage_taken":0,"max_hp_gain":0,"max_hp_loss":0,"event_name":"betterNote:BetterNote","floor":27,"gold_loss":0,"cards_obtained":["ReplayTheSpireMod:Book of Names"]}],"is_beta":false,"boss_relics":[{"not_picked":["ReplayTheSpireMod:SealedPack","Replay:Drink Me"],"picked":"hubris:Backtick"},{"not_picked":["Fusion Hammer","Snecko Eye"],"picked":"Tiny House"},{"not_picked":["Runic Dome","Ring of Chaos"],"picked":"Pandora\u0027s Box"}],"items_purged_floors":[23,42,42],"is_endless":true,"potions_floor_spawned":[6,14,16,20,21,30,40,43,46,48],"ascension_level":1}}