{"host":"yfi73559mxreacvo","time":1613791261,"event":{"mods":["AchievementEnabler","Act Like it!","Aspiration","BaseMod","Better Third Choice","BetterRewards","Colored Map","Conspire","Evolution","GifTheSpireLib","Halation","HexUI Lib","Highlight Path","Hubris","Minty Spire (QoL Compilation)","Prisma Mod","Railgun Mod","Reliquary","Replay The Spire","StSLib","Stuff the Spire","The Florist","Wandering Minibosses"],"gold_per_floor":[111,36,36,36,54,129,129,154,154,185,198,215,215,215],"floor_reached":13,"language":"ENG","playtime":324,"items_purged":["PrismaMod:ChloeCommonDefend"],"score":124,"play_id":"590d5edc-63a5-4f09-aa18-0bf7cc98205c","local_time":"20210219222101","is_ascension_mode":true,"campfire_choices":[{"data":"PrismaMod:ChloeCaladbolg","floor":7,"key":"SMITH"}],"circlet_count":1,"master_deck":["PrismaMod:ChloeCommonAttack","PrismaMod:ChloeCommonAttack","PrismaMod:ChloeCommonAttack","PrismaMod:ChloeCommonAttack","PrismaMod:ChloeCommonAttack","PrismaMod:ChloeCommonDefend","PrismaMod:ChloeCommonDefend","PrismaMod:ChloeCommonDefend","PrismaMod:ChloeCommonDefend","PrismaMod:ChloeCheapAttack","PrismaMod:ChloeCheapDefend","PrismaMod:ChloeCheapDefend","PrismaMod:ChloeCaladbolg+1","PrismaMod:ChloeCarnivalAOEAttack","PrismaMod:ChloeRitsuka","PrismaMod:ChloeCheapDefendTwo","PrismaMod:ChloeDiscardRecovery"],"relics":["PrismaMod:PrismaTraceOn","EVO:Axolotl","NeowsBlessing","reliquary:BallBearing","aspiration:SeaSaltIceCream","Circlet"],"acts_visited":["Exordium"],"potions_floor_usage":[10,13,13],"damage_taken":[{"damage":0,"enemies":"Cultist","floor":1,"turns":1},{"damage":0,"enemies":"2 Louse","floor":5,"turns":1},{"damage":0,"enemies":"Gremlin Nob","floor":8,"turns":1},{"damage":15,"enemies":"Lagavulin","floor":10,"turns":4},{"damage":0,"enemies":"Small Slimes","floor":11,"turns":2},{"damage":6,"enemies":"Blue Slaver","floor":12,"turns":3},{"damage":43,"enemies":"Gremlin Nob","floor":13,"turns":5}],"seed_played":"8028157331446022344","potions_obtained":[{"floor":8,"key":"Adrenaline Potion"},{"floor":11,"key":"AttackPotion"},{"floor":12,"key":"ColorlessPotion"}],"is_trial":false,"path_per_floor":["M","$","$","?","M","?","R","E","T","E","M","M","E"],"character_chosen":"CHLOE","items_purchased":[],"campfire_rested":0,"item_purchase_floors":[],"current_hp_per_floor":[75,75,75,75,75,64,64,64,64,49,49,43,0,0],"gold":215,"neow_bonus":"THREE_ENEMY_KILL","is_daily":false,"chose_seed":false,"campfire_upgraded":1,"win_rate":0.0,"timestamp":1613791261,"path_taken":["M","?","$","?","M","?","R","E","T","E","M","M","E"],"items_purchased_type":[],"build_version":"2020-12-22","purchased_purges":1,"victory":false,"max_hp_per_floor":[75,75,75,75,75,75,75,75,75,75,75,75,75,75],"card_choices":[{"not_picked":["PrismaMod:ChloeCheapDefendTwo","PrismaMod:ChloeCheapAttack"],"picked":"PrismaMod:ChloeCheapDefend","floor":1},{"not_picked":["PrismaMod:ChloeDemonicTutor","PrismaMod:ChloeChristmas"],"picked":"PrismaMod:ChloeCaladbolg","floor":5},{"not_picked":["PrismaMod:ChloeRitsuka","PrismaMod:ChloeUncommonAttack"],"picked":"PrismaMod:ChloeCarnivalAOEAttack","floor":8},{"not_picked":["PrismaMod:ChloeCheapAttackTwo","PrismaMod:ChloeCheapDefendTwo"],"picked":"PrismaMod:ChloeRitsuka","floor":10},{"not_picked":["PrismaMod:ChloeCheapAttackTwo","PrismaMod:ChloeRitsuka"],"picked":"PrismaMod:ChloeCheapDefendTwo","floor":11},{"not_picked":["PrismaMod:ChloeCheapAttack","PrismaMod:ChloeCommonAOEAttack"],"picked":"PrismaMod:ChloeDiscardRecovery","floor":12}],"player_experience":525768,"relics_obtained":[{"floor":8,"key":"reliquary:BallBearing"},{"floor":10,"key":"aspiration:SeaSaltIceCream"}],"event_choices":[{"damage_healed":0,"gold_gain":0,"player_choice":"Leave","damage_taken":0,"max_hp_gain":0,"max_hp_loss":0,"event_name":"conspire:Investor","floor":4,"gold_loss":0},{"damage_healed":0,"gold_gain":75,"player_choice":"Gold","damage_taken":11,"max_hp_gain":0,"max_hp_loss":0,"event_name":"betterThird:BetterGoop","floor":6,"gold_loss":0}],"is_beta":false,"boss_relics":[],"items_purged_floors":[2],"is_endless":false,"potions_floor_spawned":[8,11,12],"killed_by":"Gremlin Nob","ascension_level":1}}