{"host":"ypphcgdomtfqpc2w","time":1613796139,"event":{"mods":["BaseMod","DeckTracker","MarisaÅiñ∂âJÅ@ñÇóùçπÅj","Minty Spire (QoL Compilation)","Relic Stats","StSLib"],"gold_per_floor":[111,26,39,49,49,74,74,2,2,22,35,35,53,81,81,155,155,172,172,19,19,39,74,89,123,150,177,195,195,220,220,220,296,296,310,51,51,71,84,113,113,147,147,172,191,240,240,258,258,258,258,258,19,47,47],"floor_reached":56,"language":"ENG","playtime":4859,"items_purged":["Strike_P"],"score":2419,"play_id":"1c478ebc-2c2d-4c5f-a27c-7e078be18172","local_time":"20210220134219","is_ascension_mode":true,"campfire_choices":[{"data":"Eruption","floor":7.0,"key":"SMITH"},{"data":"Omniscience","floor":12.0,"key":"SMITH"},{"data":"Vigilance","floor":15.0,"key":"SMITH"},{"floor":32.0,"key":"RECALL"},{"floor":41.0,"key":"REST"},{"floor":49,"key":"REST"},{"floor":52,"key":"REST"}],"circlet_count":0,"master_deck":["AscendersBane","Strike_P+1","Defend_P","Defend_P","Defend_P","Eruption+1","Vigilance+1","Omniscience+1","LikeWater","Conclude+1","Tantrum","CutThroughFate","Nirvana","Consecrate","JustLucky+1","FearNoEvil","Halt+1","EmptyMind+1","Evaluate+1","ClearTheMind+1","Vault+1","CrushJoints+1","Necronomicurse","ThirdEye+1","Wallop+1","EmptyMind+1","Halt+1","Devotion+1","ThirdEye+1","CutThroughFate+1","InnerPeace+1","TalkToTheHand+1","FlurryOfBlows+1","CutThroughFate+1","Prostrate+1","Panacea+1","Finesse+1","Dark Shackles+1","WindmillStrike+1","Wallop+1","Prostrate+1"],"relics":["PureWater","Yang","Toxic Egg 2","Molten Egg 2","Fusion Hammer","Necronomicon","Lee\u0027s Waffle","Mercury Hourglass","Ancient Tea Set","Whetstone","Blood Vial","Du-Vu Doll","SlaversCollar","Medical Kit","Anchor","Potion Belt","Meat on the Bone","CatCart","Oddly Smooth Stone","Pear"],"acts_visited":["Exordium","TheCity","TheBeyond","TheEnding"],"potions_floor_usage":[55,55,55],"damage_taken":[{"damage":0.0,"enemies":"Jaw Worm","floor":1.0,"turns":4.0},{"damage":0.0,"enemies":"Cultist","floor":3.0,"turns":2.0},{"damage":0.0,"enemies":"2 Louse","floor":4.0,"turns":2.0},{"damage":28.0,"enemies":"3 Sentries","floor":6.0,"turns":6.0},{"damage":0.0,"enemies":"2 Fungi Beasts","floor":10.0,"turns":2.0},{"damage":5.0,"enemies":"Exordium Thugs","floor":11.0,"turns":3.0},{"damage":0.0,"enemies":"Red Slaver","floor":13.0,"turns":2.0},{"damage":0.0,"enemies":"Gremlin Nob","floor":14.0,"turns":2.0},{"damage":1.0,"enemies":"Hexaghost","floor":16.0,"turns":11.0},{"damage":0.0,"enemies":"3 Byrds","floor":18.0,"turns":4.0},{"damage":0.0,"enemies":"Spheric Guardian","floor":22.0,"turns":4.0},{"damage":0.0,"enemies":"Book of Stabbing","floor":23.0,"turns":5.0},{"damage":16.0,"enemies":"Snake Plant","floor":24.0,"turns":3.0},{"damage":0.0,"enemies":"Gremlin Leader","floor":25.0,"turns":4.0},{"damage":0.0,"enemies":"Book of Stabbing","floor":27.0,"turns":3.0},{"damage":0.0,"enemies":"Chosen and Byrds","floor":28.0,"turns":5.0},{"damage":0.0,"enemies":"Gremlin Leader","floor":30.0,"turns":4.0},{"damage":15.0,"enemies":"Champ","floor":33.0,"turns":9.0},{"damage":0.0,"enemies":"3 Darklings","floor":35.0,"turns":4.0},{"damage":0.0,"enemies":"Orb Walker","floor":38.0,"turns":2.0},{"damage":0.0,"enemies":"3 Darklings","floor":39.0,"turns":4.0},{"damage":0.0,"enemies":"Nemesis","floor":40.0,"turns":4.0},{"damage":0.0,"enemies":"Giant Head","floor":42.0,"turns":4.0},{"damage":0.0,"enemies":"Reptomancer","floor":44.0,"turns":3.0},{"damage":0.0,"enemies":"Spire Growth","floor":45.0,"turns":3.0},{"damage":0,"enemies":"Orin","floor":46,"turns":6},{"damage":0,"enemies":"Maw","floor":48,"turns":6},{"damage":6,"enemies":"Donu and Deca","floor":50,"turns":7},{"damage":19,"enemies":"Shield and Spear","floor":54,"turns":6},{"damage":55,"enemies":"The Heart","floor":55,"turns":10}],"seed_played":"8346902807819335661","potions_obtained":[{"floor":1.0,"key":"FearPotion"},{"floor":11.0,"key":"ColorlessPotion"},{"floor":14.0,"key":"Block Potion"},{"floor":16.0,"key":"LiquidBronze"},{"floor":25.0,"key":"SkillPotion"},{"floor":27.0,"key":"Swift Potion"},{"floor":30.0,"key":"StancePotion"},{"floor":33.0,"key":"LiquidMemories"},{"floor":45.0,"key":"BlessingOfTheForge"},{"floor":48,"key":"SpeedPotion"}],"is_trial":false,"path_per_floor":["M","$","M","M","?","E","R","$","T","M","M","R","M","E","R","B",null,"M","?","$","?","M","E","M","E","T","E","M","?","E","?","R","B",null,"M","$","?","M","M","E","R","E","T","E","M","?","?","M","R","B",null,"R","$","E","B",null],"character_chosen":"WATCHER","items_purchased":["Tantrum","BottledMiracle","FearNoEvil","Lee\u0027s Waffle","Medical Kit","TalkToTheHand+1","Oddly Smooth Stone","Wallop+1","Prostrate+1"],"campfire_rested":3,"item_purchase_floors":[2,2,8,20,36,36,53,53,53],"current_hp_per_floor":[61,61,61,61,61,33,33,33,33,33,28,28,28,28,28,27,53,53,32,69,69,69,69,53,53,53,53,55,55,57,57,57,44,63,65,65,65,67,69,69,69,69,69,69,69,69,59,61,69,63,68,69,69,60,19],"gold":47,"neow_bonus":"TRANSFORM_TWO_CARDS","is_daily":false,"chose_seed":false,"campfire_upgraded":3,"win_rate":0.0,"timestamp":1613796139,"path_taken":["M","$","M","M","?","E","R","?","T","M","M","R","M","E","R","BOSS","M","?","$","?","M","E","M","E","T","E","?","?","E","?","R","BOSS","M","$","?","M","M","E","R","E","T","E","?","?","?","M","R","BOSS","R","$","E","BOSS"],"items_purchased_type":["Card","Potion","Card","Relic","Relic","Card","Relic","Card","Card"],"build_version":"2020-12-22","purchased_purges":1,"victory":true,"max_hp_per_floor":[62,62,62,62,62,62,62,62,62,62,62,62,62,62,62,62,62,62,62,69,69,69,69,69,69,69,69,69,69,69,69,69,69,69,69,69,69,69,69,69,69,69,69,69,69,69,69,69,69,69,69,69,69,79,79],"relic_stats":{"Blood Vial":16,"Lee\u0027s Waffle":37,"counters":[30,133],"Yang":[355],"Necronomicon":[25],"Whetstone":["Conclude","Strike_P"],"Medical Kit":[5],"obtain_stats":[{"Potion Belt":42,"Lee\u0027s Waffle":20,"Pear":54,"Oddly Smooth Stone":53,"Yang":6,"Whetstone":26,"Ancient Tea Set":25,"Medical Kit":36,"Mercury Hourglass":23,"Blood Vial":27,"Du-Vu Doll":30,"SlaversCollar":34,"Anchor":40,"Molten Egg 2":14,"Fusion Hammer":17,"Necronomicon":19,"PureWater":0,"Toxic Egg 2":9,"CatCart":46,"Meat on the Bone":44},{"Potion Belt":23,"Lee\u0027s Waffle":10,"Pear":29,"Oddly Smooth Stone":28,"Yang":4,"Whetstone":14,"Ancient Tea Set":14,"Medical Kit":19,"Mercury Hourglass":12,"Blood Vial":15,"Du-Vu Doll":17,"SlaversCollar":18,"Anchor":22,"Molten Egg 2":8,"Fusion Hammer":9,"Necronomicon":10,"PureWater":0,"Toxic Egg 2":4,"CatCart":26,"Meat on the Bone":24},{"Potion Belt":92,"Lee\u0027s Waffle":38,"Pear":123,"Oddly Smooth Stone":117,"Yang":14,"Whetstone":54,"Ancient Tea Set":54,"Medical Kit":78,"Mercury Hourglass":47,"Blood Vial":57,"Du-Vu Doll":65,"SlaversCollar":74,"Anchor":88,"Molten Egg 2":23,"Fusion Hammer":34,"Necronomicon":38,"PureWater":0,"Toxic Egg 2":14,"CatCart":104,"Meat on the Bone":95}],"Mercury Hourglass":[348],"Meat on the Bone":12},"card_choices":[{"not_picked":["Protect","ClearTheMind"],"picked":"Conclude","floor":1.0},{"not_picked":["CrushJoints","SashWhip"],"picked":"CutThroughFate","floor":3.0},{"not_picked":["JustLucky","Perseverance"],"picked":"Nirvana","floor":4.0},{"not_picked":["SandsOfTime","BattleHymn"],"picked":"JustLucky","floor":6.0},{"not_picked":["MasterReality","Protect+1"],"picked":"Halt+1","floor":10.0},{"not_picked":["DeceiveReality+1","InnerPeace+1"],"picked":"EmptyMind+1","floor":11.0},{"not_picked":["Crescendo+1","WindmillStrike"],"picked":"Evaluate+1","floor":13.0},{"not_picked":["SashWhip+1","PathToVictory+1"],"picked":"ClearTheMind+1","floor":14.0},{"not_picked":["MasterReality","Judgement+1"],"picked":"Vault+1","floor":16.0},{"not_picked":["WreathOfFlame+1","Tantrum+1"],"picked":"CrushJoints+1","floor":18.0},{"not_picked":["CrushJoints+1","Swivel+1"],"picked":"ThirdEye+1","floor":22.0},{"not_picked":["Prostrate+1","FollowUp+1"],"picked":"Wallop+1","floor":23.0},{"not_picked":["FearNoEvil+1","CrushJoints+1"],"picked":"EmptyMind+1","floor":24.0},{"not_picked":["Crescendo+1","Swivel+1"],"picked":"Halt+1","floor":25.0},{"not_picked":["SashWhip+1","BattleHymn"],"picked":"Devotion","floor":27.0},{"not_picked":["Protect+1","Tantrum+1"],"picked":"ThirdEye+1","floor":28.0},{"not_picked":["CrushJoints+1","ClearTheMind+1"],"picked":"CutThroughFate+1","floor":30.0},{"not_picked":["CrushJoints+1","Fasting2"],"picked":"InnerPeace+1","floor":35.0},{"not_picked":["BattleHymn","Protect+1"],"picked":"FlurryOfBlows+1","floor":38.0},{"not_picked":["Study+1","Consecrate+1","Halt+1"],"picked":"SKIP","floor":39.0},{"not_picked":["Swivel+1","DeusExMachina+1"],"picked":"CutThroughFate+1","floor":40.0},{"not_picked":["EmptyMind+1","MasterReality","ForeignInfluence+1"],"picked":"SKIP","floor":42.0},{"not_picked":["FlurryOfBlows+1","ForeignInfluence+1","SignatureMove+1"],"picked":"SKIP","floor":44.0},{"not_picked":["Collect+1","ClearTheMind+1","SignatureMove+1"],"picked":"SKIP","floor":45.0},{"not_picked":["ThirdEye+1","JustLucky+1"],"picked":"Prostrate+1","floor":46},{"not_picked":["Jack Of All Trades+1","Magnetism"],"picked":"Panacea+1","floor":47},{"not_picked":["Discovery+1","Madness+1"],"picked":"Finesse+1","floor":47},{"not_picked":["Transmutation+1","Good Instincts+1"],"picked":"Dark Shackles+1","floor":47},{"not_picked":["PathToVictory+1","SashWhip+1"],"picked":"WindmillStrike+1","floor":48},{"not_picked":["FlyingSleeves+1","ClearTheMind+1","EmptyFist+1"],"picked":"SKIP","floor":54}],"player_experience":3334877,"relics_obtained":[{"floor":6.0,"key":"Yang"},{"floor":9.0,"key":"Toxic Egg 2"},{"floor":14.0,"key":"Molten Egg 2"},{"floor":19.0,"key":"Necronomicon"},{"floor":23.0,"key":"Mercury Hourglass"},{"floor":25.0,"key":"Ancient Tea Set"},{"floor":26.0,"key":"Whetstone"},{"floor":27.0,"key":"Blood Vial"},{"floor":30.0,"key":"Du-Vu Doll"},{"floor":40.0,"key":"Anchor"},{"floor":42.0,"key":"Potion Belt"},{"floor":44.0,"key":"Meat on the Bone"},{"floor":46,"key":"CatCart"},{"floor":54,"key":"Pear"}],"event_choices":[{"damage_healed":0.0,"max_hp_gain":0.0,"max_hp_loss":0.0,"gold_gain":0.0,"event_name":"Match and Keep!","player_choice":"1 cards matched","floor":5.0,"gold_loss":0.0,"damage_taken":0.0,"cards_obtained":["Consecrate"]},{"damage_healed":0.0,"max_hp_gain":0.0,"max_hp_loss":0.0,"gold_gain":0.0,"event_name":"Cursed Tome","player_choice":"Obtained Book","floor":19.0,"gold_loss":0.0,"damage_taken":21.0},{"damage_healed":0.0,"max_hp_gain":0.0,"max_hp_loss":0.0,"gold_gain":0.0,"event_name":"Upgrade Shrine","player_choice":"Upgraded","floor":21.0,"gold_loss":0.0,"damage_taken":0.0,"cards_upgraded":["JustLucky"]},{"damage_healed":0.0,"max_hp_gain":0.0,"max_hp_loss":0.0,"gold_gain":0.0,"event_name":"Ghosts","player_choice":"Ignored","floor":29.0,"gold_loss":0.0,"damage_taken":0.0},{"cards_removed":["Strike_P"],"damage_healed":0.0,"max_hp_gain":0.0,"max_hp_loss":0.0,"gold_gain":0.0,"event_name":"Purifier","player_choice":"Purged","floor":31.0,"gold_loss":0.0,"damage_taken":0.0},{"damage_healed":0.0,"max_hp_gain":0.0,"max_hp_loss":0.0,"gold_gain":0.0,"event_name":"Accursed Blacksmith","player_choice":"Forge","floor":37.0,"gold_loss":0.0,"damage_taken":0.0,"cards_upgraded":["Devotion"]},{"damage_healed":0,"gold_gain":0,"player_choice":"Fight","damage_taken":0,"max_hp_gain":0,"max_hp_loss":0,"event_name":"OrinTheCat","floor":46,"gold_loss":0},{"damage_healed":0,"gold_gain":0,"player_choice":"Memory 3","damage_taken":10,"max_hp_gain":0,"max_hp_loss":0,"event_name":"SensoryStone","floor":47,"gold_loss":0}],"is_beta":false,"boss_relics":[{"not_picked":["Black Star","Pandora\u0027s Box"],"picked":"Fusion Hammer"},{"not_picked":["Calling Bell","Velvet Choker"],"picked":"SlaversCollar"}],"items_purged_floors":[36],"is_endless":false,"potions_floor_spawned":[1,4,11,14,16,25,27,30,33,35,40,45,48],"ascension_level":15}}