{"host":"2se5dq1do2gp0x9k","time":1613805117,"event":{"mods":["AchievementEnabler","BaseMod","Block Reminder","Colored Map","Colored Powertips","Minty Spire (QoL Compilation)","Relic Stats","StSLib","SuperFastMode"],"gold_per_floor":[112,112,132,46,46,46,60,60,60,93,111,145,180,180,180,274,274,288,288,288,72,85,85,85,85,112,112,112,36,36,36],"floor_reached":30,"language":"ENG","playtime":655,"items_purged":[],"score":464,"play_id":"9cb97792-1d7c-4efe-b53f-8df05bd70455","local_time":"20210219231157","is_ascension_mode":true,"campfire_choices":[{"data":"Doom and Gloom","floor":6.0,"key":"SMITH"},{"data":"Ball Lightning","floor":8.0,"key":"SMITH"},{"floor":15,"key":"REST"},{"data":"Defragment","floor":23,"key":"SMITH"},{"data":"Defragment","floor":25,"key":"SMITH"}],"circlet_count":0,"master_deck":["AscendersBane","Strike_B+1","Strike_B+1","Defend_B+1","Defend_B+1","Defend_B+1","Defend_B+1","Zap","Dualcast","Tempest","Auto Shields","Doom and Gloom+1","Ball Lightning+1","Defragment+1","Aggregate","Cold Snap","Undo","Core Surge","Cold Snap","Defragment+1","Scrape","Self Repair","Hologram","Defragment"],"relics":["Cracked Core","Pocketwatch","Golden Idol","Bronze Scales","Du-Vu Doll","Turnip","Odd Mushroom","Mummified Hand","Coffee Dripper","Runic Capacitor","Pen Nib"],"acts_visited":["Exordium","TheCity"],"potions_floor_usage":[13,16,30],"damage_taken":[{"damage":7.0,"enemies":"2 Louse","floor":1.0,"turns":2.0},{"damage":4.0,"enemies":"Small Slimes","floor":3.0,"turns":4.0},{"damage":12.0,"enemies":"Jaw Worm","floor":7.0,"turns":2.0},{"damage":15.0,"enemies":"Lagavulin","floor":10.0,"turns":7.0},{"damage":1.0,"enemies":"2 Fungi Beasts","floor":11.0,"turns":3.0},{"damage":8.0,"enemies":"The Mushroom Lair","floor":12.0,"turns":3.0},{"damage":7,"enemies":"3 Sentries","floor":13,"turns":4},{"damage":2,"enemies":"Slime Boss","floor":16,"turns":8},{"damage":28,"enemies":"2 Thieves","floor":18,"turns":3},{"damage":13,"enemies":"Chosen","floor":22,"turns":5},{"damage":17,"enemies":"Gremlin Leader","floor":30,"turns":1}],"seed_played":"3925275321484286923","potions_obtained":[{"floor":1.0,"key":"Dexterity Potion"},{"floor":10.0,"key":"GamblersBrew"},{"floor":16,"key":"Energy Potion"},{"floor":22,"key":"DuplicationPotion"}],"is_trial":false,"path_per_floor":["M","?","M","$","?","R","M","R","T","E","M","?","E","?","R","B",null,"M","?","?","$","M","R","$","R","T","$","?","$","E"],"character_chosen":"DEFECT","items_purchased":["Doom and Gloom","Self Repair","Runic Capacitor","Defragment"],"campfire_rested":1,"item_purchase_floors":[4,21,21,29],"current_hp_per_floor":[57,57,53,53,48,48,36,36,36,21,20,12,5,5,22,20,49,21,21,21,21,15,15,15,15,15,15,15,15,0,0],"gold":36,"neow_bonus":"ONE_RARE_RELIC","is_daily":false,"chose_seed":false,"campfire_upgraded":4,"win_rate":0.0,"timestamp":1613805117,"path_taken":["M","?","M","$","?","R","M","R","T","E","M","?","E","?","R","BOSS","M","?","?","$","M","R","$","R","T","$","?","?","E"],"items_purchased_type":["Card","Card","Relic","Card"],"build_version":"2020-12-22","purchased_purges":0,"victory":false,"max_hp_per_floor":[64,58,58,58,58,58,58,58,58,58,58,58,58,58,58,58,58,58,58,58,58,58,58,58,58,58,58,58,58,58,58],"relic_stats":{"counters":[11,42],"Golden Idol":57,"Mummified Hand":[8],"Bronze Scales":[82],"Turnip":[5],"Pen Nib":[0],"obtain_stats":[{"Du-Vu Doll":9,"Golden Idol":2,"Mummified Hand":13,"Bronze Scales":5,"Turnip":10,"Pen Nib":26,"Coffee Dripper":17,"Runic Capacitor":21,"Odd Mushroom":12,"Cracked Core":0,"Pocketwatch":0},{"Du-Vu Doll":3,"Golden Idol":1,"Mummified Hand":7,"Bronze Scales":2,"Turnip":4,"Pen Nib":10,"Coffee Dripper":8,"Runic Capacitor":9,"Odd Mushroom":6,"Cracked Core":0,"Pocketwatch":0},{"Du-Vu Doll":8,"Golden Idol":2,"Mummified Hand":25,"Bronze Scales":6,"Turnip":15,"Pen Nib":41,"Coffee Dripper":33,"Runic Capacitor":36,"Odd Mushroom":21,"Cracked Core":0,"Pocketwatch":0}],"Pocketwatch":[77]},"card_choices":[{"not_picked":["Beam Cell","Barrage"],"picked":"Tempest","floor":1.0},{"not_picked":["Scrape","Go for the Eyes"],"picked":"Auto Shields","floor":3.0},{"not_picked":["Beam Cell","Go for the Eyes"],"picked":"Ball Lightning","floor":7.0},{"not_picked":["Go for the Eyes","Gash"],"picked":"Defragment","floor":10.0},{"not_picked":["Gash","Sweeping Beam"],"picked":"Aggregate","floor":11.0},{"not_picked":["Streamline","Steam"],"picked":"Cold Snap","floor":12.0},{"not_picked":["Gash","Beam Cell"],"picked":"Undo","floor":13},{"not_picked":["Machine Learning","Seek"],"picked":"Core Surge","floor":16},{"not_picked":["Rebound","Stack"],"picked":"Cold Snap","floor":18},{"not_picked":["Sweeping Beam","FTL"],"picked":"Hologram","floor":22}],"player_experience":4089048,"relics_obtained":[{"floor":9.0,"key":"Du-Vu Doll"},{"floor":10.0,"key":"Turnip"},{"floor":12.0,"key":"Odd Mushroom"},{"floor":13,"key":"Mummified Hand"},{"floor":26,"key":"Pen Nib"}],"event_choices":[{"damage_healed":0.0,"max_hp_gain":0.0,"max_hp_loss":6.0,"gold_gain":0.0,"event_name":"Golden Idol","player_choice":"Lose Max HP","floor":2.0,"gold_loss":0.0,"damage_taken":0.0,"relics_obtained":["Golden Idol"]},{"damage_healed":0.0,"max_hp_gain":0.0,"max_hp_loss":0.0,"gold_gain":0.0,"event_name":"Scrap Ooze","player_choice":"Success","floor":5.0,"gold_loss":0.0,"damage_taken":5.0,"relics_obtained":["Bronze Scales"]},{"damage_healed":0.0,"max_hp_gain":0.0,"max_hp_loss":0.0,"gold_gain":0.0,"event_name":"Mushrooms","player_choice":"Fought Mushrooms","floor":12.0,"gold_loss":0.0,"damage_taken":0.0},{"damage_healed":0,"gold_gain":0,"player_choice":"Ignored","damage_taken":0,"max_hp_gain":0,"max_hp_loss":0,"event_name":"Liars Game","floor":14,"gold_loss":0},{"damage_healed":0,"gold_gain":0,"cards_transformed":["Strike_B","Strike_B"],"player_choice":"Became Test Subject","damage_taken":0,"max_hp_gain":0,"max_hp_loss":0,"event_name":"Drug Dealer","floor":19,"gold_loss":0,"cards_obtained":["Defragment","Scrape"]},{"damage_healed":0,"gold_gain":0,"player_choice":"Ignored","damage_taken":0,"max_hp_gain":0,"max_hp_loss":0,"event_name":"Cursed Tome","floor":20,"gold_loss":0},{"damage_healed":0,"gold_gain":0,"player_choice":"Simplicity","damage_taken":0,"max_hp_gain":0,"max_hp_loss":0,"event_name":"Back to Basics","floor":28,"gold_loss":0,"cards_upgraded":["Strike_B","Strike_B","Defend_B","Defend_B","Defend_B","Defend_B"]}],"is_beta":false,"boss_relics":[{"not_picked":["Tiny House","SacredBark"],"picked":"Coffee Dripper"}],"items_purged_floors":[],"is_endless":false,"potions_floor_spawned":[1,10,16,22],"killed_by":"Gremlin Leader","ascension_level":20}}