{"host":"kmq7aw60w430zvtx","time":1613852219,"event":{"mods":["BaseMod","Downfall","GifTheSpireLib","Hermit","Hubris","Infinite Spire","Minty Spire (QoL Compilation)","Reliquary","Replay The Spire","Spire Arcade","StSLib","The Construct","The Cursed","The Hierophant","The Jungle","The Necromancer","The Runesmith"],"gold_per_floor":[113,113,124,124,141,169,169,169,195,195,205,205,234,244,244,348,348,363,363,382,382,400,435,435,435,435,470,482,482,511,611,611,714,714,733,138,150,200,220,255,255,285,285,285,295,295,295,310,310,310,310,310,0,27,27,27],"floor_reached":55,"language":"ENG","playtime":2990,"items_purged":[],"score":707,"play_id":"2129ed82-888c-4a6d-977c-e81e45a5e467","local_time":"20210220211659","is_ascension_mode":true,"campfire_choices":[{"floor":8,"key":"RECALL"},{"floor":10,"key":"REST"},{"data":"ReplayTheSpireMod:??????????????????????","floor":24,"key":"SMITH"},{"data":"hermit:Brawl","floor":29,"key":"SMITH"},{"floor":32,"key":"REST"},{"floor":41,"key":"REST"},{"floor":47,"key":"REST"},{"data":"hermit:BigShot","floor":49,"key":"SMITH"},{"data":"hermit:Covet","floor":52,"key":"PURGE"}],"circlet_count":0,"master_deck":["hermit:Strike_Hermit","hermit:Strike_Hermit","hermit:Strike_Hermit","hermit:Strike_Hermit+1","hermit:Defend_Hermit","hermit:Defend_Hermit","hermit:Defend_Hermit","hermit:Defend_Hermit","hermit:Snapshot","hermit:BigShot+1","hermit:CalledShot","hermit:BodyArmor","hermit:EyeOfTheStorm","hermit:Shortfuse","hermit:HighCaliber","ReplayTheSpireMod:??????????????????????+1","hermit:HighCaliber+1","hermit:FlashPowder","hermit:Gambit","hermit:HighCaliber","infinitespire:Starlight","hermit:Horror","hermit:Brawl+1","hermit:Enervate+1","hermit:CalledShot","hermit:Vantage","hermit:TakeAim","hermit:RoundhouseKick","hermit:Vantage+1","hermit:FullyLoaded","hermit:Maintenance+1","Violence","hermit:Horror","hermit:Vantage","hermit:ItchyTrigger","hermit:Snipe+1","hermit:Dive","hermit:Showdown+1","hermit:Headshot+1","hermit:FlashPowder","Secret Weapon","hermit:GhostlyPresence+1"],"relics":["hermit:Momento","Gremlin Horn","Vajra","Mirror","Replay:Bronze Core","Bag of Marbles","SlaversCollar","Quantum Egg","Pear","infinitespire:EmpoweringShard","reliquary:SilkGlove","Peace Pipe","Philosopher\u0027s Stone","hubris:SphereOfDissonance","hubris:GlazedTorus","hubris:SlimyHat","Oddly Smooth Stone","War Paint","Bronze Scales"],"acts_visited":["Exordium","theJungle:Jungle","TheBeyond","TheEnding"],"potions_floor_usage":[6,16,25,42,48,50,54,55,55],"damage_taken":[{"damage":3,"enemies":"Jaw Worm","floor":1,"turns":5},{"damage":2,"enemies":"Small Slimes","floor":3,"turns":4},{"damage":0,"enemies":"Cultist","floor":5,"turns":3},{"damage":14,"enemies":"Gremlin Nob","floor":6,"turns":3},{"damage":0,"enemies":"2 Fungi Beasts","floor":11,"turns":2},{"damage":30,"enemies":"Lagavulin","floor":13,"turns":5},{"damage":0,"enemies":"Exordium Wildlife","floor":14,"turns":1},{"damage":44,"enemies":"Hexaghost","floor":16,"turns":9},{"damage":20,"enemies":"theJungle:GiantWrat","floor":18,"turns":6},{"damage":2,"enemies":"theJungle:5_Spyders","floor":20,"turns":4},{"damage":17,"enemies":"theJungle:2_Snecko_Cultists","floor":22,"turns":4},{"damage":10,"enemies":"theJungle:Cassacara","floor":23,"turns":4},{"damage":0,"enemies":"Snake Plant","floor":25,"turns":1},{"damage":9,"enemies":"theJungle:2_Phrogs","floor":27,"turns":5},{"damage":18,"enemies":"theJungle:SlimyTreeVines","floor":28,"turns":4},{"damage":13,"enemies":"theJungle:Cassacara","floor":30,"turns":5},{"damage":52,"enemies":"theJungle:TotemBoss","floor":33,"turns":6},{"damage":0,"enemies":"3 Shapes","floor":35,"turns":1},{"damage":0,"enemies":"Orb Walker","floor":37,"turns":3},{"damage":48,"enemies":"Mind Bloom Boss Battle","floor":38,"turns":6},{"damage":18,"enemies":"4 Shapes","floor":39,"turns":8},{"damage":0,"enemies":"R_Hoarder","floor":40,"turns":6},{"damage":46,"enemies":"Nemesis","floor":42,"turns":5},{"damage":0,"enemies":"Jaw Worm Horde","floor":45,"turns":3},{"damage":5,"enemies":"Writhing Mass","floor":48,"turns":4},{"damage":75,"enemies":"Replay:Hell Engine","floor":50,"turns":8},{"damage":49,"enemies":"Shield and Spear","floor":54,"turns":9},{"damage":80,"enemies":"The Heart","floor":55,"turns":5}],"seed_played":"476721387584167901","potions_obtained":[{"floor":3,"key":"FearPotion"},{"floor":5,"key":"BlessingOfTheForge"},{"floor":14,"key":"SmokeBomb"},{"floor":16,"key":"GamblersBrew"},{"floor":18,"key":"SteroidPotion"},{"floor":27,"key":"champ:CounterPotion"},{"floor":33,"key":"Milkshake"},{"floor":39,"key":"BlessingOfTheForge"},{"floor":40,"key":"Doom Potion"},{"floor":45,"key":"Block Potion"},{"floor":48,"key":"hexamod:SoulburnPotion"},{"floor":54,"key":"Swift Potion"}],"is_trial":false,"path_per_floor":["M","?","M","?","M","E","T","R","T","R","M","?","E","M","R","B",null,"M","AVR","M","?","M","E","R","M","T","E","M","R","E","?","R","B",null,"M","$","M","?","M","E","R","E","T","?","M","?","R","M","R","B",null,"R","$","E","B"],"character_chosen":"HERMIT","items_purchased":["hubris:SphereOfDissonance","hermit:FullyLoaded","hermit:Maintenance","Violence","LifebloodPotion","hermit:FlashPowder","Secret Weapon"],"campfire_rested":4,"item_purchase_floors":[36,36,36,36,53,53,53],"current_hp_per_floor":[72,72,70,70,70,56,56,56,56,75,75,57,27,27,49,5,75,55,55,63,63,56,66,66,66,66,67,64,64,61,56,81,39,85,85,85,85,47,39,49,74,38,38,38,53,53,78,83,83,18,85,85,85,46,0,0],"gold":27,"neow_bonus":"THREE_CARDS","is_daily":false,"chose_seed":false,"campfire_upgraded":3,"win_rate":0.0,"timestamp":1613852219,"path_taken":["M","?","M","?","M","E","?","R","T","R","M","?","E","M","R","BOSS","M","AVR","M","?","M","E","R","M","T","E","?","R","E","?","R","BOSS","M","$","M","?","M","E","R","E","T","?","?","?","R","M","R","BOSS","R","$","E","BOSS"],"items_purchased_type":["Relic","Card","Card","Card","Potion","Card","Card"],"build_version":"2020-12-22","purchased_purges":0,"victory":false,"max_hp_per_floor":[75,75,75,75,75,75,75,75,75,75,75,75,75,75,75,75,75,75,75,75,75,75,85,85,85,85,85,85,85,85,85,85,85,85,85,85,85,85,85,85,85,85,85,85,85,85,85,85,85,85,85,85,85,85,85,85],"card_choices":[{"not_picked":["hermit:TakeAim","hermit:Desperado"],"picked":"hermit:BigShot","floor":0},{"not_picked":["hermit:WideOpen","hermit:FlashPowder"],"picked":"hermit:CalledShot","floor":1},{"not_picked":["hermit:Desperado","hermit:Malice"],"picked":"hermit:BodyArmor","floor":3},{"not_picked":["hermit:BigShot","hermit:Glare"],"picked":"hermit:EyeOfTheStorm","floor":5},{"not_picked":["hermit:Snipe","hermit:Spite"],"picked":"hermit:Shortfuse","floor":6},{"not_picked":["hermit:Roulette","hermit:RoundhouseKick"],"picked":"hermit:HighCaliber","floor":11},{"not_picked":["hubris:Rewind","infinitespire:SealOfDarkness+"],"picked":"ReplayTheSpireMod:??????????????????????","floor":12},{"not_picked":["hermit:Snipe","hermit:SprayPray"],"picked":"hermit:HighCaliber","floor":13},{"not_picked":["hermit:CalledShot","hermit:LoneWolf"],"picked":"hermit:FlashPowder","floor":14},{"not_picked":["hermit:Dissolve","hermit:FinalCanter"],"picked":"hermit:Gambit","floor":16},{"not_picked":["hermit:SprayPray","hermit:Malice+1"],"picked":"hermit:HighCaliber","floor":18},{"not_picked":["hermit:Spite","hermit:HoleUp"],"picked":"hermit:Horror","floor":20},{"not_picked":["hermit:FlashPowder","hermit:Snipe"],"picked":"hermit:Brawl","floor":22},{"not_picked":["hermit:Malice","hermit:Feint"],"picked":"hermit:Enervate+1","floor":23},{"not_picked":["hermit:LoneWolf","hermit:Midnight"],"picked":"hermit:CalledShot","floor":27},{"not_picked":["hermit:HoleUp","hermit:Feint"],"picked":"hermit:Vantage","floor":28},{"not_picked":["hermit:SprayPray","hermit:LowProfile"],"picked":"hermit:TakeAim","floor":30},{"not_picked":["hermit:Adapt","hermit:Reprieve"],"picked":"hermit:RoundhouseKick","floor":33},{"not_picked":["hermit:Coalescence","hermit:Headshot+1"],"picked":"hermit:Vantage+1","floor":35},{"not_picked":["hermit:Snipe+1","hermit:Desperado"],"picked":"hermit:Horror","floor":37},{"not_picked":["hermit:Gestalt","hermit:Determination+1"],"picked":"hermit:Vantage","floor":38},{"not_picked":["hermit:Dive","hermit:Determination"],"picked":"hermit:ItchyTrigger","floor":39},{"not_picked":["hermit:Scavenge","hermit:Determination+1"],"picked":"hermit:Snipe","floor":40},{"not_picked":["hermit:Reprieve","hermit:ShadowCloak+1"],"picked":"hermit:Dive","floor":42},{"not_picked":["hermit:Feint","hermit:Dive"],"picked":"hermit:Showdown+1","floor":45},{"not_picked":["hermit:NoHoldsBarred","hermit:ItchyTrigger+1"],"picked":"hermit:Headshot+1","floor":48},{"not_picked":["hermit:HoleUp+1","hermit:Grudge"],"picked":"hermit:GhostlyPresence+1","floor":54}],"player_experience":393278,"relics_obtained":[{"floor":6,"key":"Gremlin Horn"},{"floor":7,"key":"Vajra"},{"floor":13,"key":"Mirror"},{"floor":21,"key":"Quantum Egg"},{"floor":23,"key":"Pear"},{"floor":26,"key":"infinitespire:EmpoweringShard"},{"floor":27,"key":"reliquary:SilkGlove"},{"floor":30,"key":"Peace Pipe"},{"floor":38,"key":"hubris:GlazedTorus"},{"floor":40,"key":"hubris:SlimyHat"},{"floor":42,"key":"Oddly Smooth Stone"},{"floor":43,"key":"War Paint"},{"floor":54,"key":"Bronze Scales"}],"event_choices":[{"damage_healed":0,"gold_gain":0,"player_choice":"Relic","damage_taken":0,"max_hp_gain":0,"max_hp_loss":0,"event_name":"Wheel of Change","floor":21,"gold_loss":0},{"damage_healed":0,"gold_gain":0,"player_choice":"Fight","damage_taken":0,"max_hp_gain":0,"max_hp_loss":0,"event_name":"MindBloom","floor":38,"gold_loss":0},{"damage_healed":0,"gold_gain":0,"player_choice":"Ignored","damage_taken":0,"max_hp_gain":0,"max_hp_loss":0,"event_name":"SecretPortal","floor":44,"gold_loss":0},{"damage_healed":0,"gold_gain":0,"player_choice":"Ignored","damage_taken":0,"max_hp_gain":0,"max_hp_loss":0,"event_name":"Mysterious Sphere","floor":46,"gold_loss":0}],"is_beta":false,"boss_relics":[{"not_picked":["Coffee Dripper","Snecko Eye"],"picked":"Replay:Bronze Core"},{"not_picked":["hubris:TerracottaHorce","Runic Pyramid"],"picked":"Philosopher\u0027s Stone"}],"items_purged_floors":[],"is_endless":false,"potions_floor_spawned":[3,5,14,16,18,25,27,33,39,40,45,48,54],"killed_by":"The Heart","ascension_level":2}}