{"host":"mo324zvkdr1xwprd","time":1613810238,"event":{"mods":["A Penny For Your Troubles","BaseMod","Better Note","Better Third Choice","BetterRewards","Hermit","Highlight Path","Hubris","Minty Spire (QoL Compilation)","Quick Restart","Rare Cards Sparkle","Shop Mod","StSLib","The Cursed","The Hierophant","The Servant 0.9.4","Transform Curses"],"gold_per_floor":[109,128,139,151,168,196,211,211,236,254,273,284,284,313,313,386,386,399,399,399,399,54,79,79,26,26,57,57,69,83,95,95,169,169,182,182,182,182,196,221,221,253,279,294,312,312,312,322,322,323,323,323,41,67,67],"floor_reached":56,"language":"ENG","playtime":3378,"items_purged":[],"score":2010,"play_id":"4a759bdc-a3a8-4bfb-8eb9-84a23f2c9faf","local_time":"20210220083718","is_ascension_mode":true,"campfire_choices":[{"floor":13.0,"key":"REST"},{"floor":15.0,"key":"REST"},{"floor":24.0,"key":"RECALL"},{"floor":28.0,"key":"REST"},{"data":"Seeing Red","floor":32.0,"key":"SMITH"},{"data":"Barricade","floor":41.0,"key":"SMITH"},{"data":"Terror","floor":49.0,"key":"SMITH"},{"floor":52.0,"key":"REST"}],"circlet_count":0,"master_deck":["AscendersBane","Bash","Panache","Metallicize","Cleave","Whirlwind","Anger","Demon Form+1","Iron Wave","Twin Strike","Power Through","Perfected Strike","Twin Strike","Shrug It Off","Seeing Red+1","Reaper","Shrug It Off","Terror+1","Flex","Cleave","Reckless Charge","Perfected Strike","True Grit+1","Pommel Strike","Barricade+1","hubris:SharpeningStone","Thunderclap","Wild Strike","Impervious","Pummel","Entrench","Burning Pact","Sword Boomerang","Flex+1","Twin Strike","Perfected Strike","Power Through","Pommel Strike+1","Headbutt","The Bomb","Good Instincts","Dramatic Entrance","Perfected Strike","Inflame","Flame Barrier","Juggernaut"],"relics":["Burning Blood","PreservedInsect","Runic Cube","Incense Burner","Pear","hubris:Metronome","Toy Ornithopter","hubris:Reverence","Runic Pyramid","Lee\u0027s Waffle","Bag of Marbles","hubris:SlimyHat","hubris:TinFlute","hubris:SphereOfDissonance","Pandora\u0027s Box","hubris:Towel","Potion Belt","Bottled Flame","Oddly Smooth Stone","Lantern"],"acts_visited":[],"potions_floor_usage":[55,55,55,55],"damage_taken":[{"damage":0.0,"enemies":"2 Louse","floor":1.0,"turns":4.0},{"damage":10.0,"enemies":"Small Slimes","floor":2.0,"turns":4.0},{"damage":4.0,"enemies":"Jaw Worm","floor":3.0,"turns":4.0},{"damage":8.0,"enemies":"3 Louse","floor":4.0,"turns":2.0},{"damage":10.0,"enemies":"Exordium Thugs","floor":5.0,"turns":4.0},{"damage":26.0,"enemies":"Gremlin Nob","floor":6.0,"turns":4.0},{"damage":8.0,"enemies":"Looter","floor":7.0,"turns":3.0},{"damage":11.0,"enemies":"3 Louse","floor":10.0,"turns":3.0},{"damage":12.0,"enemies":"Exordium Thugs","floor":11.0,"turns":2.0},{"damage":9.0,"enemies":"2 Fungi Beasts","floor":12.0,"turns":3.0},{"damage":21.0,"enemies":"Lagavulin","floor":14.0,"turns":4.0},{"damage":44.0,"enemies":"The Guardian","floor":16.0,"turns":10.0},{"damage":0.0,"enemies":"Chosen","floor":18.0,"turns":3.0},{"damage":10.0,"enemies":"Gremlin Leader","floor":23.0,"turns":2.0},{"damage":21.0,"enemies":"Book of Stabbing","floor":27.0,"turns":5.0},{"damage":2.0,"enemies":"Spheric Guardian","floor":29.0,"turns":4.0},{"damage":13.0,"enemies":"Shelled Parasite and Fungi","floor":30.0,"turns":4.0},{"damage":6.0,"enemies":"Centurion and Healer","floor":31.0,"turns":5.0},{"damage":36.0,"enemies":"Automaton","floor":33.0,"turns":8.0},{"damage":23.0,"enemies":"3 Darklings","floor":35.0,"turns":5.0},{"damage":1.0,"enemies":"Orb Walker","floor":39.0,"turns":3.0},{"damage":28.0,"enemies":"Nemesis","floor":40.0,"turns":4.0},{"damage":24.0,"enemies":"Giant Head","floor":42.0,"turns":6.0},{"damage":0.0,"enemies":"Sphere and 2 Shapes","floor":44.0,"turns":4.0},{"damage":9.0,"enemies":"3 Darklings","floor":45.0,"turns":3.0},{"damage":7.0,"enemies":"Jaw Worm Horde","floor":48.0,"turns":2.0},{"damage":67.0,"enemies":"Awakened One","floor":50.0,"turns":9.0},{"damage":40.0,"enemies":"Shield and Spear","floor":54.0,"turns":4.0},{"damage":50,"enemies":"The Heart","floor":55,"turns":6}],"seed_played":"-705920872617206494","potions_obtained":[{"floor":5.0,"key":"DuplicationPotion"},{"floor":6.0,"key":"BloodPotion"},{"floor":10.0,"key":"BloodPotion"},{"floor":14.0,"key":"LiquidBronze"},{"floor":16.0,"key":"SteroidPotion"},{"floor":23.0,"key":"BloodPotion"},{"floor":29.0,"key":"BlessingOfTheForge"},{"floor":30.0,"key":"Regen Potion"},{"floor":42.0,"key":"Energy Potion"},{"floor":45.0,"key":"BlessingOfTheForge"},{"floor":48.0,"key":"EssenceOfSteel"}],"is_trial":false,"path_per_floor":["M","M","M","M","M","E","M","?","T","M","M","M","R","E","R","B",null,"M","?","?","?","$","E","R","$","T","E","R","M","M","M","R","B",null,"M","?","?","?","M","E","R","E","T","M","M","?","T","M","R","B",null,"R","$","E","B",null],"character_chosen":"IRONCLAD","items_purchased":["Panache","Pear","Metallicize","Lee\u0027s Waffle","Bag of Marbles","Cleave","ColorlessPotion","PowerPotion","BlessingOfTheForge","Inflame","Flame Barrier"],"campfire_rested":4,"item_purchase_floors":[0,0,0,22,22,25,53,53,53,53,53],"current_hp_per_floor":[49,45,47,45,41,38,36,36,36,53,47,44,69,54,79,41,74,80,80,80,80,92,88,88,88,88,73,92,92,92,92,92,88,91,84,84,84,92,92,85,85,75,75,87,92,82,82,92,92,43,80,92,92,63,39],"gold":67,"neow_bonus":"","is_daily":false,"chose_seed":false,"campfire_upgraded":3,"win_rate":0.0,"timestamp":1613810238,"path_taken":["M","M","M","M","M","E","M","?","T","M","M","M","R","E","R","BOSS","M","?","?","?","$","E","R","?","T","E","R","M","M","?","R","BOSS","M","?","?","?","M","E","R","E","T","M","?","?","?","M","R","BOSS","R","$","E","BOSS"],"items_purchased_type":["Card","Relic","Card","Relic","Relic","Card","Potion","Potion","Potion","Card","Card"],"build_version":"2020-12-22","purchased_purges":0,"victory":true,"max_hp_per_floor":[85,85,85,85,85,85,85,85,85,85,85,85,85,85,85,85,85,85,85,85,85,92,92,92,92,92,92,92,92,92,92,92,92,92,92,92,92,92,92,92,92,92,92,92,92,92,92,92,92,92,92,92,92,92,92],"card_choices":[{"not_picked":["Heavy Blade","True Grit"],"picked":"Cleave","floor":1.0},{"not_picked":["Dropkick","Heavy Blade"],"picked":"Whirlwind","floor":2.0},{"not_picked":["Perfected Strike","Headbutt"],"picked":"Anger","floor":3.0},{"not_picked":["Sword Boomerang","Infernal Blade"],"picked":"Demon Form","floor":4.0},{"not_picked":["Feel No Pain","Dark Embrace"],"picked":"Iron Wave","floor":5.0},{"not_picked":["Clothesline","Rupture"],"picked":"Twin Strike","floor":6.0},{"not_picked":["Searing Blow","Battle Trance"],"picked":"Power Through","floor":7.0},{"not_picked":["hubris:CleavingFinish","True Grit"],"picked":"Perfected Strike","floor":10.0},{"not_picked":["hubris:SharpeningStone","Searing Blow"],"picked":"Twin Strike","floor":11.0},{"not_picked":["Offering","True Grit"],"picked":"Shrug It Off","floor":12.0},{"not_picked":["hubris:CleavingFinish","Intimidate"],"picked":"Seeing Red","floor":14.0},{"not_picked":["Exhume","Barricade"],"picked":"Reaper","floor":16.0},{"not_picked":["Clothesline","Iron Wave"],"picked":"Shrug It Off","floor":18.0},{"not_picked":["hubris:ReadiedAction","Wild Strike"],"picked":"Flex","floor":23.0},{"not_picked":["Warcry","Body Slam"],"picked":"Reckless Charge","floor":27.0},{"not_picked":["Havoc","Flex"],"picked":"Perfected Strike","floor":29.0},{"not_picked":["Searing Blow","hubris:SharpeningStone"],"picked":"True Grit+1","floor":30.0},{"not_picked":["Clothesline","Anger"],"picked":"Pommel Strike","floor":31.0},{"not_picked":["Berserk","Double Tap"],"picked":"Barricade","floor":33.0},{"not_picked":["Pummel","Anger"],"picked":"Flex+1","floor":35.0},{"not_picked":["Sword Boomerang","Havoc"],"picked":"Twin Strike","floor":39.0},{"not_picked":["Hemokinesis","Brutality"],"picked":"Perfected Strike","floor":40.0},{"not_picked":["Bloodletting+1","Berserk"],"picked":"Power Through","floor":42.0},{"not_picked":["Sword Boomerang","Clothesline+1"],"picked":"Pommel Strike+1","floor":44.0},{"not_picked":["Twin Strike","Havoc"],"picked":"Headbutt","floor":45.0},{"not_picked":["Finesse","Jack Of All Trades"],"picked":"The Bomb","floor":46.0},{"not_picked":["Chrysalis","Flash of Steel"],"picked":"Good Instincts","floor":46.0},{"not_picked":["Mind Blast","hubris:Ssssneak"],"picked":"Dramatic Entrance","floor":46.0},{"not_picked":["Wild Strike","Warcry"],"picked":"Perfected Strike","floor":48.0},{"not_picked":["hubris:ReadiedAction","Shrug It Off+1"],"picked":"Juggernaut","floor":54.0}],"player_experience":765244,"relics_obtained":[{"floor":6.0,"key":"hubris:Metronome"},{"floor":9.0,"key":"Toy Ornithopter"},{"floor":14.0,"key":"hubris:Reverence"},{"floor":23.0,"key":"hubris:SlimyHat"},{"floor":26.0,"key":"hubris:TinFlute"},{"floor":27.0,"key":"hubris:SphereOfDissonance"},{"floor":40.0,"key":"Potion Belt"},{"floor":42.0,"key":"Bottled Flame"},{"floor":47.0,"key":"Oddly Smooth Stone"},{"floor":54.0,"key":"Lantern"}],"event_choices":[{"damage_healed":0.0,"max_hp_gain":0.0,"max_hp_loss":0.0,"gold_gain":0.0,"event_name":"Golden Wing","player_choice":"Ignored","floor":8.0,"gold_loss":0.0,"damage_taken":0.0},{"damage_healed":0.0,"max_hp_gain":0.0,"max_hp_loss":0.0,"gold_gain":0.0,"event_name":"The Library","player_choice":"Read","floor":19.0,"gold_loss":0.0,"damage_taken":0.0,"cards_obtained":["Terror"]},{"damage_healed":0.0,"max_hp_gain":0.0,"max_hp_loss":0.0,"gold_gain":0.0,"event_name":"Beggar","player_choice":"Ignored","floor":21.0,"gold_loss":0.0,"damage_taken":0.0},{"cards_removed":["Iron Wave"],"damage_healed":0.0,"max_hp_gain":0.0,"max_hp_loss":0.0,"gold_gain":0.0,"event_name":"Falling","player_choice":"Removed Attack","floor":36.0,"gold_loss":0.0,"damage_taken":0.0},{"damage_healed":8.0,"max_hp_gain":0.0,"max_hp_loss":0.0,"gold_gain":0.0,"event_name":"Wheel of Change","player_choice":"Full Heal","floor":38.0,"gold_loss":0.0,"damage_taken":0.0},{"damage_healed":0.0,"max_hp_gain":0.0,"max_hp_loss":0.0,"gold_gain":0.0,"event_name":"SensoryStone","player_choice":"Memory 3","floor":46.0,"gold_loss":0.0,"damage_taken":10.0}],"is_beta":false,"boss_relics":[{"not_picked":["Black Blood","Fusion Hammer"],"picked":"Runic Pyramid"},{"not_picked":["hubris:CrackedHourglass","hubris:BlackHole"],"picked":"Pandora\u0027s Box"}],"items_purged_floors":[],"is_endless":false,"potions_floor_spawned":[5,6,10,14,16,23,29,30,31,42,45,48],"ascension_level":16}}