{"host":"v86vpwf004p2esb7","time":1613857598,"event":{"mods":["AchievementEnabler","BaseMod","BetterRewards","Colored Powertips","Minty Spire (QoL Compilation)","Quick Restart","StSLib","Transform Curses"],"gold_per_floor":[116,116,75,95,113,113,140,140,210,235,235,235,252,278,278,374,374,388,398,426,10,10,10,10],"floor_reached":23,"language":"ENG","playtime":834,"items_purged":["Pain"],"score":414,"play_id":"504bbf08-92c7-4994-964c-bbe62950765c","local_time":"20210220134638","is_ascension_mode":true,"campfire_choices":[{"floor":6,"key":"REST"},{"data":"Storm","floor":8,"key":"SMITH"},{"data":"Fusion","floor":11,"key":"SMITH"},{"floor":15,"key":"RECALL"}],"circlet_count":0,"master_deck":["Strike_B","Strike_B","Strike_B","Strike_B","Defend_B","Defend_B","Defend_B","Defend_B","Zap","Dualcast","Panache","Loop","Self Repair","Cold Snap","Conserve Battery","Dramatic Entrance","Streamline","Ball Lightning","Turbo","Storm+1","Fusion+1","Streamline","Defragment","Turbo","Loop","Buffer","Chaos","Compile Driver+1","Gash","Chill","Blizzard","Self Repair","Heatsinks","PanicButton"],"relics":["Cracked Core","Lantern","Meat on the Bone","Dream Catcher","Cables","Eternal Feather","Bronze Scales","WarpedTongs","Prayer Wheel","Nuclear Battery","Red Mask","Bottled Tornado"],"acts_visited":["Exordium","TheCity"],"potions_floor_usage":[14,16,19,23],"damage_taken":[{"damage":0,"enemies":"2 Louse","floor":1,"turns":2},{"damage":0,"enemies":"Small Slimes","floor":4,"turns":2},{"damage":0,"enemies":"Cultist","floor":5,"turns":3},{"damage":19,"enemies":"3 Sentries","floor":7,"turns":5},{"damage":16,"enemies":"Gremlin Nob","floor":10,"turns":3},{"damage":11,"enemies":"Exordium Thugs","floor":13,"turns":3},{"damage":30,"enemies":"Lagavulin","floor":14,"turns":4},{"damage":56,"enemies":"The Guardian","floor":16,"turns":8},{"damage":6,"enemies":"3 Byrds","floor":18,"turns":2},{"damage":0,"enemies":"Spheric Guardian","floor":19,"turns":3},{"damage":50,"enemies":"Masked Bandits","floor":20,"turns":4},{"damage":39,"enemies":"Slavers","floor":23,"turns":2}],"seed_played":"1034421305678071714","potions_obtained":[{"floor":1,"key":"Regen Potion"},{"floor":5,"key":"Dexterity Potion"},{"floor":7,"key":"Energy Potion"},{"floor":13,"key":"DuplicationPotion"},{"floor":19,"key":"Fruit Juice"},{"floor":20,"key":"SmokeBomb"}],"is_trial":false,"path_per_floor":["M","?","?","M","M","R","E","R","T","E","R","?","M","E","R","B",null,"M","M","?","$","?","E"],"character_chosen":"DEFECT","items_purchased":["Lantern","Panache","Loop","Self Repair","Meat on the Bone","Cold Snap","Conserve Battery","Dramatic Entrance","Bottled Tornado","Self Repair"],"campfire_rested":1,"item_purchase_floors":[0,0,0,0,0,0,0,0,21,21],"current_hp_per_floor":[44,2,2,21,40,62,50,50,50,46,58,58,47,36,51,29,64,58,70,32,32,32,0,0],"gold":10,"neow_bonus":"","is_daily":false,"chose_seed":false,"campfire_upgraded":2,"win_rate":0.0,"timestamp":1613857598,"path_taken":["M","?","?","M","M","R","E","R","T","E","R","?","?","E","R","BOSS","M","M","?","$","?","E"],"items_purchased_type":["Relic","Card","Card","Card","Relic","Card","Card","Card","Relic","Card"],"build_version":"2020-12-22","purchased_purges":1,"victory":false,"max_hp_per_floor":[75,75,75,75,75,75,75,75,75,75,75,75,75,75,75,75,75,75,80,80,80,80,80,80],"card_choices":[{"not_picked":["Consume","Streamline"],"picked":"Ball Lightning","floor":1},{"not_picked":["Sunder","Heatsinks"],"picked":"Turbo","floor":4},{"not_picked":["Cold Snap","Defragment"],"picked":"Storm","floor":5},{"not_picked":["Machine Learning","Recycle"],"picked":"Fusion","floor":6},{"not_picked":["Steam Power","Compile Driver"],"picked":"Streamline","floor":7},{"not_picked":["Go for the Eyes","Fusion"],"picked":"Defragment","floor":10},{"not_picked":["Auto Shields","BootSequence"],"picked":"Turbo","floor":13},{"not_picked":["Compile Driver","Coolheaded"],"picked":"Loop","floor":14},{"not_picked":["Amplify","Reboot"],"picked":"Buffer","floor":16},{"not_picked":["Hologram","Barrage"],"picked":"Chaos","floor":18},{"not_picked":["Fusion","Rip and Tear"],"picked":"Compile Driver+1","floor":18},{"not_picked":["Compile Driver","Skim"],"picked":"Gash","floor":19},{"not_picked":["Barrage","Streamline"],"picked":"Chill","floor":19},{"not_picked":["Rebound+1","Leap"],"picked":"Blizzard","floor":20}],"player_experience":317975,"relics_obtained":[{"floor":7,"key":"Cables"},{"floor":9,"key":"Eternal Feather"},{"floor":10,"key":"Bronze Scales"},{"floor":14,"key":"Prayer Wheel"},{"floor":20,"key":"Red Mask"}],"event_choices":[{"damage_healed":0,"gold_gain":0,"player_choice":"Success","damage_taken":42,"relics_obtained":["Dream Catcher"],"max_hp_gain":0,"max_hp_loss":0,"event_name":"Scrap Ooze","floor":2,"gold_loss":0},{"damage_healed":0,"gold_gain":0,"player_choice":"Left Gold","damage_taken":0,"max_hp_gain":0,"max_hp_loss":0,"event_name":"World of Goop","floor":3,"gold_loss":41},{"damage_healed":0,"gold_gain":0,"player_choice":"Rummage","damage_taken":0,"relics_obtained":["WarpedTongs"],"max_hp_gain":0,"max_hp_loss":0,"event_name":"Accursed Blacksmith","floor":12,"gold_loss":0,"cards_obtained":["Pain"]},{"damage_healed":0,"gold_gain":0,"player_choice":"Fought Bandits","damage_taken":0,"max_hp_gain":0,"max_hp_loss":0,"event_name":"Masked Bandits","floor":20,"gold_loss":0},{"damage_healed":0,"gold_gain":0,"player_choice":"2 cards matched","damage_taken":0,"max_hp_gain":0,"max_hp_loss":0,"event_name":"Match and Keep!","floor":22,"gold_loss":0,"cards_obtained":["Heatsinks","PanicButton"]}],"is_beta":false,"boss_relics":[{"not_picked":["Coffee Dripper","Pandora\u0027s Box"],"picked":"Nuclear Battery"}],"items_purged_floors":[21],"is_endless":false,"potions_floor_spawned":[1,5,7,13,19,20],"killed_by":"Slavers","ascension_level":7}}