{"host":"uceopoba4zvqsgiy","time":1613838686,"event":{"mods":["2.2 Compatiblity","Act Like it!","BaseMod","Better Skull","Better Third Choice","Elementarium","Evolution","GifTheSpireLib","Hermit","Humility","Infinite Spire","Jorbs\u0027s Wanderer Trilogy","Marked Mod","Minty Spire (QoL Compilation)","Potionbrewer","Reliquary","Replay The Spire","Robot Space Explorer","Shade Mod","Spicy Shops","StS++","StSLib","Stuff the Spire","The Blue Laboratory","The Caster","The Cursed","The Dragon Tamer","The Dragonkin","The Hierophant","The Judge","The Jungle","TheSurvivalist","Wandering Minibosses"],"gold_per_floor":[115,115,115,127,127,157,157,332,332,108,108,108,142,142,142,160,160,160,160],"floor_reached":18,"language":"ENG","playtime":503,"items_purged":[],"score":254,"play_id":"53c88c38-79c6-45e2-8e3e-1ea845765050","local_time":"20210221030126","is_ascension_mode":true,"campfire_choices":[{"data":"Loop","floor":7,"key":"SMITH"},{"data":"Static Discharge","floor":14,"key":"SMITH"},{"data":"infinitespire:Fortify","floor":17,"key":"SMITH"}],"circlet_count":0,"master_deck":["Cold Snap","Cold Snap","Cold Snap","Cold Snap","Leap","Leap","Leap","Leap","Zap","Dualcast","Regret","Voices","infinitespire:Fortify+1","Loop+1","Doubt","Static Discharge+1","Pain"],"relics":["Cracked Core","EVO:Axolotl","NeowsBlessing","StuffTheSpire:RedRose","infinitespire:FocusingShard","StSpp:BrokenTotem","infinitespire:PuzzleCube","Ancient Tea Set","WarpedTongs"],"acts_visited":["Exordium"],"potions_floor_usage":[18,18,18,18],"damage_taken":[{"damage":0,"enemies":"Cultist","floor":1,"turns":1},{"damage":0,"enemies":"Small Slimes","floor":4,"turns":1},{"damage":0,"enemies":"Gremlin Nob","floor":6,"turns":1},{"damage":14,"enemies":"Lagavulin","floor":13,"turns":7},{"damage":4,"enemies":"infinitespire:Voidling","floor":16,"turns":3},{"damage":152,"enemies":"Hexaghost","floor":18,"turns":4}],"seed_played":"-1914913470648900321","potions_obtained":[{"floor":6,"key":"potionbrewer:EndurancePotion"},{"floor":13,"key":"blueLaboratory:CoolantVial"},{"floor":16,"key":"EntropicBrew"}],"is_trial":false,"path_per_floor":["M","?","?","M","?","E","R","?","T","$","PTL","PTL","E","R","?","M","R","B"],"character_chosen":"DEFECT","items_purchased":["StSpp:BrokenTotem","infinitespire:PuzzleCube"],"campfire_rested":0,"item_purchase_floors":[10,10],"current_hp_per_floor":[69,69,69,69,69,69,69,69,69,69,69,69,55,55,55,51,51,0,0],"gold":160,"neow_bonus":"THREE_ENEMY_KILL","is_daily":false,"chose_seed":false,"campfire_upgraded":3,"win_rate":0.0,"timestamp":1613838686,"path_taken":["M","?","?","?","?","E","R","?","T","$","PTL","PTL","E","R","?","M","R","BOSS"],"items_purchased_type":["Relic","Relic"],"build_version":"2020-12-22","purchased_purges":0,"victory":false,"max_hp_per_floor":[76,76,76,76,76,76,76,76,76,76,76,76,76,76,76,76,76,76,76],"card_choices":[{"not_picked":["Chaos","Streamline","Go for the Eyes"],"picked":"SKIP","floor":1},{"not_picked":["Turbo","Go for the Eyes","Leap"],"picked":"SKIP","floor":4},{"not_picked":["infinitespire:Menacing","ReplayTheSpireMod:Echoes of Time"],"picked":"infinitespire:Fortify","floor":5},{"not_picked":["ReplaySort","Doom and Gloom"],"picked":"Loop","floor":6},{"not_picked":["StuffTheSpire:EventHorizon","Turbo"],"picked":"Static Discharge","floor":13},{"not_picked":["Go for the Eyes","ReplaySolidLightProjector","Leap"],"picked":"SKIP","floor":16}],"player_experience":1850337,"relics_obtained":[{"floor":6,"key":"infinitespire:FocusingShard"},{"floor":13,"key":"Ancient Tea Set"}],"event_choices":[{"damage_healed":0,"gold_gain":0,"player_choice":"Bought 0 Potions","damage_taken":0,"max_hp_gain":0,"max_hp_loss":0,"event_name":"The Woman in Blue","floor":3,"gold_loss":0},{"damage_healed":0,"gold_gain":175,"player_choice":"AGREE","damage_taken":157,"max_hp_gain":0,"max_hp_loss":0,"event_name":"betterThird:BetterSerpent","floor":8,"gold_loss":0},{"damage_healed":0,"gold_gain":0,"player_choice":"Rummage","damage_taken":0,"relics_obtained":["WarpedTongs"],"max_hp_gain":0,"max_hp_loss":0,"event_name":"Accursed Blacksmith","floor":15,"gold_loss":0,"cards_obtained":["Pain"]}],"is_beta":false,"boss_relics":[],"items_purged_floors":[],"is_endless":false,"potions_floor_spawned":[6,13,16],"killed_by":"Hexaghost","ascension_level":9,"is_humility":true}}