{"host":"dkr0dog13pegamnp","time":1613832772,"event":{"mods":["AchievementEnabler","BaseMod","Minty Spire (QoL Compilation)","Rare Cards Sparkle","StSLib","SuperFastMode","everything is the same but u backflip on backflip"],"gold_per_floor":[117,130,130,48,68,98,109,124,170,186,186,204,204,220,220,320,320,330,330,343,343,358,358,358],"floor_reached":23,"language":"KOR","playtime":610,"items_purged":[],"score":305,"play_id":"1d47fd28-7dfb-4b91-896c-8d6f656f90f2","local_time":"20210220235252","is_ascension_mode":true,"campfire_choices":[{"floor":11.0,"key":"REST"},{"data":"Crippling Poison","floor":13.0,"key":"SMITH"},{"data":"Noxious Fumes","floor":15.0,"key":"SMITH"}],"circlet_count":0,"master_deck":["AscendersBane","Strike_G","Strike_G","Strike_G","Strike_G","Strike_G","Defend_G","Defend_G","Defend_G","Defend_G","Defend_G","Survivor","Neutralize","Acrobatics","Deadly Poison+1","Noxious Fumes+1","Underhanded Strike","Blur","Catalyst","Escape Plan","PiercingWail","Crippling Poison+1","Night Terror","Acrobatics+1"],"relics":["Ring of the Snake","NeowsBlessing","Juzu Bracelet","Regal Pillow","HoveringKite"],"acts_visited":["Exordium","TheCity"],"potions_floor_usage":[22,23],"damage_taken":[{"damage":0.0,"enemies":"Jaw Worm","floor":1.0,"turns":1.0},{"damage":0.0,"enemies":"Cultist","floor":2.0,"turns":1.0},{"damage":0.0,"enemies":"Small Slimes","floor":5.0,"turns":1.0},{"damage":34.0,"enemies":"3 Sentries","floor":6.0,"turns":10.0},{"damage":4.0,"enemies":"Blue Slaver","floor":7.0,"turns":3.0},{"damage":4.0,"enemies":"2 Fungi Beasts","floor":8.0,"turns":3.0},{"damage":9.0,"enemies":"Red Slaver","floor":10.0,"turns":4.0},{"damage":8.0,"enemies":"Lots of Slimes","floor":12.0,"turns":5.0},{"damage":18.0,"enemies":"Gremlin Gang","floor":14.0,"turns":3.0},{"damage":14.0,"enemies":"Slime Boss","floor":16.0,"turns":9.0},{"damage":10.0,"enemies":"Shell Parasite","floor":18.0,"turns":4.0},{"damage":12.0,"enemies":"Chosen","floor":20.0,"turns":5.0},{"damage":7,"enemies":"Centurion and Healer","floor":22,"turns":6},{"damage":17,"enemies":"Slavers","floor":23,"turns":3}],"seed_played":"4660803701846822307","potions_obtained":[{"floor":2.0,"key":"Energy Potion"},{"floor":7.0,"key":"EssenceOfSteel"},{"floor":10.0,"key":"Weak Potion"},{"floor":14.0,"key":"AttackPotion"},{"floor":16.0,"key":"BlessingOfTheForge"},{"floor":18.0,"key":"Explosive Potion"},{"floor":20.0,"key":"SkillPotion"}],"is_trial":false,"path_per_floor":["M","M","?","$","M","E","M","M","T","M","R","M","R","M","R","B",null,"M","?","M","?","M","E"],"character_chosen":"THE_SILENT","items_purchased":["Noxious Fumes"],"campfire_rested":1,"item_purchase_floors":[4],"current_hp_per_floor":[63,63,63,63,63,29,25,21,21,12,48,40,40,22,22,8,55,45,45,33,20,13,0,0],"gold":358,"neow_bonus":"THREE_ENEMY_KILL","is_daily":false,"chose_seed":false,"campfire_upgraded":2,"win_rate":0.0,"timestamp":1613832772,"path_taken":["M","M","?","$","?","E","M","M","T","M","R","M","R","M","R","BOSS","M","?","M","?","M","E"],"items_purchased_type":["Card"],"build_version":"2020-12-22","purchased_purges":0,"victory":false,"max_hp_per_floor":[70,70,70,70,70,70,70,70,70,70,70,70,70,70,70,70,70,70,70,70,75,75,75,75],"card_choices":[{"not_picked":["Prepared","Blade Dance"],"picked":"Acrobatics","floor":1.0},{"not_picked":["Blade Dance","Skewer"],"picked":"Deadly Poison","floor":2.0},{"not_picked":["Outmaneuver","Deadly Poison"],"picked":"Underhanded Strike","floor":5.0},{"not_picked":["Escape Plan","Outmaneuver"],"picked":"Blur","floor":6.0},{"not_picked":["Prepared","Backflip"],"picked":"Catalyst","floor":7.0},{"not_picked":["Backflip","Underhanded Strike"],"picked":"Escape Plan","floor":8.0},{"not_picked":["Deflect","Poisoned Stab"],"picked":"PiercingWail","floor":10.0},{"not_picked":["Dash","Quick Slash"],"picked":"Crippling Poison","floor":12.0},{"not_picked":["Slice","Deflect","Storm of Steel"],"picked":"SKIP","floor":14.0},{"not_picked":["Storm of Steel","A Thousand Cuts"],"picked":"Night Terror","floor":16.0},{"not_picked":["Prepared","Catalyst"],"picked":"Acrobatics+1","floor":18.0},{"not_picked":["All Out Attack","Endless Agony","Dodge and Roll"],"picked":"SKIP","floor":20.0},{"not_picked":["Flying Knee","Cloak And Dagger","Outmaneuver"],"picked":"SKIP","floor":22}],"player_experience":72805,"relics_obtained":[{"floor":6.0,"key":"Juzu Bracelet"},{"floor":9.0,"key":"Regal Pillow"}],"event_choices":[{"damage_healed":0.0,"max_hp_gain":0.0,"max_hp_loss":0.0,"gold_gain":0.0,"event_name":"Accursed Blacksmith","player_choice":"Forge","floor":3.0,"gold_loss":0.0,"damage_taken":0.0,"cards_upgraded":["Deadly Poison"]},{"damage_healed":0.0,"max_hp_gain":0.0,"max_hp_loss":0.0,"gold_gain":0.0,"event_name":"Vampires","player_choice":"Ignored","floor":19.0,"gold_loss":0.0,"damage_taken":0.0},{"damage_healed":0.0,"max_hp_gain":5.0,"max_hp_loss":0.0,"gold_gain":0.0,"event_name":"Forgotten Altar","player_choice":"Shed Blood","floor":21.0,"gold_loss":0.0,"damage_taken":18.0}],"is_beta":false,"boss_relics":[{"not_picked":["Tiny House","Ectoplasm"],"picked":"HoveringKite"}],"items_purged_floors":[],"is_endless":false,"potions_floor_spawned":[2,7,10,14,16,18,20],"killed_by":"Slavers","ascension_level":11}}