{"host":"a5406dzxsi185pm5","time":1613856918,"event":{"mods":["AchievementEnabler","BaseMod","Bestiary","Colored Map","Colored Powertips","Keyboard Shortcuts","Minty Spire (QoL Compilation)"],"gold_per_floor":[116,191,202,213,230,230,259,259,259,259,272,292,305,325,325,421,421,435,454,474,474,20,50,50,50,50,50,50],"floor_reached":27,"language":"ENG","playtime":3476,"items_purged":["Strike_G"],"score":262,"play_id":"315a8c3e-65ab-440e-9120-6be93d8c6fb7","local_time":"20210220163518","is_ascension_mode":false,"campfire_choices":[{"data":"Blur","floor":6.0,"key":"SMITH"},{"data":"Blind","floor":15.0,"key":"SMITH"},{"floor":25,"key":"REST"}],"circlet_count":0,"master_deck":["Strike_G","Strike_G","Strike_G","Strike_G","Defend_G","Defend_G","Defend_G","Defend_G","Defend_G","Survivor","Neutralize","Blind+1","All Out Attack+1","Poisoned Stab","Blur+1","Poisoned Stab","Crippling Poison","Backflip+1","Bullet Time+1","Poisoned Stab","Deadly Poison+1","Unload","Sucker Punch","PiercingWail+1","Poisoned Stab","Footwork","Deflect+1"],"relics":["Ring of the Snake","Bottled Flame","Toxic Egg 2","Black Star","The Specimen","Eternal Feather","Frozen Egg 2","Enchiridion","Kunai"],"acts_visited":["Exordium","TheCity"],"potions_floor_usage":[23,23,27],"damage_taken":[{"damage":0.0,"enemies":"Small Slimes","floor":1.0,"turns":5.0},{"damage":0.0,"enemies":"Jaw Worm","floor":3.0,"turns":4.0},{"damage":0.0,"enemies":"Cultist","floor":4.0,"turns":3.0},{"damage":8.0,"enemies":"Gremlin Gang","floor":5.0,"turns":5.0},{"damage":5.0,"enemies":"Lagavulin","floor":7.0,"turns":8.0},{"damage":2.0,"enemies":"2 Fungi Beasts","floor":11.0,"turns":3.0},{"damage":0.0,"enemies":"Blue Slaver","floor":12.0,"turns":3.0},{"damage":0.0,"enemies":"Looter","floor":13.0,"turns":4.0},{"damage":0.0,"enemies":"3 Louse","floor":14.0,"turns":2.0},{"damage":18.0,"enemies":"Slime Boss","floor":16.0,"turns":13.0},{"damage":4,"enemies":"Shell Parasite","floor":18,"turns":7},{"damage":7,"enemies":"3 Byrds","floor":19,"turns":5},{"damage":16,"enemies":"Cultist and Chosen","floor":20,"turns":6},{"damage":46,"enemies":"Gremlin Leader","floor":23,"turns":9},{"damage":41,"enemies":"Slavers","floor":27,"turns":6}],"seed_played":"-158204702140549201","potions_obtained":[{"floor":3.0,"key":"LiquidMemories"},{"floor":10.0,"key":"EntropicBrew"},{"floor":10.0,"key":"DistilledChaos"},{"floor":10.0,"key":"LiquidBronze"},{"floor":11.0,"key":"Regen Potion"},{"floor":16.0,"key":"SteroidPotion"},{"floor":18,"key":"SpeedPotion"},{"floor":20,"key":"Swift Potion"}],"is_trial":false,"path_per_floor":["M","?","M","M","M","R","E","?","T","?","M","M","M","M","R","B",null,"M","M","M","?","$","E","?","R","T","E"],"character_chosen":"THE_SILENT","items_purchased":["The Specimen","Footwork"],"campfire_rested":1,"item_purchase_floors":[22,22],"current_hp_per_floor":[70,59,59,59,51,51,46,46,46,46,44,44,44,44,44,41,70,66,59,43,66,66,20,4,40,40,0,0],"gold":50,"neow_bonus":"RANDOM_COLORLESS","is_daily":false,"chose_seed":false,"campfire_upgraded":2,"win_rate":0.0,"timestamp":1613856918,"path_taken":["M","?","M","M","M","R","E","?","T","?","M","?","M","M","R","BOSS","M","?","M","?","$","E","?","R","T","E"],"items_purchased_type":["Relic","Card"],"build_version":"2020-12-22","purchased_purges":1,"victory":false,"max_hp_per_floor":[70,70,70,70,70,70,70,70,70,70,70,70,70,70,70,70,70,70,70,70,70,70,70,70,70,70,70,70],"card_choices":[{"not_picked":["Panacea","Finesse"],"picked":"Blind","floor":0.0},{"not_picked":["Outmaneuver","Cloak And Dagger"],"picked":"All Out Attack","floor":1.0},{"not_picked":["Escape Plan","Sucker Punch"],"picked":"Poisoned Stab","floor":3.0},{"not_picked":["PiercingWail","Dash"],"picked":"Blur","floor":4.0},{"not_picked":["Predator","Dagger Throw"],"picked":"Poisoned Stab","floor":5.0},{"not_picked":["Eviscerate","Dodge and Roll"],"picked":"Crippling Poison","floor":7.0},{"not_picked":["Cloak And Dagger+1","Riddle With Holes"],"picked":"Backflip+1","floor":11.0},{"not_picked":["Dodge and Roll+1","Well Laid Plans"],"picked":"Bullet Time+1","floor":12.0},{"not_picked":["Endless Agony","Escape Plan+1"],"picked":"Poisoned Stab","floor":13.0},{"not_picked":["Blade Dance+1","Acrobatics+1"],"picked":"Deadly Poison+1","floor":14.0},{"not_picked":["Phantasmal Killer+1","Tools of the Trade"],"picked":"Unload","floor":16.0},{"not_picked":["Slice","Choke"],"picked":"Sucker Punch","floor":18},{"not_picked":["Deadly Poison+1","Cloak And Dagger+1"],"picked":"PiercingWail+1","floor":19},{"not_picked":["Outmaneuver+1","PiercingWail+1"],"picked":"Poisoned Stab","floor":20},{"not_picked":["Dash","Leg Sweep+1"],"picked":"Deflect+1","floor":23}],"player_experience":106762,"relics_obtained":[{"floor":7.0,"key":"Bottled Flame"},{"floor":9.0,"key":"Toxic Egg 2"},{"floor":23,"key":"Eternal Feather"},{"floor":23,"key":"Frozen Egg 2"},{"floor":24,"key":"Enchiridion"},{"floor":26,"key":"Kunai"}],"event_choices":[{"damage_healed":0.0,"max_hp_gain":0.0,"max_hp_loss":0.0,"gold_gain":75.0,"event_name":"World of Goop","player_choice":"Gather Gold","floor":2.0,"gold_loss":0.0,"damage_taken":11.0},{"damage_healed":0.0,"max_hp_gain":0.0,"max_hp_loss":0.0,"gold_gain":0.0,"event_name":"Living Wall","player_choice":"Grow","floor":8.0,"gold_loss":0.0,"damage_taken":0.0,"cards_upgraded":["All Out Attack"]},{"damage_healed":0.0,"max_hp_gain":0.0,"max_hp_loss":0.0,"gold_gain":0.0,"event_name":"Lab","player_choice":"Got Potions","floor":10.0,"gold_loss":0.0,"damage_taken":0.0},{"damage_healed":23,"gold_gain":0,"player_choice":"Heal","damage_taken":0,"max_hp_gain":0,"max_hp_loss":0,"event_name":"The Library","floor":21,"gold_loss":0},{"damage_healed":0,"gold_gain":0,"player_choice":"Obtained Book","damage_taken":16,"max_hp_gain":0,"max_hp_loss":0,"event_name":"Cursed Tome","floor":24,"gold_loss":0}],"is_beta":false,"boss_relics":[{"not_picked":["HoveringKite","Fusion Hammer"],"picked":"Black Star"}],"items_purged_floors":[22],"is_endless":false,"potions_floor_spawned":[3,11,16,18,20],"killed_by":"Slavers","ascension_level":0}}