{"host":"1dhlu4qzehvrzpot","time":1613859087,"event":{"mods":["2.2 Compatiblity","AchievementEnabler","BaseMod","Block Reminder","Minty Spire (QoL Compilation)","Permanent Neow","Quick Restart","Rare Cards Sparkle","Relic Stats","Say the Spire","Slay-I","StSLib","SuperFastMode"],"gold_per_floor":[114,129,304,147,162,162,162,192,192,222,297,116,116,131,131,131,131],"floor_reached":16,"language":"ENG","playtime":392,"items_purged":["Doubt"],"score":133,"play_id":"7b759380-9aa7-418f-bd36-24e4636fef18","local_time":"20210220231127","daily_mods":["Shiny","Red Cards","DeadlyEvents"],"is_ascension_mode":false,"campfire_choices":[{"data":"Feed","floor":6,"key":"SMITH"},{"floor":13,"key":"REST"},{"data":"Seek","floor":15,"key":"SMITH"}],"circlet_count":0,"master_deck":["Double Tap","Demon Form","Bludgeon","Feed+1","Limit Break","Corruption","Barricade","Fiend Fire","Berserk","Impervious","Juggernaut","Brutality","Reaper","Exhume","Offering","Immolate","Multi-Cast","Hyperbeam","Thunder Strike","Biased Cognition","Machine Learning","Electrodynamics","Buffer","Rainbow","Seek+1","Meteor Strike","Echo Form","All For One","Reboot","Amplify","Creative AI","Fission","Core Surge","Dual Wield","Rupture","Dark Embrace","Biased Cognition","Master of Strategy","Coolheaded"],"relics":["Cracked Core","Anchor","Oddly Smooth Stone","Mercury Hourglass","Gambling Chip"],"acts_visited":["Exordium"],"potions_floor_usage":[16],"damage_taken":[{"damage":0,"enemies":"Cultist","floor":1,"turns":3},{"damage":17,"enemies":"Jaw Worm","floor":2,"turns":3},{"damage":8,"enemies":"Small Slimes","floor":5,"turns":3},{"damage":9,"enemies":"3 Sentries","floor":8,"turns":4},{"damage":12,"enemies":"Gremlin Nob","floor":10,"turns":3},{"damage":0,"enemies":"Looter","floor":14,"turns":3},{"damage":55,"enemies":"Hexaghost","floor":16,"turns":4}],"seed_played":"3618718455484561711","potions_obtained":[{"floor":14,"key":"BlessingOfTheForge"}],"is_trial":false,"path_per_floor":["M","M","?","$","M","R","T","E","T","E","?","$","R","M","R","B"],"character_chosen":"DEFECT","items_purchased":["Rupture","Master of Strategy"],"campfire_rested":1,"item_purchase_floors":[4,12],"current_hp_per_floor":[75,58,58,58,54,54,54,49,49,37,26,26,49,49,49,0,0],"gold":131,"neow_bonus":"","is_daily":true,"chose_seed":false,"campfire_upgraded":2,"win_rate":0.0,"timestamp":1613859087,"path_taken":["M","M","?","$","M","R","?","?","T","?","?","$","R","M","R","BOSS"],"items_purchased_type":["Card","Card"],"build_version":"2020-12-22","purchased_purges":1,"victory":false,"max_hp_per_floor":[75,75,75,75,75,75,75,79,79,79,79,79,79,79,79,79,79],"relic_stats":{"counters":[7,23],"Gambling Chip":[3],"obtain_stats":[{"Anchor":7,"Gambling Chip":10,"Oddly Smooth Stone":8,"Cracked Core":0,"Mercury Hourglass":9},{"Anchor":3,"Gambling Chip":5,"Oddly Smooth Stone":4,"Cracked Core":0,"Mercury Hourglass":4},{"Anchor":9,"Gambling Chip":16,"Oddly Smooth Stone":13,"Cracked Core":0,"Mercury Hourglass":13}],"Mercury Hourglass":[30]},"card_choices":[{"not_picked":["Gash","Cold Snap","Intimidate"],"picked":"SKIP","floor":1},{"not_picked":["Clothesline","Entrench"],"picked":"Dual Wield","floor":2},{"not_picked":["Sword Boomerang","Coolheaded"],"picked":"Dark Embrace","floor":5},{"not_picked":["Sword Boomerang","True Grit","Intimidate"],"picked":"SKIP","floor":8},{"not_picked":["Dual Wield","Conserve Battery"],"picked":"Biased Cognition","floor":10},{"not_picked":["Rebound","Coolheaded","Turbo"],"picked":"SKIP","floor":14},{"not_picked":["Rebound","Turbo"],"picked":"Coolheaded","floor":14}],"player_experience":558440,"relics_obtained":[{"floor":7,"key":"Anchor"},{"floor":8,"key":"Oddly Smooth Stone"},{"floor":9,"key":"Mercury Hourglass"},{"floor":10,"key":"Gambling Chip"}],"event_choices":[{"damage_healed":0,"gold_gain":175,"player_choice":"AGREE","damage_taken":0,"max_hp_gain":0,"max_hp_loss":0,"event_name":"Liars Game","floor":3,"gold_loss":0,"cards_obtained":["Doubt"]},{"damage_healed":0,"gold_gain":75,"player_choice":"Gather Gold","damage_taken":11,"max_hp_gain":0,"max_hp_loss":0,"event_name":"World of Goop","floor":11,"gold_loss":0}],"is_beta":false,"boss_relics":[],"items_purged_floors":[4],"is_endless":false,"potions_floor_spawned":[14],"killed_by":"Hexaghost","ascension_level":0}}