{"host":"Charlie","time":1613807835,"event":{"mods":["100% Spire Juice","Act Like it!","Aspiration","BaseMod","Better Match","Better Skull","Better Third Choice","BetterRewards","ChefMod","Colored Map","Colored Powertips","Conspire","Curses Come First","Dota2Spire","Downfall","Ekko","Evolution","Fox Events","Friendly Minions","Halation","Hermit","Hubris","Infinite Spire","Luminous","Melee Mod","Minty Spire (QoL Compilation)","Quick Restart","Rare Cards Sparkle","Relic Stats","Reliquary","Robot Space Explorer","Ruina","Shade Mod","Spicy Shops","Spire Arcade","StSLib","SuperFastMode","Synergy Search","The Animator","The Blue Laboratory","The Caster","The Cursed","The Dragon Tamer","The Gatherer","The Jungle","The Marked","The Necromancer","Unceasing Turn Reminder"],"gold_per_floor":[116,116,132,132,17,17,48,48,73,73,73,73],"floor_reached":11,"language":"ENG","playtime":324,"items_purged":["Injury"],"score":69,"play_id":"15bedd16-aa03-4241-91ed-b2a4a63f3065","local_time":"20210219235715","is_ascension_mode":false,"campfire_choices":[{"data":"Adaptation","floor":6,"key":"SMITH"},{"data":"Eruption","floor":8,"key":"SMITH"}],"circlet_count":0,"master_deck":["CrushJoints","Strike_P","Strike_P+1","Defend_P","Defend_P","Defend_P+1","Defend_P","Eruption+1","Vigilance","Swivel","Adaptation+1","Meditate","BattleHymn"],"relics":["PureWater","EVO:Axolotl","Molten Egg 2","Happy Flower","White Beast Statue"],"acts_visited":["Exordium"],"potions_floor_usage":[7],"damage_taken":[{"damage":21,"enemies":"2 Louse","floor":1,"turns":2},{"damage":9,"enemies":"Jaw Worm","floor":3,"turns":2},{"damage":14,"enemies":"Gremlin Nob","floor":7,"turns":4},{"damage":23,"enemies":"Lagavulin","floor":11,"turns":2}],"seed_played":"-211632466682503571","potions_obtained":[{"floor":3,"key":"blueLaboratory:BottledTrinity"}],"is_trial":false,"path_per_floor":["M","?","M","?","$","R","E","R","T","T","E"],"character_chosen":"WATCHER","items_purchased":["Meditate"],"campfire_rested":0,"item_purchase_floors":[5],"current_hp_per_floor":[51,51,42,28,28,28,14,14,14,14,0,0],"gold":73,"neow_bonus":"REMOVE_CARD","is_daily":false,"chose_seed":false,"campfire_upgraded":2,"win_rate":0.0,"timestamp":1613807835,"path_taken":["M","?","M","?","$","R","E","R","T","?","E"],"items_purchased_type":["Card"],"build_version":"2020-12-18","purchased_purges":1,"victory":false,"max_hp_per_floor":[72,72,72,72,72,72,72,72,72,72,72,72],"relic_stats":{"Happy Flower":[0],"counters":[4,10],"obtain_stats":[{"Happy Flower":7,"Molten Egg 2":2,"EVO:Axolotl":0,"PureWater":0,"White Beast Statue":10},{"Happy Flower":3,"Molten Egg 2":1,"EVO:Axolotl":0,"PureWater":0,"White Beast Statue":3},{"Happy Flower":8,"Molten Egg 2":2,"EVO:Axolotl":0,"PureWater":0,"White Beast Statue":8}]},"card_choices":[{"not_picked":["EmptyBody","FollowUp"],"picked":"Swivel","floor":1},{"not_picked":["FlyingSleeves+1","JustLucky+1"],"picked":"Adaptation","floor":3},{"not_picked":["PathToVictory","CrushJoints+1"],"picked":"BattleHymn","floor":7}],"player_experience":500004,"relics_obtained":[{"floor":7,"key":"Happy Flower"},{"floor":10,"key":"White Beast Statue"}],"event_choices":[{"damage_healed":42,"gold_gain":0,"player_choice":"Upgrade","damage_taken":14,"max_hp_gain":0,"max_hp_loss":72,"event_name":"betterThird:BetterShining","floor":4,"gold_loss":0,"cards_upgraded":["Strike_P","Defend_P"]}],"is_beta":true,"boss_relics":[],"items_purged_floors":[5],"is_endless":false,"potions_floor_spawned":[3],"killed_by":"Lagavulin","ascension_level":0}}