{"host":"or8fr2mp0k3eluj8","time":1613836192,"event":{"mods":["AchievementEnabler","BaseMod","Colored Map","DeckTracker","Keyboard Shortcuts","Minty Spire (QoL Compilation)","StSLib","SuperFastMode","everything is the same but u backflip on backflip"],"gold_per_floor":[115,40,55,55,130,162,162,193,220,220,232,252,285,304,304,400,400,415,431,99,99,118,150,150,150,176,187,201,201,201],"floor_reached":29,"language":"KOR","playtime":780,"items_purged":["Strike_B","Strike_B"],"score":344,"play_id":"1bbeb381-6fde-445c-b0ca-438248d104db","local_time":"20210221004952","is_ascension_mode":true,"campfire_choices":[{"data":"Zap","floor":7,"key":"SMITH"},{"data":"White Noise","floor":10,"key":"SMITH"},{"floor":15,"key":"REST"},{"floor":24,"key":"REST"}],"circlet_count":0,"master_deck":["Strike_B","Strike_B","Defend_B","Defend_B","Defend_B","Defend_B","Zap+1","Dualcast","Melter","Go for the Eyes","White Noise+1","Skim","Capacitor","Electrodynamics","Creative AI","Storm","Hologram","Defragment","FTL"],"relics":["Cracked Core","NeowsBlessing","MealTicket","Dead Branch","Lantern","Singing Bowl","Sozu","Chemical X","Juzu Bracelet"],"acts_visited":["Exordium","TheCity"],"potions_floor_usage":[8],"damage_taken":[{"damage":0,"enemies":"Small Slimes","floor":1,"turns":1},{"damage":0,"enemies":"Jaw Worm","floor":3,"turns":1},{"damage":0,"enemies":"Lagavulin","floor":6,"turns":1},{"damage":21,"enemies":"3 Sentries","floor":8,"turns":7},{"damage":2,"enemies":"2 Louse","floor":11,"turns":2},{"damage":3,"enemies":"Blue Slaver","floor":12,"turns":2},{"damage":23,"enemies":"Gremlin Nob","floor":13,"turns":4},{"damage":9,"enemies":"Red Slaver","floor":14,"turns":4},{"damage":21,"enemies":"Hexaghost","floor":16,"turns":11},{"damage":28,"enemies":"Chosen","floor":18,"turns":5},{"damage":0,"enemies":"Spheric Guardian","floor":19,"turns":2},{"damage":18,"enemies":"Snecko","floor":22,"turns":4},{"damage":29,"enemies":"Slavers","floor":23,"turns":2},{"damage":17,"enemies":"Snake Plant","floor":27,"turns":3},{"damage":14,"enemies":"Centurion and Healer","floor":28,"turns":4},{"damage":10,"enemies":"Book of Stabbing","floor":29,"turns":2}],"seed_played":"3244866096030067543","potions_obtained":[{"floor":1,"key":"BlessingOfTheForge"},{"floor":3,"key":"Dexterity Potion"},{"floor":8,"key":"DuplicationPotion"},{"floor":14,"key":"Swift Potion"}],"is_trial":false,"path_per_floor":["M","$","M","?","?","E","R","E","T","R","M","M","E","M","R","B",null,"M","M","$","?","M","E","R","?","T","M","M","E"],"character_chosen":"DEFECT","items_purchased":["Defragment","Chemical X"],"campfire_rested":2,"item_purchase_floors":[20,20],"current_hp_per_floor":[75,75,75,80,69,69,69,48,48,48,46,43,20,13,37,16,82,54,54,69,53,37,8,34,34,34,19,7,0,0],"gold":201,"neow_bonus":"THREE_ENEMY_KILL","is_daily":false,"chose_seed":false,"campfire_upgraded":2,"win_rate":0.0,"timestamp":1613836192,"path_taken":["M","$","M","?","?","E","R","E","T","R","M","M","E","?","R","BOSS","M","M","$","?","M","E","R","?","T","M","M","E"],"items_purchased_type":["Card","Relic"],"build_version":"2020-12-22","purchased_purges":2,"victory":false,"max_hp_per_floor":[75,75,75,80,80,80,80,80,80,80,80,80,80,82,82,82,82,82,82,82,87,89,89,89,89,89,91,93,93,93],"card_choices":[{"not_picked":["Doom and Gloom","Heatsinks"],"picked":"Melter","floor":1},{"not_picked":["Darkness","Turbo"],"picked":"Go for the Eyes","floor":3},{"not_picked":["Stack","Lockon","Consume"],"picked":"SKIP","floor":6},{"not_picked":["Double Energy","Undo"],"picked":"White Noise","floor":8},{"not_picked":["Undo","Redo"],"picked":"Skim","floor":11},{"not_picked":["Rip and Tear","Reprogram"],"picked":"Capacitor","floor":12},{"not_picked":["Redo","Undo"],"picked":"Electrodynamics","floor":13},{"not_picked":["Melter","Turbo","Compile Driver"],"picked":"Singing Bowl","floor":14},{"not_picked":["Amplify","All For One"],"picked":"Creative AI","floor":16},{"not_picked":["Scrape","Barrage"],"picked":"Storm","floor":18},{"not_picked":["Compile Driver","Stack"],"picked":"Hologram","floor":19},{"not_picked":["Compile Driver+1","Chill","Lockon"],"picked":"Singing Bowl","floor":22},{"not_picked":["Go for the Eyes","Coolheaded"],"picked":"FTL","floor":23},{"not_picked":["Stack","Turbo","Multi-Cast"],"picked":"Singing Bowl","floor":27},{"not_picked":["Fusion","Capacitor","Stack"],"picked":"Singing Bowl","floor":28}],"player_experience":409319,"relics_obtained":[{"floor":6,"key":"MealTicket"},{"floor":8,"key":"Dead Branch"},{"floor":9,"key":"Lantern"},{"floor":13,"key":"Singing Bowl"},{"floor":23,"key":"Juzu Bracelet"}],"event_choices":[{"damage_healed":0,"gold_gain":0,"player_choice":"Donut","damage_taken":0,"max_hp_gain":5,"max_hp_loss":0,"event_name":"Big Fish","floor":4,"gold_loss":0},{"damage_healed":0,"gold_gain":75,"player_choice":"Gather Gold","damage_taken":11,"max_hp_gain":0,"max_hp_loss":0,"event_name":"World of Goop","floor":5,"gold_loss":0},{"damage_healed":0,"gold_gain":0,"player_choice":"Shed Blood","damage_taken":21,"max_hp_gain":5,"max_hp_loss":0,"event_name":"Forgotten Altar","floor":21,"gold_loss":0},{"damage_healed":0,"gold_gain":0,"player_choice":"Got Potions","damage_taken":0,"max_hp_gain":0,"max_hp_loss":0,"event_name":"Lab","floor":25,"gold_loss":0}],"is_beta":false,"boss_relics":[{"not_picked":["SacredBark","Cursed Key"],"picked":"Sozu"}],"items_purged_floors":[2,20],"is_endless":false,"potions_floor_spawned":[1,3,8,14,16,19,27],"killed_by":"Book of Stabbing","ascension_level":2}}