{"host":"jx3f6ezc0g3s9edc","time":1613790279,"event":{"mods":["AchievementEnabler","BaseMod","Bestiary","Colored Map","Highlight Path","Minty Spire (QoL Compilation)","StSLib"],"gold_per_floor":[114,124,224,141,159,159,159,159,206,206,235,249,279,33,33,107,107,126,126,137,37,37,66,66,92,118,118,118,129,129,156,156,156,156],"floor_reached":33,"language":"ENG","playtime":1933,"items_purged":["Strike_R","Strike_R"],"score":525,"play_id":"fa85b7d5-3bff-46bb-b386-a3774557be78","local_time":"20210219220439","is_ascension_mode":true,"campfire_choices":[{"data":"Body Slam","floor":6.0,"key":"SMITH"},{"data":"Inflame","floor":8.0,"key":"SMITH"},{"floor":15.0,"key":"REST"},{"floor":24.0,"key":"REST"},{"data":"Demon Form","floor":27.0,"key":"SMITH"},{"data":"Heavy Blade","floor":30.0,"key":"SMITH"},{"data":"True Grit","floor":32.0,"key":"SMITH"}],"circlet_count":0,"master_deck":["AscendersBane","Strike_R","Defend_R","Defend_R","Defend_R","Defend_R","Bash","Twin Strike","Inflame+1","Fire Breathing","Body Slam+1","Heavy Blade+1","Entrench","Sword Boomerang","Burning Pact","Flash of Steel","Demon Form+1","Shrug It Off+1","Bludgeon","Rage","Shockwave","Decay","True Grit+1","Shrug It Off"],"relics":["Burning Blood","Happy Flower","Regal Pillow","Eternal Feather","Matryoshka","Orichalcum","SlaversCollar","WingedGreaves","Bag of Preparation","Toy Ornithopter","Boot","Blood Vial"],"acts_visited":["Exordium","TheCity"],"potions_floor_usage":[33],"damage_taken":[{"damage":8.0,"enemies":"Jaw Worm","floor":1.0,"turns":4.0},{"damage":1.0,"enemies":"Cultist","floor":2.0,"turns":3.0},{"damage":0.0,"enemies":"2 Louse","floor":5.0,"turns":3.0},{"damage":32.0,"enemies":"Gremlin Nob","floor":11.0,"turns":4.0},{"damage":32.0,"enemies":"Exordium Thugs","floor":12.0,"turns":4.0},{"damage":25.0,"enemies":"3 Sentries","floor":13.0,"turns":6.0},{"damage":26.0,"enemies":"Hexaghost","floor":16.0,"turns":8.0},{"damage":37.0,"enemies":"Shell Parasite","floor":18.0,"turns":5.0},{"damage":27.0,"enemies":"3 Byrds","floor":20.0,"turns":7.0},{"damage":15.0,"enemies":"Gremlin Leader","floor":23.0,"turns":7.0},{"damage":54.0,"enemies":"Slavers","floor":25.0,"turns":5.0},{"damage":12.0,"enemies":"Snecko","floor":29.0,"turns":4.0},{"damage":20.0,"enemies":"Book of Stabbing","floor":31.0,"turns":3.0},{"damage":52,"enemies":"Automaton","floor":33,"turns":6}],"seed_played":"-8951927542078415425","potions_obtained":[{"floor":12.0,"key":"Weak Potion"},{"floor":13.0,"key":"AttackPotion"},{"floor":16.0,"key":"Energy Potion"},{"floor":25.0,"key":"ColorlessPotion"},{"floor":29.0,"key":"ElixirPotion"},{"floor":31.0,"key":"Ancient Potion"}],"is_trial":false,"path_per_floor":["M","M","?","$","M","R","?","R","T","T","E","M","E","$","R","B",null,"M","?","M","$","?","E","R","E","T","R","?","M","R","E","R","B"],"character_chosen":"IRONCLAD","items_purchased":["Fire Breathing","Body Slam","Flash of Steel","LiquidMemories"],"campfire_rested":2,"item_purchase_floors":[4,4,14,14],"current_hp_per_floor":[66,71,71,71,75,75,80,80,80,80,54,28,9,9,57,37,69,38,38,17,17,17,8,59,11,11,23,23,22,34,20,32,0,0],"gold":156,"neow_bonus":"RANDOM_COMMON_RELIC","is_daily":false,"chose_seed":false,"campfire_upgraded":5,"win_rate":0.0,"timestamp":1613790279,"path_taken":["M","M","?","?","M","R","?","R","T","?","E","?","E","?","R","BOSS","M","?","M","$","?","E","R","E","T","R","?","M","R","E","R","BOSS"],"items_purchased_type":["Card","Card","Card","Potion"],"build_version":"2020-12-22","purchased_purges":2,"victory":false,"max_hp_per_floor":[75,75,75,75,75,75,80,80,80,80,80,80,80,80,80,80,80,80,80,80,80,80,80,80,80,80,80,80,80,80,80,80,80,80],"card_choices":[{"not_picked":["True Grit","Dual Wield"],"picked":"Twin Strike","floor":1.0},{"not_picked":["Thunderclap","Warcry"],"picked":"Inflame","floor":2.0},{"not_picked":["Body Slam","Metallicize"],"picked":"Heavy Blade","floor":5.0},{"not_picked":["Bloodletting","Brutality"],"picked":"Entrench","floor":11.0},{"not_picked":["Perfected Strike","Cleave"],"picked":"Sword Boomerang","floor":12.0},{"not_picked":["Wild Strike","Brutality"],"picked":"Burning Pact","floor":13.0},{"not_picked":["Juggernaut","Feed"],"picked":"Demon Form","floor":16.0},{"not_picked":["Havoc+1","Cleave"],"picked":"Shrug It Off+1","floor":18.0},{"not_picked":["Perfected Strike","Corruption","Anger"],"picked":"SKIP","floor":20.0},{"not_picked":["Intimidate","Shrug It Off"],"picked":"Shockwave","floor":23.0},{"not_picked":["Rage","Shockwave","Warcry"],"picked":"SKIP","floor":25.0},{"not_picked":["Seeing Red","Rage"],"picked":"True Grit","floor":29.0},{"not_picked":["Rampage","Exhume"],"picked":"Shrug It Off","floor":31.0}],"player_experience":892671,"relics_obtained":[{"floor":9.0,"key":"Regal Pillow"},{"floor":10.0,"key":"Eternal Feather"},{"floor":11.0,"key":"Matryoshka"},{"floor":13.0,"key":"Orichalcum"},{"floor":23.0,"key":"WingedGreaves"},{"floor":25.0,"key":"Bag of Preparation"},{"floor":26.0,"key":"Toy Ornithopter"},{"floor":26.0,"key":"Boot"},{"floor":31.0,"key":"Blood Vial"}],"event_choices":[{"damage_healed":0.0,"max_hp_gain":0.0,"max_hp_loss":0.0,"gold_gain":100.0,"event_name":"Golden Shrine","player_choice":"Pray","floor":3.0,"gold_loss":0.0,"damage_taken":0.0},{"damage_healed":0.0,"max_hp_gain":5.0,"max_hp_loss":0.0,"gold_gain":0.0,"event_name":"Big Fish","player_choice":"Donut","floor":7.0,"gold_loss":0.0,"damage_taken":0.0},{"damage_healed":0.0,"max_hp_gain":0.0,"max_hp_loss":0.0,"gold_gain":0.0,"cards_transformed":["Strike_R","Strike_R"],"event_name":"Drug Dealer","player_choice":"Became Test Subject","floor":19.0,"gold_loss":0.0,"damage_taken":0.0,"cards_obtained":["Bludgeon","Rage"]},{"damage_healed":0.0,"max_hp_gain":0.0,"max_hp_loss":0.0,"gold_gain":0.0,"event_name":"Vampires","player_choice":"Ignored","floor":22.0,"gold_loss":0.0,"damage_taken":0.0},{"damage_healed":0.0,"max_hp_gain":0.0,"max_hp_loss":0.0,"gold_gain":0.0,"event_name":"Forgotten Altar","player_choice":"Smashed Altar","floor":28.0,"gold_loss":0.0,"damage_taken":0.0,"cards_obtained":["Decay"]}],"is_beta":false,"boss_relics":[{"not_picked":["Sozu","SacredBark"],"picked":"SlaversCollar"}],"items_purged_floors":[14,21],"is_endless":false,"potions_floor_spawned":[12,13,16,18,25,29,31],"killed_by":"Automaton","ascension_level":14}}