{"host":"mc4amcm0108w7k6t","time":1613786997,"event":{"mods":["BaseMod","Minty Spire (QoL Compilation)","StSLib","The Hierophant"],"gold_per_floor":[116,116,128,128,79,116,41,86,111,11,86,121,121,139,139,218,218,233,333,161,60,84,84,103,87,114,129,136,151,121,121],"floor_reached":30,"language":"ENG","playtime":1438,"items_purged":["hierophant:Strike_Hierophant","hierophant:Strike_Hierophant","hierophant:Strike_Hierophant"],"score":283,"play_id":"19a0ca99-008f-4867-a4ce-eb6c47973fb3","local_time":"20210219210957","is_ascension_mode":false,"campfire_choices":[{"floor":13,"key":"REST"},{"data":"hierophant:LocustPlague","floor":15,"key":"SMITH"},{"data":"hierophant:Anathema","floor":23,"key":"SMITH"}],"circlet_count":0,"master_deck":["hierophant:Strike_Hierophant","hierophant:Punish","hierophant:Defend_Hierophant","hierophant:Defend_Hierophant","hierophant:Defend_Hierophant","hierophant:Defend_Hierophant","hierophant:ChurchCoffers","hierophant:DisplayOfPower+1","hierophant:OrnateJavelin","hierophant:OrnateBuckler","hierophant:FieryStrike","hierophant:HolyVerse","hierophant:Bribe","hierophant:LocustPlague+1","hierophant:Anathema+1","hierophant:OrnateBuckler","hierophant:MorningPrayer","hierophant:AuricForm","hierophant:Smite"],"relics":["hierophant:PropheticMaskRelic","NeowsBlessing","Sundial","Ice Cream","Blood Vial","MealTicket","Busted Crown","Dream Catcher","FossilizedHelix"],"acts_visited":["Exordium","TheCity"],"potions_floor_usage":[8,27,28,28,28,28],"damage_taken":[{"damage":0,"enemies":"Small Slimes","floor":1,"turns":1},{"damage":0,"enemies":"2 Louse","floor":3,"turns":1},{"damage":0,"enemies":"Lagavulin","floor":6,"turns":1},{"damage":29,"enemies":"Lagavulin Event","floor":8,"turns":4},{"damage":14,"enemies":"Gremlin Nob","floor":12,"turns":3},{"damage":0,"enemies":"Jaw Worm","floor":14,"turns":3},{"damage":8,"enemies":"The Guardian","floor":16,"turns":13},{"damage":5,"enemies":"Chosen","floor":18,"turns":3},{"damage":12,"enemies":"Shell Parasite","floor":22,"turns":5},{"damage":11,"enemies":"Centurion and Healer","floor":24,"turns":8},{"damage":19,"enemies":"Cultist and Chosen","floor":25,"turns":6},{"damage":27,"enemies":"3 Cultists","floor":27,"turns":6},{"damage":11,"enemies":"Gremlin Leader","floor":28,"turns":6},{"damage":0,"enemies":"Snecko","floor":29,"turns":4},{"damage":14,"enemies":"Sentry and Sphere","floor":30,"turns":3}],"seed_played":"3732870568388340638","potions_obtained":[{"floor":6,"key":"AttackPotion"},{"floor":14,"key":"SkillPotion"},{"floor":16,"key":"SkillPotion"},{"floor":18,"key":"SpeedPotion"},{"floor":22,"key":"EntropicBrew"}],"is_trial":false,"path_per_floor":["M","?","M","?","$","E","$","?","T","$","?","E","R","M","R","B",null,"M","?","$","$","M","R","M","M","T","M","E","M","M"],"character_chosen":"HIEROPHANT","items_purchased":["hierophant:OrnateBuckler","hierophant:MorningPrayer","CultistPotion"],"campfire_rested":1,"item_purchase_floors":[5,20,21],"current_hp_per_floor":[75,75,75,75,75,75,75,46,46,46,35,23,45,47,47,41,75,70,70,75,75,63,63,54,37,37,12,3,5,0,0],"gold":121,"neow_bonus":"THREE_ENEMY_KILL","is_daily":false,"chose_seed":false,"campfire_upgraded":2,"win_rate":0.0,"timestamp":1613786997,"path_taken":["M","?","M","?","$","E","$","?","T","?","?","E","R","?","R","BOSS","M","?","?","$","M","R","M","M","T","M","E","?","M"],"items_purchased_type":["Card","Card","Potion"],"build_version":"2020-12-22","purchased_purges":3,"victory":false,"max_hp_per_floor":[75,75,75,75,75,75,75,75,75,75,75,75,75,75,75,75,75,75,75,75,75,75,75,75,75,75,75,75,75,75,75],"card_choices":[{"not_picked":["hierophant:MorningPrayer","hierophant:PassingBell"],"picked":"hierophant:DisplayOfPower","floor":1},{"not_picked":["hierophant:Doubloon","hierophant:ThreeLashes"],"picked":"hierophant:OrnateJavelin","floor":3},{"not_picked":["hierophant:ConvertCurrency","hierophant:RustyCrate"],"picked":"hierophant:FieryStrike","floor":6},{"not_picked":["hierophant:Patience","hierophant:CursedGold"],"picked":"hierophant:HolyVerse","floor":8},{"not_picked":["hierophant:Racketeering","hierophant:Sermon"],"picked":"hierophant:Bribe","floor":12},{"not_picked":["hierophant:Glossolalia","hierophant:RustyCrate"],"picked":"hierophant:LocustPlague","floor":14},{"not_picked":["hierophant:Determination","hierophant:Invocation"],"picked":"hierophant:Anathema","floor":16},{"not_picked":["hierophant:OrnateBuckler"],"picked":"SKIP","floor":18},{"not_picked":[],"picked":"hierophant:OrnateBuckler","floor":18},{"not_picked":["hierophant:Remorse"],"picked":"SKIP","floor":22},{"not_picked":[],"picked":"hierophant:AuricForm","floor":24},{"not_picked":[],"picked":"hierophant:Smite","floor":25},{"not_picked":["hierophant:RepressedViolence"],"picked":"SKIP","floor":27},{"not_picked":["hierophant:EyeForCoin"],"picked":"SKIP","floor":28},{"not_picked":["hierophant:OrnateBuckler"],"picked":"SKIP","floor":29}],"player_experience":348693,"relics_obtained":[{"floor":6,"key":"Sundial"},{"floor":8,"key":"Ice Cream"},{"floor":9,"key":"Blood Vial"},{"floor":12,"key":"MealTicket"},{"floor":26,"key":"Dream Catcher"},{"floor":28,"key":"FossilizedHelix"}],"event_choices":[{"damage_healed":0,"gold_gain":0,"player_choice":"Ignored","damage_taken":0,"max_hp_gain":0,"max_hp_loss":0,"event_name":"Liars Game","floor":2,"gold_loss":0},{"damage_healed":0,"gold_gain":0,"player_choice":"Grow","damage_taken":0,"max_hp_gain":0,"max_hp_loss":0,"event_name":"Living Wall","floor":4,"gold_loss":0,"cards_upgraded":["hierophant:DisplayOfPower"]},{"damage_healed":0,"gold_gain":30,"player_choice":"Searched \u00272\u0027 times","damage_taken":0,"max_hp_gain":0,"max_hp_loss":0,"event_name":"Dead Adventurer","floor":8,"gold_loss":0},{"damage_healed":0,"gold_gain":75,"player_choice":"Gather Gold","damage_taken":11,"max_hp_gain":0,"max_hp_loss":0,"event_name":"World of Goop","floor":11,"gold_loss":0},{"damage_healed":0,"gold_gain":100,"player_choice":"Pray","damage_taken":0,"max_hp_gain":0,"max_hp_loss":0,"event_name":"Golden Shrine","floor":19,"gold_loss":0}],"is_beta":false,"boss_relics":[{"not_picked":["Tiny House","Cursed Key"],"picked":"Busted Crown"}],"items_purged_floors":[7,10,20],"is_endless":false,"potions_floor_spawned":[6,14,16,18,22],"killed_by":"Sentry and Sphere","ascension_level":0}}