{"host":"wri98rxht4656ll8","time":1613824738,"event":{"mods":["AchievementEnabler","BaseMod","Colored Map","Colored Powertips","Minty Spire (QoL Compilation)","Permanent Neow","StSLib"],"gold_per_floor":[112,60,60,60,60,94,94,64,88,120,159,171,183,212,224,339,351,335,8,25,25,45,45,78,78,78,78,92,17,35,35,35],"floor_reached":31,"language":"ENG","playtime":1327,"items_purged":["Strike_G"],"score":329,"play_id":"c2bba012-dd9f-4539-9555-4cf3cbd1ce3f","local_time":"20210220133858","is_ascension_mode":true,"campfire_choices":[{"data":"Cloak And Dagger","floor":7,"key":"SMITH"},{"floor":12,"key":"REST"},{"data":"Accuracy","floor":15,"key":"SMITH"},{"data":"Infinite Blades","floor":23,"key":"SMITH"},{"floor":25,"key":"REST"}],"circlet_count":0,"master_deck":["Strike_G","Strike_G","Strike_G","Defend_G","Defend_G","Defend_G","Defend_G","Defend_G+1","Survivor","Neutralize+1","Outmaneuver","Cloak And Dagger+1","Unload","Accuracy+1","Calculated Gamble+1","Adrenaline+1","Blur+1","Infinite Blades+1","Blur+1","Acrobatics+1"],"relics":["Ring of the Snake","HornCleat","Pantograph","MawBank","Toxic Egg 2","SlaversCollar","Ice Cream","Orichalcum","StrikeDummy","Nloth\u0027s Gift"],"acts_visited":["Exordium","TheCity"],"potions_floor_usage":[11,11,16,16,16,16,30,31],"damage_taken":[{"damage":0,"enemies":"Small Slimes","floor":1,"turns":1},{"damage":0,"enemies":"Gremlin Nob","floor":6,"turns":1},{"damage":0,"enemies":"2 Louse","floor":10,"turns":1},{"damage":2,"enemies":"3 Sentries","floor":11,"turns":8},{"damage":0,"enemies":"Cultist","floor":14,"turns":3},{"damage":9,"enemies":"Slime Boss","floor":16,"turns":8},{"damage":18,"enemies":"2 Thieves","floor":18,"turns":5},{"damage":2,"enemies":"Spheric Guardian","floor":20,"turns":5},{"damage":8,"enemies":"3 Cultists","floor":22,"turns":6},{"damage":40,"enemies":"Gremlin Leader","floor":24,"turns":10},{"damage":7,"enemies":"Snecko","floor":28,"turns":5},{"damage":8,"enemies":"Snake Plant","floor":30,"turns":6},{"damage":7,"enemies":"Shelled Parasite and Fungi","floor":31,"turns":4}],"seed_played":"1559829602462666576","potions_obtained":[{"floor":6,"key":"Strength Potion"},{"floor":8,"key":"DuplicationPotion"},{"floor":8,"key":"Strength Potion"},{"floor":14,"key":"EntropicBrew"},{"floor":18,"key":"Fire Potion"},{"floor":24,"key":"GamblersBrew"},{"floor":28,"key":"Poison Potion"}],"is_trial":false,"path_per_floor":["M","$","?","?","?","E","R","?","T","M","E","R","$","M","R","B",null,"M","$","M","$","M","R","E","R","T","?","M","$","M","M"],"character_chosen":"THE_SILENT","items_purchased":["Cloak And Dagger","Infinite Blades","Ice Cream"],"campfire_rested":2,"item_purchase_floors":[2,19,19],"current_hp_per_floor":[70,70,58,44,37,37,37,37,37,37,35,56,56,56,56,61,70,52,52,50,50,42,42,2,23,23,23,16,16,8,1,1],"gold":35,"neow_bonus":"THREE_ENEMY_KILL","is_daily":false,"chose_seed":false,"campfire_upgraded":3,"win_rate":0.0,"timestamp":1613824738,"path_taken":["M","$","?","?","?","E","R","?","T","?","E","R","?","M","R","BOSS","M","$","M","$","?","R","E","R","T","?","M","$","M","M"],"items_purchased_type":["Card","Card","Relic"],"build_version":"2020-12-22","purchased_purges":1,"victory":false,"max_hp_per_floor":[70,70,70,70,70,70,70,70,70,70,70,70,70,70,70,70,70,70,70,70,70,70,70,70,70,70,70,70,70,70,70,70],"card_choices":[{"not_picked":["Deflect","Tactician"],"picked":"Outmaneuver","floor":1},{"not_picked":["Poisoned Stab","Sucker Punch"],"picked":"Unload","floor":6},{"not_picked":["Bane","Dodge and Roll"],"picked":"Accuracy","floor":10},{"not_picked":["Flying Knee","Deflect+1"],"picked":"Calculated Gamble+1","floor":11},{"not_picked":["Underhanded Strike","Slice","Prepared+1"],"picked":"SKIP","floor":14},{"not_picked":["Night Terror+1","Malaise+1"],"picked":"Adrenaline+1","floor":16},{"not_picked":["Prepared+1","Bouncing Flask+1"],"picked":"Blur+1","floor":18},{"not_picked":["Finisher","Acrobatics+1","Dodge and Roll+1"],"picked":"SKIP","floor":20},{"not_picked":["Dodge and Roll+1","Dagger Spray+1","Acrobatics+1"],"picked":"SKIP","floor":22},{"not_picked":["Finisher","Deadly Poison+1"],"picked":"Blur+1","floor":24},{"not_picked":["Malaise+1","Prepared+1"],"picked":"Acrobatics+1","floor":28},{"not_picked":["Acrobatics+1","Skewer","Poisoned Stab"],"picked":"SKIP","floor":30}],"player_experience":231888,"relics_obtained":[{"floor":6,"key":"Pantograph"},{"floor":9,"key":"MawBank"},{"floor":11,"key":"Toxic Egg 2"},{"floor":24,"key":"Orichalcum"},{"floor":26,"key":"StrikeDummy"}],"event_choices":[{"damage_healed":0,"gold_gain":0,"player_choice":"Success","damage_taken":12,"relics_obtained":["HornCleat"],"max_hp_gain":0,"max_hp_loss":0,"event_name":"Scrap Ooze","floor":3,"gold_loss":0},{"damage_healed":0,"gold_gain":0,"player_choice":"Entered Light","damage_taken":14,"max_hp_gain":0,"max_hp_loss":0,"event_name":"Shining Light","floor":4,"gold_loss":0,"cards_upgraded":["Neutralize","Defend_G"]},{"cards_removed":["Strike_G"],"damage_healed":0,"gold_gain":0,"player_choice":"Card Removal","damage_taken":7,"max_hp_gain":0,"max_hp_loss":0,"event_name":"Golden Wing","floor":5,"gold_loss":0},{"damage_healed":0,"gold_gain":0,"player_choice":"Bought 2 Potions","damage_taken":0,"max_hp_gain":0,"max_hp_loss":0,"event_name":"The Woman in Blue","floor":8,"gold_loss":0},{"damage_healed":0,"gold_gain":0,"player_choice":"Traded Relic","damage_taken":0,"relics_obtained":["Nloth\u0027s Gift"],"max_hp_gain":0,"max_hp_loss":0,"event_name":"N\u0027loth","floor":27,"relics_lost":["NeowsBlessing"],"gold_loss":0}],"is_beta":false,"boss_relics":[{"not_picked":["HoveringKite","Fusion Hammer"],"picked":"SlaversCollar"}],"items_purged_floors":[29],"is_endless":false,"potions_floor_spawned":[6,10,14,18,24,28],"killed_by":"Shelled Parasite and Fungi","ascension_level":3}}