{"host":"hrvs05np4ys7itky","time":1613796093,"event":{"mods":["BaseMod","Colored Map","Colored Powertips","Downfall","Emptier Cage","Hermit","Highlight Path","Minty Spire (QoL Compilation)","Permanent Neow","Rare Cards Sparkle","Relic Stats","StSLib","everything is the same but u backflip on backflip"],"gold_per_floor":[99,116,116,116,132,143,143,43,60,75,105,105,121,134,147,251,251,251,267,267,50,50,50,77,93,134,150,159,159,59,86,108,218,230,142,171,48,67,87,87,123,151,22,22,7,22,22,46,69,69,69,69],"floor_reached":50,"language":"ENG","playtime":5139,"items_purged":["champ:Strike","Shame"],"score":562,"play_id":"99e521ff-65c2-4a2f-8dd8-0727c36437a2","local_time":"20210219234133","is_ascension_mode":false,"campfire_choices":[{"floor":1.0,"key":"RECALL"},{"data":"champ:Taunt","floor":8.0,"key":"SMITH"},{"floor":12.0,"key":"REST"},{"data":"champ:HoldFirm","floor":18.0,"key":"SMITH"},{"data":"champ:FlashCut","floor":30.0,"key":"SMITH"},{"data":"champ:FlashCut","floor":35,"key":"SMITH"},{"data":"champ:ShieldWall","floor":40,"key":"SMITH"},{"data":"champ:BringItOn","floor":47,"key":"SMITH"}],"circlet_count":0,"master_deck":["champ:Strike","champ:Strike","champ:Defend+1","champ:Defend","champ:Defend","champ:Defend","champ:Execute","champ:Taunt+1","champ:PreciseThrust","champ:Backstep","champ:EnGarde","champ:BringItOn+1","champ:FlashCut+1","champ:TornadoPunch","champ:HoldFirm+1","champ:Circumvent","champ:FlashCut+1","champ:HoldFirm+1","Parasite","downfall:Haunted","champ:ShieldSlam+1","champ:SkillfulDodge+1","champ:ShieldWall+1","champ:Lariat+1","champ:HoldFirm+1","champ:ArenaPreparation+1","champ:FocusedDefense+1","Parasite"],"relics":["champ:ChampionCrown","Anchor","Matryoshka","downfall:HeartBlessingRed","Darkstone Periapt","Cursed Key","Toy Ornithopter","CeramicFish","War Paint","Toxic Egg 2","downfall:RedIOU","downfall:HeartBlessingGreen","MawBank","Velvet Choker","downfall:HeartBlessingBlue","Smiling Mask","Spirit Poop"],"acts_visited":["Exordium","TheCity","TheBeyond"],"potions_floor_usage":[31,33,33,42,49,50],"damage_taken":[{"damage":28.0,"enemies":"Jaw Worm","floor":2.0,"turns":6.0},{"damage":20.0,"enemies":"Small Slimes","floor":5.0,"turns":3.0},{"damage":10.0,"enemies":"2 Louse","floor":6.0,"turns":2.0},{"damage":33.0,"enemies":"Exordium Thugs","floor":9.0,"turns":8.0},{"damage":22.0,"enemies":"Exordium Wildlife","floor":10.0,"turns":7.0},{"damage":26.0,"enemies":"3 Sentries","floor":11.0,"turns":12.0},{"damage":20.0,"enemies":"downfall:LooterAlt","floor":13.0,"turns":4.0},{"damage":10.0,"enemies":"Blue Slaver","floor":14.0,"turns":3.0},{"damage":0.0,"enemies":"Exordium Thugs","floor":15.0,"turns":3.0},{"damage":34.0,"enemies":"DF_ARCHETYPE_STREAMLINE","floor":16.0,"turns":14.0},{"damage":10.0,"enemies":"Chosen","floor":19.0,"turns":4.0},{"damage":10.0,"enemies":"downfall:FleeingMerchant","floor":21.0,"turns":4.0},{"damage":10.0,"enemies":"3 Byrds","floor":25.0,"turns":7.0},{"damage":10.0,"enemies":"Slavers","floor":26.0,"turns":8.0},{"damage":25.0,"enemies":"Shelled Parasite and Fungi","floor":27.0,"turns":9.0},{"damage":17,"enemies":"Gremlin Leader","floor":31,"turns":10},{"damage":10,"enemies":"Snake Plant","floor":32,"turns":4},{"damage":66,"enemies":"WA_ARCHETYPE_CALM","floor":33,"turns":20},{"damage":25,"enemies":"3 Darklings","floor":36,"turns":7},{"damage":10,"enemies":"downfall:FleeingMerchant","floor":37,"turns":4},{"damage":10,"enemies":"Orb Walker","floor":38,"turns":3},{"damage":20,"enemies":"Maw","floor":39,"turns":10},{"damage":10,"enemies":"Writhing Mass","floor":42,"turns":6},{"damage":10,"enemies":"downfall:FleeingMerchant","floor":43,"turns":4},{"damage":30,"enemies":"downfall:FleeingMerchant","floor":45,"turns":4},{"damage":20,"enemies":"4 Shapes","floor":46,"turns":8},{"damage":0,"enemies":"Maw","floor":48,"turns":9},{"damage":10,"enemies":"Writhing Mass","floor":49,"turns":5},{"damage":54,"enemies":"IC_BLOCK_ARCHETYPE","floor":50,"turns":11}],"seed_played":"-4592437969101111383","potions_obtained":[{"floor":0.0,"key":"EntropicBrew"},{"floor":0.0,"key":"ColorlessPotion"},{"floor":0.0,"key":"Swift Potion"},{"floor":6.0,"key":"Ancient Potion"},{"floor":9.0,"key":"champ:TechniquePotion"},{"floor":11.0,"key":"Dexterity Potion"},{"floor":26.0,"key":"ColorlessPotion"},{"floor":31,"key":"LiquidMemories"},{"floor":38,"key":"FearPotion"},{"floor":39,"key":"DuplicationPotion"},{"floor":48,"key":"SkillPotion"}],"is_trial":false,"path_per_floor":["R","M","?","?","M","M","T","R","M","M","E","R","M","M","M","B",null,"R","M","?","$","T","?","T","M","E","M","T","?","R","E","M","B",null,"R","M","$","M","M","R","T","M","$","?","$","M","R","M","M","B"],"character_chosen":"THE_CHAMP","items_purchased":["champ:FlashCut","champ:HoldFirm","champ:ShieldWall","champ:Lariat+1","champ:ArenaPreparation+1"],"campfire_rested":1,"item_purchase_floors":[21,21,37,37,43],"current_hp_per_floor":[90,77,77,59,59,59,59,59,46,44,28,55,55,55,55,41,90,90,90,90,90,96,96,102,102,102,97,103,103,103,91,91,75,108,118,113,113,113,113,113,119,124,124,124,124,114,114,114,125,81,81,81],"gold":69,"neow_bonus":"THREE_SMALL_POTIONS","is_daily":false,"chose_seed":false,"campfire_upgraded":6,"win_rate":0.0,"timestamp":1613796093,"path_taken":["R","M","?","?","M","M","T","R","M","?","E","R","M","M","M","BOSS","R","M","?","?","?","?","T","M","E","?","?","?","R","E","M","BOSS","R","M","$","M","M","R","T","M","$","?","?","M","R","?","M","BOSS"],"items_purchased_type":["Card","Card","Card","Card","Card"],"build_version":"2020-12-22","purchased_purges":2,"victory":false,"max_hp_per_floor":[90,90,90,90,90,90,90,90,90,90,90,90,90,90,90,90,90,90,90,90,90,96,96,102,102,102,102,108,108,108,108,108,108,108,118,118,118,118,118,118,124,124,124,124,124,124,124,124,130,130,130,130],"relic_stats":{"Darkstone Periapt":30,"counters":[29,199],"CeramicFish":90,"War Paint":["champ:Defend","champ:HoldFirm"],"Cursed Key":4,"MawBank":72,"Smiling Mask":50,"obtain_stats":[{"Darkstone Periapt":11,"downfall:HeartBlessingRed":8,"CeramicFish":24,"Velvet Choker":34,"Spirit Poop":44,"champ:ChampionCrown":0,"downfall:HeartBlessingGreen":30,"War Paint":24,"Orichalcum":28,"Cursed Key":17,"MawBank":31,"Smiling Mask":41,"Anchor":4,"Matryoshka":7,"downfall:HeartBlessingBlue":35,"downfall:RedIOU":29,"Toxic Egg 2":26,"Toy Ornithopter":22},{"Darkstone Periapt":6,"downfall:HeartBlessingRed":3,"CeramicFish":12,"Velvet Choker":18,"Spirit Poop":24,"champ:ChampionCrown":0,"downfall:HeartBlessingGreen":15,"War Paint":12,"Orichalcum":15,"Cursed Key":10,"MawBank":16,"Smiling Mask":22,"Anchor":1,"Matryoshka":3,"downfall:HeartBlessingBlue":18,"downfall:RedIOU":15,"Toxic Egg 2":14,"Toy Ornithopter":12},{"Darkstone Periapt":38,"downfall:HeartBlessingRed":11,"CeramicFish":70,"Velvet Choker":128,"Spirit Poop":162,"champ:ChampionCrown":0,"downfall:HeartBlessingGreen":94,"War Paint":70,"Orichalcum":94,"Cursed Key":62,"MawBank":104,"Smiling Mask":152,"Anchor":6,"Matryoshka":11,"downfall:HeartBlessingBlue":128,"downfall:RedIOU":94,"Toxic Egg 2":85,"Toy Ornithopter":70}],"Toy Ornithopter":40},"card_choices":[{"not_picked":["champ:GutPunch","champ:FalseCounter"],"picked":"champ:PreciseThrust","floor":2.0},{"not_picked":["champ:Shatter","champ:AdrenalArmor"],"picked":"champ:Backstep","floor":5.0},{"not_picked":["champ:FocusedBerserking","champ:Haymaker"],"picked":"champ:EnGarde","floor":6.0},{"not_picked":["champ:EnragedBash","champ:FocusedBerserking","champ:Parry"],"picked":"SKIP","floor":9.0},{"not_picked":["champ:IronFortress","champ:ShieldSlam"],"picked":"champ:BringItOn","floor":10.0},{"not_picked":["champ:EnragedBash","champ:PreciseThrust","champ:GutPunch"],"picked":"SKIP","floor":11.0},{"not_picked":["champ:Circumvent","champ:FaceSlap"],"picked":"champ:FlashCut","floor":13.0},{"not_picked":["champ:FlashCut","champ:Haymaker"],"picked":"champ:TornadoPunch","floor":14.0},{"not_picked":["champ:FancyFootwork","champ:StanceDance","champ:BladeFlurry"],"picked":"SKIP","floor":15.0},{"not_picked":["champ:GladiatorForm","champ:SteelEdge"],"picked":"champ:HoldFirm","floor":16.0},{"not_picked":["champ:StanceDance","champ:BringItOn"],"picked":"champ:Circumvent","floor":19.0},{"not_picked":["champ:AdrenalArmor","champ:CalledShot","champ:ShieldSlam"],"picked":"SKIP","floor":21.0},{"not_picked":["champ:RecklessLeap+1","champ:PerfectedStrike+1","champ:Circumvent"],"picked":"SKIP","floor":25.0},{"not_picked":["champ:EnGarde+1","champ:Backstep+1"],"picked":"champ:ShieldSlam+1","floor":26.0},{"not_picked":["champ:CrownThrow+1","champ:AdrenalArmor+1","champ:GladiatorStyle"],"picked":"SKIP","floor":27.0},{"not_picked":["champ:Encircle","champ:ShieldSlam+1","champ:FaceSlap"],"picked":"SKIP","floor":31},{"not_picked":["champ:EnragedBash","champ:RisingSlash","champ:CrownThrow"],"picked":"SKIP","floor":32},{"not_picked":["champ:CrownThrow","champ:FanOfKnives","champ:EnGarde+1"],"picked":"SKIP","floor":36},{"not_picked":["champ:GutPunch+1","champ:CrownThrow"],"picked":"champ:SkillfulDodge+1","floor":37},{"not_picked":["champ:Circumvent+1","champ:FanOfKnives","champ:PerfectedStrike+1"],"picked":"SKIP","floor":38},{"not_picked":["champ:DefensiveShout+1","champ:HeartStrike+1","champ:BringItOn+1"],"picked":"SKIP","floor":39},{"not_picked":["champ:AdrenalArmor+1","champ:PreciseThrust"],"picked":"champ:HoldFirm+1","floor":42},{"not_picked":["champ:GutPunch+1","champ:Devastate","champ:StanceDance+1"],"picked":"SKIP","floor":43},{"not_picked":["champ:CrownThrow","champ:DefensiveShout+1","champ:Backstep+1"],"picked":"SKIP","floor":45},{"not_picked":["champ:BerserkersShout+1","champ:EnGarde+1","champ:FanOfKnives+1"],"picked":"SKIP","floor":46},{"not_picked":["champ:ShieldSlam+1","champ:Endure+1"],"picked":"champ:FocusedDefense+1","floor":48},{"not_picked":["champ:PerfectedStrike+1","champ:PreemptiveStrike","champ:TornadoPunch+1"],"picked":"SKIP","floor":49}],"player_experience":1102662,"relics_obtained":[{"floor":7.0,"key":"Matryoshka"},{"floor":11.0,"key":"Darkstone Periapt"},{"floor":22.0,"key":"Toy Ornithopter"},{"floor":24.0,"key":"CeramicFish"},{"floor":24.0,"key":"War Paint"},{"floor":26.0,"key":"Toxic Egg 2"},{"floor":28.0,"key":"Orichalcum"},{"floor":31,"key":"MawBank"},{"floor":41,"key":"Smiling Mask"}],"event_choices":[{"damage_healed":0.0,"max_hp_gain":0.0,"max_hp_loss":0.0,"gold_gain":0.0,"event_name":"Scrap Ooze","player_choice":"Success","floor":4.0,"gold_loss":0.0,"damage_taken":18.0,"relics_obtained":["Anchor"]},{"damage_healed":0.0,"max_hp_gain":0.0,"max_hp_loss":0.0,"gold_gain":0.0,"event_name":"Vampires","player_choice":"Ignored","floor":23.0,"gold_loss":0.0,"damage_taken":0.0},{"cards_removed":["Decay"],"damage_healed":0,"gold_gain":0,"player_choice":"Offered Curse","damage_taken":0,"relics_obtained":["Spirit Poop"],"max_hp_gain":0,"max_hp_loss":0,"event_name":"Bonfire Elementals","floor":44,"gold_loss":0}],"is_beta":false,"boss_relics":[{"not_picked":["Calling Bell","Astrolabe"],"picked":"Cursed Key"},{"not_picked":["expansioncontent:StudyCardRelic","bronze:MakeshiftBattery"],"picked":"Velvet Choker"}],"items_purged_floors":[21,43],"is_endless":false,"potions_floor_spawned":[6,9,11,15,16,26,31,32,38,39,48],"killed_by":"IC_BLOCK_ARCHETYPE","ascension_level":0}}