{"host":"f5gffvlv6a66yqkd","time":1613830064,"event":{"mods":["2.2 Compatiblity","BaseMod","Colored Map","Custom Start","DeckTracker","Keyboard Shortcuts","Minty Spire (QoL Compilation)","Permanent Neow","Quick Restart","Relic Stats","StSLib","SuperFastMode"],"gold_per_floor":[112,112,112,125,125,125,125],"floor_reached":6,"language":"KOR","playtime":82,"items_purged":[],"score":68,"play_id":"a0f6917e-0e42-430e-92b2-1640ee9d5cb5","local_time":"20210220230744","is_ascension_mode":true,"campfire_choices":[],"circlet_count":0,"master_deck":["AscendersBane","Strike_B","Strike_B","Strike_B","Strike_B","Defend_B","Defend_B","Defend_B","Defend_B","Zap","Dualcast","Swift Strike","Compile Driver","Conserve Battery"],"relics":["Cracked Core","Golden Idol","Strawberry"],"acts_visited":["Exordium"],"potions_floor_usage":[],"damage_taken":[{"damage":14,"enemies":"Small Slimes","floor":1,"turns":4},{"damage":9,"enemies":"Jaw Worm","floor":4,"turns":4},{"damage":8,"enemies":"Gremlin Nob","floor":6,"turns":3}],"seed_played":"5390108018329007852","potions_obtained":[],"is_trial":false,"path_per_floor":["M","?","?","M","?","E"],"character_chosen":"DEFECT","items_purchased":[],"campfire_rested":0,"item_purchase_floors":[],"current_hp_per_floor":[50,50,31,22,27,19,19],"gold":125,"neow_bonus":"RANDOM_COLORLESS","is_daily":false,"chose_seed":false,"campfire_upgraded":0,"win_rate":0.0,"timestamp":1613830064,"path_taken":["M","?","?","M","?","E"],"items_purchased_type":[],"build_version":"2020-12-22","purchased_purges":0,"victory":false,"max_hp_per_floor":[71,64,71,71,76,76,76],"relic_stats":{"counters":[3,11],"Golden Idol":3,"obtain_stats":[{"Golden Idol":2,"Strawberry":3,"Cracked Core":0},{"Golden Idol":1,"Strawberry":1,"Cracked Core":0},{"Golden Idol":4,"Strawberry":4,"Cracked Core":0}]},"card_choices":[{"not_picked":["Trip","Jack Of All Trades"],"picked":"Swift Strike","floor":0.0},{"not_picked":["Barrage","Aggregate"],"picked":"Compile Driver","floor":1},{"not_picked":["Chill","Cold Snap"],"picked":"Conserve Battery","floor":4}],"player_experience":1538241,"relics_obtained":[],"event_choices":[{"damage_healed":0,"gold_gain":0,"player_choice":"Lose Max HP","damage_taken":0,"relics_obtained":["Golden Idol"],"max_hp_gain":0,"max_hp_loss":7,"event_name":"Golden Idol","floor":2,"gold_loss":0},{"damage_healed":0,"gold_gain":0,"player_choice":"Success","damage_taken":26,"relics_obtained":["Strawberry"],"max_hp_gain":0,"max_hp_loss":0,"event_name":"Scrap Ooze","floor":3,"gold_loss":0},{"damage_healed":0,"gold_gain":0,"player_choice":"Donut","damage_taken":0,"max_hp_gain":5,"max_hp_loss":0,"event_name":"Big Fish","floor":5,"gold_loss":0}],"is_beta":false,"boss_relics":[],"items_purged_floors":[],"is_endless":false,"potions_floor_spawned":[],"killed_by":"Gremlin Nob","ascension_level":20}}