{"host":"d54lcqy5t45er8jx","time":1613809497,"event":{"mods":["2.2 Compatiblity","BaseMod","CapriCore","Colored Powertips","Defuse TimeMaze Blight","Friendly Minions","Hermit","Hubris","Infinite Spire","KinomotoSakuraMod(ÙÊñýÜâ?)","Marisa£¨Ùöéë¡¡Øª×âÞÞ£©","Minty Spire (QoL Compilation)","Quick Restart","Railgun Mod","Rare Cards Sparkle","Relic Stats","Remilia£¨?Ú·×é?£©","StSLib","The Alterego","The Animator","The Cursed","The Immortal","The Servant 0.9.4","WarShipGirlsR/??á´Ò³R mod","Yakumo Yukari mod","Yohane!","Yuri Mod"],"gold_per_floor":[116,174,449,51,51,86,86,98,98,18,43,43,63,93,93,165,165,185,185,203,259,259,291,291,344,344,344,365,402,428,428,428,519,519,543,580,594,596,598,598],"floor_reached":39,"language":"ENG","playtime":4168,"items_purged":["ScarletDevil","UnstableMagic"],"score":1110,"play_id":"2c45250a-acec-4cd2-85d8-bdca9e641e68","local_time":"20210220172457","daily_mods":["Draft","Insanity","Heirloom","DeadlyEvents","Elite Swarm","Uncertain Future"],"is_ascension_mode":true,"campfire_choices":[{"data":"ScarletNetherworld","floor":7,"key":"SMITH"},{"data":"ScarletDream","floor":12,"key":"SMITH"},{"data":"ScarletGensokyo","floor":15,"key":"SMITH"},{"data":"ChainGang","floor":24,"key":"SMITH"},{"data":"ScarletGensokyo","floor":27,"key":"SMITH"},{"data":"Ghostly","floor":32,"key":"SMITH"}],"circlet_count":0,"master_deck":["AscendersBane","EmergencyRegeneration+1","UnstableMagic","UnderTheZenith","ScarletDream+1","ScarletDevil","StarOfDavid","UnstableMagic","BloodHunter","EndlessAdversity","BloodyMagicSquare","MastersStateliness","NightDance","BlasphemousPunishment","StarOfDavid","UnderTheZenith","ScarletImprint","FavorOfDestiny","BlasphemousPunishment","Stigmanizer","UnstableMagic","RedRainbow","BloodHunter","TwelveNightmare","DiffusionOfMisfortune","NightDance","UnstableMagic","HunterOfTheNight","BloodHunter","VampireFantasy","TwelveNightmare","BadLadyScramble","DevilSight","GlobalNightmare","Ultimatum","GlobalNightmare","RedRainbow","ChainGang+1","MastersStateliness","RedNightlessCastle","RedRainbow","DiffusionOfMisfortune","VampireKiss","EndlessAdversity","ScarletImprint","UnderTheZenith","UltimateOffering","FavorOfDestiny","DiffusionOfMisfortune","Maim","BloodHunter","Maim","Septette","ScarletGensokyo","ScarletGensokyo+1","FitfulNightmare","ScarletNetherworld+1","BlasphemousPunishment","BloodyMagicSquare","NightDance","Stigmanizer","BloodHunter","ScarletNetherworld+1","RedMagic","ScarletGensokyo+1","VampirishNight","Regret","BloodyHallows","BloodySeventeenLaser","Ultimatum","HellCatastrophe","CeilingFear","HellCatastrophe","StarOfDavid","DiffusionOfMisfortune","Ghostly","Ghostly+1","Ghostly","infinitespire:FutureSight","hubris:InfiniteBlow+2","BatForm","BloodySeventeenLaser","BloodRain","ScarletDream+1","Madness","Madness"],"relics":["ScarletHat","hubris:FunFungus","infinitespire:Beetle Shell","Singing Bowl","Pantograph","infinitespire:CursedDice","infinitespire:WardingShard","hubris:VirtuousBlindfold","infinitespire:Midas Blood","hubris:TenFootPole","hubris:PeanutButter","Turnip","infinitespire:PuzzleCube","hubris:TinFlute","Black Star","Sozu","Gambling Chip"],"acts_visited":["Exordium","TheCity","TheBeyond"],"potions_floor_usage":[11,14,14,33,33],"damage_taken":[{"damage":0.0,"enemies":"Jaw Worm","floor":1.0,"turns":2.0},{"damage":10.0,"enemies":"Cultist","floor":2.0,"turns":4.0},{"damage":75,"enemies":"3 Sentries","floor":6,"turns":5},{"damage":0,"enemies":"2 Louse","floor":8,"turns":1},{"damage":13,"enemies":"Lagavulin","floor":11,"turns":5},{"damage":0,"enemies":"2 Fungi Beasts","floor":13,"turns":4},{"damage":14,"enemies":"Gremlin Nob","floor":14,"turns":4},{"damage":66,"enemies":"Hexaghost","floor":16,"turns":7},{"damage":14,"enemies":"Shell Parasite","floor":18,"turns":5},{"damage":4,"enemies":"2 Thieves","floor":20,"turns":3},{"damage":15,"enemies":"Snake Plant","floor":21,"turns":3},{"damage":6,"enemies":"Nightmare","floor":23,"turns":5},{"damage":51,"enemies":"Gremlin Leader","floor":25,"turns":5},{"damage":24,"enemies":"Shelled Parasite and Fungi","floor":28,"turns":4},{"damage":24,"enemies":"Book of Stabbing","floor":29,"turns":4},{"damage":74,"enemies":"Champ","floor":33,"turns":8},{"damage":7,"enemies":"3 Darklings","floor":35,"turns":5},{"damage":74,"enemies":"Mind Bloom Boss Battle","floor":36,"turns":5},{"damage":0,"enemies":"Orb Walker","floor":37,"turns":2},{"damage":10,"enemies":"Writhing Mass","floor":39,"turns":1}],"seed_played":"-4762759712553759678","potions_obtained":[{"floor":1.0,"key":"LiquidMemories"},{"floor":11,"key":"infinitespire:BlackPotion"},{"floor":13,"key":"Block Potion"},{"floor":16,"key":"DistilledChaos"},{"floor":16,"key":"BlessingOfTheForge"},{"floor":28,"key":"DistilledChaos"}],"is_trial":true,"path_per_floor":["M","M","?","$","?","E","R","M","T","$","E","R","M","E","R","B",null,"M","?","M","M","?","NM","R","E","T","R","M","E","T","AVR","R","B",null,"M","?","M","?","M"],"character_chosen":"REMILIA","items_purchased":["BloodyHallows","infinitespire:Beetle Shell","Ultimatum"],"campfire_rested":0,"item_purchase_floors":[4,4,10],"current_hp_per_floor":[65,61,61,61,40,7,7,15,15,15,14,14,20,19,19,29,63,54,37,37,27,17,41,41,14,14,14,19,7,7,7,7,18,38,36,5,6,2,0,0],"gold":598,"neow_bonus":"","is_daily":false,"chose_seed":false,"campfire_upgraded":6,"win_rate":0.0,"timestamp":1613809497,"path_taken":["M","M","?","?","?","E","R","M","T","$","E","R","M","E","R","BOSS","M","?","M","M","?","NM","R","E","T","R","M","E","?","AVR","R","BOSS","M","?","M","?","M"],"items_purchased_type":["Card","Relic","Card"],"build_version":"2020-12-22","purchased_purges":2,"victory":false,"max_hp_per_floor":[70,70,70,70,70,70,70,72,72,72,72,72,74,74,74,74,74,74,37,39,41,41,41,41,41,41,41,43,43,43,43,43,45,45,47,49,49,49,49,49],"relic_stats":{"Sozu":1,"Singing Bowl":16,"counters":[20,82],"Pantograph":61,"Gambling Chip":[7],"Turnip":[0],"Black Star":0,"obtain_stats":[{"Singing Bowl":6,"infinitespire:CursedDice":11,"hubris:VirtuousBlindfold":17,"infinitespire:Beetle Shell":4,"ScarletHat":0,"Sozu":34,"infinitespire:WardingShard":14,"Pantograph":9,"Gambling Chip":36,"hubris:PeanutButter":26,"hubris:FunFungus":0,"Turnip":29,"hubris:TenFootPole":25,"Black Star":31,"infinitespire:PuzzleCube":30,"hubris:TinFlute":31,"infinitespire:Midas Blood":23},{"Singing Bowl":3,"infinitespire:CursedDice":5,"hubris:VirtuousBlindfold":8,"infinitespire:Beetle Shell":2,"ScarletHat":0,"Sozu":16,"infinitespire:WardingShard":7,"Pantograph":4,"Gambling Chip":18,"hubris:PeanutButter":13,"hubris:FunFungus":0,"Turnip":15,"hubris:TenFootPole":13,"Black Star":15,"infinitespire:PuzzleCube":15,"hubris:TinFlute":15,"infinitespire:Midas Blood":12},{"Singing Bowl":11,"infinitespire:CursedDice":17,"hubris:VirtuousBlindfold":32,"infinitespire:Beetle Shell":6,"ScarletHat":0,"Sozu":69,"infinitespire:WardingShard":25,"Pantograph":12,"Gambling Chip":79,"hubris:PeanutButter":53,"hubris:FunFungus":0,"Turnip":61,"hubris:TenFootPole":53,"Black Star":61,"infinitespire:PuzzleCube":61,"hubris:TinFlute":61,"infinitespire:Midas Blood":48}]},"card_choices":[{"not_picked":["RedNightlessCastle","FavorOfDestiny"],"picked":"Maim","floor":0.0},{"not_picked":["MillenniumVampire","DevilSight"],"picked":"BloodHunter","floor":0.0},{"not_picked":["RedNightlessCastle","EndlessAdversity"],"picked":"Maim","floor":0.0},{"not_picked":["CharismaGuard","LeisurelyOfLord"],"picked":"Septette","floor":0.0},{"not_picked":["MastersStateliness","CharismaGuard"],"picked":"ScarletGensokyo","floor":0.0},{"not_picked":["BlasphemousPunishment","MastersStateliness"],"picked":"ScarletGensokyo","floor":0.0},{"not_picked":["ScarletImprint","VampirishNight"],"picked":"FitfulNightmare","floor":0.0},{"not_picked":["BombardNight","Maim"],"picked":"ScarletNetherworld","floor":0.0},{"not_picked":["CharismaGuard","ScarletDevil"],"picked":"BlasphemousPunishment","floor":0.0},{"not_picked":["BombardNight","RedRainbow"],"picked":"BloodyMagicSquare","floor":0.0},{"not_picked":["CharismaGuard","ScarletImprint"],"picked":"NightDance","floor":0.0},{"not_picked":["CharismaGuard","ScarletDevil"],"picked":"Stigmanizer","floor":0.0},{"not_picked":["DiffusionOfMisfortune","ScarletDevil"],"picked":"BloodHunter","floor":0.0},{"not_picked":["BlasphemousPunishment","BloodHunter"],"picked":"ScarletNetherworld","floor":0.0},{"not_picked":["MastersStateliness","RedRainbow"],"picked":"RedMagic","floor":0.0},{"not_picked":["ForbiddenFruit","FavorOfDestiny"],"picked":"ScarletGensokyo","floor":1.0},{"not_picked":["NightLord","UnderTheZenith"],"picked":"VampirishNight","floor":2.0},{"not_picked":["HellCatastrophe","KillingBlow"],"picked":"BloodySeventeenLaser","floor":6},{"not_picked":["ScarletImprint","EndlessAdversity","ScarletDevil"],"picked":"Singing Bowl","floor":8},{"not_picked":["ScarletMeister","HeartBreak"],"picked":"HellCatastrophe","floor":11},{"not_picked":["MiserableFate","BloodyMagicSquare","EndlessAdversity"],"picked":"Singing Bowl","floor":13},{"not_picked":["CurseOfVladTepes","ForecastOfChange"],"picked":"CeilingFear","floor":14},{"not_picked":["CeilingFear","ForecastOfChange"],"picked":"HellCatastrophe","floor":16},{"not_picked":["BombardNight","NightDance"],"picked":"StarOfDavid","floor":18},{"not_picked":["RedMagic","MastersStateliness"],"picked":"DiffusionOfMisfortune","floor":18},{"not_picked":["DiffusionOfMisfortune","StarOfDavid","FavorOfDestiny+1"],"picked":"Singing Bowl","floor":20},{"not_picked":["MastersStateliness","EquivalentExchange","RedRainbow+1"],"picked":"Singing Bowl","floor":21},{"not_picked":["infinitespire:DeathsTouch","infinitespire:Starlight"],"picked":"infinitespire:FutureSight","floor":22},{"not_picked":["infinitespire:SevenWalls","infinitespire:UltimateForm"],"picked":"hubris:InfiniteBlow+2","floor":23},{"not_picked":["CeilingFear","EquivalentExchange"],"picked":"BatForm","floor":23},{"not_picked":["BloodyCatastrophe","TransientEternity"],"picked":"BloodySeventeenLaser","floor":25},{"not_picked":["ChainGang","BlasphemousPunishment","DiffusionOfMisfortune"],"picked":"Singing Bowl","floor":28},{"not_picked":["EquivalentExchange","QueenOfMidnight"],"picked":"BloodRain","floor":29},{"not_picked":["KillingBlow","BatForm","TricksterDevil"],"picked":"Singing Bowl","floor":33},{"not_picked":["UltimateOffering","CharismaGuard","VampireKiss"],"picked":"Singing Bowl","floor":35},{"not_picked":["FavorOfDestiny+1","BloodHunter+1","GlobalNightmare"],"picked":"Singing Bowl","floor":36},{"not_picked":["Stigmanizer","BlasphemousPunishment"],"picked":"ScarletDream+1","floor":37}],"player_experience":996862,"relics_obtained":[{"floor":6,"key":"Singing Bowl"},{"floor":9,"key":"Pantograph"},{"floor":11,"key":"infinitespire:CursedDice"},{"floor":14,"key":"infinitespire:WardingShard"},{"floor":23,"key":"infinitespire:Midas Blood"},{"floor":25,"key":"hubris:TenFootPole"},{"floor":26,"key":"hubris:PeanutButter"},{"floor":29,"key":"Turnip"},{"floor":30,"key":"infinitespire:PuzzleCube"},{"floor":36,"key":"Gambling Chip"}],"event_choices":[{"damage_healed":0.0,"max_hp_gain":0.0,"max_hp_loss":0.0,"gold_gain":275.0,"event_name":"Golden Shrine","player_choice":"Desecrate","floor":3.0,"gold_loss":0.0,"damage_taken":0.0,"cards_obtained":["Regret"]},{"damage_healed":0,"gold_gain":0,"player_choice":"Entered Light","damage_taken":21,"max_hp_gain":0,"max_hp_loss":0,"event_name":"Shining Light","floor":5,"gold_loss":0,"cards_upgraded":["EmergencyRegeneration","ScarletNetherworld"]},{"damage_healed":0,"gold_gain":0,"player_choice":"Became a Ghost","damage_taken":0,"max_hp_gain":0,"max_hp_loss":37,"event_name":"Ghosts","floor":19,"gold_loss":0,"cards_obtained":["Ghostly","Ghostly","Ghostly"]},{"damage_healed":0,"gold_gain":0,"player_choice":"Fight","damage_taken":0,"max_hp_gain":0,"max_hp_loss":0,"event_name":"MindBloom","floor":36,"gold_loss":0},{"damage_healed":0,"gold_gain":0,"player_choice":"Embrace Madness","damage_taken":9,"max_hp_gain":0,"max_hp_loss":0,"event_name":"Winding Halls","floor":38,"gold_loss":0,"cards_obtained":["Madness","Madness"]}],"is_beta":false,"boss_relics":[{"not_picked":["hubris:BlackHole","Cursed Key"],"picked":"hubris:VirtuousBlindfold"},{"not_picked":["Astrolabe","Philosopher\u0027s Stone"],"picked":"Sozu"}],"items_purged_floors":[4,31],"is_endless":false,"potions_floor_spawned":[1,11,16,21,28,29,37],"killed_by":"Writhing Mass","ascension_level":20}}