{"host":"4a6fro0of1ie0h2w","time":1613852974,"event":{"mods":["Aspiration","BaseMod","CCEM2","Colored Map","Conspire","Downfall","GifTheSpireLib","Halation","Highlight Path","Hubris","Infinite Spire","Marisa????????","Minty Spire (QoL Compilation)","Permanent Neow","Replay The Spire","StSLib","Stuff the Spire","The Servant 0.9.4"],"gold_per_floor":[99,109,384,398,69,96,96,126,126,138,167,167,178,190,202,202,202,202],"floor_reached":16,"language":"ENG","playtime":510,"items_purged":["downfall:Malfunctioning"],"score":151,"play_id":"d386ed8d-1b3d-43b0-9de6-c52651250038","local_time":"20210220222933","is_ascension_mode":true,"campfire_choices":[{"data":"champ:TripleStrike","floor":1,"key":"SMITH"},{"data":"champ:StrikeOfGenius","floor":9,"key":"SMITH"},{"floor":12,"key":"RECALL"}],"circlet_count":0,"master_deck":["champ:Strike","champ:Strike","champ:Strike","champ:Strike","champ:Defend+1","champ:Defend","champ:Defend","champ:Defend","champ:Execute","champ:Taunt","champ:TripleStrike+1","champ:DefensiveStyle","Regret","champ:PerfectedStrike","champ:StrikeOfGenius+1","champ:Circumvent","champ:DefensiveShout","champ:FlashCut","champ:EnGarde","champ:TornadoPunch","champ:EnchantCrown"],"relics":["champ:ChampionCrown","CCEMRelics:IronFruit","hexamod:BolsterEngine","infinitespire:ShieldingShard","hubris:Reverence","StuffTheSpire:TintedRock"],"acts_visited":["Exordium"],"potions_floor_usage":[13,16,16,16],"damage_taken":[{"damage":9,"enemies":"Jaw Worm","floor":2,"turns":3},{"damage":15,"enemies":"infinitespire:Voidling","floor":4,"turns":3},{"damage":8,"enemies":"downfall:FleeingMerchant","floor":5,"turns":4},{"damage":35,"enemies":"3 Sentries","floor":8,"turns":8},{"damage":0,"enemies":"Cultist","floor":10,"turns":3},{"damage":2,"enemies":"Replay:BlueRogue","floor":11,"turns":5},{"damage":23,"enemies":"Gremlin Gang","floor":13,"turns":4},{"damage":0,"enemies":"2 Fungi Beasts","floor":14,"turns":1},{"damage":3,"enemies":"conspire:2 RoseBushes","floor":15,"turns":4},{"damage":33,"enemies":"IC_STATUS_ARCHETYPE","floor":16,"turns":4}],"seed_played":"-5559049570631209391","potions_obtained":[{"floor":8,"key":"Weak Potion"},{"floor":11,"key":"Guardian:BlockOnCardUsePotion"},{"floor":13,"key":"Strength Potion"},{"floor":15,"key":"Adrenaline Potion"}],"is_trial":false,"path_per_floor":["R","M","?","M","$","T","T","E","R","M","E","R","M","M","M","B"],"character_chosen":"THE_CHAMP","items_purchased":["CCEMRelics:IronFruit"],"campfire_rested":0,"item_purchase_floors":[5],"current_hp_per_floor":[90,81,81,76,73,73,73,53,53,53,51,51,28,28,25,0,0,0],"gold":202,"neow_bonus":"THREE_RARE_CARDS","is_daily":false,"chose_seed":false,"campfire_upgraded":2,"win_rate":0.0,"timestamp":1613852973,"path_taken":["R","M","?","?","$","?","T","E","R","M","E","R","?","M","M","BOSS"],"items_purchased_type":["Relic"],"build_version":"2020-12-22","purchased_purges":1,"victory":false,"max_hp_per_floor":[90,90,90,90,95,95,95,95,95,95,95,95,95,95,95,95,95,95],"card_choices":[{"not_picked":["champ:EnchantCrown","champ:SwordThrow"],"picked":"champ:TripleStrike","floor":0},{"not_picked":["champ:CrookedStrike","champ:RapidStrikes"],"picked":"champ:DefensiveStyle","floor":2},{"not_picked":["champ:CrownThrow","champ:BringItOn"],"picked":"champ:PerfectedStrike","floor":4},{"not_picked":["champ:FlashCut","champ:Duel"],"picked":"champ:StrikeOfGenius","floor":5},{"not_picked":["champ:BladeFlurry","champ:Encircle"],"picked":"champ:Circumvent","floor":8},{"not_picked":["champ:PerfectedStrike","champ:Shatter"],"picked":"champ:DefensiveShout","floor":10},{"not_picked":["champ:FanOfKnives","champ:TornadoPunch"],"picked":"champ:FlashCut","floor":11},{"not_picked":["champ:Backstep","champ:Lariat"],"picked":"champ:EnGarde","floor":13},{"not_picked":["champ:AdrenalArmor","champ:IronFortress"],"picked":"champ:TornadoPunch","floor":14},{"not_picked":["champ:TornadoPunch","champ:DefensiveShout"],"picked":"champ:EnchantCrown","floor":15}],"player_experience":238134,"relics_obtained":[{"floor":6,"key":"hexamod:BolsterEngine"},{"floor":7,"key":"infinitespire:ShieldingShard"},{"floor":8,"key":"hubris:Reverence"},{"floor":11,"key":"StuffTheSpire:TintedRock"}],"event_choices":[],"is_beta":false,"boss_relics":[],"items_purged_floors":[5],"is_endless":false,"potions_floor_spawned":[8,11,13,15],"killed_by":"IC_STATUS_ARCHETYPE","ascension_level":2}}