{"host":"cc6r8m2qe4jvlwua","time":1613862350,"event":{"mods":["BaseMod","Hubris","Marisa????????","Minty Spire (QoL Compilation)","Morshu Shopkeeper","Replay The Spire","Spicy Shops","StSLib","The Cursed","The Marked","The Necromancer"],"gold_per_floor":[110,285,285,65,84,84,115,115,115,142,242,242,252,281,281,376,376,394,53,67,79,1,1,28,28,51,51,77,111,111,122,122,221,221,231,231,231,231],"floor_reached":37,"language":"ENG","playtime":1877,"items_purged":["Doubt","Eruption","Strike_P"],"score":683,"play_id":"593311b2-e6a9-4f74-a2e5-01ece684f626","local_time":"20210220170550","is_ascension_mode":true,"campfire_choices":[{"data":"Replay:Anticipation","floor":6,"key":"SMITH"},{"floor":8,"key":"REST"},{"floor":12,"key":"REST"},{"data":"Alpha","floor":23,"key":"SMITH"},{"data":"Study","floor":25,"key":"SMITH"},{"floor":27,"key":"RECALL"},{"data":"Replay:LoomingThreat","floor":32,"key":"SMITH"}],"circlet_count":0,"master_deck":["Strike_P","Defend_P","Defend_P","Defend_P","Defend_P+1","Vigilance+1","Replay:Anticipation+1","Protect","Protect","Alpha+1","Study+1","Replay:LoomingThreat+1","DevaForm","WaveOfTheHand"],"relics":["PureWater","Regal Pillow","hubris:Reverence","Dream Catcher","Replay:Baseball","Art of War","Replay:Wax Seal","Centennial Puzzle","War Paint","Replay:Mystery Machine","Sozu","hubris:Towel"],"acts_visited":["Exordium","TheCity","TheBeyond"],"potions_floor_usage":[7,7,10,16,16,33],"damage_taken":[{"damage":2,"enemies":"Jaw Worm","floor":1,"turns":4},{"damage":1,"enemies":"2 Louse","floor":5,"turns":4},{"damage":27,"enemies":"3 Sentries","floor":7,"turns":18},{"damage":50,"enemies":"Gremlin Nob","floor":10,"turns":7},{"damage":0,"enemies":"Cultist","floor":13,"turns":5},{"damage":0,"enemies":"3 Sentries","floor":14,"turns":5},{"damage":2,"enemies":"Fading Forest","floor":16,"turns":11},{"damage":0,"enemies":"Chosen","floor":18,"turns":4},{"damage":14,"enemies":"2 Thieves","floor":20,"turns":3},{"damage":0,"enemies":"Chosen and Byrds","floor":21,"turns":4},{"damage":6,"enemies":"Book of Stabbing","floor":24,"turns":8},{"damage":0,"enemies":"Replay:Snechameleon","floor":29,"turns":7},{"damage":6,"enemies":"Cultist and Chosen","floor":31,"turns":4},{"damage":50,"enemies":"Pondfish","floor":33,"turns":9},{"damage":10,"enemies":"Orb Walker","floor":35,"turns":4},{"damage":71,"enemies":"2 Orb Walkers","floor":37,"turns":7}],"seed_played":"4644850503459279118","potions_obtained":[{"floor":1,"key":"EssenceOfSteel"},{"floor":5,"key":"Elixir"},{"floor":7,"key":"SneckoOil"},{"floor":13,"key":"Fruit Juice"},{"floor":14,"key":"Block Potion"},{"floor":24,"key":"Dexterity Potion"},{"floor":29,"key":"PowerPotion"}],"is_trial":false,"path_per_floor":["M","?","?","$","M","R","E","R","T","E","?","R","M","E","R","B",null,"M","$","M","M","$","R","E","R","T","R","T","E","$","M","R","B",null,"M","?","?"],"character_chosen":"WATCHER","items_purchased":["Protect","Art of War","Study","Replay:Wax Seal"],"campfire_rested":2,"item_purchase_floors":[4,19,19,22],"current_hp_per_floor":[49,49,49,49,48,48,21,57,57,7,7,43,43,43,43,56,77,77,77,63,63,63,63,57,57,57,57,57,57,57,51,51,1,77,67,67,0,0],"gold":231,"neow_bonus":"REMOVE_TWO","is_daily":false,"chose_seed":false,"campfire_upgraded":4,"win_rate":0.0,"timestamp":1613862350,"path_taken":["M","?","?","$","M","R","E","R","T","E","?","R","M","E","R","BOSS","M","$","M","M","$","R","E","R","T","R","?","E","$","?","R","BOSS","M","?","?"],"items_purchased_type":["Card","Relic","Card","Relic"],"build_version":"2020-12-22","purchased_purges":3,"victory":false,"max_hp_per_floor":[72,72,72,72,72,72,72,72,72,72,72,72,72,72,72,77,77,77,77,77,77,77,77,77,77,77,77,77,77,77,77,77,77,77,77,77,77,77],"card_choices":[{"not_picked":["InnerPeace","Replay:AtTheReady"],"picked":"Replay:Anticipation","floor":1},{"not_picked":["InnerPeace","Replay:Vibes","Vengeance"],"picked":"SKIP","floor":5},{"not_picked":["MentalFortress","CutThroughFate"],"picked":"Protect","floor":7},{"not_picked":["FlurryOfBlows","Evaluate","Consecrate"],"picked":"SKIP","floor":10},{"not_picked":["BowlingBash","ReachHeaven"],"picked":"Alpha","floor":12},{"not_picked":["FlyingSleeves","Halt","ClearTheMind"],"picked":"SKIP","floor":13},{"not_picked":["WreathOfFlame","Swivel","Replay:Vibes"],"picked":"SKIP","floor":14},{"not_picked":["BattleHymn","Protect","Crescendo"],"picked":"SKIP","floor":18},{"not_picked":["Replay:AtTheReady","EmptyMind","BattleHymn+1"],"picked":"SKIP","floor":20},{"not_picked":["EmptyBody+1","FlyingSleeves+1","Replay:ManipulateFuture"],"picked":"SKIP","floor":21},{"not_picked":["Study","Replay:AtTheReady","Collect"],"picked":"SKIP","floor":24},{"not_picked":["WheelKick+1","SandsOfTime"],"picked":"Replay:LoomingThreat","floor":29},{"not_picked":["Collect","Vengeance","FlyingSleeves"],"picked":"SKIP","floor":31},{"not_picked":["Devotion","Ragnarok"],"picked":"DevaForm","floor":33},{"not_picked":["Protect+1","Replay:Hum"],"picked":"WaveOfTheHand","floor":35}],"player_experience":270852,"relics_obtained":[{"floor":7,"key":"Regal Pillow"},{"floor":9,"key":"hubris:Reverence"},{"floor":10,"key":"Dream Catcher"},{"floor":14,"key":"Replay:Baseball"},{"floor":24,"key":"Centennial Puzzle"},{"floor":28,"key":"War Paint"},{"floor":29,"key":"Replay:Mystery Machine"}],"event_choices":[{"damage_healed":0,"gold_gain":175,"player_choice":"AGREE","damage_taken":0,"max_hp_gain":0,"max_hp_loss":0,"event_name":"Liars Game","floor":2,"gold_loss":0,"cards_obtained":["Doubt"]},{"damage_healed":0,"gold_gain":0,"player_choice":"Ignored","damage_taken":0,"max_hp_gain":0,"max_hp_loss":0,"event_name":"Shining Light","floor":3,"gold_loss":0},{"damage_healed":0,"gold_gain":100,"player_choice":"Pray","damage_taken":0,"max_hp_gain":0,"max_hp_loss":0,"event_name":"Golden Shrine","floor":11,"gold_loss":0},{"damage_healed":0,"gold_gain":0,"player_choice":"Ignored","damage_taken":0,"max_hp_gain":0,"max_hp_loss":0,"event_name":"Transmorgrifier","floor":15,"gold_loss":0},{"damage_healed":0,"gold_gain":0,"player_choice":"Fight","damage_taken":0,"max_hp_gain":0,"max_hp_loss":0,"event_name":"Mysterious Sphere","floor":37,"gold_loss":0}],"is_beta":false,"boss_relics":[{"not_picked":["Cursed Key","Painkiller Herb","hubris:CrackedHourglass"]},{"not_picked":["Replay:Ancient Bell","Black Star"],"picked":"Sozu"}],"items_purged_floors":[4,4,19],"is_endless":false,"potions_floor_spawned":[1,5,7,13,14,24,29],"killed_by":"2 Orb Walkers","ascension_level":2}}