{"host":"ur8591ivwt16uwtw","time":1613834660,"event":{"mods":["BaseMod","Hubris","Minty Spire (QoL Compilation)","Rare Cards Sparkle","Replay The Spire","StSLib","The Bug Knight","The Cursed","The Disciple","The Hierophant","The Runesmith"],"gold_per_floor":[112,131,146,160,160,160,186,186,235,270,270,281,246,281,281,384,384,395,395,414,426,129,158,158,177,177,177,177,177],"floor_reached":28,"language":"ENG","playtime":2392,"items_purged":["Runesmith:Strike_RS"],"score":283,"play_id":"e1caa1c8-a554-4e95-92b2-bac10880ec10","local_time":"20210220162420","is_ascension_mode":false,"campfire_choices":[{"data":"Runesmith:HammerTime","floor":6.0,"key":"SMITH"},{"data":"Runesmith:Terraform","floor":11.0,"key":"SMITH"},{"data":"Runesmith:GrandSlam","floor":15.0,"key":"SMITH"},{"data":"Runesmith:ReplicatingBarrier","floor":24,"key":"SMITH"}],"circlet_count":0,"master_deck":["Runesmith:Strike_RS","Runesmith:Defend_RS","Runesmith:Defend_RS","Runesmith:Defend_RS","Runesmith:Defend_RS","Runesmith:CraftFirestone","Runesmith:Fortify","Runesmith:HammerThrow","Runesmith:HammerTime+1","Runesmith:UnstableHammer","Runesmith:Terraform+1","Runesmith:LithiumIon+1","Runesmith:EarthShield","Runesmith:GrandSlam+1","Runesmith:BackupBattery","Runesmith:CraftIndustria","Runesmith:Grindstone+1","Runesmith:Discharge","Runesmith:GoWithTheFlow+1","Runesmith:FieryHammer","Runesmith:Permafrost","Runesmith:ReplicatingBarrier+1"],"relics":["Runesmith:BrokenRuby","Replay:Bottled Eggs","Blue Doll","Nunchaku","hubris:SphereOfDissonance","Replay:Towering Pillar of Hats","hubris:ScarierMask","Vajra","Darkstone Periapt","Frozen Egg 2","hubris:PeanutButter"],"acts_visited":["Exordium","TheCity"],"potions_floor_usage":[23],"damage_taken":[{"damage":1.0,"enemies":"Cultist","floor":1.0,"turns":4.0},{"damage":3.0,"enemies":"Jaw Worm","floor":2.0,"turns":3.0},{"damage":0.0,"enemies":"2 Louse","floor":3.0,"turns":3.0},{"damage":0.0,"enemies":"Exordium Thugs","floor":4.0,"turns":4.0},{"damage":17.0,"enemies":"Replay:BlueRogue","floor":7.0,"turns":6.0},{"damage":21.0,"enemies":"Lagavulin","floor":10.0,"turns":8.0},{"damage":10.0,"enemies":"Lots of Slimes","floor":12.0,"turns":6.0},{"damage":0.0,"enemies":"Gremlin Nob","floor":14.0,"turns":3.0},{"damage":2.0,"enemies":"The Guardian","floor":16.0,"turns":9.0},{"damage":2.0,"enemies":"Shell Parasite","floor":18.0,"turns":10.0},{"damage":0.0,"enemies":"2 Thieves","floor":20.0,"turns":2.0},{"damage":24.0,"enemies":"Snecko","floor":21.0,"turns":7.0},{"damage":27,"enemies":"Book of Stabbing","floor":23,"turns":7},{"damage":19,"enemies":"3 Cultists","floor":25,"turns":9},{"damage":6,"enemies":"Slavers","floor":28,"turns":3}],"seed_played":"-6999865823157655659","potions_obtained":[{"floor":2.0,"key":"Block Potion"},{"floor":4.0,"key":"Elixir"},{"floor":10.0,"key":"LiquidMemories"},{"floor":12.0,"key":"Languid Potion"},{"floor":14.0,"key":"Weak Potion"}],"is_trial":false,"path_per_floor":["M","M","M","M","?","R","E","?","T","E","R","M","?","E","R","B",null,"M","?","M","M","$","E","R","M","T","T","E"],"character_chosen":"RUNESMITH_CLASS","items_purchased":["Runesmith:Permafrost","Vajra"],"campfire_rested":0,"item_purchase_floors":[22,22],"current_hp_per_floor":[76,73,73,73,66,66,49,37,37,16,16,6,25,25,25,23,77,75,75,75,51,51,24,24,5,5,5,0,0],"gold":177,"neow_bonus":"TEN_PERCENT_HP_BONUS","is_daily":false,"chose_seed":false,"campfire_upgraded":4,"win_rate":0.0,"timestamp":1613834660,"path_taken":["M","M","M","M","?","R","E","?","T","E","R","M","?","E","R","BOSS","M","?","?","M","$","E","R","M","T","?","E"],"items_purchased_type":["Card","Relic"],"build_version":"2020-12-22","purchased_purges":1,"victory":false,"max_hp_per_floor":[77,77,77,77,77,77,77,77,77,77,77,77,77,77,77,77,77,77,77,77,77,77,77,77,77,77,77,77,77],"card_choices":[{"not_picked":["Runesmith:Repurpose","Runesmith:ChiselStab"],"picked":"Runesmith:HammerThrow","floor":1.0},{"not_picked":["Runesmith:Electrocute","Runesmith:CraftReservo"],"picked":"Runesmith:HammerTime","floor":2.0},{"not_picked":["Runesmith:EnergizedChisel","Runesmith:ChaoticBlast"],"picked":"Runesmith:UnstableHammer","floor":3.0},{"not_picked":["Runesmith:HeatedChisel","Runesmith:UnstableHammer"],"picked":"Runesmith:Terraform","floor":4.0},{"not_picked":["Runesmith:CraftMagma","Runesmith:RunicBlueprint"],"picked":"Runesmith:LithiumIon","floor":7.0},{"not_picked":["Runesmith:CraftProtectio","Runesmith:RuneHurl"],"picked":"Runesmith:EarthShield","floor":10.0},{"not_picked":["Runesmith:ElementalConversion","Runesmith:Superposition"],"picked":"Runesmith:GrandSlam","floor":12.0},{"not_picked":["Runesmith:RunicBlueprint","Runesmith:MakeshiftArmor"],"picked":"Runesmith:BackupBattery","floor":14.0},{"not_picked":["Runesmith:FissionHammer","Runesmith:GrandSlam"],"picked":"Runesmith:CraftIndustria","floor":16.0},{"not_picked":["Runesmith:EarthShield","Runesmith:Repurpose+1"],"picked":"Runesmith:Grindstone+1","floor":18.0},{"not_picked":["Runesmith:MakeshiftArmor","Runesmith:RuneHurl+1"],"picked":"Runesmith:GoWithTheFlow+1","floor":20.0},{"not_picked":["Runesmith:Electrocute","Runesmith:Overpower"],"picked":"Runesmith:FieryHammer","floor":21.0},{"not_picked":["Runesmith:Accelerate","Runesmith:Empowerment"],"picked":"Runesmith:ReplicatingBarrier","floor":23},{"not_picked":["Runesmith:HammerThrow","Runesmith:FieryHammer","Runesmith:RuneHurl"],"picked":"SKIP","floor":25}],"player_experience":2344725,"relics_obtained":[{"floor":7.0,"key":"Replay:Bottled Eggs"},{"floor":9.0,"key":"Nunchaku"},{"floor":10.0,"key":"hubris:SphereOfDissonance"},{"floor":14.0,"key":"Replay:Towering Pillar of Hats"},{"floor":23,"key":"Darkstone Periapt"},{"floor":26,"key":"Frozen Egg 2"},{"floor":27,"key":"hubris:PeanutButter"}],"event_choices":[{"cards_removed":["Runesmith:Strike_RS"],"damage_healed":0.0,"max_hp_gain":0.0,"max_hp_loss":0.0,"gold_gain":0.0,"event_name":"Golden Wing","player_choice":"Card Removal","floor":5.0,"gold_loss":0.0,"damage_taken":7.0},{"damage_healed":0.0,"max_hp_gain":0.0,"max_hp_loss":0.0,"gold_gain":0.0,"event_name":"Scrap Ooze","player_choice":"Success","floor":8.0,"gold_loss":0.0,"damage_taken":12.0,"relics_obtained":["Blue Doll"]},{"damage_healed":19.0,"max_hp_gain":0.0,"max_hp_loss":0.0,"gold_gain":0.0,"event_name":"The Cleric","player_choice":"Healed","floor":13.0,"gold_loss":35.0,"damage_taken":0.0},{"damage_healed":0.0,"max_hp_gain":0.0,"max_hp_loss":0.0,"gold_gain":0.0,"cards_transformed":["Runesmith:Strike_RS"],"event_name":"Transmorgrifier","player_choice":"Transformed","floor":19.0,"gold_loss":0.0,"damage_taken":0.0,"cards_obtained":["Runesmith:Discharge"]}],"is_beta":false,"boss_relics":[{"not_picked":["Replay:Bronze Core","Calling Bell"],"picked":"hubris:ScarierMask"}],"items_purged_floors":[22],"is_endless":false,"potions_floor_spawned":[2,4,10,12,14,21],"killed_by":"Slavers","ascension_level":0}}