{"host":"uceopoba4zvqsgiy","time":1613815584,"event":{"mods":["2.2 Compatiblity","Act Like it!","BaseMod","Better Skull","Better Third Choice","Elementarium","Evolution","GifTheSpireLib","Hermit","Humility","Infinite Spire","Jorbs\u0027s Wanderer Trilogy","Marked Mod","Minty Spire (QoL Compilation)","Potionbrewer","Reliquary","Replay The Spire","Robot Space Explorer","Shade Mod","Spicy Shops","StS++","StSLib","Stuff the Spire","The Blue Laboratory","The Caster","The Cursed","The Dragon Tamer","The Dragonkin","The Hierophant","The Judge","The Jungle","TheSurvivalist","Wandering Minibosses"],"gold_per_floor":[118,118,34,34,48,48,78,98,123,134,134,184,184,184],"floor_reached":13,"language":"ENG","playtime":1776,"items_purged":[],"score":145,"play_id":"05a9b67c-7b4a-4877-940e-aa9ac153c470","local_time":"20210220203624","is_ascension_mode":true,"campfire_choices":[{"floor":6,"key":"REST"}],"circlet_count":0,"master_deck":["Barrage","Barrage","Barrage","Barrage","Leap","Leap","Leap","Zap","Dualcast","Gash","StuffTheSpire:CuriosityCurse","Storm+1","Burn","Gash","Sweeping Beam+1"],"relics":["Cracked Core","EVO:Axolotl","StuffTheSpire:ForceGauntlet","Symbiotic Virus","reliquary:WeakTea","Pen Nib"],"acts_visited":["Exordium"],"potions_floor_usage":[],"damage_taken":[{"damage":0,"enemies":"Jaw Worm","floor":1,"turns":2},{"damage":14,"enemies":"Small Slimes","floor":5,"turns":3},{"damage":54,"enemies":"Lagavulin","floor":7,"turns":9},{"damage":0,"enemies":"2 Louse","floor":8,"turns":3},{"damage":2,"enemies":"Looter","floor":10,"turns":3},{"damage":34,"enemies":"3 Sentries","floor":13,"turns":3}],"seed_played":"1511233950273383151","potions_obtained":[{"floor":1,"key":"blueLaboratory:SavagePotion"},{"floor":10,"key":"Dexterity Potion"}],"is_trial":false,"path_per_floor":["M","?","$","?","M","R","E","M","T","M","?","T","E"],"character_chosen":"DEFECT","items_purchased":["Storm+1"],"campfire_rested":1,"item_purchase_floors":[3],"current_hp_per_floor":[76,76,76,76,62,83,29,29,29,27,27,27,0,0],"gold":184,"neow_bonus":"TEN_PERCENT_HP_BONUS","is_daily":false,"chose_seed":false,"campfire_upgraded":0,"win_rate":0.0,"timestamp":1613815584,"path_taken":["M","?","$","?","M","R","E","M","T","M","?","?","E"],"items_purchased_type":["Card"],"build_version":"2020-12-22","purchased_purges":0,"victory":false,"max_hp_per_floor":[83,83,83,83,83,83,83,83,83,83,83,83,83,83],"card_choices":[{"not_picked":["Panic Button","Coolheaded"],"picked":"Gash","floor":1},{"not_picked":["StuffTheSpire:Plugnplay","Rebound","Hologram"],"picked":"SKIP","floor":5},{"not_picked":["Leap","Scrape","Streamline"],"picked":"SKIP","floor":7},{"not_picked":["Beam Cell","FTL","Hologram"],"picked":"SKIP","floor":8},{"not_picked":["Coolheaded","Capacitor"],"picked":"Gash","floor":10}],"player_experience":1848469,"relics_obtained":[{"floor":7,"key":"Symbiotic Virus"},{"floor":9,"key":"reliquary:WeakTea"},{"floor":12,"key":"Pen Nib"}],"event_choices":[{"damage_healed":76,"gold_gain":0,"player_choice":"Embrace Burn","damage_taken":0,"max_hp_gain":0,"max_hp_loss":83,"event_name":"betterThird:BetterShining","floor":4,"gold_loss":0}],"is_beta":false,"boss_relics":[],"items_purged_floors":[],"is_endless":false,"potions_floor_spawned":[1,10],"killed_by":"3 Sentries","ascension_level":9,"is_humility":true}}