{"host":"iirf6tm60n5v4e3j","time":1613808573,"event":{"mods":["Act Like it!","BaseMod","Gensokyo","Marisa????????","Minty Spire (QoL Compilation)","StSLib","The Marked"],"gold_per_floor":[119,119,119,119,137,163,193,193,220,262,262,309,328,19,19,138,138,164,6,6,32,63,88,88,128,154,154,32,97,145,145,145,145,145],"floor_reached":33,"language":"ENG","playtime":2631,"items_purged":["Defend_MRS"],"score":537,"play_id":"674253d3-a983-41a5-8fb4-f7cbac08003d","local_time":"20210220000933","is_ascension_mode":true,"campfire_choices":[{"data":"OortCloud","floor":8,"key":"SMITH"},{"data":"RefractionSpark","floor":15,"key":"SMITH"},{"data":"StarDustReverie","floor":24,"key":"SMITH"},{"floor":27,"key":"REST"},{"data":"Gensokyo:FourOfAKind","floor":32,"key":"SMITH"}],"circlet_count":0,"master_deck":["AscendersBane","Strike_MRS","Strike_MRS","Strike_MRS","Strike_MRS","Defend_MRS","Defend_MRS","Defend_MRS","UpSweep","OortCloud+1","RefractionSpark+1","AsteroidBelt","6A","WitchOfGreed","GalacticHalo","TreasureHunter","Gensokyo:CrescentMoonSlash","6A","StarDustReverie+1","PowerUp","MagicChant","Parasite","Parasite","DeepEcoloBomb","PulseMagic","WitchOfGreed","6A+1","Gensokyo:FourOfAKind+1","Gensokyo:FourOfAKind","Gensokyo:FourOfAKind","Gensokyo:FourOfAKind"],"relics":["MiniHakkero","NeowsBlessing","Happy Flower","Nunchaku","Bag of Marbles","AmplifyWand","Blue Candle","Chemical X","Oddly Smooth Stone","SlaversCollar","SimpleLauncher","Anchor","ShroomBag","Lantern","Kunai","Bronze Scales","Potion Belt","Strawberry"],"acts_visited":["Exordium","Gensokyo:Gensokyo"],"potions_floor_usage":[7,10,10,10,10,10,12,16,16,22,25,25,29,29,30,33,33,33],"damage_taken":[{"damage":0,"enemies":"Gensokyo:3_Fairies","floor":1,"turns":1},{"damage":0,"enemies":"Gensokyo:Python","floor":5,"turns":1},{"damage":0,"enemies":"Gensokyo:Cirno","floor":6,"turns":2},{"damage":0,"enemies":"Gensokyo:Gryphon","floor":7,"turns":5},{"damage":2,"enemies":"Gensokyo:Mamizou","floor":10,"turns":9},{"damage":9,"enemies":"Gensokyo:Cirno","floor":12,"turns":7},{"damage":0,"enemies":"Gensokyo:CorruptedTreant","floor":13,"turns":3},{"damage":31,"enemies":"Gensokyo:Kokoro","floor":16,"turns":14},{"damage":10,"enemies":"Gensokyo:AngelMirror","floor":18,"turns":8},{"damage":0,"enemies":"Gensokyo:CosmicMonolith","floor":21,"turns":9},{"damage":9,"enemies":"Gensokyo:Slime_Group","floor":22,"turns":7},{"damage":0,"enemies":"Gensokyo:Reisen","floor":23,"turns":3},{"damage":52,"enemies":"Gensokyo:Tenshi","floor":25,"turns":7},{"damage":21,"enemies":"Gensokyo:Reisen","floor":29,"turns":9},{"damage":11,"enemies":"Gensokyo:Monolith_and_Dog","floor":30,"turns":6},{"damage":33,"enemies":"Gensokyo:Eiki","floor":33,"turns":10}],"seed_played":"-5246822578488288486","potions_obtained":[{"floor":1,"key":"EntropicBrew"},{"floor":6,"key":"ColorlessPotion"},{"floor":7,"key":"SkillPotion"},{"floor":7,"key":"AttackPotion"},{"floor":10,"key":"EssenceOfSteel"},{"floor":12,"key":"Regen Potion"},{"floor":12,"key":"Explosive Potion"},{"floor":18,"key":"FairyPotion"},{"floor":21,"key":"ShroomBrew"},{"floor":21,"key":"ShroomBrew"},{"floor":22,"key":"Block Potion"},{"floor":22,"key":"GamblersBrew"},{"floor":23,"key":"EssenceOfSteel"},{"floor":25,"key":"EssenceOfSteel"},{"floor":25,"key":"LiquidBronze"},{"floor":29,"key":"SpeedPotion"},{"floor":29,"key":"SkillPotion"},{"floor":30,"key":"SkillPotion"},{"floor":30,"key":"SpeedPotion"}],"is_trial":false,"path_per_floor":["M","?","?","?","M","E","M","R","T","E","?","E","M","$","R","B",null,"M","COS","?","M","M","E","R","E","T","R","$","E","M","?","R","B"],"character_chosen":"MARISA","items_purchased":["Chemical X","Oddly Smooth Stone","WitchOfGreed"],"campfire_rested":1,"item_purchase_floors":[14,14,28],"current_hp_per_floor":[68,68,68,68,68,68,68,68,68,66,55,46,46,46,46,30,64,54,54,54,54,45,45,45,20,20,40,40,30,23,23,23,0,0],"gold":145,"neow_bonus":"THREE_ENEMY_KILL","is_daily":false,"chose_seed":false,"campfire_upgraded":4,"win_rate":0.0,"timestamp":1613808573,"path_taken":["M","?","?","?","M","E","M","R","T","E","?","E","?","?","R","BOSS","M","COS","?","?","M","E","R","E","T","R","$","E","?","?","R","BOSS"],"items_purchased_type":["Relic","Relic","Card"],"build_version":"2020-12-22","purchased_purges":1,"victory":false,"max_hp_per_floor":[75,75,75,75,75,75,75,75,75,75,75,75,75,75,75,75,75,75,75,69,69,69,69,69,69,69,69,69,76,76,54,54,54,54],"card_choices":[{"not_picked":["Robbery","OneTimeOff"],"picked":"OortCloud","floor":1},{"not_picked":["WitchLeyline","GravityBeat"],"picked":"RefractionSpark","floor":3},{"not_picked":["SporeBomb","ChargingUp"],"picked":"AsteroidBelt","floor":3},{"not_picked":["LuminesStrike","PulseMagic"],"picked":"6A","floor":5},{"not_picked":["AsteroidBelt","BlazeAway"],"picked":"WitchOfGreed","floor":6},{"not_picked":["UnstableBomb","EventHorizon"],"picked":"GalacticHalo","floor":7},{"not_picked":["StarBarrage","MagicAbsorber","TreasureHunter"],"picked":"SKIP","floor":10},{"not_picked":["StarBarrage","MagicAbsorber"],"picked":"TreasureHunter","floor":10},{"not_picked":["WitchLeyline","ChargingUp","Orbital"],"picked":"SKIP","floor":12},{"not_picked":["MysteriousBeam","ChargingUp"],"picked":"6A","floor":13},{"not_picked":["BlazingStar","AbsoluteMagnitude"],"picked":"StarDustReverie","floor":16},{"not_picked":["UnstableBomb+1","SporeBomb"],"picked":"PowerUp","floor":18},{"not_picked":["WitchLeyline+1","DC+1","SporeBomb"],"picked":"SKIP","floor":21},{"not_picked":["SuperNova","DoubleSpark"],"picked":"MagicChant","floor":22},{"not_picked":["6A","StarlightTyphoon"],"picked":"DeepEcoloBomb","floor":23},{"not_picked":["SuperPerseids","UnstableBomb"],"picked":"PulseMagic","floor":25},{"not_picked":["MachineGunSpark","Robbery+1","NonDirectionalLaser"],"picked":"SKIP","floor":29},{"not_picked":["GravityBeat","WitchLeyline"],"picked":"6A+1","floor":30}],"player_experience":220757,"relics_obtained":[{"floor":6,"key":"Nunchaku"},{"floor":9,"key":"Bag of Marbles"},{"floor":10,"key":"AmplifyWand"},{"floor":12,"key":"Blue Candle"},{"floor":23,"key":"ShroomBag"},{"floor":23,"key":"Lantern"},{"floor":25,"key":"Kunai"},{"floor":26,"key":"Bronze Scales"},{"floor":29,"key":"Potion Belt"},{"floor":29,"key":"Strawberry"}],"event_choices":[],"is_beta":false,"boss_relics":[{"not_picked":["Black Star","Sozu"],"picked":"SlaversCollar"}],"items_purged_floors":[28],"is_endless":false,"potions_floor_spawned":[1,6,7,12,21,22,23,25],"killed_by":"Gensokyo:Eiki","ascension_level":10}}