{"host":"43wsnxh97mgjl5zw","time":1613802204,"event":{"mods":["Aspiration","BaseMod","Colored Map","Colored Powertips","Conspire","Downfall","Halation","Hubris","Minty Spire (QoL Compilation)","Quick Restart","Rare Cards Sparkle","Relic Sorter","Replay The Spire","StSLib"],"gold_per_floor":[109,34,34,46,57,87,87,118,144,144,162,162,66,99,99,99,99],"floor_reached":16,"language":"ENG","playtime":462,"items_purged":[],"score":236,"play_id":"a0276ecd-0483-4908-bf96-ca24dbd5f9df","local_time":"20210220082324","is_ascension_mode":true,"campfire_choices":[{"data":"ReplayTheSpireMod:Limb From Limb","floor":7,"key":"SMITH"},{"floor":10,"key":"RECALL"},{"data":"Replay:Sssssssssshield","floor":15,"key":"SMITH"}],"circlet_count":0,"master_deck":["AscendersBane","Strike_R","Strike_R","Strike_R","Strike_R","Strike_R","Defend_R","Defend_R","Defend_R","Defend_R","Uppercut+1","ReplayTheSpireMod:Limb From Limb+1","Shrug It Off","Replay:Sssssssssshield+1","Infernal Blade"],"relics":["Burning Blood","NeowsBlessing","Bag of Preparation","hubris:IronBody","Nunchaku","Garlic"],"acts_visited":["Exordium"],"potions_floor_usage":[14,16],"damage_taken":[{"damage":0,"enemies":"Small Slimes","floor":1,"turns":1},{"damage":0,"enemies":"Jaw Worm","floor":4,"turns":1},{"damage":0,"enemies":"Cultist","floor":5,"turns":1},{"damage":6,"enemies":"Gremlin Nob","floor":6,"turns":3},{"damage":7,"enemies":"Replay:BlueRogue","floor":8,"turns":7},{"damage":16,"enemies":"Exordium Wildlife","floor":11,"turns":5},{"damage":5,"enemies":"Lagavulin","floor":14,"turns":6},{"damage":62,"enemies":"Hexaghost","floor":16,"turns":13}],"seed_played":"4290845891977453364","potions_obtained":[{"floor":1,"key":"Adrenaline Potion"},{"floor":5,"key":"FearPotion"}],"is_trial":false,"path_per_floor":["M","?","?","M","M","E","R","E","T","R","M","?","$","E","R","B"],"character_chosen":"IRONCLAD","items_purchased":["Replay:Sssssssssshield"],"campfire_rested":0,"item_purchase_floors":[13],"current_hp_per_floor":[74,74,74,75,75,75,75,74,74,74,64,64,64,65,65,3,3],"gold":99,"neow_bonus":"THREE_ENEMY_KILL","is_daily":false,"chose_seed":false,"campfire_upgraded":2,"win_rate":0.0,"timestamp":1613802204,"path_taken":["M","?","?","M","M","E","R","E","T","R","M","?","$","E","R","BOSS"],"items_purchased_type":["Card"],"build_version":"2020-12-22","purchased_purges":0,"victory":false,"max_hp_per_floor":[75,75,75,75,75,75,75,75,75,75,75,75,75,75,75,75,75],"card_choices":[{"not_picked":["Battle Trance","Entrench"],"picked":"Uppercut","floor":1},{"not_picked":["Twin Strike","hubris:CleavingFinish","Pummel"],"picked":"SKIP","floor":4},{"not_picked":["Entrench","Flex"],"picked":"ReplayTheSpireMod:Limb From Limb","floor":5},{"not_picked":["Flex","Havoc","Dark Embrace"],"picked":"SKIP","floor":6},{"not_picked":["Iron Wave","Entrench","Hemokinesis"],"picked":"SKIP","floor":8},{"not_picked":["Pommel Strike","Perfected Strike"],"picked":"Shrug It Off","floor":11},{"not_picked":["Pommel Strike","Replay:Many Hands"],"picked":"Infernal Blade","floor":14}],"player_experience":1267022,"relics_obtained":[{"floor":6,"key":"Bag of Preparation"},{"floor":8,"key":"hubris:IronBody"},{"floor":9,"key":"Nunchaku"},{"floor":14,"key":"Garlic"}],"event_choices":[{"cards_removed":["Bash"],"damage_healed":0,"gold_gain":0,"player_choice":"Card Removal","damage_taken":0,"max_hp_gain":0,"max_hp_loss":0,"event_name":"The Cleric","floor":2,"gold_loss":75},{"damage_healed":0,"gold_gain":0,"player_choice":"Grow","damage_taken":0,"max_hp_gain":0,"max_hp_loss":0,"event_name":"Living Wall","floor":3,"gold_loss":0,"cards_upgraded":["Uppercut"]}],"is_beta":false,"boss_relics":[],"items_purged_floors":[],"is_endless":false,"potions_floor_spawned":[1,5],"killed_by":"Hexaghost","ascension_level":20}}