{"host":"htqwg582tjjtn9p7","time":1613845151,"event":{"mods":["2.2 Compatiblity","AchievementEnabler","Act Like it!","Aspiration","BaseMod","Better Third Choice","Colored Map","Conspire","Curses Come First","Displayed Cursed Tome","Energized Spire","Force Act Four","Fox Events","GifTheSpireLib","Hermit","Highlight Path","JesterMod","Mad Scientist","Minty Spire (QoL Compilation)","Pale of the Ancients","Permanent Neow","Random Character Button","Relic Stats","Reliquary","Replay The Spire","Robot Space Explorer","Somnambulant","Spicy Shops","Spikes Relics","StSLib","Stuff the Spire","The Blue Laboratory","The Bug Knight","The Forsaken","The Gatherer","The Judge","The Jungle","The Marked","The Runesmith","The Servant 0.9.4","Uncapped"],"gold_per_floor":[111,128,128,79,96,96,110,110,133,151,151,164,164,197,197,299,299,309,67,67,67],"floor_reached":20,"language":"ENG","playtime":715,"items_purged":[],"score":261,"play_id":"657d4a00-caef-4c3c-99a4-a5217bd0b29d","local_time":"20210220191911","is_ascension_mode":true,"campfire_choices":[{"data":"WordoMod:IllWill","floor":6,"key":"SMITH"},{"data":"WordoMod:ConjureTheDamned","floor":8,"key":"SMITH"},{"data":"WordoMod:Sacrilege","floor":11,"key":"SMITH"},{"floor":13,"key":"REST"},{"data":"WordoMod:Repent","floor":15,"key":"SMITH"}],"circlet_count":0,"master_deck":["AscendersBane","WordoMod:StrikeCard","WordoMod:StrikeCard","WordoMod:StrikeCard","WordoMod:StrikeCard","WordoMod:DefendCard","WordoMod:DefendCard","WordoMod:DefendCard","WordoMod:DefendCard","WordoMod:Accursed","WordoMod:IllWill+1","WordoMod:ConjureTheDamned+1","WordoMod:Exorcism","WordoMod:Repent+1","WordoMod:ICurseThee+1","WordoMod:CurseBuckler","WordoMod:Unchained","WordoMod:Sacrilege+1","WordoMod:CurseBuckler","WordoMod:Unchained","WordoMod:Miasma","WordoMod:CurseBuckler"],"relics":["WordoMod:Obsidian","WordoMod:Effigy","foxEvents:ScarlettsFace","ReplayTheSpireMod:Lightbulb","StuffTheSpire:EmeraldSignet","aspiration:MobileForge","reliquary:BallBearing"],"acts_visited":["Exordium","TheCity"],"potions_floor_usage":[14,14,16],"damage_taken":[{"damage":5,"enemies":"Cultist","floor":1,"turns":4},{"damage":7,"enemies":"2 Louse","floor":2,"turns":2},{"damage":1,"enemies":"Jaw Worm","floor":5,"turns":2},{"damage":7,"enemies":"Exordium Wildlife","floor":7,"turns":5},{"damage":15,"enemies":"Exordium Thugs","floor":10,"turns":4},{"damage":1,"enemies":"Large Slime","floor":12,"turns":6},{"damage":3,"enemies":"Lagavulin","floor":14,"turns":6},{"damage":43,"enemies":"Hexaghost","floor":16,"turns":12},{"damage":22,"enemies":"Chosen","floor":18,"turns":6},{"damage":0,"enemies":"Shelled Parasite and Fungi","floor":20,"turns":1}],"seed_played":"-5008192587824467251","potions_obtained":[{"floor":5,"key":"blueLaboratory:PhilterOfMotion"},{"floor":10,"key":"PowerPotion"},{"floor":12,"key":"blueLaboratory:HummingbirdPotion"}],"is_trial":false,"path_per_floor":["M","M","?","$","M","R","M","R","T","M","R","M","R","E","R","B",null,"M","$","M"],"character_chosen":"JUDGE_CLASS","items_purchased":["WordoMod:ICurseThee+1","reliquary:BallBearing"],"campfire_rested":1,"item_purchase_floors":[4,19],"current_hp_per_floor":[63,56,56,56,55,55,48,48,48,33,33,32,54,51,51,8,58,40,40,40,40],"gold":67,"neow_bonus":"ONE_RANDOM_RARE_CARD","is_daily":false,"chose_seed":false,"campfire_upgraded":4,"win_rate":0.0,"timestamp":1613845151,"path_taken":["M","?","?","$","M","R","M","R","T","M","R","M","R","E","R","BOSS","M","?","?"],"items_purchased_type":["Card","Relic"],"build_version":"2020-12-22","purchased_purges":0,"victory":false,"max_hp_per_floor":[75,75,75,75,75,75,75,75,75,75,75,75,75,75,75,75,75,75,75,75,75],"relic_stats":{"counters":[10,48],"obtain_stats":[{"WordoMod:Effigy":0,"aspiration:MobileForge":17,"WordoMod:Obsidian":0,"StuffTheSpire:EmeraldSignet":14,"reliquary:BallBearing":19,"foxEvents:ScarlettsFace":3,"ReplayTheSpireMod:Lightbulb":9},{"WordoMod:Effigy":0,"aspiration:MobileForge":8,"WordoMod:Obsidian":0,"StuffTheSpire:EmeraldSignet":7,"reliquary:BallBearing":9,"foxEvents:ScarlettsFace":2,"ReplayTheSpireMod:Lightbulb":4},{"WordoMod:Effigy":0,"aspiration:MobileForge":41,"WordoMod:Obsidian":0,"StuffTheSpire:EmeraldSignet":29,"reliquary:BallBearing":47,"foxEvents:ScarlettsFace":6,"ReplayTheSpireMod:Lightbulb":13}]},"card_choices":[{"not_picked":["WordoMod:Retaliate","WordoMod:Resurrection"],"picked":"WordoMod:Exorcism","floor":1},{"not_picked":["WordoMod:LordOfTheFlies","WordoMod:GivesYouHell"],"picked":"WordoMod:Repent","floor":2},{"not_picked":["WordoMod:SacRite","WordoMod:ProjectilePurge"],"picked":"WordoMod:CurseBuckler","floor":5},{"not_picked":["WordoMod:Vulgarity","WordoMod:GivesYouHell"],"picked":"WordoMod:Unchained","floor":7},{"not_picked":["WordoMod:BurdenOfSin","WordoMod:BadMemories"],"picked":"WordoMod:Sacrilege","floor":10},{"not_picked":["WordoMod:AfflictedWeapon","WordoMod:ThornedFist"],"picked":"WordoMod:CurseBuckler","floor":12},{"not_picked":["WordoMod:HighwayToHell","WordoMod:BurdenOfSin"],"picked":"WordoMod:Unchained","floor":14},{"not_picked":["WordoMod:EndOfTheWorld","WordoMod:GreatSeal"],"picked":"WordoMod:Miasma","floor":16},{"not_picked":["WordoMod:Sickness","WordoMod:Resurrection"],"picked":"WordoMod:CurseBuckler","floor":18}],"player_experience":2056733,"relics_obtained":[{"floor":9,"key":"ReplayTheSpireMod:Lightbulb"},{"floor":14,"key":"StuffTheSpire:EmeraldSignet"}],"event_choices":[{"damage_healed":0,"gold_gain":0,"player_choice":"Trade","damage_taken":0,"relics_obtained":["foxEvents:ScarlettsFace"],"max_hp_gain":0,"max_hp_loss":0,"event_name":"FaceTrader","floor":3,"gold_loss":0}],"is_beta":false,"boss_relics":[{"not_picked":["Sozu","Coffee Dripper"],"picked":"aspiration:MobileForge"}],"items_purged_floors":[],"is_endless":false,"potions_floor_spawned":[5,10,12],"killed_by":"Shelled Parasite and Fungi","ascension_level":10}}