{"host":"51qmnr9isyv85d0p","time":1613815112,"event":{"mods":["AchievementEnabler","BaseMod","Colored Map","Colored Powertips","Curses Come First","Downfall","Minty Spire (QoL Compilation)","Red Circlet Mod","Relic Stats","Replay The Spire","StSLib","TestMod"],"gold_per_floor":[11000,11012,10083,10100,10100,10100,10133,10133,10156,10171,10367,9363,9392,9392,9392,9496,9496,9511,9544,8728,8748,8748,8783,8783,8812,8812,8829,8829,8839,8839,8858,8858,8961,8961,8979,8979,8979,8866,8866,8893,8893,8903,8953,9003,9003,8299,8319,8337,8337,8337,8337,8337,7873,7906,7906],"floor_reached":56,"language":"ZHS","playtime":2320,"items_purged":["Defend_P","Defend_P","Omniscience"],"score":1578,"play_id":"15eabd17-6fe5-429e-abc5-6353a8ca834f","local_time":"20210220175832","is_ascension_mode":true,"campfire_choices":[{"data":"Eruption","floor":6.0,"key":"SMITH"},{"data":"Mayhem","floor":8.0,"key":"SMITH"},{"data":"Vault","floor":15.0,"key":"SMITH"},{"data":"Adaptation","floor":32,"key":"SMITH"},{"data":"Perseverance","floor":41,"key":"SMITH"},{"floor":45,"key":"RECALL"},{"data":"Evaluate","floor":49,"key":"SMITH"},{"data":"EmptyMind","floor":52,"key":"SMITH"}],"circlet_count":0,"master_deck":["Strike_P+1","Strike_P+1","Strike_P+1","Eruption+1","Perseverance+1","Meditate","Mayhem+1","InnerPeace","Adaptation+1","EmptyMind+1","Evaluate+1","Swift Strike+1","WindmillStrike+1","Vault+1","CutThroughFate+1","Bandage Up","CutThroughFate+1","TalkToTheHand+1","ReplayTheSpireMod:Trickstab+1","Necronomicurse","Replay:Cycle","Adaptation+1","EmptyBody+1","FlurryOfBlows+1","Madness"],"relics":["PureWater","testmod-TestBox","testmod-HeartOfStrike","Juzu Bracelet","ReplayTheSpireMod:TigerMarble","ClockworkSouvenir","Pen Nib","Replay:Towering Pillar of Hats","Bag of Preparation","OrangePellets","Molten Egg 2","Empty Cage","Red Mask","testmod-Hope","Replay:Mystery Machine","Guardian:BottledAnomaly","Singing Bowl","Whetstone","Bottled Lightning","Necronomicon","testmod-TimeTraveler","Frozen Egg 2","Gremlin Food","testmod-OneHitWonder","testmod-FatalChain","testmod-RandomTest","Kunai","Membership Card","Ornamental Fan","Garlic","HandDrill","Golden Egg"],"acts_visited":["Exordium","TheCity","TheBeyond","TheEnding"],"potions_floor_usage":[19,25,25,33,44,50,50,53,55],"damage_taken":[{"damage":0.0,"enemies":"2 Louse","floor":1.0,"turns":1.0},{"damage":0.0,"enemies":"Small Slimes","floor":2.0,"turns":1.0},{"damage":0.0,"enemies":"Cultist","floor":4.0,"turns":3.0},{"damage":9.0,"enemies":"Lagavulin","floor":7.0,"turns":4.0},{"damage":0.0,"enemies":"Large Slime","floor":10.0,"turns":3.0},{"damage":0.0,"enemies":"Gremlin Nob","floor":13.0,"turns":2.0},{"damage":0.0,"enemies":"Fading Forest","floor":16.0,"turns":8.0},{"damage":0,"enemies":"Spheric Guardian","floor":18,"turns":2},{"damage":7,"enemies":"Masked Bandits","floor":19,"turns":4},{"damage":1,"enemies":"3 Byrds","floor":21,"turns":4},{"damage":4,"enemies":"Slavers","floor":23,"turns":4},{"damage":2,"enemies":"Book of Stabbing","floor":25,"turns":3},{"damage":0,"enemies":"3 Cultists","floor":27,"turns":2},{"damage":15,"enemies":"Snake Plant","floor":29,"turns":3},{"damage":0,"enemies":"Centurion and Healer","floor":31,"turns":2},{"damage":0,"enemies":"Automaton","floor":33,"turns":5},{"damage":5,"enemies":"3 Shapes","floor":35,"turns":2},{"damage":8,"enemies":"Reptomancer","floor":40,"turns":3},{"damage":0,"enemies":"Orb Walker","floor":42,"turns":1},{"damage":18,"enemies":"Mind Bloom Boss Battle","floor":44,"turns":3},{"damage":0,"enemies":"4 Shapes","floor":47,"turns":1},{"damage":0,"enemies":"Writhing Mass","floor":48,"turns":2},{"damage":22,"enemies":"Awakened One","floor":50,"turns":7},{"damage":0,"enemies":"Shield and Spear","floor":54,"turns":3},{"damage":49,"enemies":"The Heart","floor":55,"turns":6}],"seed_played":"-1105357707520128745","potions_obtained":[{"floor":2.0,"key":"Elixir"},{"floor":4.0,"key":"Guardian:BlockOnCardUsePotion"},{"floor":19,"key":"GamblersBrew"},{"floor":27,"key":"SpeedPotion"},{"floor":35,"key":"Dexterity Potion"},{"floor":42,"key":"FearPotion"},{"floor":54,"key":"ColorlessPotion"}],"is_trial":false,"path_per_floor":["M","M","$","M","?","R","E","R","T","M","?","$","E","?","R","B",null,"M","?","$","M","?","E","?","E","T","M","?","M","?","M","R","B",null,"M","?","?","?","?","E","R","M","T","?","R","$","M","M","R","B",null,"R","$","E","B",null],"character_chosen":"WATCHER","items_purchased":["Juzu Bracelet","ReplayTheSpireMod:TigerMarble","ClockworkSouvenir","Mayhem","Energy Potion","ColorlessPotion","InnerPeace","Adaptation","Replay:Towering Pillar of Hats","Bag of Preparation","OrangePellets","Nirvana","Swift Strike","Fire Potion","BlessingOfTheForge","WindmillStrike","testmod-Hope","Replay:Mystery Machine","Bandage Up","Guardian:BottledAnomaly","CutThroughFate+1","testmod-RandomTest","Kunai","Membership Card","Energy Potion","FlurryOfBlows+1","Ornamental Fan","Garlic","HandDrill","Madness","testmod-SpacePotion","SkillPotion","PowerPotion"],"campfire_rested":0,"item_purchase_floors":[3,3,3,3,3,3,3,3,12,12,12,12,12,12,12,12,20,20,20,20,20,46,46,46,46,46,53,53,53,53,53,53,53],"current_hp_per_floor":[79,79,79,79,79,79,70,70,70,70,39,39,39,39,39,49,79,79,72,72,75,75,77,77,81,81,83,83,72,56,58,58,64,91,88,88,88,88,90,88,88,88,88,74,74,74,76,78,78,60,101,101,101,103,56],"gold":7906,"neow_bonus":"TEN_PERCENT_HP_BONUS","is_daily":false,"chose_seed":false,"campfire_upgraded":7,"win_rate":0.0,"timestamp":1613815112,"path_taken":["M","M","$","M","?","R","E","R","T","M","?","$","E","?","R","BOSS","M","?","$","M","?","E","?","E","T","M","?","M","?","M","R","BOSS","M","?","?","?","?","E","R","M","T","?","R","$","M","M","R","BOSS","R","$","E","BOSS"],"items_purchased_type":["Relic","Relic","Relic","Card","Potion","Potion","Card","Card","Relic","Relic","Relic","Card","Card","Potion","Potion","Card","Relic","Relic","Card","Relic","Card","Relic","Relic","Relic","Potion","Card","Relic","Relic","Relic","Card","Potion","Potion","Potion"],"build_version":"2020-12-22","purchased_purges":3,"victory":true,"max_hp_per_floor":[79,79,79,79,79,79,79,79,79,79,79,79,79,79,79,79,79,79,79,79,79,79,81,81,83,83,85,85,87,87,89,89,91,91,93,93,93,93,95,97,97,97,97,97,97,97,99,101,101,101,101,101,101,103,103],"relic_stats":{"OrangePellets":[2],"Singing Bowl":24,"counters":[25,79],"Ornamental Fan":[48],"Pen Nib":[22],"Juzu Bracelet":5,"Bag of Preparation":[40],"Necronomicon":[10],"HandDrill":[2],"Whetstone":["WindmillStrike","Swift Strike"],"Kunai":[23],"obtain_stats":[{"testmod-HeartOfStrike":0,"Golden Egg":54,"Singing Bowl":23,"Juzu Bracelet":3,"Bag of Preparation":12,"Whetstone":25,"Replay:Mystery Machine":20,"testmod-RandomTest":46,"Empty Cage":17,"ClockworkSouvenir":3,"Red Mask":19,"Necronomicon":30,"HandDrill":53,"Kunai":46,"Guardian:BottledAnomaly":20,"Gremlin Food":40,"testmod-TestBox":0,"testmod-TimeTraveler":34,"Replay:Towering Pillar of Hats":12,"testmod-FatalChain":44,"Pen Nib":7,"Frozen Egg 2":38,"OrangePellets":12,"Ornamental Fan":53,"testmod-Hope":20,"Molten Egg 2":13,"ReplayTheSpireMod:TigerMarble":3,"Garlic":53,"Bottled Lightning":26,"Membership Card":46,"PureWater":0,"testmod-OneHitWonder":43},{"testmod-HeartOfStrike":0,"Golden Egg":24,"Singing Bowl":11,"Juzu Bracelet":2,"Bag of Preparation":5,"Whetstone":12,"Replay:Mystery Machine":9,"testmod-RandomTest":20,"Empty Cage":7,"ClockworkSouvenir":2,"Red Mask":9,"Necronomicon":14,"HandDrill":23,"Kunai":20,"Guardian:BottledAnomaly":9,"Gremlin Food":18,"testmod-TestBox":0,"testmod-TimeTraveler":16,"Replay:Towering Pillar of Hats":5,"testmod-FatalChain":20,"Pen Nib":4,"Frozen Egg 2":17,"OrangePellets":5,"Ornamental Fan":23,"testmod-Hope":9,"Molten Egg 2":6,"ReplayTheSpireMod:TigerMarble":2,"Garlic":23,"Bottled Lightning":12,"Membership Card":20,"PureWater":0,"testmod-OneHitWonder":19},{"testmod-HeartOfStrike":0,"Golden Egg":73,"Singing Bowl":36,"Juzu Bracelet":2,"Bag of Preparation":12,"Whetstone":39,"Replay:Mystery Machine":28,"testmod-RandomTest":60,"Empty Cage":22,"ClockworkSouvenir":2,"Red Mask":28,"Necronomicon":44,"HandDrill":70,"Kunai":60,"Guardian:BottledAnomaly":28,"Gremlin Food":56,"testmod-TestBox":0,"testmod-TimeTraveler":51,"Replay:Towering Pillar of Hats":12,"testmod-FatalChain":60,"Pen Nib":9,"Frozen Egg 2":53,"OrangePellets":12,"Ornamental Fan":70,"testmod-Hope":28,"Molten Egg 2":14,"ReplayTheSpireMod:TigerMarble":2,"Garlic":70,"Bottled Lightning":39,"Membership Card":60,"PureWater":0,"testmod-OneHitWonder":57}]},"card_choices":[{"not_picked":["SashWhip","Protect"],"picked":"Perseverance","floor":1.0},{"not_picked":["Replay:Vibes","ClearTheMind"],"picked":"Meditate","floor":2.0},{"not_picked":["Replay:BluntJabs","PathToVictory"],"picked":"EmptyMind","floor":4.0},{"not_picked":["Protect","Replay:BluntJabs","Evaluate"],"picked":"SKIP","floor":7.0},{"not_picked":["EmptyMind","Halt","Replay:BluntJabs"],"picked":"SKIP","floor":10.0},{"not_picked":["Halt","ThirdEye"],"picked":"Evaluate","floor":11.0},{"not_picked":["EmptyBody","BowlingBash+1"],"picked":"Vault","floor":13.0},{"not_picked":["Judgement","Replay:AllIn"],"picked":"Omniscience","floor":16.0},{"not_picked":["FollowUp+1","Replay:Cycle"],"picked":"Worship","floor":18},{"not_picked":["Prostrate","Fasting2+1"],"picked":"CutThroughFate+1","floor":19},{"not_picked":["Replay:BluntJabs+1","ForeignInfluence"],"picked":"TalkToTheHand+1","floor":21},{"not_picked":["Replay:AtTheReady","FollowUp+1","Omniscience"],"picked":"Singing Bowl","floor":23},{"not_picked":["Replay:ManipulateFuture","BattleHymn","ForeignInfluence"],"picked":"Singing Bowl","floor":25},{"not_picked":["InnerPeace","Meditate+1","PathToVictory+1"],"picked":"Singing Bowl","floor":27},{"not_picked":["Replay:Battleflow","FollowUp+1","Study"],"picked":"Singing Bowl","floor":29},{"not_picked":["Replay:Cycle","Halt","EmptyBody"],"picked":"Singing Bowl","floor":31},{"not_picked":["ConjureBlade","Ragnarok+1","Judgement"],"picked":"Singing Bowl","floor":33},{"not_picked":["FlyingSleeves+1","CrushJoints+1","Sanctity"],"picked":"Singing Bowl","floor":35},{"not_picked":["Replay:Sssssssssstrike+1","testmod-Arrangement+1","Replay:BasicMightCard+1"],"picked":"Singing Bowl","floor":39},{"not_picked":["CrushJoints+1","Nirvana+1","FlyingSleeves+1"],"picked":"Singing Bowl","floor":40},{"not_picked":["Consecrate+1","FlurryOfBlows+1"],"picked":"Adaptation+1","floor":42},{"not_picked":["Replay:AtTheReady+1","FlurryOfBlows+1"],"picked":"EmptyBody+1","floor":44},{"not_picked":["Fasting2+1","EmptyBody+1","FlurryOfBlows+1"],"picked":"Singing Bowl","floor":47},{"not_picked":["PathToVictory+1","Vengeance","Evaluate"],"picked":"Singing Bowl","floor":48},{"not_picked":["CutThroughFate+1","Halt+1","Wireheading+1"],"picked":"Singing Bowl","floor":54}],"player_experience":149461,"relics_obtained":[{"floor":7.0,"key":"Pen Nib"},{"floor":13.0,"key":"Molten Egg 2"},{"floor":19,"key":"Red Mask"},{"floor":23,"key":"Singing Bowl"},{"floor":25,"key":"Whetstone"},{"floor":26,"key":"Bottled Lightning"},{"floor":30,"key":"Necronomicon"},{"floor":40,"key":"Gremlin Food"},{"floor":43,"key":"testmod-OneHitWonder"},{"floor":44,"key":"testmod-FatalChain"},{"floor":54,"key":"Golden Egg"}],"event_choices":[{"damage_healed":0.0,"max_hp_gain":0.0,"max_hp_loss":0.0,"gold_gain":0.0,"event_name":"Liars Game","player_choice":"Ignored","floor":5.0,"gold_loss":0.0,"damage_taken":0.0},{"cards_removed":["Defend_P"],"damage_healed":0.0,"max_hp_gain":0.0,"max_hp_loss":0.0,"gold_gain":0.0,"event_name":"Purifier","player_choice":"Purged","floor":14.0,"gold_loss":0.0,"damage_taken":0.0},{"damage_healed":0,"gold_gain":0,"player_choice":"Fought Bandits","damage_taken":0,"max_hp_gain":0,"max_hp_loss":0,"event_name":"Masked Bandits","floor":19,"gold_loss":0},{"cards_removed":["Worship"],"damage_healed":0,"gold_gain":0,"player_choice":"Purged","damage_taken":0,"max_hp_gain":0,"max_hp_loss":0,"event_name":"Purifier","floor":22,"gold_loss":0},{"damage_healed":0,"gold_gain":0,"player_choice":"Simplicity","damage_taken":0,"max_hp_gain":0,"max_hp_loss":0,"event_name":"Back to Basics","floor":24,"gold_loss":0,"cards_upgraded":["Strike_P","Strike_P","Strike_P"]},{"damage_healed":0,"gold_gain":0,"player_choice":"1 cards matched","damage_taken":0,"max_hp_gain":0,"max_hp_loss":0,"event_name":"Match and Keep!","floor":28,"gold_loss":0,"cards_obtained":["ReplayTheSpireMod:Trickstab"]},{"damage_healed":0,"gold_gain":0,"player_choice":"Obtained Book","damage_taken":16,"max_hp_gain":0,"max_hp_loss":0,"event_name":"Cursed Tome","floor":30,"gold_loss":0},{"damage_healed":0,"gold_gain":0,"cards_transformed":["Nirvana"],"player_choice":"Transformed","damage_taken":0,"max_hp_gain":0,"max_hp_loss":0,"event_name":"Transmorgrifier","floor":36,"gold_loss":0,"cards_obtained":["Replay:Cycle"]},{"cards_removed":["Vigilance"],"damage_healed":0,"gold_gain":0,"player_choice":"Removed Skill","damage_taken":0,"max_hp_gain":0,"max_hp_loss":0,"event_name":"Falling","floor":37,"gold_loss":0},{"damage_healed":0,"gold_gain":0,"player_choice":"Paid Gold","damage_taken":0,"relics_obtained":["Frozen Egg 2"],"max_hp_gain":0,"max_hp_loss":0,"event_name":"WeMeetAgain","floor":38,"gold_loss":113},{"damage_healed":0,"gold_gain":0,"player_choice":"Memory 1","damage_taken":0,"max_hp_gain":0,"max_hp_loss":0,"event_name":"SensoryStone","floor":39,"gold_loss":0},{"damage_healed":0,"gold_gain":0,"player_choice":"Fight","damage_taken":0,"max_hp_gain":0,"max_hp_loss":0,"event_name":"MindBloom","floor":44,"gold_loss":0}],"is_beta":false,"boss_relics":[{"not_picked":["testmod-SaigiyounoYou","Snecko Eye"],"picked":"Empty Cage"},{"not_picked":["SacredBark","Cursed Key"],"picked":"testmod-TimeTraveler"}],"items_purged_floors":[3,12,20],"is_endless":false,"potions_floor_spawned":[2,4,13,18,19,23,27,35,42,47,54],"ascension_level":2}}