{"host":"py7qdianp3jrm8dm","time":1613857658,"event":{"mods":["AchievementEnabler","BaseMod","Bestiary","Downfall","Highlight Path","Minty Spire (QoL Compilation)","StSLib"],"gold_per_floor":[112,112,112,123,48,48,80,31,31,41,41,41,84,102,102,197,197,216,216,266,287,287,331,347,347,347,30,30,30,30,46,46,46,46],"floor_reached":33,"language":"ENG","playtime":1018,"items_purged":["Defend_R","Injury"],"score":488,"play_id":"533c42a7-c701-4fa2-b825-472f57a6ed42","local_time":"20210220214738","is_ascension_mode":true,"campfire_choices":[{"data":"Rampage","floor":6,"key":"SMITH"},{"data":"Berserk","floor":12,"key":"SMITH"},{"floor":15,"key":"REST"},{"floor":25,"key":"REST"},{"data":"Perfected Strike","floor":28,"key":"SMITH"},{"data":"Perfected Strike","floor":30,"key":"SMITH"},{"floor":32,"key":"REST"}],"circlet_count":0,"master_deck":["AscendersBane","Strike_R+1","Strike_R+1","Strike_R+1","Strike_R+1","Strike_R+1","Defend_R+1","Bash","Sword Boomerang","Hemokinesis+1","Heavy Blade","Rampage+1","Berserk+1","Thunderclap","Perfected Strike+1","Feed","Twin Strike","Perfected Strike+1","Blood for Blood","Thunderclap"],"relics":["Burning Blood","Pear","StrikeDummy","Golden Idol","Omamori","Cursed Key","Shuriken","Oddly Smooth Stone","PreservedInsect","Regal Pillow"],"acts_visited":["Exordium","TheCity"],"potions_floor_usage":[16,16,23,23,33],"damage_taken":[{"damage":11,"enemies":"Jaw Worm","floor":1,"turns":3},{"damage":2,"enemies":"2 Louse","floor":4,"turns":2},{"damage":18,"enemies":"Gremlin Nob","floor":7,"turns":3},{"damage":2,"enemies":"Cultist","floor":10,"turns":2},{"damage":22,"enemies":"Lagavulin","floor":13,"turns":5},{"damage":14,"enemies":"Large Slime","floor":14,"turns":2},{"damage":42,"enemies":"Hexaghost","floor":16,"turns":8},{"damage":14,"enemies":"Chosen","floor":18,"turns":3},{"damage":3,"enemies":"Spheric Guardian","floor":21,"turns":3},{"damage":29,"enemies":"Book of Stabbing","floor":23,"turns":3},{"damage":24,"enemies":"3 Cultists","floor":24,"turns":4},{"damage":26,"enemies":"Shelled Parasite and Fungi","floor":31,"turns":3},{"damage":85,"enemies":"Champ","floor":33,"turns":6}],"seed_played":"-6891333557013709745","potions_obtained":[{"floor":4,"key":"GamblersBrew"},{"floor":13,"key":"Weak Potion"},{"floor":16,"key":"AttackPotion"},{"floor":21,"key":"ColorlessPotion"},{"floor":23,"key":"Dexterity Potion"}],"is_trial":false,"path_per_floor":["M","?","?","M","$","R","E","?","T","M","?","R","E","M","R","B",null,"M","?","?","M","?","E","M","R","T","$","R","$","R","M","R","B"],"character_chosen":"IRONCLAD","items_purchased":["Regal Pillow","Strength Potion"],"campfire_rested":3,"item_purchase_floors":[27,27],"current_hp_per_floor":[63,40,40,44,44,44,42,42,42,46,46,46,30,22,47,11,67,59,59,59,62,62,39,24,50,50,50,50,50,50,30,71,0,0],"gold":46,"neow_bonus":"TRANSFORM_TWO_CARDS","is_daily":false,"chose_seed":false,"campfire_upgraded":4,"win_rate":0.0,"timestamp":1613857658,"path_taken":["M","?","?","?","$","R","E","?","T","M","?","R","E","M","R","BOSS","M","?","?","M","?","E","M","R","T","$","R","?","R","M","R","BOSS"],"items_purchased_type":["Relic","Potion"],"build_version":"2020-12-22","purchased_purges":2,"victory":false,"max_hp_per_floor":[75,75,75,75,75,75,85,85,85,85,85,85,85,85,85,85,85,85,85,85,85,85,85,88,88,88,88,88,88,88,88,88,88,88],"card_choices":[{"not_picked":["Carnage","Iron Wave"],"picked":"Heavy Blade","floor":1},{"not_picked":["True Grit","Dual Wield"],"picked":"Rampage","floor":4},{"not_picked":["Sever Soul","True Grit"],"picked":"Berserk","floor":7},{"not_picked":["True Grit","Iron Wave"],"picked":"Thunderclap","floor":10},{"not_picked":["Wild Strike","True Grit","Disarm"],"picked":"SKIP","floor":13},{"not_picked":["Headbutt","Burning Pact"],"picked":"Perfected Strike","floor":14},{"not_picked":["Bludgeon","Offering"],"picked":"Feed","floor":16},{"not_picked":["Battle Trance","Warcry"],"picked":"Twin Strike","floor":18},{"not_picked":["Infernal Blade","Wild Strike"],"picked":"Perfected Strike","floor":21},{"not_picked":["Clothesline","Second Wind"],"picked":"Blood for Blood","floor":23},{"not_picked":["Sword Boomerang","Barricade"],"picked":"Thunderclap","floor":24},{"not_picked":["Havoc+1","Entrench","Second Wind"],"picked":"SKIP","floor":31}],"player_experience":631168,"relics_obtained":[{"floor":7,"key":"Pear"},{"floor":9,"key":"StrikeDummy"},{"floor":13,"key":"Omamori"},{"floor":23,"key":"Oddly Smooth Stone"},{"floor":26,"key":"PreservedInsect"}],"event_choices":[{"damage_healed":0,"gold_gain":0,"player_choice":"Entered Light","damage_taken":23,"max_hp_gain":0,"max_hp_loss":0,"event_name":"Shining Light","floor":2,"gold_loss":0,"cards_upgraded":["Hemokinesis","Defend_R"]},{"cards_removed":["Shame"],"damage_healed":0,"gold_gain":0,"player_choice":"Removed Curses","damage_taken":0,"max_hp_gain":0,"max_hp_loss":0,"event_name":"Fountain of Cleansing","floor":3,"gold_loss":0},{"damage_healed":0,"gold_gain":0,"player_choice":"Left Gold","damage_taken":0,"max_hp_gain":0,"max_hp_loss":0,"event_name":"World of Goop","floor":8,"gold_loss":49},{"damage_healed":0,"gold_gain":0,"player_choice":"Take Wound","damage_taken":0,"relics_obtained":["Golden Idol"],"max_hp_gain":0,"max_hp_loss":0,"event_name":"Golden Idol","floor":11,"gold_loss":0,"cards_obtained":["Injury"]},{"damage_healed":0,"gold_gain":0,"player_choice":"Simplicity","damage_taken":0,"max_hp_gain":0,"max_hp_loss":0,"event_name":"Back to Basics","floor":19,"gold_loss":0,"cards_upgraded":["Strike_R","Strike_R","Strike_R","Strike_R","Strike_R"]},{"damage_healed":0,"gold_gain":50,"player_choice":"Stole From Cult","damage_taken":0,"max_hp_gain":0,"max_hp_loss":0,"event_name":"Nest","floor":20,"gold_loss":0},{"damage_healed":0,"gold_gain":0,"player_choice":"Opened","damage_taken":0,"relics_obtained":["Shuriken"],"max_hp_gain":0,"max_hp_loss":0,"event_name":"The Mausoleum","floor":22,"gold_loss":0,"cards_obtained":["Writhe"]}],"is_beta":false,"boss_relics":[{"not_picked":["Pandora\u0027s Box","Coffee Dripper"],"picked":"Cursed Key"}],"items_purged_floors":[5,27],"is_endless":false,"potions_floor_spawned":[4,13,16,21,23],"killed_by":"Champ","ascension_level":16}}