{"host":"1n4zh8skucxnzijq","time":1613845969,"event":{"mods":["AchievementEnabler","BaseMod","Minty Spire (QoL Compilation)","Quick Restart"],"gold_per_floor":[110,110,134,155,179,179,254,88,88,88,88],"floor_reached":10,"language":"ENG","playtime":320,"items_purged":["Strike_B"],"score":116,"play_id":"9ae07d34-3616-4449-b6fd-de89f150a900","local_time":"20210220183249","is_ascension_mode":true,"campfire_choices":[{"data":"Zap","floor":6,"key":"SMITH"}],"circlet_count":0,"master_deck":["AscendersBane","Strike_B","Strike_B","Defend_B","Defend_B","Defend_B","Defend_B","Zap+1","Dualcast","Steam","Sunder","Streamline","Deep Breath"],"relics":["Cracked Core","Golden Idol","Bottled Flame"],"acts_visited":["Exordium"],"potions_floor_usage":[10],"damage_taken":[{"damage":4,"enemies":"Small Slimes","floor":1,"turns":3},{"damage":2,"enemies":"Jaw Worm","floor":3,"turns":3},{"damage":0,"enemies":"Cultist","floor":4,"turns":3},{"damage":4,"enemies":"Red Slaver","floor":5,"turns":3},{"damage":20,"enemies":"3 Sentries","floor":10,"turns":6}],"seed_played":"4404843896412531462","potions_obtained":[{"floor":4,"key":"SpeedPotion"}],"is_trial":false,"path_per_floor":["M","?","M","M","M","R","?","$","T","E"],"character_chosen":"DEFECT","items_purchased":["Deep Breath"],"campfire_rested":0,"item_purchase_floors":[8],"current_hp_per_floor":[60,36,34,34,30,30,19,19,19,0,0],"gold":88,"neow_bonus":"REMOVE_CARD","is_daily":false,"chose_seed":false,"campfire_upgraded":1,"win_rate":0.0,"timestamp":1613845969,"path_taken":["M","?","M","M","M","R","?","?","T","E"],"items_purchased_type":["Card"],"build_version":"2020-12-22","purchased_purges":1,"victory":false,"max_hp_per_floor":[71,71,71,71,71,71,71,71,71,71,71],"card_choices":[{"not_picked":["Static Discharge","Stack"],"picked":"Steam","floor":1},{"not_picked":["Chaos","Coolheaded"],"picked":"Sunder","floor":3},{"not_picked":["Reinforced Body","Hello World"],"picked":"Streamline","floor":4},{"not_picked":["Turbo","Force Field","Stack"],"picked":"SKIP","floor":5}],"player_experience":1118586,"relics_obtained":[{"floor":9,"key":"Bottled Flame"}],"event_choices":[{"damage_healed":0,"gold_gain":0,"player_choice":"Take Damage","damage_taken":24,"relics_obtained":["Golden Idol"],"max_hp_gain":0,"max_hp_loss":0,"event_name":"Golden Idol","floor":2,"gold_loss":0},{"damage_healed":0,"gold_gain":75,"player_choice":"Gather Gold","damage_taken":11,"max_hp_gain":0,"max_hp_loss":0,"event_name":"World of Goop","floor":7,"gold_loss":0}],"is_beta":false,"boss_relics":[],"items_purged_floors":[8],"is_endless":false,"potions_floor_spawned":[4],"killed_by":"3 Sentries","ascension_level":20}}