{"host":"fbdlh90rovbiajun","time":1613848764,"event":{"mods":["AchievementEnabler","BaseMod","Colored Map","Keyboard Shortcuts","Minty Spire (QoL Compilation)","SuperFastMode"],"gold_per_floor":[116,116,116,41,51,80,80,80,103,114,114,214,232,132,132,132,132],"floor_reached":16,"language":"KOR","playtime":208,"items_purged":["Regret","Defend_P"],"score":154,"play_id":"64e1f293-709c-4428-8879-0982ec5eaf39","local_time":"20210221041924","is_ascension_mode":true,"campfire_choices":[{"data":"Eruption","floor":7.0,"key":"SMITH"},{"data":"Adaptation","floor":15.0,"key":"SMITH"}],"circlet_count":0,"master_deck":["Strike_P","Strike_P","Strike_P","Strike_P","Defend_P","Defend_P","Eruption+1","Vigilance","Halt","Adaptation+1"],"relics":["PureWater","NeowsBlessing","Toy Ornithopter","Bag of Preparation","Omamori"],"acts_visited":[],"potions_floor_usage":[16,16],"damage_taken":[{"damage":0.0,"enemies":"Jaw Worm","floor":1.0,"turns":1.0},{"damage":0.0,"enemies":"2 Louse","floor":5.0,"turns":1.0},{"damage":0.0,"enemies":"Lagavulin","floor":6.0,"turns":1.0},{"damage":0.0,"enemies":"Cultist","floor":10.0,"turns":2.0},{"damage":12.0,"enemies":"Exordium Wildlife","floor":13.0,"turns":3.0},{"damage":57,"enemies":"Hexaghost","floor":16,"turns":4}],"seed_played":"-5988186104006362000","potions_obtained":[{"floor":5.0,"key":"FearPotion"},{"floor":10.0,"key":"PowerPotion"}],"is_trial":false,"path_per_floor":["M","?","?","$","M","E","R","$","T","M","?","?","M","$","R","B"],"character_chosen":"WATCHER","items_purchased":[],"campfire_rested":0,"item_purchase_floors":[],"current_hp_per_floor":[72,72,65,65,65,65,65,65,65,65,58,58,46,46,46,0,0],"gold":132,"neow_bonus":"THREE_ENEMY_KILL","is_daily":false,"chose_seed":false,"campfire_upgraded":2,"win_rate":0.0,"timestamp":1613848764,"path_taken":["M","?","?","$","?","E","R","$","T","M","?","?","?","?","R","BOSS"],"items_purchased_type":[],"build_version":"2020-12-22","purchased_purges":2,"victory":false,"max_hp_per_floor":[72,72,72,72,72,72,72,72,72,72,72,72,72,72,72,72,72],"card_choices":[{"not_picked":["SashWhip","BowlingBash"],"picked":"Halt","floor":1.0},{"not_picked":["EmptyMind","JustLucky","Wireheading"],"picked":"SKIP","floor":5.0},{"not_picked":["CutThroughFate","EmptyFist","Perseverance"],"picked":"SKIP","floor":6.0},{"not_picked":["WindmillStrike","ThirdEye"],"picked":"Adaptation","floor":10.0},{"not_picked":["Weave","CrushJoints","Crescendo"],"picked":"SKIP","floor":13.0}],"player_experience":113789,"relics_obtained":[{"floor":6.0,"key":"Bag of Preparation"},{"floor":9.0,"key":"Omamori"}],"event_choices":[{"damage_healed":0.0,"max_hp_gain":0.0,"max_hp_loss":0.0,"gold_gain":0.0,"event_name":"Big Fish","player_choice":"Box","floor":2.0,"gold_loss":0.0,"damage_taken":0.0,"relics_obtained":["Toy Ornithopter"],"cards_obtained":["Regret"]},{"damage_healed":0.0,"max_hp_gain":0.0,"max_hp_loss":0.0,"gold_gain":0.0,"event_name":"Wheel of Change","player_choice":"Damaged","floor":3.0,"gold_loss":0.0,"damage_taken":7.0},{"cards_removed":["Defend_P"],"damage_healed":0.0,"max_hp_gain":0.0,"max_hp_loss":0.0,"gold_gain":0.0,"event_name":"Golden Wing","player_choice":"Card Removal","floor":11.0,"gold_loss":0.0,"damage_taken":7.0},{"damage_healed":0.0,"max_hp_gain":0.0,"max_hp_loss":0.0,"gold_gain":100.0,"event_name":"Golden Shrine","player_choice":"Pray","floor":12.0,"gold_loss":0.0,"damage_taken":0.0}],"is_beta":false,"boss_relics":[],"items_purged_floors":[4,14],"is_endless":false,"potions_floor_spawned":[5,10],"killed_by":"Hexaghost","ascension_level":5}}