{"host":"lv7etzzgwahaenh9","time":1613853745,"event":{"mods":["AchievementEnabler","BaseMod","Colored Map","Colored Powertips","Highlight Path","Minty Spire (QoL Compilation)","Permanent Neow","Quick Restart","Random Character Button","StSLib"],"gold_per_floor":[16,29,39,56,56,56,56,96,121,157,182,203,203,218,218,307,307,326,341,341,341],"floor_reached":20,"language":"ENG","playtime":958,"items_purged":[],"score":310,"play_id":"f44f48bf-213a-4811-9326-b4f1c62adcee","local_time":"20210220124225","is_ascension_mode":true,"campfire_choices":[{"data":"Bash","floor":6.0,"key":"SMITH"},{"data":"1","floor":13.0,"key":"LIFT"},{"data":"2","floor":15.0,"key":"LIFT"}],"circlet_count":0,"master_deck":["AscendersBane","Strike_R","Strike_R","Strike_R","Strike_R","Strike_R","Defend_R","Defend_R","Defend_R","Bash+1","Power Through","Sever Soul","Second Wind","Anger","Evolve","Reckless Charge","Wild Strike","Juggernaut","Seeing Red","Limit Break","True Grit","Iron Wave"],"relics":["Burning Blood","Girya","Golden Idol","Ancient Tea Set","Potion Belt","Red Skull","SlaversCollar"],"acts_visited":["Exordium","TheCity"],"potions_floor_usage":[],"damage_taken":[{"damage":1.0,"enemies":"Cultist","floor":1.0,"turns":4.0},{"damage":13.0,"enemies":"Small Slimes","floor":2.0,"turns":5.0},{"damage":0.0,"enemies":"Jaw Worm","floor":3.0,"turns":5.0},{"damage":7.0,"enemies":"2 Fungi Beasts","floor":4.0,"turns":5.0},{"damage":38.0,"enemies":"Lagavulin","floor":8.0,"turns":8.0},{"damage":20.0,"enemies":"3 Sentries","floor":10.0,"turns":9.0},{"damage":0.0,"enemies":"Large Slime","floor":11.0,"turns":4.0},{"damage":6.0,"enemies":"Blue Slaver","floor":12.0,"turns":4.0},{"damage":5.0,"enemies":"Gremlin Gang","floor":14.0,"turns":5.0},{"damage":9.0,"enemies":"Slime Boss","floor":16.0,"turns":8.0},{"damage":42,"enemies":"2 Thieves","floor":18,"turns":5},{"damage":14,"enemies":"Chosen","floor":19,"turns":4},{"damage":28,"enemies":"Snake Plant","floor":20,"turns":3}],"seed_played":"6330648656552355670","potions_obtained":[{"floor":1.0,"key":"FearPotion"},{"floor":2.0,"key":"SkillPotion"},{"floor":8.0,"key":"BloodPotion"},{"floor":10.0,"key":"FearPotion"},{"floor":12.0,"key":"LiquidMemories"},{"floor":18,"key":"CultistPotion"}],"is_trial":false,"path_per_floor":["M","M","M","M","?","R","?","E","T","E","M","M","R","M","R","B",null,"M","M","M"],"character_chosen":"IRONCLAD","items_purchased":[],"campfire_rested":0,"item_purchase_floors":[],"current_hp_per_floor":[77,70,76,75,55,55,48,16,16,18,24,24,24,25,25,22,66,30,22,0,0],"gold":341,"neow_bonus":"ONE_RARE_RELIC","is_daily":false,"chose_seed":false,"campfire_upgraded":1,"win_rate":0.0,"timestamp":1613853745,"path_taken":["M","M","?","M","?","R","?","E","T","E","M","M","R","M","R","BOSS","M","M","M"],"items_purchased_type":[],"build_version":"2020-12-22","purchased_purges":0,"victory":false,"max_hp_per_floor":[80,80,80,80,80,80,80,80,80,80,80,80,80,80,80,80,80,80,80,80,80],"card_choices":[{"not_picked":["Reckless Charge","Iron Wave"],"picked":"Power Through","floor":1.0},{"not_picked":["Flex","Ghostly Armor"],"picked":"Sever Soul","floor":2.0},{"not_picked":["Heavy Blade","Iron Wave"],"picked":"Second Wind","floor":3.0},{"not_picked":["Sever Soul","Perfected Strike"],"picked":"Anger","floor":4.0},{"not_picked":["Dual Wield","Thunderclap"],"picked":"Evolve","floor":8.0},{"not_picked":["Sword Boomerang","Clothesline"],"picked":"Reckless Charge","floor":10.0},{"not_picked":["Burning Pact","Uppercut"],"picked":"Wild Strike","floor":11.0},{"not_picked":["Intimidate","Anger"],"picked":"Juggernaut","floor":12.0},{"not_picked":["Anger","Body Slam"],"picked":"Seeing Red","floor":14.0},{"not_picked":["Feed","Exhume"],"picked":"Limit Break","floor":16.0},{"not_picked":["Twin Strike+1","Clash"],"picked":"True Grit","floor":18},{"not_picked":["Blood for Blood","Clothesline"],"picked":"Iron Wave","floor":19}],"player_experience":480141,"relics_obtained":[{"floor":8.0,"key":"Ancient Tea Set"},{"floor":9.0,"key":"Potion Belt"},{"floor":10.0,"key":"Red Skull"}],"event_choices":[{"damage_healed":0.0,"max_hp_gain":0.0,"max_hp_loss":0.0,"gold_gain":0.0,"event_name":"Golden Idol","player_choice":"Take Damage","floor":5.0,"gold_loss":0.0,"damage_taken":20.0,"relics_obtained":["Golden Idol"]},{"cards_removed":["Defend_R"],"damage_healed":0.0,"max_hp_gain":0.0,"max_hp_loss":0.0,"gold_gain":0.0,"event_name":"Golden Wing","player_choice":"Card Removal","floor":7.0,"gold_loss":0.0,"damage_taken":7.0}],"is_beta":false,"boss_relics":[{"not_picked":["Ectoplasm","Fusion Hammer"],"picked":"SlaversCollar"}],"items_purged_floors":[],"is_endless":false,"potions_floor_spawned":[1,2,8,10,12,18],"killed_by":"Snake Plant","ascension_level":13}}