{"host":"w9zfxf1uwb1etsnq","time":1613800902,"event":{"mods":["AchievementEnabler","BaseMod","Colored Map","Highlight Path","Minty Spire (QoL Compilation)"],"gold_per_floor":[111,127,146,163,178,178,205,205,205,205,205,47,76,92,92,197,197,217,217,236,161,173,173,192,192,215,215,227,244,44,61,61,161,161,177,177,189,89,89,89,89,89],"floor_reached":41,"language":"ENG","playtime":3675,"items_purged":["Strike_B","Defend_B"],"score":446,"play_id":"2277071a-4e29-4fb7-99f0-ebcc1bcb542d","local_time":"20210220060142","is_ascension_mode":true,"campfire_choices":[{"data":"Loop","floor":6,"key":"SMITH"},{"data":"Echo Form","floor":8,"key":"SMITH"},{"data":"Dualcast","floor":11,"key":"SMITH"},{"data":"Capacitor","floor":15,"key":"SMITH"},{"floor":23,"key":"REST"},{"floor":25,"key":"REST"},{"floor":27,"key":"RECALL"},{"floor":32,"key":"REST"},{"data":"Conserve Battery","floor":40,"key":"SMITH"}],"circlet_count":0,"master_deck":["Strike_B","Defend_B","Defend_B","Defend_B","Zap+1","Dualcast+1","Conserve Battery+1","Ball Lightning","Loop+1","Echo Form+1","Capacitor+1","Bandage Up","Genetic Algorithm+1","Redo+1","Electrodynamics","White Noise+1","Leap+1","Electrodynamics","Leap+1","Self Repair"],"relics":["Cracked Core","NeowsBlessing","Toy Ornithopter","Mummified Hand","Toxic Egg 2","Inserter","Busted Crown"],"acts_visited":["TheCity","TheBeyond"],"potions_floor_usage":[13,18,20,33],"damage_taken":[{"damage":0,"enemies":"Cultist","floor":1,"turns":1},{"damage":0,"enemies":"Jaw Worm","floor":2,"turns":1},{"damage":0,"enemies":"Small Slimes","floor":3,"turns":1},{"damage":12,"enemies":"Exordium Wildlife","floor":4,"turns":4},{"damage":0,"enemies":"Blue Slaver","floor":5,"turns":4},{"damage":17,"enemies":"Gremlin Nob","floor":7,"turns":4},{"damage":14,"enemies":"Lagavulin","floor":13,"turns":6},{"damage":10,"enemies":"2 Fungi Beasts","floor":14,"turns":3},{"damage":18,"enemies":"The Guardian","floor":16,"turns":9},{"damage":35,"enemies":"Shell Parasite","floor":18,"turns":7},{"damage":0,"enemies":"3 Byrds","floor":20,"turns":3},{"damage":48,"enemies":"Snake Plant","floor":22,"turns":5},{"damage":33,"enemies":"Centurion and Healer","floor":24,"turns":5},{"damage":6,"enemies":"3 Cultists","floor":28,"turns":3},{"damage":9,"enemies":"Cultist and Chosen","floor":29,"turns":4},{"damage":0,"enemies":"Chosen and Byrds","floor":31,"turns":4},{"damage":46,"enemies":"Champ","floor":33,"turns":13},{"damage":0,"enemies":"3 Shapes","floor":35,"turns":3},{"damage":13,"enemies":"Orb Walker","floor":37,"turns":3},{"damage":76,"enemies":"Reptomancer","floor":41,"turns":2}],"seed_played":"-5907448668249855223","potions_obtained":[{"floor":3,"key":"Energy Potion"},{"floor":4,"key":"Regen Potion"},{"floor":7,"key":"SkillPotion"},{"floor":13,"key":"Block Potion"},{"floor":22,"key":"SteroidPotion"},{"floor":24,"key":"SpeedPotion"},{"floor":31,"key":"LiquidMemories"}],"is_trial":false,"path_per_floor":["M","M","M","M","M","R","E","R","T","?","R","$","E","M","R","B",null,"M","?","M","?","M","R","M","R","T","R","M","M","$","M","R","B",null,"M","?","M","$","?","R","E"],"character_chosen":"DEFECT","items_purchased":["Capacitor","Bandage Up","Leap+1","Self Repair"],"campfire_rested":3,"item_purchase_floors":[12,12,30,30],"current_hp_per_floor":[75,75,75,63,63,63,46,46,46,46,46,46,45,39,39,29,75,59,59,64,64,20,42,13,35,35,35,33,28,28,35,57,27,75,75,75,75,75,75,75,0,0],"gold":89,"neow_bonus":"THREE_ENEMY_KILL","is_daily":false,"chose_seed":false,"campfire_upgraded":5,"win_rate":0.0,"timestamp":1613800902,"path_taken":["M","?","M","M","M","R","E","R","T","?","R","$","E","M","R","BOSS","M","?","M","?","M","R","M","R","T","R","M","M","?","?","R","BOSS","M","?","M","$","?","R","E"],"items_purchased_type":["Card","Card","Card","Card"],"build_version":"2020-12-22","purchased_purges":2,"victory":false,"max_hp_per_floor":[75,75,75,75,75,75,75,75,75,75,75,75,75,75,75,75,75,75,75,75,75,75,75,75,75,75,75,75,75,75,75,75,75,75,75,75,75,75,75,75,75,75],"card_choices":[{"not_picked":["Turbo","Skim","Beam Cell"],"picked":"SKIP","floor":1},{"not_picked":["Compile Driver","Reinforced Body"],"picked":"Conserve Battery","floor":2},{"not_picked":["Scrape","Auto Shields","Barrage"],"picked":"SKIP","floor":3},{"not_picked":["Compile Driver","Reinforced Body"],"picked":"Ball Lightning","floor":4},{"not_picked":["Chill","Blizzard"],"picked":"Loop","floor":5},{"not_picked":["Undo","Conserve Battery"],"picked":"Echo Form","floor":7},{"not_picked":["Scrape","Conserve Battery+1"],"picked":"Genetic Algorithm+1","floor":13},{"not_picked":["Hologram+1","Barrage"],"picked":"Redo+1","floor":14},{"not_picked":["Fission+1","Biased Cognition"],"picked":"Electrodynamics","floor":16},{"not_picked":["Hologram+1","Reprogram+1","Sweeping Beam+1"],"picked":"SKIP","floor":18},{"not_picked":["Cold Snap+1","Reinforced Body+1"],"picked":"White Noise+1","floor":20},{"not_picked":["Heatsinks","Turbo+1","Go for the Eyes+1"],"picked":"SKIP","floor":22},{"not_picked":["Lockon","Turbo+1"],"picked":"Leap+1","floor":24},{"not_picked":["Melter","Turbo+1","Coolheaded+1"],"picked":"SKIP","floor":28},{"not_picked":["Stack+1","Fusion+1"],"picked":"Electrodynamics","floor":29},{"not_picked":["FTL","Chaos+1","Streamline+1"],"picked":"SKIP","floor":31},{"not_picked":["Compile Driver"],"picked":"SKIP","floor":35},{"not_picked":["Gash"],"picked":"SKIP","floor":37}],"player_experience":157083,"relics_obtained":[{"floor":7,"key":"Toy Ornithopter"},{"floor":9,"key":"Mummified Hand"},{"floor":13,"key":"Toxic Egg 2"}],"event_choices":[{"damage_healed":0,"gold_gain":0,"player_choice":"Grow","damage_taken":0,"max_hp_gain":0,"max_hp_loss":0,"event_name":"Living Wall","floor":10,"gold_loss":0,"cards_upgraded":["Zap"]},{"damage_healed":0,"gold_gain":0,"player_choice":"Ignored","damage_taken":0,"max_hp_gain":0,"max_hp_loss":0,"event_name":"Vampires","floor":19,"gold_loss":0},{"cards_removed":["Strike_B"],"damage_healed":0,"gold_gain":0,"player_choice":"Gave Gold","damage_taken":0,"max_hp_gain":0,"max_hp_loss":0,"event_name":"Beggar","floor":21,"gold_loss":75},{"cards_removed":["Strike_B"],"damage_healed":0,"gold_gain":0,"player_choice":"Removed Attack","damage_taken":0,"max_hp_gain":0,"max_hp_loss":0,"event_name":"Falling","floor":36,"gold_loss":0},{"damage_healed":0,"gold_gain":0,"player_choice":"Memory 1","damage_taken":0,"max_hp_gain":0,"max_hp_loss":0,"event_name":"SensoryStone","floor":39,"gold_loss":0}],"is_beta":false,"boss_relics":[{"not_picked":["Nuclear Battery","Runic Pyramid"],"picked":"Inserter"},{"not_picked":["Empty Cage","Sozu"],"picked":"Busted Crown"}],"items_purged_floors":[30,38],"is_endless":false,"potions_floor_spawned":[3,4,7,13,14,22,24,31],"killed_by":"Reptomancer","ascension_level":2}}