{"host":"vumwfieg2b2mnrfl","time":1613797044,"event":{"mods":["AchievementEnabler","BaseMod","Minty Spire (QoL Compilation)","Rare Cards Sparkle","Relic Stats"],"gold_per_floor":[118,44,55,74,85,116,136,136,208,218,218,368,383,231,231,308,308,324,214,231,246,260,260,260],"floor_reached":23,"language":"ENG","playtime":715,"items_purged":["Pain"],"score":494,"play_id":"8ed2c9f4-f7c9-437e-af31-89e9a4da79cd","local_time":"20210219225724","is_ascension_mode":true,"campfire_choices":[{"data":"Armaments","floor":8,"key":"SMITH"},{"floor":11,"key":"REST"},{"data":"Fire Breathing","floor":15,"key":"SMITH"}],"circlet_count":0,"master_deck":["AscendersBane","Strike_R","Strike_R","Strike_R","Strike_R","Defend_R","Defend_R","Defend_R","Defend_R","Bash","Fire Breathing+1","Cleave","Flame Barrier","Carnage","Armaments+1","Battle Trance","Spot Weakness+1","Uppercut","Double Tap","Headbutt","Twin Strike"],"relics":["Black Blood","Champion Belt","Omamori","Incense Burner","Mercury Hourglass"],"acts_visited":["Exordium","TheCity"],"potions_floor_usage":[23,23],"damage_taken":[{"damage":9,"enemies":"Small Slimes","floor":1,"turns":3},{"damage":15,"enemies":"Cultist","floor":3,"turns":5},{"damage":2,"enemies":"2 Louse","floor":4,"turns":2},{"damage":10,"enemies":"2 Fungi Beasts","floor":5,"turns":5},{"damage":12,"enemies":"3 Sentries","floor":6,"turns":4},{"damage":21,"enemies":"Exordium Thugs","floor":7,"turns":3},{"damage":19,"enemies":"Blue Slaver","floor":10,"turns":3},{"damage":12,"enemies":"3 Louse","floor":13,"turns":3},{"damage":0,"enemies":"Slime Boss","floor":16,"turns":7},{"damage":8,"enemies":"3 Byrds","floor":18,"turns":4},{"damage":36,"enemies":"Shell Parasite","floor":20,"turns":6},{"damage":20,"enemies":"Centurion and Healer","floor":21,"turns":7},{"damage":4,"enemies":"Cultist and Chosen","floor":22,"turns":5},{"damage":47,"enemies":"Slavers","floor":23,"turns":3}],"seed_played":"-5318909134566844727","potions_obtained":[{"floor":3,"key":"SpeedPotion"},{"floor":4,"key":"DuplicationPotion"},{"floor":13,"key":"LiquidMemories"}],"is_trial":false,"path_per_floor":["M","?","M","M","M","E","M","R","T","M","R","?","M","$","R","B",null,"M","?","M","M","M","E"],"character_chosen":"IRONCLAD","items_purchased":["Uppercut"],"campfire_rested":1,"item_purchase_floors":[14],"current_hp_per_floor":[65,65,56,60,56,50,35,35,35,22,44,44,38,38,38,44,67,71,71,47,39,47,0,0],"gold":260,"neow_bonus":"ONE_RARE_RELIC","is_daily":false,"chose_seed":false,"campfire_upgraded":2,"win_rate":0.0,"timestamp":1613797044,"path_taken":["M","?","M","M","M","E","M","R","T","?","R","?","M","$","R","BOSS","M","?","?","M","?","E"],"items_purchased_type":["Card"],"build_version":"2020-12-22","purchased_purges":1,"victory":false,"max_hp_per_floor":[75,75,75,75,75,75,75,75,75,75,75,75,75,75,75,75,75,75,75,75,75,75,75,75],"relic_stats":{"counters":[14,60],"Black Blood":102,"Champion Belt":[10],"obtain_stats":[{"Black Blood":17,"Omamori":2,"Incense Burner":6,"Champion Belt":0,"Burning Blood":0,"Mercury Hourglass":9},{"Black Blood":9,"Omamori":1,"Incense Burner":5,"Champion Belt":0,"Burning Blood":0,"Mercury Hourglass":6},{"Black Blood":35,"Omamori":3,"Incense Burner":19,"Champion Belt":0,"Burning Blood":0,"Mercury Hourglass":22}],"Mercury Hourglass":[164]},"card_choices":[{"not_picked":["Searing Blow","Clash"],"picked":"Fire Breathing","floor":1},{"not_picked":["Dark Embrace","Pummel"],"picked":"Cleave","floor":3},{"not_picked":["Wild Strike","Shockwave"],"picked":"Flame Barrier","floor":4},{"not_picked":["Sword Boomerang","Rupture","True Grit"],"picked":"SKIP","floor":5},{"not_picked":["Flex","Heavy Blade"],"picked":"Carnage","floor":6},{"not_picked":["Headbutt","Wild Strike"],"picked":"Armaments","floor":7},{"not_picked":["Armaments","Shrug It Off"],"picked":"Battle Trance","floor":10},{"not_picked":["Thunderclap","Wild Strike"],"picked":"Spot Weakness","floor":13},{"not_picked":["Juggernaut","Exhume"],"picked":"Double Tap","floor":16},{"not_picked":["Flex","Pommel Strike"],"picked":"Headbutt","floor":18},{"not_picked":["Entrench","Dark Embrace","Combust"],"picked":"SKIP","floor":20},{"not_picked":["Dual Wield","Body Slam"],"picked":"Twin Strike","floor":21},{"not_picked":["Flex","True Grit","Warcry"],"picked":"SKIP","floor":22}],"player_experience":573438,"relics_obtained":[{"floor":6,"key":"Incense Burner"},{"floor":9,"key":"Mercury Hourglass"}],"event_choices":[{"damage_healed":0,"gold_gain":0,"player_choice":"Paid Gold","damage_taken":0,"relics_obtained":["Omamori"],"max_hp_gain":0,"max_hp_loss":0,"event_name":"WeMeetAgain","floor":2,"gold_loss":74},{"damage_healed":0,"gold_gain":150,"player_choice":"AGREE","damage_taken":0,"max_hp_gain":0,"max_hp_loss":0,"event_name":"Liars Game","floor":12,"gold_loss":0,"cards_obtained":["Doubt"]},{"cards_removed":["Strike_R"],"damage_healed":0,"gold_gain":0,"player_choice":"Upgrade and Remove","damage_taken":0,"max_hp_gain":0,"max_hp_loss":0,"event_name":"Designer","floor":19,"gold_loss":110,"cards_upgraded":["Spot Weakness"]}],"is_beta":false,"boss_relics":[{"not_picked":["Runic Dome","SacredBark"],"picked":"Black Blood"}],"items_purged_floors":[14],"is_endless":false,"potions_floor_spawned":[3,4,7,13,22],"killed_by":"Slavers","ascension_level":20}}