{"host":"r0ye8pdzuq6zwfvs","time":1613781084,"event":{"mods":["AchievementEnabler","Act Like it!","Arknights","BaseMod","BetterRewards","CapriCore","Card Forge","Colored Map","Colored Powertips","Custom Start","DeckTracker","Luminous","Minty Spire (QoL Compilation)","Permanent Neow","Prisma Mod","Quick Restart","Relic Stats","Shop Mod","StSLib","SuperFastMode","Swap Starting Deck Mod","The Alterego","The Immortal","Uncapped","Weighted Paths"],"gold_per_floor":[113,124,144,156,156,190,201,231,231,78,78,143,161,161,161,261,261,278,293,293,293,309,335,335,366,390,408,408,183,183,203,203,306,306,316,330,253,267,322,353,353,367,394,420,438,438,438,452,452,452,452,452,229,256,256],"floor_reached":56,"language":"ENG","playtime":2012,"items_purged":[],"score":2039,"play_id":"8c6b9521-39e5-46b6-adfc-0e0910f8f715","local_time":"20210219173124","is_ascension_mode":true,"campfire_choices":[{"floor":11,"key":"RECALL"},{"floor":15,"key":"REST"},{"floor":24,"key":"REST"},{"floor":28,"key":"REST"},{"floor":32,"key":"REST"},{"floor":41,"key":"REST"},{"floor":46,"key":"REST"},{"floor":49,"key":"REST"},{"floor":52,"key":"REST"}],"circlet_count":0,"master_deck":["PrismaMod:MiyuEvokeAll+1","PrismaMod:IllyaTestament+1","Adrenaline+1","Adrenaline+1","PrismaMod:MiyuEvokeAll+1","PrismaMod:IllyaInstallForeigner","PrismaMod:IllyaUberAttackChannel+1","PrismaMod:IllyaUberDefendChannel+1","Capacitor+1","Capacitor+1"],"relics":["Cracked Core","Hammer of Thor","Seething Fire","Anvil of the Gods","DataDisk","Membership Card","Toy Ornithopter","Gremlin Horn","Turnip","MealTicket","Bronze Scales","Letter Opener","Cursed Key","Orichalcum","Tiny Chest","Bag of Preparation","ClockworkSouvenir","Bird Faced Urn","White Beast Statue","Philosopher\u0027s Stone","Anchor","Nunchaku","Centennial Puzzle","Mummified Hand","HandDrill","MerchantsRug","Art of War"],"acts_visited":["Exordium","TheCity","TheBeyond","TheEnding"],"potions_floor_usage":[],"damage_taken":[{"damage":0,"enemies":"Jaw Worm","floor":1,"turns":2},{"damage":0,"enemies":"2 Louse","floor":2,"turns":1},{"damage":0,"enemies":"Small Slimes","floor":3,"turns":1},{"damage":0,"enemies":"Looter","floor":4,"turns":1},{"damage":0,"enemies":"Lagavulin","floor":6,"turns":1},{"damage":0,"enemies":"2 Fungi Beasts","floor":7,"turns":1},{"damage":0,"enemies":"3 Sentries","floor":8,"turns":1},{"damage":0,"enemies":"Lagavulin Event","floor":12,"turns":1},{"damage":0,"enemies":"Red Slaver","floor":13,"turns":1},{"damage":0,"enemies":"Slime Boss","floor":16,"turns":1},{"damage":0,"enemies":"Shell Parasite","floor":18,"turns":1},{"damage":0,"enemies":"Chosen","floor":19,"turns":1},{"damage":0,"enemies":"Centurion and Healer","floor":22,"turns":1},{"damage":0,"enemies":"Book of Stabbing","floor":23,"turns":1},{"damage":0,"enemies":"Gremlin Leader","floor":25,"turns":1},{"damage":0,"enemies":"Snecko","floor":27,"turns":1},{"damage":0,"enemies":"Shelled Parasite and Fungi","floor":31,"turns":1},{"damage":0,"enemies":"Collector","floor":33,"turns":1},{"damage":0,"enemies":"Orb Walker","floor":35,"turns":1},{"damage":0,"enemies":"3 Darklings","floor":36,"turns":1},{"damage":0,"enemies":"Jaw Worm Horde","floor":38,"turns":1},{"damage":0,"enemies":"2 Orb Walkers","floor":39,"turns":1},{"damage":0,"enemies":"Giant Head","floor":40,"turns":1},{"damage":0,"enemies":"Maw","floor":42,"turns":1},{"damage":0,"enemies":"Nemesis","floor":44,"turns":1},{"damage":0,"enemies":"Transient","floor":45,"turns":3},{"damage":0,"enemies":"Sphere and 2 Shapes","floor":48,"turns":1},{"damage":0,"enemies":"Donu and Deca","floor":50,"turns":1},{"damage":0,"enemies":"Shield and Spear","floor":54,"turns":1},{"damage":1,"enemies":"The Heart","floor":55,"turns":2}],"seed_played":"4823606783410839017","potions_obtained":[{"floor":2,"key":"AttackPotion"},{"floor":7,"key":"EssenceOfSteel"},{"floor":12,"key":"Weak Potion"},{"floor":31,"key":"SpeedPotion"},{"floor":36,"key":"Ancient Potion"}],"is_trial":false,"path_per_floor":["M","M","M","M","?","E","M","E","T","$","R","?","M","?","R","B",null,"M","M","?","?","M","E","R","E","T","M","R","$","?","M","R","B",null,"M","M","$","M","?","E","R","M","T","E","M","R","?","M","R","B",null,"R","$","E","B",null],"character_chosen":"DEFECT","items_purchased":["DataDisk","Membership Card","MealTicket","Bronze Scales","ClockworkSouvenir","Bird Faced Urn","Anchor","Mummified Hand","HandDrill","MerchantsRug"],"campfire_rested":8,"item_purchase_floors":[0,0,10,10,29,29,37,53,53,53],"current_hp_per_floor":[75,75,75,75,72,72,72,72,72,72,72,72,72,77,80,80,80,80,80,80,64,64,64,80,80,80,80,80,80,80,80,80,80,80,80,80,80,80,80,80,80,80,80,80,80,80,80,80,80,80,80,80,80,80,79],"gold":256,"neow_bonus":"","is_daily":false,"chose_seed":false,"campfire_upgraded":0,"win_rate":0.0,"timestamp":1613781084,"path_taken":["M","M","M","M","?","E","M","E","T","$","R","?","M","?","R","BOSS","M","M","?","?","M","E","R","E","T","M","R","$","?","M","R","BOSS","M","M","$","M","?","E","R","M","T","E","M","R","?","M","R","BOSS","R","$","E","BOSS"],"items_purchased_type":["Relic","Relic","Relic","Relic","Relic","Relic","Relic","Relic","Relic","Relic"],"build_version":"2020-12-22","purchased_purges":0,"victory":true,"max_hp_per_floor":[75,75,75,75,75,75,75,75,75,75,75,75,75,80,80,80,80,80,80,80,80,80,80,80,80,80,80,80,80,80,80,80,80,80,80,80,80,80,80,80,80,80,80,80,80,80,80,80,80,80,80,80,80,80,80],"relic_stats":{"Gremlin Horn":[5,6],"counters":[72,156],"Bag of Preparation":[40],"Letter Opener":[575],"Orichalcum":[72],"Cursed Key":2,"Nunchaku":[0],"Centennial Puzzle":[15],"Mummified Hand":[6],"Bronze Scales":[6],"Bird Faced Urn":[0],"MealTicket":23,"Tiny Chest":0,"Turnip":[2],"HandDrill":[0],"Art of War":[0],"obtain_stats":[{"Lantern":53,"Calipers":28,"Singing Bowl":43,"Gremlin Horn":6,"Enchiridion":21,"StoneCalendar":0,"Hammer of Thor":0,"Bag of Preparation":9,"Cursed Key":17,"ClockworkSouvenir":0,"alterego_mod:FleetingLove":22,"Centennial Puzzle":0,"Nunchaku":43,"Mummified Hand":53,"Pantograph":25,"Philosopher\u0027s Stone":17,"MealTicket":40,"Prayer Wheel":0,"Tiny Chest":8,"HandDrill":53,"Cracked Core":0,"Potion Belt":0,"MerchantsRug":53,"Blue Candle":45,"Damaru":54,"Oddly Smooth Stone":12,"Seething Fire":0,"Letter Opener":0,"Orichalcum":0,"MawBank":0,"White Beast Statue":48,"Mercury Hourglass":26,"DataDisk":10,"Anchor":37,"Anvil of the Gods":0,"Bronze Scales":10,"Bird Faced Urn":29,"Snecko Eye":17,"Turnip":8,"Coffee Dripper":34,"Bag of Marbles":6,"Art of War":54,"Bottled Lightning":12,"Membership Card":7,"PureWater":0,"Toy Ornithopter":5,"Meat on the Bone":23},{"Lantern":29,"Calipers":16,"Singing Bowl":25,"Gremlin Horn":47,"Enchiridion":54,"StoneCalendar":31,"Hammer of Thor":0,"Bag of Preparation":37,"Cursed Key":52,"ClockworkSouvenir":31,"alterego_mod:FleetingLove":13,"Centennial Puzzle":31,"Nunchaku":66,"Mummified Hand":70,"Pantograph":15,"Philosopher\u0027s Stone":9,"MealTicket":24,"Prayer Wheel":31,"Tiny Chest":37,"HandDrill":70,"Cracked Core":0,"Potion Belt":31,"MerchantsRug":70,"Blue Candle":27,"Damaru":30,"Oddly Smooth Stone":40,"Seething Fire":0,"Letter Opener":31,"Orichalcum":31,"MawBank":0,"White Beast Statue":28,"Mercury Hourglass":15,"DataDisk":38,"Anchor":62,"Anvil of the Gods":0,"Bronze Scales":49,"Bird Faced Urn":58,"Snecko Eye":41,"Turnip":49,"Coffee Dripper":18,"Bag of Marbles":36,"Art of War":71,"Bottled Lightning":8,"Membership Card":36,"PureWater":0,"Toy Ornithopter":46,"Meat on the Bone":14},{"Lantern":91,"Calipers":49,"Singing Bowl":77,"Gremlin Horn":128,"Enchiridion":135,"StoneCalendar":103,"Hammer of Thor":0,"Bag of Preparation":114,"Cursed Key":133,"ClockworkSouvenir":103,"alterego_mod:FleetingLove":40,"Centennial Puzzle":103,"Nunchaku":147,"Mummified Hand":153,"Pantograph":46,"Philosopher\u0027s Stone":29,"MealTicket":75,"Prayer Wheel":103,"Tiny Chest":114,"HandDrill":153,"Cracked Core":0,"Potion Belt":103,"MerchantsRug":153,"Blue Candle":82,"Damaru":95,"Oddly Smooth Stone":119,"Seething Fire":0,"Letter Opener":103,"Orichalcum":103,"MawBank":0,"White Beast Statue":87,"Mercury Hourglass":46,"DataDisk":116,"Anchor":143,"Anvil of the Gods":0,"Bronze Scales":130,"Bird Faced Urn":139,"Snecko Eye":121,"Turnip":130,"Coffee Dripper":56,"Bag of Marbles":112,"Art of War":154,"Bottled Lightning":24,"Membership Card":112,"PureWater":0,"Toy Ornithopter":127,"Meat on the Bone":43}],"Toy Ornithopter":0},"card_choices":[{"not_picked":["Go for the Eyes","Doom and Gloom","Steam"],"picked":"SKIP","floor":1},{"not_picked":["Hologram","Redo","Heatsinks"],"picked":"SKIP","floor":2},{"not_picked":["Hologram","Coolheaded","Redo"],"picked":"SKIP","floor":3},{"not_picked":["Hologram","Lockon","Machine Learning"],"picked":"SKIP","floor":4},{"not_picked":["Barrage","Compile Driver","Sweeping Beam"],"picked":"SKIP","floor":6},{"not_picked":["FTL","Cold Snap","Stack"],"picked":"SKIP","floor":7},{"not_picked":["Chaos","Rebound","Chill"],"picked":"SKIP","floor":8},{"not_picked":["Hologram","Stack","Gash"],"picked":"SKIP","floor":13},{"not_picked":["Steam+1","Auto Shields","Cold Snap+1"],"picked":"SKIP","floor":18},{"not_picked":["Rebound","Stack","Hologram"],"picked":"SKIP","floor":19},{"not_picked":["Streamline","Cold Snap","Lockon+1"],"picked":"SKIP","floor":22},{"not_picked":["Leap","Coolheaded","Conserve Battery"],"picked":"SKIP","floor":23},{"not_picked":["Reprogram","Compile Driver+1","Scrape"],"picked":"SKIP","floor":25},{"not_picked":["Go for the Eyes","Sweeping Beam","Hologram"],"picked":"SKIP","floor":27},{"not_picked":["Doom and Gloom+1","Streamline","Multi-Cast"],"picked":"SKIP","floor":31},{"not_picked":["Stack","Conserve Battery","Beam Cell"],"picked":"SKIP","floor":35},{"not_picked":["Gash+1","Streamline","Coolheaded"],"picked":"SKIP","floor":36},{"not_picked":["Conserve Battery+1","Hologram","Chaos+1"],"picked":"SKIP","floor":38},{"not_picked":["Genetic Algorithm","All For One","Doom and Gloom+1"],"picked":"SKIP","floor":40},{"not_picked":["Compile Driver","Force Field+1","Cold Snap"],"picked":"SKIP","floor":42},{"not_picked":["Cold Snap","Sweeping Beam+1","Heatsinks+1"],"picked":"SKIP","floor":44},{"not_picked":["Glacier","Chaos","Heatsinks+1"],"picked":"SKIP","floor":45},{"not_picked":["Beam Cell","Recycle","Sweeping Beam+1"],"picked":"SKIP","floor":48},{"not_picked":["Tempest+1","Reinforced Body","Core Surge"],"picked":"SKIP","floor":54}],"player_experience":245248,"relics_obtained":[{"floor":6,"key":"Gremlin Horn"},{"floor":8,"key":"Turnip"},{"floor":12,"key":"Letter Opener"},{"floor":21,"key":"Enchiridion"},{"floor":23,"key":"Orichalcum"},{"floor":25,"key":"Tiny Chest"},{"floor":26,"key":"Bag of Preparation"},{"floor":43,"key":"Nunchaku"},{"floor":44,"key":"Centennial Puzzle"},{"floor":54,"key":"Art of War"}],"event_choices":[{"damage_healed":0,"gold_gain":0,"player_choice":"Success","damage_taken":3,"relics_obtained":["Toy Ornithopter"],"max_hp_gain":0,"max_hp_loss":0,"event_name":"Scrap Ooze","floor":5,"gold_loss":0},{"damage_healed":0,"gold_gain":0,"player_choice":"Searched \u00271\u0027 times","damage_taken":0,"max_hp_gain":0,"max_hp_loss":0,"event_name":"Dead Adventurer","floor":12,"gold_loss":0},{"damage_healed":0,"gold_gain":0,"player_choice":"Donut","damage_taken":0,"max_hp_gain":5,"max_hp_loss":0,"event_name":"Big Fish","floor":14,"gold_loss":0},{"damage_healed":26,"gold_gain":0,"player_choice":"Heal","damage_taken":0,"max_hp_gain":0,"max_hp_loss":0,"event_name":"The Library","floor":20,"gold_loss":0},{"damage_healed":0,"gold_gain":0,"player_choice":"Obtained Book","damage_taken":16,"max_hp_gain":0,"max_hp_loss":0,"event_name":"Cursed Tome","floor":21,"gold_loss":0},{"damage_healed":0,"gold_gain":0,"player_choice":"Gave Potion","damage_taken":0,"relics_obtained":["White Beast Statue"],"max_hp_gain":0,"max_hp_loss":0,"event_name":"WeMeetAgain","floor":30,"gold_loss":0},{"damage_healed":0,"gold_gain":0,"player_choice":"Fight","damage_taken":0,"max_hp_gain":0,"max_hp_loss":0,"event_name":"Mysterious Sphere","floor":39,"gold_loss":0},{"damage_healed":0,"gold_gain":0,"player_choice":"Ignored","damage_taken":0,"max_hp_gain":0,"max_hp_loss":0,"event_name":"SecretPortal","floor":47,"gold_loss":0}],"is_beta":false,"boss_relics":[{"not_picked":["Runic Pyramid","Nuclear Battery"],"picked":"Cursed Key"},{"not_picked":["Astrolabe","Runic Dome"],"picked":"Philosopher\u0027s Stone"}],"items_purged_floors":[],"is_endless":false,"potions_floor_spawned":[2,7,12,13,16,19,23,31,33,35,36,38,39,40,42,44,45,48,54],"ascension_level":1}}