{"host":"xsuxkwaivmtd234a","time":1613853855,"event":{"mods":["BaseMod","Bestiary","Colored Map","Filter the Spire","Minty Spire (QoL Compilation)","Relic Stats","StSLib"],"gold_per_floor":[116,116,13,88,102,129,145,161,161,192,206,206,222,249,249,249,249],"floor_reached":16,"language":"ENG","playtime":710,"items_purged":[],"score":183,"play_id":"e7875005-64b1-46d0-886e-2c1f266d573d","local_time":"20210220154415","is_ascension_mode":true,"campfire_choices":[{"floor":12,"key":"REST"},{"data":"Limit Break","floor":15,"key":"SMITH"}],"circlet_count":0,"master_deck":["AscendersBane","Strike_R+1","Strike_R","Strike_R","Strike_R","Strike_R","Defend_R+1","Defend_R","Defend_R","Defend_R","Bash","Fiend Fire","Twin Strike","Spot Weakness","Sword Boomerang","Inflame","Clothesline","Shrug It Off","Pummel","Dual Wield","Limit Break+1"],"relics":["Burning Blood","Art of War","Meat on the Bone","Pear"],"acts_visited":["Exordium"],"potions_floor_usage":[8,11,13],"damage_taken":[{"damage":0,"enemies":"2 Louse","floor":1,"turns":2},{"damage":0,"enemies":"Small Slimes","floor":5,"turns":2},{"damage":10,"enemies":"Gremlin Nob","floor":6,"turns":3},{"damage":0,"enemies":"Cultist","floor":7,"turns":3},{"damage":14,"enemies":"Lots of Slimes","floor":8,"turns":4},{"damage":42,"enemies":"3 Sentries","floor":10,"turns":7},{"damage":13,"enemies":"Large Slime","floor":11,"turns":5},{"damage":5,"enemies":"Gremlin Gang","floor":13,"turns":3},{"damage":38,"enemies":"Gremlin Nob","floor":14,"turns":5},{"damage":45,"enemies":"Hexaghost","floor":16,"turns":9}],"seed_played":"8853356299582527240","potions_obtained":[{"floor":6,"key":"SkillPotion"},{"floor":7,"key":"BloodPotion"},{"floor":11,"key":"SteroidPotion"},{"floor":13,"key":"ElixirPotion"}],"is_trial":false,"path_per_floor":["M","?","$","?","M","E","M","M","T","E","M","R","M","E","R","B"],"character_chosen":"IRONCLAD","items_purchased":["Spot Weakness","Sword Boomerang"],"campfire_rested":1,"item_purchase_floors":[3,3],"current_hp_per_floor":[72,58,58,47,53,49,55,47,47,11,30,51,52,42,42,0,0],"gold":249,"neow_bonus":"THREE_RARE_CARDS","is_daily":false,"chose_seed":false,"campfire_upgraded":1,"win_rate":0.0,"timestamp":1613853855,"path_taken":["M","?","$","?","M","E","M","M","T","E","M","R","M","E","R","BOSS"],"items_purchased_type":["Card","Card"],"build_version":"2020-12-22","purchased_purges":0,"victory":false,"max_hp_per_floor":[72,72,72,72,72,72,72,72,72,72,72,72,72,82,82,82,82],"relic_stats":{"counters":[10,43],"Art of War":[1],"obtain_stats":[{"Pear":14,"Art of War":6,"Burning Blood":0,"Meat on the Bone":10},{"Pear":9,"Art of War":3,"Burning Blood":0,"Meat on the Bone":6},{"Pear":34,"Art of War":7,"Burning Blood":0,"Meat on the Bone":21}],"Burning Blood":48,"Meat on the Bone":24},"card_choices":[{"not_picked":["Impervious","Offering"],"picked":"Fiend Fire","floor":0},{"not_picked":["Body Slam","Combust"],"picked":"Twin Strike","floor":1},{"not_picked":["Shrug It Off","Rage"],"picked":"Inflame","floor":5},{"not_picked":["Havoc","Thunderclap","Flex"],"picked":"SKIP","floor":6},{"not_picked":["Clash","Headbutt"],"picked":"Clothesline","floor":7},{"not_picked":["Armaments","Intimidate","Clothesline"],"picked":"SKIP","floor":8},{"not_picked":["Iron Wave","Infernal Blade"],"picked":"Shrug It Off","floor":10},{"not_picked":["Dark Embrace","Searing Blow"],"picked":"Pummel","floor":11},{"not_picked":["Blood for Blood","Headbutt"],"picked":"Dual Wield","floor":13},{"not_picked":["Cleave","Heavy Blade"],"picked":"Limit Break","floor":14}],"player_experience":1321472,"relics_obtained":[{"floor":6,"key":"Art of War"},{"floor":10,"key":"Meat on the Bone"},{"floor":14,"key":"Pear"}],"event_choices":[{"damage_healed":0,"gold_gain":0,"player_choice":"Entered Light","damage_taken":14,"max_hp_gain":0,"max_hp_loss":0,"event_name":"Shining Light","floor":2,"gold_loss":0,"cards_upgraded":["Strike_R","Defend_R"]},{"damage_healed":0,"gold_gain":75,"player_choice":"Gather Gold","damage_taken":11,"max_hp_gain":0,"max_hp_loss":0,"event_name":"World of Goop","floor":4,"gold_loss":0}],"is_beta":false,"boss_relics":[],"items_purged_floors":[],"is_endless":false,"potions_floor_spawned":[6,7,11,13],"killed_by":"Hexaghost","ascension_level":10}}