{"host":"9pqy5lt7vda52ebm","time":1613844031,"event":{"mods":["BaseMod","Minty Spire (QoL Compilation)","Optimize The Spire","Quick Restart","StSLib","The Evolution"],"gold_per_floor":[115,125,140,140,215,215,215,215,242,242,270,282,282,292,292,387,387,403,422,195,195,195,195,220,220,244,270,195,230,230,249,249,353,353,373,373,391,60,76,102,102,121,146,158,200,212,256,268,280,292],"floor_reached":51,"language":"ENG","playtime":18822,"items_purged":["evolutionmod:DefendEvo","evolutionmod:LoyalWarrior"],"score":1184,"play_id":"7112e234-25e9-4ed4-8c7d-ef84cc7bee65","local_time":"20210220130031","is_ascension_mode":true,"campfire_choices":[{"data":"evolutionmod:PoisonFangs","floor":6.0,"key":"SMITH"},{"data":"evolutionmod:ShiftingGuard","floor":8.0,"key":"SMITH"},{"data":"evolutionmod:LoyalCompanion","floor":10.0,"key":"SMITH"},{"data":"evolutionmod:FlameStrike","floor":13.0,"key":"SMITH"},{"data":"evolutionmod:ChimeraDefense","floor":15.0,"key":"SMITH"},{"data":"evolutionmod:Ritual","floor":23.0,"key":"SMITH"},{"data":"evolutionmod:DarkDesires","floor":25.0,"key":"SMITH"},{"data":"evolutionmod:Mastery","floor":32.0,"key":"SMITH"},{"data":"evolutionmod:Absorption","floor":41,"key":"SMITH"},{"data":"evolutionmod:CurrentsDancer","floor":44,"key":"SMITH"},{"data":"evolutionmod:Phoenix","floor":49,"key":"SMITH"}],"circlet_count":0,"master_deck":["AscendersBane","evolutionmod:StrikeEvo+1","evolutionmod:LoyalCompanion+1","evolutionmod:DefendEvo+1","evolutionmod:LeafBird+1","evolutionmod:PoisonFangs+1","evolutionmod:ShiftingGuard+1","evolutionmod:ChimeraDefense+1","evolutionmod:FlameStrike+1","evolutionmod:Dive","evolutionmod:Ritual+1","evolutionmod:SpiderBite+1","evolutionmod:Antidote+1","evolutionmod:Hivemind+1","evolutionmod:Hatch+1","evolutionmod:LeafBird+1","evolutionmod:TalonStrike","evolutionmod:CrystalShard","evolutionmod:Mastery+1","evolutionmod:Absorption+1","evolutionmod:DrainMana+1","evolutionmod:SeaSerpent","evolutionmod:CurrentsDancer+1","evolutionmod:Hivemind+1","evolutionmod:SpiderBite+1","evolutionmod:Phoenix+1","evolutionmod:LeafBird+1"],"relics":["evolutionmod:TorisGift","Centennial Puzzle","Darkstone Periapt","Astrolabe","DollysMirror","Mummified Hand","Anchor","Tiny Chest","Ginger","Philosopher\u0027s Stone","HornCleat","ClockworkSouvenir","Calipers","MawBank","Pantograph","Shovel"],"acts_visited":["Exordium","TheCity","TheBeyond"],"potions_floor_usage":[50,50,50,50],"damage_taken":[{"damage":3.0,"enemies":"Small Slimes","floor":1.0,"turns":5.0},{"damage":7.0,"enemies":"Jaw Worm","floor":2.0,"turns":4.0},{"damage":0.0,"enemies":"Cultist","floor":3.0,"turns":4.0},{"damage":2.0,"enemies":"Lagavulin","floor":11.0,"turns":6.0},{"damage":3.0,"enemies":"2 Fungi Beasts","floor":12.0,"turns":4.0},{"damage":8.0,"enemies":"Blue Slaver","floor":14.0,"turns":3.0},{"damage":8.0,"enemies":"Slime Boss","floor":16.0,"turns":9.0},{"damage":22.0,"enemies":"2 Thieves","floor":18.0,"turns":4.0},{"damage":1.0,"enemies":"Chosen","floor":19.0,"turns":5.0},{"damage":9.0,"enemies":"Gremlin Leader","floor":24.0,"turns":6.0},{"damage":10.0,"enemies":"Slavers","floor":27.0,"turns":4.0},{"damage":1.0,"enemies":"Book of Stabbing","floor":29.0,"turns":6.0},{"damage":2.0,"enemies":"Snake Plant","floor":31.0,"turns":4.0},{"damage":2.0,"enemies":"Champ","floor":33.0,"turns":9.0},{"damage":3.0,"enemies":"Orb Walker","floor":35.0,"turns":3.0},{"damage":7.0,"enemies":"3 Darklings","floor":37.0,"turns":5.0},{"damage":2.0,"enemies":"Maw","floor":39.0,"turns":6.0},{"damage":9,"enemies":"Nemesis","floor":40,"turns":9},{"damage":0,"enemies":"Writhing Mass","floor":42,"turns":6},{"damage":0,"enemies":"Giant Head","floor":45,"turns":6},{"damage":0,"enemies":"Reptomancer","floor":47,"turns":7},{"damage":1,"enemies":"Donu and Deca","floor":50,"turns":6}],"seed_played":"-1670868599899138703","potions_obtained":[{"floor":1.0,"key":"Swift Potion"},{"floor":2.0,"key":"FearPotion"},{"floor":11.0,"key":"SneckoOil"},{"floor":14.0,"key":"DistilledChaos"},{"floor":19.0,"key":"SteroidPotion"},{"floor":29.0,"key":"Energy Potion"},{"floor":31.0,"key":"CultistPotion"},{"floor":33.0,"key":"Energy Potion"},{"floor":39.0,"key":"Dexterity Potion"},{"floor":45,"key":"EntropicBrew"}],"is_trial":false,"path_per_floor":["M","M","M","?","?","R","?","R","T","R","E","M","R","M","R","B",null,"M","M","$","?","?","R","E","R","T","E","?","E","?","M","R","B",null,"M","T","M","$","M","E","R","M","T","R","E","?","E","T","R","B",null],"character_chosen":"EVOLUTION_CLASS","items_purchased":["DollysMirror","evolutionmod:CurrentsDancer","ClockworkSouvenir"],"campfire_rested":0,"item_purchase_floors":[20,38,38],"current_hp_per_floor":[66,59,59,59,48,48,34,34,34,34,32,29,29,21,21,13,56,34,33,33,39,39,39,30,30,30,20,20,19,64,62,62,60,63,60,60,53,53,51,42,42,42,42,42,42,42,42,42,42,60],"gold":304,"neow_bonus":"REMOVE_TWO","is_daily":false,"chose_seed":false,"campfire_upgraded":11,"win_rate":0.0,"timestamp":1613844031,"path_taken":["M","M","M","?","?","R","?","R","T","R","E","?","R","M","R","BOSS","M","M","$","?","?","R","E","R","T","E","?","E","?","?","R","BOSS","M","?","?","?","M","E","R","M","T","R","E","?","E","?","R","BOSS"],"items_purchased_type":["Relic","Card","Relic"],"build_version":"2020-12-22","purchased_purges":2,"victory":true,"max_hp_per_floor":[70,70,70,70,70,70,70,70,70,70,70,70,70,70,70,70,70,70,70,70,76,64,64,64,64,64,64,64,64,64,64,64,64,64,64,64,64,64,64,64,64,64,64,64,64,61,61,61,61,61],"card_choices":[{"not_picked":["evolutionmod:Charm","evolutionmod:Dive"],"picked":"evolutionmod:LeafBird","floor":1.0},{"not_picked":["evolutionmod:Barkskin","evolutionmod:ChimeraDefense"],"picked":"evolutionmod:PoisonFangs","floor":2.0},{"not_picked":["evolutionmod:ClawSlash","evolutionmod:DrainMana"],"picked":"evolutionmod:ShiftingGuard","floor":3.0},{"not_picked":["evolutionmod:HeavyKick","evolutionmod:CrystalStone"],"picked":"evolutionmod:ChimeraDefense","floor":11.0},{"not_picked":["evolutionmod:CrystalStone","evolutionmod:CalmTheWaters"],"picked":"evolutionmod:FlameStrike","floor":12.0},{"not_picked":["evolutionmod:Toxin","evolutionmod:ChimeraStrike"],"picked":"evolutionmod:Dive","floor":14.0},{"not_picked":["evolutionmod:Frenzy","evolutionmod:Stampede"],"picked":"evolutionmod:Ritual","floor":16.0},{"not_picked":["evolutionmod:ChimeraStrike","evolutionmod:HeavyKick"],"picked":"evolutionmod:Hatch+1","floor":18.0},{"not_picked":["evolutionmod:FlameStrike+1","evolutionmod:HeavyKick","evolutionmod:ChimeraStrike+1"],"picked":"SKIP","floor":19.0},{"not_picked":["evolutionmod:PlayingRough+1","evolutionmod:ChimeraDefense"],"picked":"evolutionmod:DarkDesires","floor":24.0},{"not_picked":["evolutionmod:DrainMana","evolutionmod:PegasusDescent+1"],"picked":"evolutionmod:TalonStrike","floor":27.0},{"not_picked":["evolutionmod:ShiftingGuard","evolutionmod:Adaptation"],"picked":"evolutionmod:CrystalShard","floor":29.0},{"not_picked":["evolutionmod:SeaSerpent+1","evolutionmod:ShiftingStrike"],"picked":"evolutionmod:Mastery","floor":31.0},{"not_picked":["evolutionmod:HumanForm","evolutionmod:Seduce"],"picked":"evolutionmod:Absorption","floor":33.0},{"not_picked":["evolutionmod:DepthsLurker+1","evolutionmod:TalonStrike"],"picked":"evolutionmod:DrainMana+1","floor":35.0},{"not_picked":["evolutionmod:PlayingRough+1","evolutionmod:Shadowbolt"],"picked":"evolutionmod:SeaSerpent","floor":37.0},{"not_picked":["evolutionmod:Hatch","evolutionmod:PoisonFangs"],"picked":"evolutionmod:Hivemind+1","floor":39.0},{"not_picked":["evolutionmod:CrystalStone","evolutionmod:ChannelMagic+1"],"picked":"evolutionmod:SpiderBite+1","floor":40},{"not_picked":["evolutionmod:FlameStrike+1","evolutionmod:PoisonFangs"],"picked":"evolutionmod:Phoenix","floor":42},{"not_picked":["evolutionmod:DrainMana","evolutionmod:ChimeraStrike+1"],"picked":"evolutionmod:LeafBird+1","floor":45},{"not_picked":["evolutionmod:PoisonFangs+1","evolutionmod:Stampede","evolutionmod:ShiftingStrike"],"picked":"SKIP","floor":47}],"player_experience":828129,"relics_obtained":[{"floor":9.0,"key":"Centennial Puzzle"},{"floor":11.0,"key":"Darkstone Periapt"},{"floor":24.0,"key":"Mummified Hand"},{"floor":26.0,"key":"Anchor"},{"floor":27.0,"key":"Tiny Chest"},{"floor":29.0,"key":"Ginger"},{"floor":36.0,"key":"HornCleat"},{"floor":40,"key":"Calipers"},{"floor":43,"key":"MawBank"},{"floor":45,"key":"Pantograph"},{"floor":47,"key":"Shovel"}],"event_choices":[{"damage_healed":0.0,"max_hp_gain":0.0,"max_hp_loss":0.0,"gold_gain":0.0,"event_name":"Living Wall","player_choice":"Grow","floor":4.0,"gold_loss":0.0,"damage_taken":0.0,"cards_upgraded":["evolutionmod:LeafBird"]},{"damage_healed":0.0,"max_hp_gain":0.0,"max_hp_loss":0.0,"gold_gain":75.0,"event_name":"World of Goop","player_choice":"Gather Gold","floor":5.0,"gold_loss":0.0,"damage_taken":11.0},{"damage_healed":0.0,"max_hp_gain":0.0,"max_hp_loss":0.0,"gold_gain":0.0,"event_name":"Shining Light","player_choice":"Entered Light","floor":7.0,"gold_loss":0.0,"damage_taken":14.0,"cards_upgraded":["evolutionmod:StrikeEvo","evolutionmod:DefendEvo"]},{"damage_healed":0.0,"max_hp_gain":0.0,"max_hp_loss":0.0,"gold_gain":0.0,"event_name":"Forgotten Altar","player_choice":"Smashed Altar","floor":21.0,"gold_loss":0.0,"damage_taken":0.0,"cards_obtained":["Decay"]},{"cards_removed":["Decay"],"damage_healed":0.0,"max_hp_gain":0.0,"max_hp_loss":0.0,"gold_gain":0.0,"event_name":"Beggar","player_choice":"Gave Gold","floor":28.0,"gold_loss":75.0,"damage_taken":0.0},{"cards_removed":["evolutionmod:DarkDesires"],"damage_healed":45.0,"max_hp_gain":0.0,"max_hp_loss":0.0,"gold_gain":0.0,"event_name":"Bonfire Elementals","player_choice":"Offered Uncommon","floor":30.0,"gold_loss":0.0,"damage_taken":0.0},{"damage_healed":0,"gold_gain":0,"player_choice":"Max HP","damage_taken":0,"max_hp_gain":0,"max_hp_loss":3,"event_name":"Winding Halls","floor":46,"gold_loss":0}],"is_beta":false,"boss_relics":[{"not_picked":["Black Star","Fusion Hammer"],"picked":"Astrolabe"},{"not_picked":["Runic Dome","Velvet Choker"],"picked":"Philosopher\u0027s Stone"}],"items_purged_floors":[20,38],"is_endless":false,"potions_floor_spawned":[1,2,11,14,19,29,31,33,39,45],"ascension_level":10}}