{"host":"enpah696raxjhbxd","time":1613822690,"event":{"mods":["BaseMod","Challenge The Spire","Chen","Colored Powertips","Friendly Minions","Minty Spire (QoL Compilation)","Replay The Spire","StSLib","TestMod","The Bladedancer","The Poker Player","UnlockEverythingMod"],"gold_per_floor":[113,124,150,162,190,229,241,279,317,344,356,368,402,414,426,531,606,633,645,391,423,437,464,464,496,496,525,525,539,549,563,563,640,640,656,450,465,478,478,513,567,598,598,598,627,627,849,860,860,938,1015,1015,1033,1044,511,371,385,385,457,457,504,533,533,533,533],"floor_reached":64,"language":"ZHS","playtime":1926,"items_purged":["blademaster:AspectOfLightning","blademaster:Defend","blademaster:Strike"],"score":2743,"play_id":"3603bb9f-df15-47a4-9746-8b5930d3708a","local_time":"20210220200450","daily_mods":["Vintage","Heirloom","Time Dilation","Flight","Binary","Binary"],"is_ascension_mode":true,"campfire_choices":[{"data":"blademaster:RagingBlow","floor":7.0,"key":"SMITH"},{"floor":11.0,"key":"REST"},{"data":"blademaster:Strike","floor":12.0,"key":"SMITH"},{"floor":15.0,"key":"REST"},{"data":"testmod-PainDetonator","floor":24.0,"key":"SMITH"},{"data":"blademaster:ThunderingOpener","floor":28.0,"key":"SMITH"},{"data":"blademaster:HighVoltage","floor":32.0,"key":"SMITH"},{"data":"blademaster:CullingStrike","floor":44,"key":"SMITH"},{"data":"blademaster:Defend","floor":46,"key":"SMITH"},{"data":"blademaster:Strike","floor":49,"key":"SMITH"},{"data":"blademaster:Strike","floor":58,"key":"SMITH"},{"data":"blademaster:TraverseCut","floor":63,"key":"SMITH"}],"circlet_count":1,"master_deck":["AscendersBane","blademaster:Strike+1","blademaster:Strike+1","blademaster:Strike+1","blademaster:Defend+1","blademaster:Defend","blademaster:Defend+1","blademaster:RagingBlow+1","blademaster:HighVoltage+1","blademaster:ThunderingOpener+1","testmod-PainDetonator+1","blademaster:Bloodbath+1","blademaster:CullingStrike+1","blademaster:LeechingStrike","blademaster:TraverseCut+1"],"relics":["blademaster:DancersAmulet","Busted Crown","replay:Trail_Library","testmod-TestBox","testmod-CasingShield","testmod-BouquetWithThorns","Chameleon Ring","MawBank","Replay:Baseball","Anchor","Blue Doll","Bag of Preparation","testmod-Nyarlathotep","Circlet","Odd Mushroom","Bloody Idol","Tiny House","Blood Vial","Red Mask","StrikeDummy","Orichalcum","Darkstone Periapt","Replay:Bottled Steam","Bag of Marbles","Oddly Smooth Stone","ReplayFunnel","Happy Flower","testmod-Fanaticism","Onion Ring","Sling","ReplayTheSpireMod:TigerMarble","testmod-RainbowHikingShoes","Gremlin Food","Turnip","Bottled Flame","Potion Belt","Art of War","Sundial","Black Star","Vajra","Replay:Ringing Soul","Question Card","Nunchaku","Replay:Bandana","Golden Idol","Omamori","Toy Ornithopter"],"acts_visited":["Exordium","TheCity","TheBeyond","Exordium"],"potions_floor_usage":[50,59],"damage_taken":[{"damage":0.0,"enemies":"2 Louse","floor":1.0,"turns":3.0},{"damage":0.0,"enemies":"Small Slimes","floor":2.0,"turns":3.0},{"damage":0.0,"enemies":"Jaw Worm","floor":3.0,"turns":3.0},{"damage":0.0,"enemies":"2 Fungi Beasts","floor":5.0,"turns":2.0},{"damage":9.0,"enemies":"Lagavulin","floor":6.0,"turns":5.0},{"damage":24.0,"enemies":"Gremlin Nob","floor":8.0,"turns":4.0},{"damage":3.0,"enemies":"The Mushroom Lair","floor":13.0,"turns":3.0},{"damage":0.0,"enemies":"Hexaghost","floor":16.0,"turns":4.0},{"damage":0.0,"enemies":"2 Thieves","floor":18.0,"turns":3.0},{"damage":2.0,"enemies":"Masked Bandits","floor":21.0,"turns":3.0},{"damage":0.0,"enemies":"3 Byrds","floor":22.0,"turns":3.0},{"damage":0.0,"enemies":"Gremlin Leader","floor":23.0,"turns":3.0},{"damage":0.0,"enemies":"Slavers","floor":25.0,"turns":5.0},{"damage":0.0,"enemies":"Book of Stabbing","floor":27.0,"turns":2.0},{"damage":0.0,"enemies":"Snecko","floor":29.0,"turns":1.0},{"damage":0.0,"enemies":"Centurion and Healer","floor":30.0,"turns":1.0},{"damage":0.0,"enemies":"Cultist and Chosen","floor":31.0,"turns":2.0},{"damage":0.0,"enemies":"Collector","floor":33.0,"turns":2.0},{"damage":9.0,"enemies":"3 Shapes","floor":35.0,"turns":2.0},{"damage":0.0,"enemies":"Orb Walker","floor":37.0,"turns":1.0},{"damage":0.0,"enemies":"Writhing Mass","floor":38.0,"turns":1.0},{"damage":0.0,"enemies":"R_Hoarder","floor":40.0,"turns":2.0},{"damage":0,"enemies":"2 Orb Walkers","floor":41,"turns":1},{"damage":0,"enemies":"Nemesis","floor":42,"turns":1},{"damage":0,"enemies":"R_Hoarder","floor":45,"turns":2},{"damage":0,"enemies":"Maw","floor":48,"turns":1},{"damage":36,"enemies":"Donu and Deca","floor":50,"turns":2},{"damage":0,"enemies":"Replay:Hell Engine","floor":51,"turns":1},{"damage":0,"enemies":"2 Louse","floor":53,"turns":1},{"damage":0,"enemies":"Jaw Worm","floor":54,"turns":1},{"damage":0,"enemies":"Cultist","floor":57,"turns":1},{"damage":0,"enemies":"3 Sentries","floor":59,"turns":1},{"damage":0,"enemies":"Looter","floor":62,"turns":1}],"seed_played":"-2472378412610791397","potions_obtained":[{"floor":2.0,"key":"Elixir"},{"floor":3.0,"key":"LiquidMemories"},{"floor":6.0,"key":"testmod-SpacePotion"},{"floor":13.0,"key":"Reflective Coating"},{"floor":17.0,"key":"LifebloodPotion"},{"floor":21.0,"key":"SpeedPotion"},{"floor":23.0,"key":"testmod-TestPotion"},{"floor":30.0,"key":"Dexterity Potion"},{"floor":31.0,"key":"Dexterity Potion"},{"floor":33.0,"key":"ColorlessPotion"},{"floor":38.0,"key":"AttackPotion"},{"floor":42,"key":"Swift Potion"},{"floor":48,"key":"FairyPotion"},{"floor":51,"key":"Doom Potion"},{"floor":54,"key":"AttackPotion"},{"floor":59,"key":"Adrenaline Potion"},{"floor":62,"key":"LiquidBronze"}],"is_trial":true,"path_per_floor":["M","M","M","?","M","E","R","E","T","?","R","R","?","?","R","B",null,"M","?","$","?","M","E","R","E","T","E","R","M","M","M","R","B",null,"M","$","M","M","$","E","?","E","T","R","E","R","?","M","R","B","B",null,"M","M","$","$","M","R","E","?","T","M","R","?"],"character_chosen":"THE_BLADEMASTER","items_purchased":["blademaster:ThunderingOpener","testmod-PainDetonator","Sling","blademaster:Bloodbath+1","Question Card","Nunchaku","blademaster:LeechingStrike"],"campfire_rested":2,"item_purchase_floors":[20,20,36,36,55,55,56],"current_hp_per_floor":[64,64,64,64,64,55,55,31,31,8,29,29,41,17,38,58,73,76,76,76,76,76,76,76,76,76,76,76,76,76,76,76,76,76,76,76,76,76,76,76,76,76,76,76,76,76,76,76,76,76,76,76,76,76,76,79,79,79,79,52,57,79,82,82,82],"gold":533,"neow_bonus":"","is_daily":false,"chose_seed":false,"campfire_upgraded":10,"win_rate":0.0,"timestamp":1613822690,"path_taken":["M","M","M","?","M","E","R","E","T","?","R","R","?","?","R","BOSS","M","?","$","?","M","E","R","E","T","E","R","M","M","M","R","BOSS","M","$","M","M","$","E","?","E","T","R","E","R","?","M","R","BOSS","BOSS","M","M","$","$","M","R","E","?","T","M","R","?"],"items_purchased_type":["Card","Card","Relic","Card","Relic","Relic","Card"],"build_version":"2020-12-22","purchased_purges":3,"victory":false,"max_hp_per_floor":[71,71,71,71,71,71,71,71,71,71,71,71,71,71,71,71,76,76,76,76,76,76,76,76,76,76,76,76,76,76,76,76,76,76,76,76,76,76,76,76,76,76,76,76,76,76,76,76,76,76,76,76,76,76,76,79,79,79,79,79,79,79,82,82,82],"card_choices":[{"not_picked":["blademaster:Breeze"],"picked":"SKIP","floor":59}],"player_experience":229808,"relics_obtained":[{"floor":1.0,"key":"Chameleon Ring"},{"floor":1.0,"key":"blademaster:StrongPerk"},{"floor":2.0,"key":"MawBank"},{"floor":2.0,"key":"blademaster:FuryEveryTurnPerk"},{"floor":3.0,"key":"Replay:Baseball"},{"floor":3.0,"key":"blademaster:ComboEveryTurnPerk"},{"floor":5.0,"key":"Anchor"},{"floor":5.0,"key":"blademaster:OnAttackedChargePerk"},{"floor":6.0,"key":"Blue Doll"},{"floor":6.0,"key":"blademaster:StanceHealPerk"},{"floor":8.0,"key":"Dead Branch"},{"floor":8.0,"key":"blademaster:DextrousPerk"},{"floor":9.0,"key":"Bag of Preparation"},{"floor":10.0,"key":"testmod-Nyarlathotep"},{"floor":13.0,"key":"Odd Mushroom"},{"floor":18.0,"key":"Blood Vial"},{"floor":18.0,"key":"blademaster:BonusFuryPerk"},{"floor":21.0,"key":"Red Mask"},{"floor":22.0,"key":"StrikeDummy"},{"floor":22.0,"key":"blademaster:BonusComboPerk"},{"floor":23.0,"key":"Orichalcum"},{"floor":23.0,"key":"blademaster:BleedingLaceratePerk"},{"floor":25.0,"key":"Darkstone Periapt"},{"floor":25.0,"key":"blademaster:FinisherDrawCardPerk"},{"floor":26.0,"key":"Replay:Bottled Steam"},{"floor":27.0,"key":"Bag of Marbles"},{"floor":27.0,"key":"blademaster:WindChargePerk"},{"floor":29.0,"key":"Oddly Smooth Stone"},{"floor":29.0,"key":"blademaster:LightningChargePerk"},{"floor":30.0,"key":"ReplayFunnel"},{"floor":30.0,"key":"blademaster:BleedingMoreDamagePerk"},{"floor":31.0,"key":"Happy Flower"},{"floor":31.0,"key":"blademaster:RandomBladePerk"},{"floor":35.0,"key":"Onion Ring"},{"floor":37.0,"key":"ReplayTheSpireMod:TigerMarble"},{"floor":38.0,"key":"testmod-RainbowHikingShoes"},{"floor":40.0,"key":"Gremlin Food"},{"floor":40.0,"key":"blademaster:RandomStancePerk"},{"floor":41,"key":"Turnip"},{"floor":42,"key":"Bottled Flame"},{"floor":43,"key":"Potion Belt"},{"floor":45,"key":"Art of War"},{"floor":48,"key":"Sundial"},{"floor":53,"key":"Vajra"},{"floor":54,"key":"Replay:Ringing Soul"},{"floor":57,"key":"Replay:Bandana"},{"floor":61,"key":"Omamori"},{"floor":62,"key":"Toy Ornithopter"}],"event_choices":[{"damage_healed":0.0,"max_hp_gain":0.0,"max_hp_loss":0.0,"gold_gain":0.0,"event_name":"Golden Wing","player_choice":"Ignored","floor":4.0,"gold_loss":0.0,"damage_taken":0.0},{"damage_healed":0.0,"max_hp_gain":0.0,"max_hp_loss":0.0,"gold_gain":0.0,"event_name":"Mushrooms","player_choice":"Fought Mushrooms","floor":13.0,"gold_loss":0.0,"damage_taken":0.0},{"damage_healed":0.0,"max_hp_gain":0.0,"max_hp_loss":0.0,"gold_gain":0.0,"event_name":"Golden Idol","player_choice":"Take Damage","floor":14.0,"gold_loss":0.0,"damage_taken":24.0,"relics_obtained":["Golden Idol"]},{"damage_healed":0.0,"max_hp_gain":0.0,"max_hp_loss":0.0,"gold_gain":0.0,"event_name":"Forgotten Altar","player_choice":"Gave Idol","floor":19.0,"relics_lost":["Golden Idol"],"gold_loss":0.0,"damage_taken":0.0,"relics_obtained":["Bloody Idol"]},{"damage_healed":0.0,"max_hp_gain":0.0,"max_hp_loss":0.0,"gold_gain":0.0,"event_name":"Masked Bandits","player_choice":"Fought Bandits","floor":21.0,"gold_loss":0.0,"damage_taken":0.0},{"damage_healed":0,"gold_gain":0,"player_choice":"Fight","damage_taken":0,"max_hp_gain":0,"max_hp_loss":0,"event_name":"Mysterious Sphere","floor":41,"gold_loss":0},{"damage_healed":0,"gold_gain":222,"player_choice":"Wore Mask","damage_taken":0,"max_hp_gain":0,"max_hp_loss":0,"event_name":"Tomb of Lord Red Mask","floor":47,"gold_loss":0},{"damage_healed":0,"gold_gain":0,"player_choice":"Take Damage","damage_taken":27,"relics_obtained":["Golden Idol"],"max_hp_gain":0,"max_hp_loss":0,"event_name":"Golden Idol","floor":60,"gold_loss":0}],"is_beta":false,"boss_relics":[{"not_picked":["testmod-Nine","Runic Pyramid"],"picked":"Tiny House"},{"not_picked":["Velvet Choker","Painkiller Herb"],"picked":"testmod-Fanaticism"},{"not_picked":["testmod-CardMagician","SlaversCollar"],"picked":"Black Star"}],"items_purged_floors":[20,55,56],"is_endless":true,"potions_floor_spawned":[2,3,6,13,21,23,30,31,33,38,42,48,51,54,59,62],"ascension_level":20}}