{"host":"AppleFritter","time":1613864631,"event":{"mods":["BaseMod","Block Reminder","Colored Map","Colored Powertips","Curses Come First","Highlight Path","Minty Spire (QoL Compilation)","Potion Indicator Mod","Quick Restart","Relic Stats","StSLib","ojb\u0027s Info Mod"],"gold_per_floor":[115,129,129,147,147,180,180,92,92,92,117,129,129,129,129,227,227,242,146,157,107,107,141,141,141,141,141,17,44,55,55,55,156,156,173,187,198,213,230,230,230,230],"floor_reached":41,"language":"ENG","playtime":18511,"items_purged":["Shame"],"score":564,"play_id":"efa401d8-86d4-458b-86fe-b78abbbae820","local_time":"20210220184351","is_ascension_mode":false,"campfire_choices":[{"floor":10.0,"key":"REST"},{"floor":13.0,"key":"REST"},{"data":"Noxious Fumes","floor":15.0,"key":"SMITH"},{"floor":25.0,"key":"REST"},{"floor":32.0,"key":"REST"},{"floor":40.0,"key":"REST"}],"circlet_count":0,"master_deck":["Strike_G","Strike_G","Strike_G","Strike_G","Strike_G","Defend_G","Defend_G","Defend_G","Defend_G","Defend_G","Survivor","Neutralize","Calculated Gamble","Outmaneuver","Poisoned Stab","Catalyst","Blade Dance","Caltrops","After Image+1","Noxious Fumes+1","Corpse Explosion+1","Dagger Spray+1","Bane","Deadly Poison+1","Blade Dance+1","Endless Agony","Outmaneuver+1","Bane","Dodge and Roll+1","Phantasmal Killer+1","Blade Dance+1","Blade Dance+1","Sucker Punch+1","Parasite","Infinite Blades+1","Noxious Fumes+1"],"relics":["Ring of the Snake","Ninja Scroll","Toxic Egg 2","Strawberry","Cursed Key","Darkstone Periapt","Bottled Lightning","Frozen Egg 2","GremlinMask","SlaversCollar"],"acts_visited":["Exordium","TheCity","TheBeyond"],"potions_floor_usage":[],"damage_taken":[{"damage":5.0,"enemies":"2 Louse","floor":1.0,"turns":3.0},{"damage":2.0,"enemies":"Small Slimes","floor":2.0,"turns":5.0},{"damage":4.0,"enemies":"Jaw Worm","floor":4.0,"turns":5.0},{"damage":55.0,"enemies":"3 Sentries","floor":6.0,"turns":16.0},{"damage":15.0,"enemies":"Lagavulin","floor":11.0,"turns":6.0},{"damage":0.0,"enemies":"Blue Slaver","floor":12.0,"turns":3.0},{"damage":26.0,"enemies":"The Guardian","floor":16.0,"turns":9.0},{"damage":0.0,"enemies":"3 Byrds","floor":18.0,"turns":3.0},{"damage":17.0,"enemies":"Spheric Guardian","floor":20.0,"turns":4.0},{"damage":13.0,"enemies":"Book of Stabbing","floor":23.0,"turns":4.0},{"damage":40.0,"enemies":"Gremlin Leader","floor":29.0,"turns":8.0},{"damage":21.0,"enemies":"Snake Plant","floor":30.0,"turns":4.0},{"damage":44.0,"enemies":"Automaton","floor":33.0,"turns":8.0},{"damage":2.0,"enemies":"3 Darklings","floor":35.0,"turns":3.0},{"damage":0.0,"enemies":"Orb Walker","floor":36.0,"turns":5.0},{"damage":43.0,"enemies":"Maw","floor":37.0,"turns":9.0},{"damage":46.0,"enemies":"Writhing Mass","floor":38.0,"turns":7.0},{"damage":10.0,"enemies":"4 Shapes","floor":39.0,"turns":7.0},{"damage":53,"enemies":"Nemesis","floor":41,"turns":5}],"seed_played":"-7288272919594949397","potions_obtained":[{"floor":4.0,"key":"Poison Potion"},{"floor":11.0,"key":"PowerPotion"},{"floor":16.0,"key":"Regen Potion"},{"floor":18.0,"key":"ColorlessPotion"},{"floor":38.0,"key":"ColorlessPotion"},{"floor":39.0,"key":"Ancient Potion"}],"is_trial":false,"path_per_floor":["M","M","?","M","?","E","?","$","T","R","E","M","R","?","R","B",null,"M","$","M","$","?","E","?","R","T","?","$","E","M","?","R","B",null,"M","M","M","M","M","R","E"],"character_chosen":"THE_SILENT","items_purchased":["Blade Dance","Caltrops","Bane","Deadly Poison+1","BlessingOfTheForge","FearPotion"],"campfire_rested":5,"item_purchase_floors":[8,8,19,19,21,28],"current_hp_per_floor":[72,70,75,71,71,16,16,16,16,40,32,32,58,58,58,32,89,89,89,72,72,72,59,59,85,91,72,72,32,20,20,50,6,100,98,98,55,15,5,36,0,0],"gold":230,"neow_bonus":"TEN_PERCENT_HP_BONUS","is_daily":false,"chose_seed":false,"campfire_upgraded":1,"win_rate":0.0,"timestamp":1613864631,"path_taken":["M","M","?","M","?","E","?","$","T","R","E","M","R","?","R","BOSS","M","$","M","$","?","E","?","R","T","?","?","E","?","?","R","BOSS","M","M","M","M","M","R","E"],"items_purchased_type":["Card","Card","Card","Card","Potion","Potion"],"build_version":"2020-12-18","purchased_purges":1,"victory":false,"max_hp_per_floor":[77,77,82,82,82,82,82,82,82,82,89,89,89,89,89,89,89,89,89,89,89,89,89,89,89,95,100,100,100,100,100,100,100,100,100,100,100,106,106,106,106,106],"relic_stats":{"Darkstone Periapt":12,"counters":[19,114],"Cursed Key":1,"obtain_stats":[{"Darkstone Periapt":23,"SlaversCollar":34,"Ninja Scroll":6,"Strawberry":11,"GremlinMask":31,"Bottled Lightning":26,"Toxic Egg 2":9,"Frozen Egg 2":29,"Cursed Key":17,"Ring of the Snake":0},{"Darkstone Periapt":10,"SlaversCollar":13,"Ninja Scroll":4,"Strawberry":5,"GremlinMask":12,"Bottled Lightning":10,"Toxic Egg 2":4,"Frozen Egg 2":11,"Cursed Key":7,"Ring of the Snake":0},{"Darkstone Periapt":58,"SlaversCollar":78,"Ninja Scroll":29,"Strawberry":35,"GremlinMask":70,"Bottled Lightning":58,"Toxic Egg 2":29,"Frozen Egg 2":66,"Cursed Key":47,"Ring of the Snake":0}],"Ring of the Snake":[38]},"card_choices":[{"not_picked":["Sucker Punch","Leg Sweep"],"picked":"Calculated Gamble","floor":1.0},{"not_picked":["Flying Knee","Slice"],"picked":"Outmaneuver","floor":2.0},{"not_picked":["Backflip","Dodge and Roll"],"picked":"Poisoned Stab","floor":4.0},{"not_picked":["Poisoned Stab","Wraith Form v2"],"picked":"Catalyst","floor":6.0},{"not_picked":["Calculated Gamble+1","Backstab"],"picked":"After Image","floor":11.0},{"not_picked":["Dodge and Roll+1","Underhanded Strike"],"picked":"Noxious Fumes","floor":12.0},{"not_picked":["Malaise+1","Burst+1"],"picked":"Corpse Explosion+1","floor":16.0},{"not_picked":["Backflip+1","Acrobatics+1"],"picked":"Dagger Spray+1","floor":18.0},{"not_picked":["Flying Knee","Underhanded Strike"],"picked":"Blade Dance+1","floor":20.0},{"not_picked":["Calculated Gamble+1","Tools of the Trade"],"picked":"Outmaneuver+1","floor":23.0},{"not_picked":["Dagger Spray","Underhanded Strike"],"picked":"Bane","floor":29.0},{"not_picked":["Poisoned Stab","Bane"],"picked":"Dodge and Roll+1","floor":30.0},{"not_picked":["Wraith Form v2+1","Glass Knife"],"picked":"Phantasmal Killer+1","floor":33.0},{"not_picked":["Dagger Spray+1","Dash+1"],"picked":"Blade Dance+1","floor":35.0},{"not_picked":["Tactician+1","Skewer"],"picked":"Blade Dance+1","floor":36.0},{"not_picked":["Underhanded Strike","Outmaneuver+1"],"picked":"Sucker Punch+1","floor":37.0},{"not_picked":["Underhanded Strike+1","Outmaneuver+1"],"picked":"Infinite Blades+1","floor":38.0},{"not_picked":["Bane+1","Backstab"],"picked":"Noxious Fumes+1","floor":39.0}],"player_experience":97913,"relics_obtained":[{"floor":6.0,"key":"Ninja Scroll"},{"floor":9.0,"key":"Toxic Egg 2"},{"floor":11.0,"key":"Strawberry"},{"floor":23.0,"key":"Darkstone Periapt"},{"floor":26.0,"key":"Bottled Lightning"},{"floor":29.0,"key":"Frozen Egg 2"}],"event_choices":[{"damage_healed":0.0,"max_hp_gain":5.0,"max_hp_loss":0.0,"gold_gain":0.0,"event_name":"Big Fish","player_choice":"Donut","floor":3.0,"gold_loss":0.0,"damage_taken":0.0},{"damage_healed":0.0,"max_hp_gain":0.0,"max_hp_loss":0.0,"gold_gain":0.0,"event_name":"Shining Light","player_choice":"Ignored","floor":5.0,"gold_loss":0.0,"damage_taken":0.0},{"damage_healed":0.0,"max_hp_gain":0.0,"max_hp_loss":0.0,"gold_gain":0.0,"event_name":"Golden Idol","player_choice":"Ignored","floor":7.0,"gold_loss":0.0,"damage_taken":0.0},{"damage_healed":0.0,"max_hp_gain":0.0,"max_hp_loss":0.0,"gold_gain":0.0,"event_name":"Living Wall","player_choice":"Grow","floor":14.0,"gold_loss":0.0,"damage_taken":0.0,"cards_upgraded":["After Image"]},{"damage_healed":0.0,"max_hp_gain":0.0,"max_hp_loss":0.0,"gold_gain":0.0,"event_name":"The Library","player_choice":"Read","floor":22.0,"gold_loss":0.0,"damage_taken":0.0,"cards_obtained":["Endless Agony"]},{"damage_healed":0.0,"max_hp_gain":0.0,"max_hp_loss":0.0,"gold_gain":0.0,"event_name":"Beggar","player_choice":"Ignored","floor":24.0,"gold_loss":0.0,"damage_taken":0.0},{"damage_healed":0.0,"max_hp_gain":5.0,"max_hp_loss":0.0,"gold_gain":0.0,"event_name":"Forgotten Altar","player_choice":"Shed Blood","floor":27.0,"gold_loss":0.0,"damage_taken":24.0},{"damage_healed":0.0,"max_hp_gain":0.0,"max_hp_loss":0.0,"gold_gain":0.0,"event_name":"FaceTrader","player_choice":"Trade","floor":31.0,"gold_loss":0.0,"damage_taken":0.0,"relics_obtained":["GremlinMask"]}],"is_beta":true,"boss_relics":[{"not_picked":["Astrolabe","Black Star"],"picked":"Cursed Key"},{"not_picked":["Ring of the Serpent","Empty Cage"],"picked":"SlaversCollar"}],"items_purged_floors":[28],"is_endless":false,"potions_floor_spawned":[4,11,16,18,29,38,39],"killed_by":"Nemesis","ascension_level":0}}