{"host":"ju1b3c4x8n2jtjm7","time":1613830413,"event":{"mods":["AchievementEnabler","BaseMod","Colored Map","Colored Powertips","Highlight Path","Minty Spire (QoL Compilation)","Quick Restart","Rare Cards Sparkle","Relic Stats"],"gold_per_floor":[113,188,198,214,274,274,274],"floor_reached":6,"language":"ENG","playtime":310,"items_purged":[],"score":57,"play_id":"e7caa3b7-2035-41bb-bfe6-43727392db19","local_time":"20210220151333","is_ascension_mode":true,"campfire_choices":[],"circlet_count":0,"master_deck":["AscendersBane","Strike_R","Strike_R","Strike_R","Strike_R","Strike_R","Defend_R","Defend_R","Defend_R","Defend_R","Bash","Impervious","Spot Weakness","Whirlwind","Shrug It Off","True Grit"],"relics":["Burning Blood"],"acts_visited":["Exordium"],"potions_floor_usage":[],"damage_taken":[{"damage":0.0,"enemies":"2 Louse","floor":1.0,"turns":4.0},{"damage":7.0,"enemies":"Small Slimes","floor":3.0,"turns":4.0},{"damage":18.0,"enemies":"Jaw Worm","floor":4.0,"turns":4.0},{"damage":12.0,"enemies":"Exordium Thugs","floor":5.0,"turns":5.0},{"damage":49,"enemies":"Gremlin Nob","floor":6,"turns":5}],"seed_played":"8815700708358237901","potions_obtained":[{"floor":3.0,"key":"ColorlessPotion"}],"is_trial":false,"path_per_floor":["M","?","M","M","M","E"],"character_chosen":"IRONCLAD","items_purchased":[],"campfire_rested":0,"item_purchase_floors":[],"current_hp_per_floor":[72,61,60,48,42,0,0],"gold":274,"neow_bonus":"THREE_RARE_CARDS","is_daily":false,"chose_seed":false,"campfire_upgraded":0,"win_rate":0.0,"timestamp":1613830413,"path_taken":["M","?","M","M","M","E"],"items_purchased_type":[],"build_version":"2020-12-22","purchased_purges":0,"victory":false,"max_hp_per_floor":[72,72,72,72,72,72,72],"relic_stats":{"counters":[5,22],"obtain_stats":[{"Burning Blood":0},{"Burning Blood":0},{"Burning Blood":0}],"Burning Blood":18},"card_choices":[{"not_picked":["Exhume","Brutality"],"picked":"Impervious","floor":0.0},{"not_picked":["Body Slam","Armaments"],"picked":"Spot Weakness","floor":1.0},{"not_picked":["Blood for Blood","Sword Boomerang"],"picked":"Whirlwind","floor":3.0},{"not_picked":["Cleave","Thunderclap"],"picked":"Shrug It Off","floor":4.0},{"not_picked":["Havoc","Anger"],"picked":"True Grit","floor":5.0}],"player_experience":425235,"relics_obtained":[],"event_choices":[{"damage_healed":0.0,"max_hp_gain":0.0,"max_hp_loss":0.0,"gold_gain":75.0,"event_name":"World of Goop","player_choice":"Gather Gold","floor":2.0,"gold_loss":0.0,"damage_taken":11.0}],"is_beta":false,"boss_relics":[],"items_purged_floors":[],"is_endless":false,"potions_floor_spawned":[3],"killed_by":"Gremlin Nob","ascension_level":10}}