{"host":"sxnl403xm2xmiyj1","time":1613793598,"event":{"mods":["BaseMod","Colored Map","Keyboard Shortcuts","Koishi","Minty Spire (QoL Compilation)","Quick Restart","StSLib","SuperFastMode"],"gold_per_floor":[117,117,117,42,55,87,87,113,113,113,142,142,159,180,180,258,258,277,4,4,23,37,68,68,98,123,123,135,0,0,24,24,24,24],"floor_reached":33,"language":"KOR","playtime":846,"items_purged":[],"score":692,"play_id":"bb5a6390-52ba-46c2-a273-2d8dd5f9a240","local_time":"20210220125958","is_ascension_mode":true,"campfire_choices":[{"data":"Koishi:TraumaticStroke","floor":7.0,"key":"SMITH"},{"data":"Koishi:ReleaseOfTheId","floor":10.0,"key":"SMITH"},{"data":"Koishi:UnconsciousUrges","floor":12.0,"key":"SMITH"},{"data":"Koishi:SprinkleStarAndHeart","floor":15.0,"key":"SMITH"},{"data":"Koishi:FreudianInstinct","floor":24.0,"key":"SMITH"},{"data":"Koishi:Untouchable","floor":27.0,"key":"SMITH"},{"floor":32,"key":"REST"}],"circlet_count":0,"master_deck":["AscendersBane","Koishi:BasicStrike","Koishi:BasicStrike","Koishi:BasicStrike","Koishi:BasicDefend","Koishi:BasicDefend","Koishi:BasicDefend","Koishi:Provoke","Koishi:HauntingSlash","Koishi:SprinkleStarAndHeart+1","Koishi:TraumaticStroke+1","Koishi:UnconsciousUprising","Koishi:ReleaseOfTheId+1","Koishi:UnconsciousUrges+1","Koishi:EmbryosDream","Koishi:Prune","Koishi:MindStellarRelief","Koishi:ReflexRadar","Koishi:Untouchable+1","Koishi:SubconsciousSweep","Koishi:LastRemote+1","Koishi:FreudianInstinct+1","Koishi:SubconsciousSweep+1","Koishi:TraumaticStroke+1","Koishi:ReleaseOfTheId"],"relics":["Koishi:ImaginaryFriend","NeowsBlessing","Strawberry","Question Card","Gremlin Horn","Centennial Puzzle","Odd Mushroom","Snecko Eye","ClockworkSouvenir","Molten Egg 2","Juzu Bracelet","PreservedInsect","Boot","Lantern"],"acts_visited":["Exordium","TheCity"],"potions_floor_usage":[],"damage_taken":[{"damage":0.0,"enemies":"Small Slimes","floor":1.0,"turns":2.0},{"damage":0.0,"enemies":"2 Louse","floor":5.0,"turns":1.0},{"damage":0.0,"enemies":"3 Sentries","floor":6.0,"turns":2.0},{"damage":5.0,"enemies":"Lagavulin","floor":8.0,"turns":7.0},{"damage":0.0,"enemies":"3 Sentries","floor":11.0,"turns":7.0},{"damage":7.0,"enemies":"Jaw Worm","floor":13.0,"turns":4.0},{"damage":0.0,"enemies":"The Mushroom Lair","floor":14.0,"turns":5.0},{"damage":33.0,"enemies":"The Guardian","floor":16.0,"turns":18.0},{"damage":16.0,"enemies":"2 Thieves","floor":18.0,"turns":4.0},{"damage":18.0,"enemies":"Spheric Guardian","floor":21.0,"turns":7.0},{"damage":12.0,"enemies":"Snecko","floor":22.0,"turns":4.0},{"damage":2.0,"enemies":"Book of Stabbing","floor":23.0,"turns":6.0},{"damage":0.0,"enemies":"Gremlin Leader","floor":25.0,"turns":4.0},{"damage":21.0,"enemies":"Sentry and Sphere","floor":28.0,"turns":6.0},{"damage":34,"enemies":"Automaton","floor":33,"turns":7}],"seed_played":"6008702075072449169","potions_obtained":[{"floor":5.0,"key":"PowerPotion"},{"floor":11.0,"key":"EssenceOfSteel"},{"floor":16.0,"key":"DuplicationPotion"},{"floor":22.0,"key":"BlessingOfTheForge"},{"floor":23.0,"key":"Regen Potion"}],"is_trial":false,"path_per_floor":["M","?","?","?","M","E","R","E","T","R","E","R","M","?","R","B",null,"M","$","?","M","M","E","R","E","T","R","M","?","$","T","R","B"],"character_chosen":"KOISHI","items_purchased":["Koishi:Untouchable","Koishi:SubconsciousSweep","ClockworkSouvenir"],"campfire_rested":1,"item_purchase_floors":[19,19,19],"current_hp_per_floor":[51,51,51,51,51,58,58,57,57,57,59,59,53,54,54,26,55,40,40,40,22,10,9,9,22,22,22,1,1,1,1,20,0,0],"gold":24,"neow_bonus":"THREE_ENEMY_KILL","is_daily":false,"chose_seed":false,"campfire_upgraded":6,"win_rate":0.0,"timestamp":1613793598,"path_taken":["M","?","?","?","M","E","R","E","T","R","E","R","M","?","R","BOSS","M","$","?","M","?","E","R","E","T","R","M","?","$","?","R","BOSS"],"items_purchased_type":["Card","Card","Relic"],"build_version":"2020-12-22","purchased_purges":0,"victory":false,"max_hp_per_floor":[57,57,57,57,57,64,64,64,64,64,64,64,64,64,64,64,64,64,64,64,64,64,64,64,64,64,64,64,64,64,64,64,64,64],"card_choices":[{"not_picked":["Koishi:SubterraneanRose","Koishi:UnansweredLove"],"picked":"Koishi:SprinkleStarAndHeart","floor":1.0},{"not_picked":["Koishi:FidgetySnatcher","Koishi:FourthEye"],"picked":"Koishi:TraumaticStroke","floor":5.0},{"not_picked":["Koishi:HeartAttack","Koishi:UnseenTerror"],"picked":"Koishi:UnconsciousUprising","floor":6.0},{"not_picked":["Koishi:FleetingPhantom","Koishi:GeneticsOfTheUnconscious"],"picked":"Koishi:ReleaseOfTheId","floor":8.0},{"not_picked":["Koishi:SuperEgo","Koishi:TremblingHands","Koishi:PhantomBarrier"],"picked":"Koishi:UnconsciousUrges","floor":11.0},{"not_picked":["Koishi:CatchAndRose","Koishi:Jaunt","Koishi:GhostParty"],"picked":"Koishi:EmbryosDream","floor":13.0},{"not_picked":["Koishi:FourthEye","Koishi:BloodcurdlingScream","Koishi:DreadfulBlow"],"picked":"Koishi:Prune","floor":14.0},{"not_picked":["Koishi:RoseHell","Koishi:GrowingPain","Koishi:SilentAndRestless"],"picked":"Koishi:MindStellarRelief","floor":16.0},{"not_picked":["Koishi:SpiritedAway+1","Koishi:StrangeCloudFist","Koishi:CatchAndRose"],"picked":"Koishi:ReflexRadar","floor":18.0},{"not_picked":["Koishi:Prune+1","Koishi:ReflexRadar","Koishi:ParalyzingFear+1"],"picked":"Koishi:LastRemote+1","floor":21.0},{"not_picked":["Koishi:ReflexRadar","Koishi:MassHysteria","Koishi:PhantomBarrier"],"picked":"Koishi:FreudianInstinct","floor":22.0},{"not_picked":["Koishi:CatchAndRose","Koishi:UnansweredLove","Koishi:HeartStoppingHorror"],"picked":"Koishi:SubconsciousSweep+1","floor":23.0},{"not_picked":["Koishi:PhantomStrike+1","Koishi:UnansweredLove+1","Koishi:JumpScare"],"picked":"Koishi:TraumaticStroke+1","floor":25.0},{"not_picked":["Koishi:TremblingHands+1","Koishi:VengefulSpirit","Koishi:SpiritedAway+1"],"picked":"Koishi:ReleaseOfTheId","floor":28.0}],"player_experience":279697,"relics_obtained":[{"floor":6.0,"key":"Strawberry"},{"floor":8.0,"key":"Question Card"},{"floor":9.0,"key":"Gremlin Horn"},{"floor":11.0,"key":"Centennial Puzzle"},{"floor":14.0,"key":"Odd Mushroom"},{"floor":20.0,"key":"Molten Egg 2"},{"floor":23.0,"key":"Juzu Bracelet"},{"floor":25.0,"key":"PreservedInsect"},{"floor":26.0,"key":"Boot"},{"floor":31,"key":"Lantern"}],"event_choices":[{"damage_healed":0.0,"max_hp_gain":0.0,"max_hp_loss":0.0,"gold_gain":0.0,"event_name":"Liars Game","player_choice":"Ignored","floor":2.0,"gold_loss":0.0,"damage_taken":0.0},{"cards_removed":["Koishi:BasicStrike"],"damage_healed":0.0,"max_hp_gain":0.0,"max_hp_loss":0.0,"gold_gain":0.0,"event_name":"Living Wall","player_choice":"Forget","floor":3.0,"gold_loss":0.0,"damage_taken":0.0},{"cards_removed":["Koishi:BasicDefend"],"damage_healed":0.0,"max_hp_gain":0.0,"max_hp_loss":0.0,"gold_gain":0.0,"event_name":"The Cleric","player_choice":"Card Removal","floor":4.0,"gold_loss":75.0,"damage_taken":0.0},{"damage_healed":0.0,"max_hp_gain":0.0,"max_hp_loss":0.0,"gold_gain":0.0,"event_name":"Mushrooms","player_choice":"Fought Mushrooms","floor":14.0,"gold_loss":0.0,"damage_taken":0.0},{"damage_healed":0.0,"max_hp_gain":0.0,"max_hp_loss":0.0,"gold_gain":0.0,"event_name":"Wheel of Change","player_choice":"Relic","floor":20.0,"gold_loss":0.0,"damage_taken":0.0},{"damage_healed":0,"gold_gain":0,"player_choice":"Paid Fearfully","damage_taken":0,"max_hp_gain":0,"max_hp_loss":0,"event_name":"Masked Bandits","floor":29,"gold_loss":135}],"is_beta":false,"boss_relics":[{"not_picked":["Velvet Choker","SlaversCollar"],"picked":"Snecko Eye"}],"items_purged_floors":[],"is_endless":false,"potions_floor_spawned":[5,11,16,22,23],"killed_by":"Automaton","ascension_level":17}}