{"host":"njb27ds59h4j3ikk","time":1613845631,"event":{"mods":["AchievementEnabler","BaseMod","Better Altar","Better Match","Better Note","Better Sensory Stone","Better Skull","Better Third Choice","BetterRewards","Downfall","Hermit","Hubris","Minty Spire (QoL Compilation)","Permanent Neow","Quarter Circle Forward PUNCH!","Quick Restart","Rare Cards Sparkle","Replay The Spire","Shop Mod","StSLib","Trackpad","Transform Curses"],"gold_per_floor":[112,112,287,309,69,99,63,63,113,146,170,170,183,217,217,325,325,350,350,376,417,106,183,183,213,213,213,233,233,308,377,377,555,555,574,646,646,253,288,308,344,374,429,461,481,327,327,227,227,227,227,227,32,97,97],"floor_reached":56,"language":"ENG","playtime":2823,"items_purged":[],"score":2085,"play_id":"617bfcc6-ca97-40c5-aa99-171beeee07b9","local_time":"20210220132711","is_ascension_mode":true,"campfire_choices":[{"data":"hermit:Scavenge","floor":8.0,"key":"SMITH"},{"data":"hermit:Coalescence","floor":12.0,"key":"SMITH"},{"floor":24.0,"key":"RECALL"},{"data":"hermit:DeadOrAlive","floor":27.0,"key":"SMITH"},{"data":"hermit:Determination","floor":32.0,"key":"SMITH"},{"data":"Panacea","floor":52,"key":"SMITH"}],"circlet_count":0,"master_deck":["hermit:Strike_Hermit","hermit:Strike_Hermit","hermit:Strike_Hermit","hermit:Strike_Hermit","hermit:Defend_Hermit","hermit:Defend_Hermit","hermit:Defend_Hermit","hermit:Snapshot","hermit:Covet","hermit:PistolWhip+1","hermit:TakeCover+1","hermit:Scavenge+1","Doubt","Voices","hermit:BigShot","hermit:Headshot","hermit:Shortfuse","hermit:Dissolve","hermit:Glare","hermit:Spite","hermit:RoundhouseKick","hermit:Vantage+1","hermit:Ricochet+1","ReplayTheSpireMod:Splinters","hermit:CalledShot+1","hermit:DeadOrAlive+1","hermit:Snipe+1","hermit:Maintenance+1","hermit:Determination+1","hermit:Showdown+1","hermit:HighNoon","hermit:Dive+1","hermit:Coalescence+1","hermit:RoundhouseKick","Bandage Up","hermit:Dissolve","Panacea+1","hermit:Enervate+1","hermit:Gestalt+1","Pot Of Greed","Pot Of Greed","Pot Of Greed","Pot Of Greed","hermit:BlackWind","hermit:EyeOfTheStorm+1","hermit:BigShot+1","ReplayTheSpireMod:Uncanny Aura","hermit:Virtue","ReplayTheSpireMod:Necrogeddon","Pot Of Greed","Apotheosis","hubris:DuctTapeCard","hermit:Deadeye+1"],"relics":["hermit:Momento","Lee\u0027s Waffle","Strawberry","hubris:64BitClover","ReplayTheSpireMod:CursedCoin","hubris:TenFootPole","Toy Ornithopter","qcfpunch:Not_Strongest_Fighting_Style_Guidebook","hubris:OldNail","Ice Cream","Anchor","hexamod:Sixitude","Honey Jar","hubris:DuctTape","Oddly Smooth Stone","trackpad:WritersBlock","hermit:Spyglass","qcfpunch:Handcuffs","qcfpunch:Lotus_Statue","hubris:ScarierMask","qcfpunch:Duffel_Bag","trackpad:ByrdBGone","DollysMirror","hexamod:BolsterEngine","hubris:SlimyHat","Grinning Jar","Kunai","trackpad:BiPhaseBiplane","qcfpunch:Red_Headband"],"acts_visited":["Exordium","TheCity","TheBeyond","TheEnding"],"potions_floor_usage":[50,50,55,55,55],"damage_taken":[{"damage":0.0,"enemies":"Small Slimes","floor":1.0,"turns":3.0},{"damage":15.0,"enemies":"Jaw Worm","floor":4.0,"turns":6.0},{"damage":4.0,"enemies":"Lagavulin","floor":6.0,"turns":7.0},{"damage":22.0,"enemies":"3 Sentries","floor":10.0,"turns":8.0},{"damage":7.0,"enemies":"2 Louse","floor":13.0,"turns":3.0},{"damage":16.0,"enemies":"Gremlin Nob","floor":14.0,"turns":5.0},{"damage":0.0,"enemies":"Hexaghost","floor":16.0,"turns":9.0},{"damage":2.0,"enemies":"Shell Parasite","floor":18.0,"turns":3.0},{"damage":0.0,"enemies":"Spheric Guardian","floor":20.0,"turns":4.0},{"damage":0.0,"enemies":"Gremlin Leader","floor":23.0,"turns":5.0},{"damage":3.0,"enemies":"3 Cultists","floor":25.0,"turns":5.0},{"damage":18.0,"enemies":"Shelled Parasite and Fungi","floor":28.0,"turns":3.0},{"damage":0.0,"enemies":"Book of Stabbing","floor":31.0,"turns":4.0},{"damage":5.0,"enemies":"Pondfish","floor":33.0,"turns":8.0},{"damage":6.0,"enemies":"3 Darklings","floor":35.0,"turns":4.0},{"damage":0.0,"enemies":"Mind Bloom Boss Battle","floor":36.0,"turns":3.0},{"damage":0.0,"enemies":"3 Shapes","floor":39.0,"turns":2.0},{"damage":0.0,"enemies":"Transient","floor":40.0,"turns":5.0},{"damage":4.0,"enemies":"R_Hoarder","floor":41.0,"turns":6.0},{"damage":3.0,"enemies":"Writhing Mass","floor":42.0,"turns":5.0},{"damage":0.0,"enemies":"Maw","floor":44.0,"turns":6.0},{"damage":0.0,"enemies":"4 Shapes","floor":45.0,"turns":3.0},{"damage":40,"enemies":"Donu and Deca","floor":50,"turns":5},{"damage":19,"enemies":"Shield and Spear","floor":54,"turns":3},{"damage":27,"enemies":"The Heart","floor":55,"turns":7}],"seed_played":"-8483189125706146477","potions_obtained":[{"floor":14.0,"key":"Adrenaline Potion"},{"floor":25.0,"key":"champ:CounterPotion"},{"floor":28.0,"key":"Fire Potion"},{"floor":31.0,"key":"Milkshake"},{"floor":35.0,"key":"PowerPotion"},{"floor":42.0,"key":"hexamod:SoulburnPotion"},{"floor":54,"key":"Death Potion"}],"is_trial":false,"path_per_floor":["M","?","?","M","$","E","$","R","T","E","T","R","M","E","R","B",null,"M","?","M","?","$","E","R","M","T","R","M","?","?","E","R","B",null,"M","?","?","$","M","M","E","M","T","M","M","$","?","NS","R","B",null,"R","$","E","B",null],"character_chosen":"HERMIT","items_purchased":["Lee\u0027s Waffle","Strawberry","hermit:PistolWhip","hermit:TakeCover+1","Adrenaline Potion","Strength Potion","ColorlessPotion","ReplayTheSpireMod:CursedCoin","hubris:TenFootPole","hermit:BigShot","Toy Ornithopter","hermit:Shortfuse","Oddly Smooth Stone","hermit:DeadOrAlive","Swift Strike","trackpad:ByrdBGone","DollysMirror","ReplayTheSpireMod:Uncanny Aura","hermit:Virtue","trackpad:BiPhaseBiplane","SkillPotion"],"campfire_rested":0,"item_purchase_floors":[0,0,0,0,0,0,0,5,5,5,5,7,22,22,22,38,38,46,46,53,53],"current_hp_per_floor":[89,89,89,74,74,85,85,85,85,63,63,63,56,40,40,45,89,87,87,87,87,87,87,87,84,84,84,66,66,62,62,62,57,89,83,83,83,83,83,87,83,84,84,88,89,89,89,89,89,53,89,89,89,70,62],"gold":97,"neow_bonus":"","is_daily":false,"chose_seed":false,"campfire_upgraded":5,"win_rate":0.0,"timestamp":1613845631,"path_taken":["M","?","?","M","$","E","?","R","T","E","?","R","M","E","R","BOSS","M","?","M","?","$","E","R","?","T","R","M","?","?","E","R","BOSS","M","?","?","$","M","M","E","M","T","M","?","$","?","NS","R","BOSS","R","$","E","BOSS"],"items_purchased_type":["Relic","Relic","Card","Card","Potion","Potion","Potion","Relic","Relic","Card","Relic","Card","Relic","Card","Card","Relic","Relic","Card","Card","Relic","Potion"],"build_version":"2020-12-22","purchased_purges":0,"victory":true,"max_hp_per_floor":[89,89,89,89,89,89,89,89,89,89,89,89,89,89,89,89,89,89,89,89,89,89,89,89,89,89,89,89,89,89,89,89,89,89,89,89,89,89,89,89,89,89,89,89,89,89,89,89,89,89,89,89,89,89,89],"card_choices":[{"not_picked":["hermit:SprayPray","hermit:Roulette"],"picked":"hermit:Scavenge","floor":1.0},{"not_picked":["hermit:SprayPray","hermit:Manifest"],"picked":"hermit:Coalescence","floor":4.0},{"not_picked":["hermit:FullyLoaded","hermit:ItchyTrigger"],"picked":"hermit:Headshot","floor":6.0},{"not_picked":["hermit:NoHoldsBarred","hermit:Maintenance"],"picked":"hermit:Dissolve","floor":10.0},{"not_picked":["hermit:Manifest","hermit:Showdown"],"picked":"hermit:Glare","floor":13.0},{"not_picked":["hermit:Reprieve","hermit:HoleUp"],"picked":"hermit:Spite","floor":14.0},{"not_picked":["hermit:HeroicBravado","hermit:HighNoon"],"picked":"hermit:RoundhouseKick","floor":16.0},{"not_picked":["hermit:Shortfuse","hermit:SprayPray","hermit:Desperado"],"picked":"hermit:Vantage+1","floor":18.0},{"not_picked":["hermit:Dive","hermit:TakeCover","hermit:Purgatory"],"picked":"hermit:Midnight+1","floor":20.0},{"not_picked":["hermit:WideOpen","hermit:Feint+1","hermit:Coalescence"],"picked":"hermit:Desperado+1","floor":21.0},{"not_picked":["hermit:Desperado+1","hermit:HoleUp+1","hermit:Feint"],"picked":"hermit:CalledShot+1","floor":21.0},{"not_picked":["hermit:GoldenBullet","hermit:TakeCover","hermit:Roulette"],"picked":"hermit:Snipe+1","floor":23.0},{"not_picked":["hermit:Desperado","hermit:Shortfuse+1","hermit:Grudge"],"picked":"hermit:Maintenance+1","floor":25.0},{"not_picked":["hermit:Showdown","hermit:BodyArmor","hermit:Feint+1"],"picked":"hermit:Determination","floor":28.0},{"not_picked":["hermit:Brawl","hermit:Headshot","hermit:GhostlyPresence"],"picked":"hermit:Showdown+1","floor":31.0},{"not_picked":["hermit:FinalCanter","hermit:Adapt","hermit:DeadOrAlive"],"picked":"hermit:HighNoon","floor":33.0},{"not_picked":["hermit:Vantage+1","hermit:Manifest","hermit:LowProfile"],"picked":"hermit:Dive","floor":35.0},{"not_picked":["hermit:Misfire","hermit:Snipe+1","hermit:BigShot"],"picked":"hermit:Coalescence+1","floor":36.0},{"not_picked":[],"picked":"Bandage Up","floor":39.0},{"not_picked":["hermit:Dive+1","hermit:Ricochet+1","hermit:Snipe+1"],"picked":"hermit:Dissolve","floor":39.0},{"not_picked":[],"picked":"Panacea","floor":40.0},{"not_picked":["hermit:Quickdraw","hermit:TrackingShot","hermit:FlashPowder"],"picked":"hermit:Enervate+1","floor":40.0},{"not_picked":["hermit:HoleUp","hermit:LowProfile+1","hermit:CalledShot+1"],"picked":"hermit:Gestalt+1","floor":41.0},{"not_picked":["hermit:Roulette+1","hermit:Deadeye+1","hermit:TakeCover"],"picked":"hermit:BlackWind","floor":42.0},{"not_picked":["hermit:Headshot","hermit:SprayPray+1","hermit:Coalescence"],"picked":"hermit:EyeOfTheStorm+1","floor":44.0},{"not_picked":["hermit:Vantage","hermit:Glare","hermit:TrackingShot+1"],"picked":"hermit:BigShot+1","floor":45.0},{"not_picked":["Survey Options","Crow Ritual","Mind Blast"],"picked":"ReplayTheSpireMod:Necrogeddon","floor":47.0},{"not_picked":["Blind","Mind Blast","Enlightenment"],"picked":"Apotheosis","floor":47.0},{"not_picked":["hermit:HoleUp","hermit:Brawl+1","hermit:GoldenBullet+1"],"picked":"hermit:Deadeye+1","floor":54}],"player_experience":1381956,"relics_obtained":[{"floor":6.0,"key":"qcfpunch:Not_Strongest_Fighting_Style_Guidebook"},{"floor":9.0,"key":"hubris:OldNail"},{"floor":10.0,"key":"Ice Cream"},{"floor":11.0,"key":"Anchor"},{"floor":14.0,"key":"hexamod:Sixitude"},{"floor":21.0,"key":"hubris:DuctTape"},{"floor":23.0,"key":"trackpad:WritersBlock"},{"floor":25.0,"key":"hermit:Spyglass"},{"floor":26.0,"key":"qcfpunch:Handcuffs"},{"floor":31.0,"key":"qcfpunch:Lotus_Statue"},{"floor":36.0,"key":"qcfpunch:Duffel_Bag"},{"floor":41.0,"key":"hexamod:BolsterEngine"},{"floor":41.0,"key":"hubris:SlimyHat"},{"floor":42.0,"key":"Grinning Jar"},{"floor":44.0,"key":"Kunai"},{"floor":54,"key":"qcfpunch:Red_Headband"}],"event_choices":[{"damage_healed":0.0,"max_hp_gain":0.0,"max_hp_loss":0.0,"gold_gain":0.0,"event_name":"Living Wall","player_choice":"Grow","floor":2.0,"gold_loss":0.0,"damage_taken":0.0,"cards_upgraded":["hermit:PistolWhip"]},{"damage_healed":0.0,"max_hp_gain":0.0,"max_hp_loss":0.0,"gold_gain":175.0,"event_name":"betterThird:BetterSerpent","player_choice":"AGREE","floor":3.0,"gold_loss":0.0,"damage_taken":112.0},{"cards_removed":["hermit:RoundhouseKick"],"damage_healed":0.0,"max_hp_gain":0.0,"max_hp_loss":0.0,"gold_gain":0.0,"event_name":"betterNote:BetterNote","player_choice":"Take \u0026 Give","floor":19.0,"gold_loss":0.0,"damage_taken":0.0,"cards_obtained":["hermit:Ricochet"]},{"damage_healed":0.0,"max_hp_gain":0.0,"max_hp_loss":0.0,"gold_gain":75.0,"event_name":"FaceTrader","player_choice":"Touch","floor":30.0,"gold_loss":0.0,"damage_taken":8.0},{"damage_healed":0.0,"max_hp_gain":0.0,"max_hp_loss":0.0,"gold_gain":0.0,"event_name":"MindBloom","player_choice":"Fight","floor":36.0,"gold_loss":0.0,"damage_taken":0.0},{"cards_removed":["Swift Strike"],"damage_healed":0.0,"max_hp_gain":0.0,"max_hp_loss":0.0,"gold_gain":0.0,"event_name":"Falling","player_choice":"Removed Attack","floor":37.0,"gold_loss":0.0,"damage_taken":0.0},{"damage_healed":0.0,"max_hp_gain":0.0,"max_hp_loss":0.0,"gold_gain":3.0,"event_name":"betterStone:BetterStone","player_choice":"1","floor":47.0,"gold_loss":0.0,"damage_taken":0.0}],"is_beta":false,"boss_relics":[{"not_picked":["hubris:VirtuousBlindfold","Snecko Eye"],"picked":"Honey Jar"},{"not_picked":["ReplayTheSpireMod:DimensionalGlitch","Pandora\u0027s Box"],"picked":"hubris:ScarierMask"}],"items_purged_floors":[],"is_endless":false,"potions_floor_spawned":[1,4,14,25,28,31,35,41,42,54],"ascension_level":1}}