{"host":"eulzxnrdu6fkr5bd","time":1613853973,"event":{"mods":["AchievementEnabler","Act Like it!","BaseMod","Beaked The Cultist","Colored Map","Colored Powertips","Downfall","Highlight Path","Infinite Spire","Jorbs\u0027s Wanderer Trilogy","Minty Spire (QoL Compilation)","Quick Restart","Replay The Spire","StSLib","The Construct","The Jungle"],"gold_per_floor":[116,116,134,154,254,254,283,283,283,293,293,309,188,207,207,310,310,328,253,253,253,253,253,284,298,298,312,332,346,90,106,106,209,209,237,237,264,264,292,292,0,26,50,50,30,30,30,30,30,30,30],"floor_reached":50,"language":"ENG","playtime":1590,"items_purged":["construct:Defend_Gold","construct:Defend_Gold","construct:Strike_Gold"],"score":492,"play_id":"272e1012-4e60-42f1-b7cc-dea75b2c93a0","local_time":"20210220144613","is_ascension_mode":false,"campfire_choices":[{"data":"construct:SweepLaser","floor":6,"key":"SMITH"},{"data":"construct:SweepLaser+1","floor":8,"key":"SMITH"},{"data":"construct:ScopeCore","floor":15,"key":"SMITH"},{"data":"construct:AttackMode","floor":23,"key":"SMITH"},{"floor":32,"key":"REST"},{"data":"construct:ClockworkEgg","floor":40,"key":"SMITH"},{"floor":44,"key":"REST"},{"data":"construct:ClockworkEgg+1","floor":47,"key":"SMITH"},{"data":"construct:ClockworkEgg+2","floor":49,"key":"SMITH"}],"circlet_count":0,"master_deck":["construct:Strike_Gold","construct:Strike_Gold","construct:Strike_Gold","construct:Defend_Gold+1","construct:AttackMode+1","construct:DefenseMode","construct:SweepLaser+2","construct:Impenetrable","construct:ScopeCore+1","construct:Autoturret","construct:Reserves","construct:LaserCore","construct:FlameCore","infinitespire:Starlight","construct:SweepLaser+1","construct:LaserCore"],"relics":["construct:ClockworkPhoenix","Mirror","Replay:Bottled Flurry","Black Star","Oddly Smooth Stone","infinitespire:Broken Mirror","Torii","Blue Candle","infinitespire:EvilPickle","beaked:SacredDeck","Membership Card","ReplayTheSpireMod:TigerMarble","infinitespire:CursedDice","infinitespire:EmpoweringShard","Ancient Tea Set","Molten Egg 2","Toxic Egg 2","Frozen Egg 2"],"acts_visited":["Exordium","TheCity","TheBeyond"],"potions_floor_usage":[16,42,48,50,50],"damage_taken":[{"damage":0,"enemies":"Jaw Worm","floor":1,"turns":7},{"damage":0,"enemies":"2 Louse","floor":3,"turns":6},{"damage":6,"enemies":"Cultist","floor":4,"turns":3},{"damage":36,"enemies":"Lagavulin","floor":7,"turns":4},{"damage":8,"enemies":"3 Louse","floor":10,"turns":4},{"damage":0,"enemies":"Lots of Slimes","floor":12,"turns":1},{"damage":23,"enemies":"Exordium Thugs","floor":14,"turns":3},{"damage":13,"enemies":"Hexaghost","floor":16,"turns":7},{"damage":36,"enemies":"Shell Parasite","floor":18,"turns":6},{"damage":62,"enemies":"Nightmare","floor":24,"turns":6},{"damage":0,"enemies":"Spheric Guardian","floor":25,"turns":3},{"damage":0,"enemies":"Snecko","floor":27,"turns":3},{"damage":8,"enemies":"Snake Plant","floor":28,"turns":4},{"damage":0,"enemies":"Sentry and Sphere","floor":29,"turns":2},{"damage":0,"enemies":"Centurion and Healer","floor":31,"turns":2},{"damage":26,"enemies":"Pondfish","floor":33,"turns":7},{"damage":49,"enemies":"3 Shapes","floor":35,"turns":5},{"damage":37,"enemies":"3 Darklings","floor":37,"turns":3},{"damage":1,"enemies":"Maw","floor":39,"turns":6},{"damage":40,"enemies":"Giant Head","floor":42,"turns":6},{"damage":0,"enemies":"4 Shapes","floor":48,"turns":1},{"damage":52,"enemies":"Replay:Hell Engine","floor":50,"turns":8}],"seed_played":"9207649470516182216","potions_obtained":[{"floor":3,"key":"Elixir"},{"floor":4,"key":"Dexterity Potion"},{"floor":16,"key":"SmokeBomb"},{"floor":27,"key":"sneckomod:MuddlingPotion"},{"floor":28,"key":"EssenceOfSteel"},{"floor":33,"key":"champ:CounterPotion"},{"floor":37,"key":"Fire Potion"},{"floor":45,"key":"Milkshake"}],"is_trial":false,"path_per_floor":["M","?","M","M","?","R","E","R","T","M","?","M","$","M","R","B",null,"M","?","?","?","AVR","R","NM","M","T","M","M","M","$","M","R","B",null,"M","?","M","?","M","R","$","E","T","R","?","$","R","M","R","B"],"character_chosen":"THE_CONSTRUCT_MOD","items_purchased":["construct:Autoturret","construct:ClockworkEgg","Membership Card","ReplayTheSpireMod:TigerMarble"],"campfire_rested":2,"item_purchase_floors":[13,30,41,41],"current_hp_per_floor":[93,93,93,87,87,87,51,51,51,43,43,43,43,20,20,7,93,57,57,88,88,88,88,26,26,26,26,18,18,18,18,45,19,93,54,54,27,27,36,36,36,6,6,33,33,33,33,33,33,0,0],"gold":30,"neow_bonus":"TEN_PERCENT_HP_BONUS","is_daily":false,"chose_seed":false,"campfire_upgraded":7,"win_rate":0.0,"timestamp":1613853973,"path_taken":["M","?","M","M","?","R","E","R","T","?","?","?","$","M","R","BOSS","M","?","?","?","AVR","R","NM","M","T","M","?","M","$","M","R","BOSS","M","?","M","?","?","R","$","E","T","R","?","?","R","M","R","BOSS"],"items_purchased_type":["Card","Card","Relic","Relic"],"build_version":"2020-12-22","purchased_purges":3,"victory":false,"max_hp_per_floor":[93,93,93,93,93,93,93,93,93,93,93,93,93,93,93,93,93,93,93,93,93,93,93,93,93,93,93,93,93,93,93,93,93,93,93,93,93,93,93,93,93,93,93,93,93,93,93,93,93,93,93],"card_choices":[{"not_picked":["construct:Chainstrike","construct:ModeShift","construct:Anticipate"],"picked":"SKIP","floor":1},{"not_picked":["construct:Forcefield","construct:Accumulate"],"picked":"construct:SweepLaser","floor":3},{"not_picked":["construct:QuickAttack","construct:SyphonStrike"],"picked":"construct:Impenetrable","floor":4},{"not_picked":["construct:UnbalancingBlast","construct:Versatility","construct:SpinDrive"],"picked":"SKIP","floor":7},{"not_picked":["construct:MetalShell","construct:OmegaCannon"],"picked":"construct:ScopeCore","floor":10},{"not_picked":["construct:Versatility","construct:SaveState","construct:Backfire"],"picked":"SKIP","floor":12},{"not_picked":["construct:Backfire","construct:Zapper","construct:ClusterMines"],"picked":"SKIP","floor":14},{"not_picked":["construct:PanicFire","construct:HammerDown"],"picked":"construct:Reserves","floor":16},{"not_picked":["construct:ShiftGuard+1","construct:Backfire"],"picked":"construct:LaserCore","floor":18},{"not_picked":["construct:Autoturret","construct:SyphonStrike+1","construct:QuickAttack"],"picked":"SKIP","floor":24},{"not_picked":["construct:Analyze","construct:VentSteam","construct:HardReboot"],"picked":"SKIP","floor":25},{"not_picked":["construct:Multistage","construct:FierceBash+1","construct:CriticalHit"],"picked":"SKIP","floor":27},{"not_picked":["construct:UnbalancingBlast","construct:SuppressiveFire+1","construct:FierceBash+1"],"picked":"SKIP","floor":28},{"not_picked":["construct:Chainstrike","construct:ModeShift"],"picked":"construct:FlameCore","floor":29},{"not_picked":["construct:Disrupt","construct:Boost","construct:ScrapCannon"],"picked":"SKIP","floor":31},{"not_picked":["construct:Autoturret+1","construct:ModeShift+1"],"picked":"construct:SweepLaser+1","floor":35},{"not_picked":["construct:SaveState","construct:OneWayMirror","construct:FocusedBeam+1"],"picked":"SKIP","floor":37},{"not_picked":["construct:SuppressiveFire+1","construct:Analyze","construct:ClockworkEgg"],"picked":"SKIP","floor":39},{"not_picked":["construct:Impenetrable+1","construct:Failsafe+1"],"picked":"construct:LaserCore","floor":42}],"player_experience":486227,"relics_obtained":[{"floor":7,"key":"Mirror"},{"floor":9,"key":"Replay:Bottled Flurry"},{"floor":24,"key":"infinitespire:Broken Mirror"},{"floor":24,"key":"Torii"},{"floor":26,"key":"Blue Candle"},{"floor":42,"key":"infinitespire:CursedDice"},{"floor":42,"key":"infinitespire:EmpoweringShard"},{"floor":43,"key":"Ancient Tea Set"}],"event_choices":[{"damage_healed":0,"gold_gain":100,"player_choice":"Pray","damage_taken":0,"max_hp_gain":0,"max_hp_loss":0,"event_name":"Golden Shrine","floor":5,"gold_loss":0},{"damage_healed":0,"gold_gain":0,"player_choice":"Ignored","damage_taken":0,"max_hp_gain":0,"max_hp_loss":0,"event_name":"NoteForYourself","floor":11,"gold_loss":0},{"cards_removed":["construct:Defend_Gold"],"damage_healed":0,"gold_gain":0,"player_choice":"Gave Gold","damage_taken":0,"max_hp_gain":0,"max_hp_loss":0,"event_name":"Beggar","floor":19,"gold_loss":75},{"damage_healed":31,"gold_gain":0,"player_choice":"Heal","damage_taken":0,"max_hp_gain":0,"max_hp_loss":0,"event_name":"The Library","floor":20,"gold_loss":0},{"cards_removed":["construct:Defend_Gold"],"damage_healed":0,"gold_gain":0,"player_choice":"Purged","damage_taken":0,"max_hp_gain":0,"max_hp_loss":0,"event_name":"Purifier","floor":21,"gold_loss":0},{"damage_healed":0,"gold_gain":0,"player_choice":"Ignored","damage_taken":0,"max_hp_gain":0,"max_hp_loss":0,"event_name":"Tomb of Lord Red Mask","floor":36,"gold_loss":0},{"cards_removed":["construct:Strike_Gold"],"damage_healed":0,"gold_gain":0,"player_choice":"Purged","damage_taken":0,"max_hp_gain":0,"max_hp_loss":0,"event_name":"Purifier","floor":38,"gold_loss":0},{"damage_healed":0,"gold_gain":0,"player_choice":"Bought 1 Potion","damage_taken":0,"max_hp_gain":0,"max_hp_loss":0,"event_name":"The Woman in Blue","floor":45,"gold_loss":0}],"is_beta":false,"boss_relics":[{"not_picked":["Replay:Grab Bag","Pandora\u0027s Box"],"picked":"Black Star"},{"not_picked":["construct:WeddingRing","Runic Pyramid"],"picked":"beaked:SacredDeck"}],"items_purged_floors":[13,30,41],"is_endless":true,"potions_floor_spawned":[3,4,16,27,28,29,31,33,35,37],"killed_by":"Replay:Hell Engine","ascension_level":0}}