{"host":"xm0tf1maiknh0fp9","time":1613832158,"event":{"mods":["BaseMod","Colored Map","Colored Powertips","Googly Eyes","Minty Spire (QoL Compilation)","Replay The Spire","StSLib"],"gold_per_floor":[115,62,82,98,116,116,127,157,181,181,181,181,215,230,230,330,330,340,340,340,340,340],"floor_reached":21,"language":"ENG","playtime":827,"items_purged":[],"score":265,"play_id":"044e11aa-a8c0-41b8-bc7e-e3adcf864a07","local_time":"20210220094238","is_ascension_mode":true,"campfire_choices":[{"data":"CutThroughFate","floor":6,"key":"SMITH"},{"floor":11,"key":"REST"},{"floor":15,"key":"REST"}],"circlet_count":0,"master_deck":["Strike_P","Defend_P","Defend_P","Defend_P","Defend_P","Eruption+1","Vigilance","FlurryOfBlows","JustLucky","CutThroughFate+1","CarveReality","Devotion","Shame","Overencumbered","Normality","EmptyMind","Study"],"relics":["PureWater","Bag of Preparation","Regal Pillow","Damaru","Replay:Ancient Bell","Gremlin Food","Mummified Hand","TungstenRod"],"acts_visited":["Exordium","TheCity"],"potions_floor_usage":[16,21],"damage_taken":[{"damage":7,"enemies":"Small Slimes","floor":1,"turns":4},{"damage":0,"enemies":"2 Louse","floor":3,"turns":2},{"damage":0,"enemies":"Jaw Worm","floor":4,"turns":2},{"damage":13,"enemies":"Large Slime","floor":5,"turns":5},{"damage":0,"enemies":"Red Slaver","floor":7,"turns":3},{"damage":35,"enemies":"Lagavulin","floor":8,"turns":4},{"damage":26,"enemies":"Replay:BlueRogue","floor":13,"turns":5},{"damage":0,"enemies":"Looter","floor":14,"turns":1},{"damage":33,"enemies":"Slime Boss","floor":16,"turns":7},{"damage":50,"enemies":"2 Thieves","floor":18,"turns":4},{"damage":11,"enemies":"Shell Parasite","floor":21,"turns":5}],"seed_played":"-84941237244320152","potions_obtained":[{"floor":3,"key":"LiquidBronze"},{"floor":7,"key":"Elixir"},{"floor":8,"key":"Weak Potion"},{"floor":14,"key":"SkillPotion"}],"is_trial":false,"path_per_floor":["M","$","M","M","M","R","M","E","T","?","R","?","E","M","R","B",null,"M","?","?","M"],"character_chosen":"WATCHER","items_purchased":["FlurryOfBlows"],"campfire_rested":2,"item_purchase_floors":[2],"current_hp_per_floor":[58,58,58,58,45,45,45,10,10,3,39,39,13,13,49,16,58,8,8,8,0,0],"gold":340,"neow_bonus":"UPGRADE_CARD","is_daily":false,"chose_seed":false,"campfire_upgraded":1,"win_rate":0.0,"timestamp":1613832158,"path_taken":["M","$","M","M","M","R","M","E","T","?","R","?","E","M","R","BOSS","M","?","?","M"],"items_purchased_type":["Card"],"build_version":"2020-12-22","purchased_purges":0,"victory":false,"max_hp_per_floor":[72,72,72,72,72,72,72,72,72,72,72,72,72,72,72,72,72,72,72,72,72,72],"card_choices":[{"not_picked":["BowlingBash","Replay:ManipulateFuture","LikeWater"],"picked":"SKIP","floor":1},{"not_picked":["BowlingBash","ClearTheMind"],"picked":"JustLucky","floor":3},{"not_picked":["PathToVictory","LikeWater"],"picked":"CutThroughFate","floor":4},{"not_picked":["FollowUp","Replay:BluntJabs","FlyingSleeves"],"picked":"SKIP","floor":5},{"not_picked":["ClearTheMind","Replay:ManipulateFuture","CarveReality"],"picked":"SKIP","floor":7},{"not_picked":["ClearTheMind","Replay:ManipulateFuture"],"picked":"CarveReality","floor":7},{"not_picked":["Wish","Crescendo","Nirvana"],"picked":"SKIP","floor":8},{"not_picked":["Fasting2","FollowUp","Indignation"],"picked":"SKIP","floor":13},{"not_picked":["Prostrate","Crescendo","InnerPeace"],"picked":"SKIP","floor":14},{"not_picked":["Wish","Blasphemy"],"picked":"Devotion","floor":16},{"not_picked":["Hallucinations","ReplayTheSpireMod:Faulty Equipment"],"picked":"Shame","floor":17},{"not_picked":["Regret","Hallucinations"],"picked":"Overencumbered","floor":17},{"not_picked":["ReplayTheSpireMod:Doomed","Pain"],"picked":"Normality","floor":17},{"not_picked":["LikeWater","Replay:DivineShield","SignatureMove"],"picked":"SKIP","floor":18}],"player_experience":183505,"relics_obtained":[{"floor":8,"key":"Bag of Preparation"},{"floor":9,"key":"Regal Pillow"},{"floor":13,"key":"Damaru"}],"event_choices":[{"cards_removed":["Strike_P"],"damage_healed":0,"gold_gain":0,"player_choice":"Card Removal","damage_taken":7,"max_hp_gain":0,"max_hp_loss":0,"event_name":"Golden Wing","floor":10,"gold_loss":0},{"damage_healed":0,"gold_gain":0,"player_choice":"Fled","damage_taken":0,"max_hp_gain":0,"max_hp_loss":0,"event_name":"Scrap Ooze","floor":12,"gold_loss":0},{"damage_healed":0,"gold_gain":0,"cards_transformed":["Strike_P","Strike_P"],"player_choice":"Became Test Subject","damage_taken":0,"max_hp_gain":0,"max_hp_loss":0,"event_name":"Drug Dealer","floor":20,"gold_loss":0,"cards_obtained":["EmptyMind","Study"]}],"is_beta":false,"boss_relics":[{"not_picked":["ReplayTheSpireMod:DimensionalGlitch","Philosopher\u0027s Stone"],"picked":"Replay:Ancient Bell"},{"not_picked":["Anchor","Grinning Jar"],"picked":"Gremlin Food"},{"not_picked":["InkBottle","Quantum Egg"],"picked":"Mummified Hand"},{"not_picked":["Counterbalance","Replay:Purple Gloves"],"picked":"TungstenRod"}],"items_purged_floors":[],"is_endless":false,"potions_floor_spawned":[3,7,8,14],"killed_by":"Shell Parasite","ascension_level":8}}