{"host":"zksvs3x2ysy9npnz","time":1613846202,"event":{"mods":["Aspiration","BaseMod","Beaked The Cultist","BetterRewards","Clockwork Mod","Colored Map","Conspire","Downfall","Halation","Highlight Path","Hubris","Infinite Spire","Jedi Mod","Magitek Elite","Minty Spire (QoL Compilation)","Permanent Neow","Quick Restart","Relic Stats","Shop Mod","StSLib","The Runesmith","The Witch"],"gold_per_floor":[118,23,43,55,55,55,90,109,135,148,148,167,167,181,181,257,257,272,197,197,215,115,115,115,115],"floor_reached":24,"language":"FRA","playtime":1581,"items_purged":["Strike_Witch+1"],"score":337,"play_id":"98fa5998-4aa6-40f6-ab94-e89c29b59c77","local_time":"20210220193642","is_ascension_mode":true,"campfire_choices":[{"data":"Bewitch","floor":6,"key":"SMITH"},{"data":"SummonRavenFamiliar","floor":11,"key":"SMITH"},{"data":"Intelligence","floor":13,"key":"SMITH"},{"data":"MercuryWand","floor":15,"key":"SMITH"},{"floor":23,"key":"REST"}],"circlet_count":0,"master_deck":["AscendersBane","Strike_Witch+1","Strike_Witch+1","Defend_Witch+1","Defend_Witch+1","Defend_Witch+1","Hexguard","ZombieSpit","Bewitch+1","Bandage Up","BleedOut","MagicFang","SummonRavenFamiliar+1","MercuryWand+1","Intelligence+1","KarmaDrain","Schadenfreude","DarkProcession","SaltCircle"],"relics":["BlackCat","Boot","Nunchaku","halation:Risk"],"acts_visited":["Exordium","TheCity"],"potions_floor_usage":[7,7,7,7],"damage_taken":[{"damage":0,"enemies":"2 Louse","floor":1,"turns":3},{"damage":0,"enemies":"Cultist","floor":3,"turns":4},{"damage":16,"enemies":"infinitespire:Voidling","floor":4,"turns":5},{"damage":6,"enemies":"Lagavulin","floor":7,"turns":3},{"damage":2,"enemies":"Exordium Wildlife","floor":8,"turns":3},{"damage":0,"enemies":"3 Louse","floor":10,"turns":4},{"damage":9,"enemies":"conspire:2 RoseBushes","floor":12,"turns":6},{"damage":13,"enemies":"Large Slime","floor":14,"turns":6},{"damage":7,"enemies":"Slime Boss","floor":16,"turns":11},{"damage":8,"enemies":"Chosen","floor":18,"turns":8},{"damage":19,"enemies":"2 Thieves","floor":19,"turns":5},{"damage":16,"enemies":"Snake Plant","floor":21,"turns":7},{"damage":61,"enemies":"Gremlin Leader","floor":24,"turns":8}],"seed_played":"1332837314920294031","potions_obtained":[{"floor":1,"key":"SteroidPotion"},{"floor":3,"key":"EntropicBrew"},{"floor":12,"key":"Ancient Potion"},{"floor":21,"key":"Dexterity Potion"}],"is_trial":false,"path_per_floor":["M","$","M","M","?","R","E","M","T","M","R","M","R","M","R","B",null,"M","M","?","M","$","R","E"],"character_chosen":"WITCH","items_purchased":["Bandage Up","SaltCircle"],"campfire_rested":1,"item_purchase_floors":[2,22],"current_hp_per_floor":[42,42,46,43,43,43,41,43,43,47,47,42,42,33,33,30,55,51,40,40,28,28,46,0,0],"gold":115,"neow_bonus":"REMOVE_TWO","is_daily":false,"chose_seed":false,"campfire_upgraded":4,"win_rate":0.0,"timestamp":1613846202,"path_taken":["M","$","M","M","?","R","E","M","T","M","R","?","R","?","R","BOSS","M","M","?","M","?","R","E"],"items_purchased_type":["Card","Card"],"build_version":"2020-12-22","purchased_purges":1,"victory":false,"max_hp_per_floor":[63,63,63,63,63,63,63,63,63,63,63,63,63,63,63,63,63,63,63,63,63,63,63,63,63],"relic_stats":{"Nunchaku":[9],"counters":[13,73],"Boot":[28],"obtain_stats":[{"Nunchaku":9,"Boot":7,"BlackCat":0,"halation:Risk":17},{"Nunchaku":5,"Boot":4,"BlackCat":0,"halation:Risk":9},{"Nunchaku":18,"Boot":15,"BlackCat":0,"halation:Risk":45}]},"card_choices":[{"not_picked":["MementoMori","Broomstick"],"picked":"Bewitch","floor":1},{"not_picked":["Schadenfreude","Pillage"],"picked":"BleedOut","floor":3},{"not_picked":["CorruptBlood","KarmaDrain"],"picked":"MagicFang","floor":4},{"not_picked":["BoneCarving","Atonement"],"picked":"SummonRavenFamiliar","floor":7},{"not_picked":["Atonement","KarmaDrain"],"picked":"MercuryWand","floor":8},{"not_picked":["Harmlessness","WretchedNails"],"picked":"Intelligence","floor":10},{"not_picked":["MercuryWand","MagicFang"],"picked":"KarmaDrain","floor":12},{"not_picked":["SaltCircle","RoilingBarrier"],"picked":"Schadenfreude","floor":14},{"not_picked":["VileEgg","UnnaturalEnergy"],"picked":"DarkProcession","floor":16},{"not_picked":["Decrepify","GnarledBody","Bewitch"],"picked":"SKIP","floor":18},{"not_picked":["RoilingBarrier","GnarledBody+1","SoulBarrier"],"picked":"SKIP","floor":19},{"not_picked":["SkullFlask+1","WretchedNails","Decrepify"],"picked":"SKIP","floor":21}],"player_experience":1907736,"relics_obtained":[{"floor":7,"key":"Boot"},{"floor":9,"key":"Nunchaku"}],"event_choices":[{"damage_healed":0,"gold_gain":0,"player_choice":"Bought 0 Potions","damage_taken":0,"max_hp_gain":0,"max_hp_loss":0,"event_name":"The Woman in Blue","floor":5,"gold_loss":0},{"damage_healed":0,"gold_gain":0,"player_choice":"Simplicity","damage_taken":0,"max_hp_gain":0,"max_hp_loss":0,"event_name":"Back to Basics","floor":20,"gold_loss":0,"cards_upgraded":["Strike_Witch","Strike_Witch","Strike_Witch","Defend_Witch","Defend_Witch","Defend_Witch"]}],"is_beta":false,"boss_relics":[{"not_picked":["halation:PinkAlligatorPlush","aspiration:PoetsPen_weak"],"picked":"halation:Risk"}],"items_purged_floors":[22],"is_endless":false,"potions_floor_spawned":[1,3,12,21],"killed_by":"Gremlin Leader","ascension_level":14}}