{"host":"d54lcqy5t45er8jx","time":1613829942,"event":{"mods":["2.2 Compatiblity","BaseMod","CapriCore","Colored Powertips","Defuse TimeMaze Blight","Friendly Minions","Hermit","Hubris","Infinite Spire","KinomotoSakuraMod(ÙÊñýÜâ?)","Marisa£¨Ùöéë¡¡Øª×âÞÞ£©","Minty Spire (QoL Compilation)","Quick Restart","Railgun Mod","Rare Cards Sparkle","Relic Stats","Remilia£¨?Ú·×é?£©","StSLib","The Alterego","The Animator","The Cursed","The Immortal","The Servant 0.9.4","WarShipGirlsR/??á´Ò³R mod","Yakumo Yukari mod","Yohane!","Yuri Mod"],"gold_per_floor":[112,112,102,102,120,120,158,158,158,201,126,162,178,178,178,298,298,312,312,237,248,124,156,167,442,442,471,490,502,522,532,532,634,684,704,714,0,0,17,44,56,87,111,151,170,170,190,234,234,348,348,363,410,410,419,419,441,441,472,496,496,530,560,575,242,242,337,337,346,361,375,384,384,384,415,424,424,469,469,474,474,483,483,562,562,552,532,534,534,520,520,527,527,527,82,82,85,85,79,79,151,151,111,111,198,202,218,255,253,253],"floor_reached":109,"language":"ENG","playtime":6142,"items_purged":["Strike_RM","Defend_RM","Defend_RM","RedMoon+1","Regret","Stigmanizer","Strike_RM","Strike_RM+1","Strike_RM+1","ScarletDream"],"score":2919,"play_id":"ec11459b-1ebe-496c-a8bd-b0d8be339a38","local_time":"20210220230542","is_ascension_mode":true,"campfire_choices":[{"data":"BatForm","floor":6,"key":"SMITH"},{"data":"ScarletCoffin","floor":8,"key":"SMITH"},{"data":"FitfulNightmare","floor":15,"key":"SMITH"},{"data":"ScarletMeister","floor":32,"key":"SMITH"},{"data":"CeilingFear","floor":49,"key":"SMITH"},{"data":"EquivalentExchange","floor":58,"key":"SMITH"},{"data":"EternalNight","floor":61,"key":"SMITH"},{"data":"ScarletShoot","floor":66,"key":"PURGE"},{"data":"hubris:Greed","floor":74,"key":"PURGE"},{"data":"EternalNight","floor":83,"key":"SMITH"},{"data":"UltimateOffering","floor":91,"key":"SMITH"},{"data":"ScarletGensokyo","floor":93,"key":"SMITH"},{"data":"EternalNight","floor":98,"key":"SMITH"},{"data":"BloodyMagicSquare","floor":100,"key":"SMITH"}],"circlet_count":0,"master_deck":["NightDance+1","CharismaGuard+1","BatForm+1","VampirishNight+1","ScarletCoffin+1","FitfulNightmare+1","BatForm","ScarletMeister+1","SuperhumanBloodyKnife+1","DiffusionOfMisfortune+1","BloodyHallows+1","EternalNight+1","Ultimatum+1","VampireClaw+1","MastersStateliness","EternalNight+1","Maim+1","CeilingFear+1","Ultimatum+1","RedRainbow+1","NightDance","VampireKiss+1","BloodyMagicSquare+1","NightDance+1","ReincarnationDial+1","EquivalentExchange+1","HunterOfTheNight+1","UltimateOffering+1","ScarletDream","EmergencyRegeneration+1","BloodySeventeenLaser","EquivalentExchange","hubris:InfiniteBlow+2","BloodyCatastrophe+1","RedRainbow","EternalNight+1","BloodRain+1","ScarletGensokyo+1","BloodyHallows","ScarletSymphony","infinitespire:UltimateForm+1","SuperhumanBloodyKnife+1","Gluttony_TH","Ghostly","Ghostly","Ghostly","Ghostly+1","Ghostly","NightDance+1","ScarletSymphony","TricksterDevil+1","infinitespire:FutureSight","TransientEternity+1","VampireKiss","ScarletGensokyo"],"relics":["ScarletHat","Lizard Tail","Bloody Idol","Bronze Scales","Orichalcum","HornCleat","Pocketwatch","Regal Pillow","Sozu","hubris:ToyBattleship","War Paint","Strawberry","Pen Nib","MealTicket","Tiny House","Red Mask","CaptainsWheel","infinitespire:Cupcake","infinitespire:ShieldingShard","Whetstone","PreservedInsect","CeramicFish","hubris:Towel","Dead Branch","APieceOfRedMist","Frozen Egg 2","Sling","ScarletEmblem","hubris:PeanutButter","FossilizedHelix","AntiCross","Juzu Bracelet","Peace Pipe","Medical Kit","FairyMaid","hubris:VirtuousBlindfold","CultistMask","infinitespire:Satchel","StrikeDummy","OrangePellets","hubris:Metronome","hubris:EvacipatedBox","MutagenicStrength","hubris:TerracottaHorce","hubris:BundleOfHerbs","Gambling Chip","infinitespire:Golems Mask","Happy Flower","Chemical X","Boot","infinitespire:Lucky Rock","Vajra","Coffee Dripper","MawBank","Meat on the Bone"],"acts_visited":["Exordium","TheCity","TheBeyond","Exordium","TheCity","TheBeyond","Exordium"],"potions_floor_usage":[16,16,23,50],"damage_taken":[{"damage":0,"enemies":"Jaw Worm","floor":1,"turns":4},{"damage":0,"enemies":"2 Louse","floor":5,"turns":1},{"damage":0,"enemies":"Lagavulin","floor":7,"turns":9},{"damage":0,"enemies":"3 Sentries","floor":10,"turns":7},{"damage":4,"enemies":"Lagavulin","floor":12,"turns":6},{"damage":0,"enemies":"Small Slimes","floor":13,"turns":4},{"damage":13,"enemies":"Hexaghost","floor":16,"turns":10},{"damage":0,"enemies":"Spheric Guardian","floor":18,"turns":4},{"damage":0,"enemies":"Chosen","floor":21,"turns":6},{"damage":0,"enemies":"Gremlin Leader","floor":23,"turns":7},{"damage":29,"enemies":"Snake Plant","floor":24,"turns":4},{"damage":23,"enemies":"Book of Stabbing","floor":27,"turns":6},{"damage":13,"enemies":"Centurion and Healer","floor":28,"turns":4},{"damage":3,"enemies":"Snecko","floor":29,"turns":3},{"damage":13,"enemies":"Shelled Parasite and Fungi","floor":30,"turns":4},{"damage":49,"enemies":"Cultist and Chosen","floor":31,"turns":4},{"damage":24,"enemies":"Collector","floor":33,"turns":5},{"damage":3,"enemies":"Orb Walker","floor":35,"turns":3},{"damage":14,"enemies":"3 Shapes","floor":36,"turns":4},{"damage":5,"enemies":"Jaw Worm Horde","floor":39,"turns":3},{"damage":54,"enemies":"Giant Head","floor":40,"turns":3},{"damage":5,"enemies":"4 Shapes","floor":41,"turns":3},{"damage":58,"enemies":"Nemesis","floor":42,"turns":5},{"damage":18,"enemies":"Nightmare","floor":44,"turns":3},{"damage":60,"enemies":"Transient","floor":45,"turns":5},{"damage":22,"enemies":"Writhing Mass","floor":47,"turns":3},{"damage":71,"enemies":"Reptomancer","floor":48,"turns":4},{"damage":43,"enemies":"Time Eater","floor":50,"turns":4},{"damage":0,"enemies":"2 Louse","floor":52,"turns":1},{"damage":0,"enemies":"Lagavulin Event","floor":53,"turns":5},{"damage":0,"enemies":"Gremlin Nob","floor":57,"turns":3},{"damage":5,"enemies":"Lagavulin","floor":59,"turns":5},{"damage":0,"enemies":"Gremlin Nob","floor":62,"turns":2},{"damage":0,"enemies":"Small Slimes","floor":63,"turns":2},{"damage":0,"enemies":"Cultist","floor":64,"turns":1},{"damage":63,"enemies":"Hexaghost","floor":67,"turns":2},{"damage":55,"enemies":"Shell Parasite","floor":69,"turns":2},{"damage":0,"enemies":"Spheric Guardian","floor":70,"turns":1},{"damage":0,"enemies":"Chosen and Byrds","floor":71,"turns":3},{"damage":0,"enemies":"Book of Stabbing","floor":75,"turns":3},{"damage":0,"enemies":"Shelled Parasite and Fungi","floor":80,"turns":2},{"damage":46,"enemies":"Collector","floor":84,"turns":4},{"damage":4,"enemies":"3 Darklings","floor":86,"turns":2},{"damage":0,"enemies":"3 Shapes","floor":87,"turns":3},{"damage":57,"enemies":"infinitespire:Three Voidlings","floor":88,"turns":4},{"damage":83,"enemies":"Nightmare_Alpha","floor":88,"turns":5},{"damage":43,"enemies":"Maw","floor":90,"turns":3},{"damage":13,"enemies":"4 Shapes","floor":92,"turns":3},{"damage":11,"enemies":"Nightmare","floor":97,"turns":4},{"damage":43,"enemies":"Nemesis","floor":99,"turns":3},{"damage":46,"enemies":"Time Eater","floor":101,"turns":3},{"damage":14,"enemies":"2 Louse","floor":103,"turns":5},{"damage":48,"enemies":"Jaw Worm","floor":106,"turns":5},{"damage":62,"enemies":"Cultist","floor":107,"turns":2},{"damage":30,"enemies":"3 Sentries","floor":108,"turns":1},{"damage":11,"enemies":"2 Fungi Beasts","floor":109,"turns":1}],"seed_played":"-7855590810049044770","potions_obtained":[{"floor":10,"key":"Energy Potion"},{"floor":10,"key":"Ancient Potion"},{"floor":13,"key":"Weak Potion"},{"floor":13,"key":"AttackPotion"},{"floor":16,"key":"AttackPotion"}],"is_trial":false,"path_per_floor":["M","?","?","?","M","R","E","R","T","E","$","E","M","?","R","B",null,"M","?","?","M","$","E","M","?","T","E","M","M","M","M","R","B",null,"M","M","?","AVR","M","E","M","E","T","NM","M","?","M","E","R","B",null,"M","?","?","AVR","T","E","R","E","T","R","E","M","M","$","R","B",null,"M","M","M","?","?","R","E","?","T","?","$","M","?","?","R","B",null,"M","M","?","AVR","M","R","M","R","T","$","?","NM","R","E","R","B",null,"M","AVR","?","M","M","E","M"],"character_chosen":"REMILIA","items_purchased":["Stigmanizer","Medical Kit","ScarletGensokyo","OrangePellets","hubris:Metronome","hubris:EvacipatedBox","Chemical X","Boot"],"campfire_rested":0,"item_purchase_floors":[22,65,65,79,79,79,95,95],"current_hp_per_floor":[54,54,54,36,36,36,41,41,41,48,48,52,54,54,54,48,75,75,75,75,75,75,75,53,58,65,78,82,82,82,50,50,59,87,87,85,85,85,91,64,73,37,42,57,50,50,51,54,54,55,103,103,106,99,104,104,109,109,109,109,109,109,109,109,109,109,79,109,59,64,90,67,67,67,83,103,103,62,4,32,32,37,37,53,63,68,70,77,77,61,61,70,70,70,81,81,81,81,85,85,85,85,91,91,85,95,54,37,99,99],"gold":253,"neow_bonus":"ONE_RARE_RELIC","is_daily":false,"chose_seed":false,"campfire_upgraded":12,"win_rate":0.0,"timestamp":1613829942,"path_taken":["M","?","?","?","?","R","E","R","T","E","?","E","M","?","R","BOSS","M","?","?","M","?","E","?","?","T","E","M","M","M","M","R","BOSS","M","?","?","AVR","M","E","M","E","T","NM","M","?","M","E","R","BOSS","M","?","?","AVR","?","E","R","E","T","R","E","M","M","?","R","BOSS","M","M","M","?","?","R","E","?","T","?","?","M","?","?","R","BOSS","M","M","?","AVR","M","R","M","R","T","$","?","NM","R","E","R","BOSS","M","AVR","?","M","M","E","M"],"items_purchased_type":["Card","Relic","Card","Relic","Relic","Relic","Relic","Relic"],"build_version":"2020-12-22","purchased_purges":10,"victory":false,"max_hp_per_floor":[75,75,75,75,75,75,75,75,75,75,75,75,75,75,75,75,75,75,75,75,75,75,75,75,75,82,82,82,82,82,82,82,82,87,87,87,87,87,91,91,91,95,95,99,99,99,99,103,103,103,103,103,106,106,106,106,109,109,109,109,109,109,109,109,109,109,109,109,109,109,109,109,109,109,109,124,124,62,62,66,66,66,66,66,66,70,70,77,77,81,81,81,81,81,81,81,81,81,85,85,85,85,91,91,91,95,95,95,99,99],"relic_stats":{"Regal Pillow":0,"CeramicFish":279,"Juzu Bracelet":3,"Whetstone":["Ultimatum","NightDance"],"Boot":[52],"Sozu":30,"Lizard Tail":0,"Gambling Chip":[26],"MealTicket":11,"Chemical X":[2],"Happy Flower":[8],"counters":[56,208],"Dead Branch":[530],"Pen Nib":[33],"PreservedInsect":755,"Orichalcum":[282],"War Paint":["Defend_RM","RedMoon"],"Medical Kit":[14],"MawBank":60,"Peace Pipe":2,"OrangePellets":[35],"Bloody Idol":254,"Bronze Scales":[588],"obtain_stats":[{"Tiny House":34,"CeramicFish":44,"hubris:VirtuousBlindfold":68,"Vajra":99,"Whetstone":42,"Sling":55,"Boot":95,"hubris:TerracottaHorce":85,"Sozu":17,"Lizard Tail":0,"HornCleat":10,"infinitespire:ShieldingShard":40,"Strawberry":26,"MealTicket":29,"infinitespire:Golems Mask":89,"Happy Flower":94,"Dead Branch":48,"Pen Nib":27,"War Paint":24,"OrangePellets":79,"Bronze Scales":7,"MutagenicStrength":81,"hubris:PeanutButter":56,"CultistMask":73,"hubris:ToyBattleship":23,"StrikeDummy":77,"Pocketwatch":12,"infinitespire:Cupcake":38,"Meat on the Bone":108,"Regal Pillow":14,"hubris:Metronome":79,"FairyMaid":67,"Juzu Bracelet":60,"ScarletHat":0,"hubris:EvacipatedBox":79,"Gambling Chip":88,"AntiCross":59,"Red Mask":37,"Chemical X":95,"Golden Idol":4,"PreservedInsect":43,"ScarletEmblem":55,"infinitespire:Lucky Rock":97,"Orichalcum":9,"hubris:Towel":46,"Frozen Egg 2":53,"Medical Kit":65,"MawBank":104,"Peace Pipe":62,"CaptainsWheel":38,"APieceOfRedMist":51,"Bloody Idol":19,"infinitespire:Satchel":75,"hubris:BundleOfHerbs":87,"Coffee Dripper":102,"FossilizedHelix":57},{"Tiny House":17,"CeramicFish":24,"hubris:VirtuousBlindfold":36,"Vajra":50,"Whetstone":23,"Sling":30,"Boot":48,"hubris:TerracottaHorce":42,"Sozu":7,"Lizard Tail":0,"HornCleat":4,"infinitespire:ShieldingShard":21,"Strawberry":11,"MealTicket":14,"infinitespire:Golems Mask":46,"Happy Flower":48,"Dead Branch":27,"Pen Nib":12,"War Paint":11,"OrangePellets":40,"Bronze Scales":3,"MutagenicStrength":41,"hubris:PeanutButter":30,"CultistMask":39,"hubris:ToyBattleship":10,"StrikeDummy":40,"Pocketwatch":5,"infinitespire:Cupcake":19,"Meat on the Bone":55,"Regal Pillow":6,"hubris:Metronome":40,"FairyMaid":36,"Juzu Bracelet":32,"ScarletHat":0,"hubris:EvacipatedBox":40,"Gambling Chip":46,"AntiCross":32,"Red Mask":19,"Chemical X":48,"Golden Idol":1,"PreservedInsect":23,"ScarletEmblem":30,"infinitespire:Lucky Rock":49,"Orichalcum":3,"hubris:Towel":25,"Frozen Egg 2":29,"Medical Kit":35,"MawBank":52,"Peace Pipe":33,"CaptainsWheel":19,"APieceOfRedMist":28,"Bloody Idol":8,"infinitespire:Satchel":40,"hubris:BundleOfHerbs":44,"Coffee Dripper":51,"FossilizedHelix":31},{"Tiny House":88,"CeramicFish":112,"hubris:VirtuousBlindfold":149,"Vajra":191,"Whetstone":109,"Sling":134,"Boot":184,"hubris:TerracottaHorce":164,"Sozu":41,"Lizard Tail":0,"HornCleat":21,"infinitespire:ShieldingShard":101,"Strawberry":62,"MealTicket":75,"infinitespire:Golems Mask":178,"Happy Flower":184,"Dead Branch":124,"Pen Nib":68,"War Paint":62,"OrangePellets":158,"Bronze Scales":14,"MutagenicStrength":160,"hubris:PeanutButter":134,"CultistMask":155,"hubris:ToyBattleship":58,"StrikeDummy":158,"Pocketwatch":27,"infinitespire:Cupcake":95,"Meat on the Bone":207,"Regal Pillow":31,"hubris:Metronome":158,"FairyMaid":149,"Juzu Bracelet":142,"ScarletHat":0,"hubris:EvacipatedBox":158,"Gambling Chip":178,"AntiCross":142,"Red Mask":95,"Chemical X":184,"Golden Idol":4,"PreservedInsect":109,"ScarletEmblem":134,"infinitespire:Lucky Rock":188,"Orichalcum":14,"hubris:Towel":117,"Frozen Egg 2":129,"Medical Kit":147,"MawBank":199,"Peace Pipe":144,"CaptainsWheel":95,"APieceOfRedMist":128,"Bloody Idol":45,"infinitespire:Satchel":158,"hubris:BundleOfHerbs":169,"Coffee Dripper":194,"FossilizedHelix":137}],"Pocketwatch":[107],"Meat on the Bone":0},"card_choices":[{"not_picked":["EndlessAdversity","BloodHunter"],"picked":"NightDance","floor":1},{"not_picked":[],"picked":"CharismaGuard","floor":3},{"not_picked":[],"picked":"BatForm","floor":3},{"not_picked":["RedMagic","DiffusionOfMisfortune"],"picked":"VampirishNight","floor":5},{"not_picked":["UnstableMagic","MastersStateliness"],"picked":"ScarletCoffin","floor":7},{"not_picked":["StarOfDavid","ChainGang"],"picked":"FitfulNightmare","floor":10},{"not_picked":["ScarletDevil","Maim"],"picked":"BatForm","floor":12},{"not_picked":["ChainGang","BloodyMagicSquare","RedRainbow"],"picked":"SKIP","floor":13},{"not_picked":["BloodRain","CeilingFear"],"picked":"ScarletMeister","floor":16},{"not_picked":["UnderTheZenith","ForbiddenFruit+1"],"picked":"SuperhumanBloodyKnife+1","floor":18},{"not_picked":["UnderTheZenith","StarOfDavid"],"picked":"DiffusionOfMisfortune+1","floor":21},{"not_picked":["BlasphemousPunishment","VampireClaw"],"picked":"BloodyHallows","floor":23},{"not_picked":["ScarletDevil","MastersStateliness"],"picked":"EternalNight","floor":24},{"not_picked":["RedMagic","NightDance"],"picked":"Ultimatum","floor":27},{"not_picked":["ScarletImprint+1","BloodHunter"],"picked":"VampireClaw+1","floor":28},{"not_picked":["VampireKiss","TwelveNightmare","RedNightlessCastle"],"picked":"SKIP","floor":29},{"not_picked":["FavorOfDestiny","UnstableMagic"],"picked":"MastersStateliness","floor":30},{"not_picked":["BlasphemousPunishment","ScarletImprint"],"picked":"EternalNight","floor":30},{"not_picked":["BombardNight+1","ScarletDevil"],"picked":"Maim+1","floor":31},{"not_picked":["TricksterDevil","HeartBreak"],"picked":"CeilingFear","floor":33},{"not_picked":["AfternoonTea","BloodHunter"],"picked":"Ultimatum","floor":34},{"not_picked":["BloodHunter+1","VampireClaw+1"],"picked":"RedRainbow+1","floor":35},{"not_picked":["RedNightlessCastle+1","EndlessAdversity+1","MillenniumVampire+1"],"picked":"SKIP","floor":35},{"not_picked":["DiffusionOfMisfortune+1","Maim+1"],"picked":"NightDance","floor":36},{"not_picked":["LeisurelyOfLord","ScarletDevilSign+1"],"picked":"VampireKiss+1","floor":36},{"not_picked":["BloodHunter+1","ScarletDevilSign"],"picked":"BloodyMagicSquare","floor":39},{"not_picked":["GlobalNightmare+1","DiffusionOfMisfortune","EndlessAdversity+1"],"picked":"SKIP","floor":39},{"not_picked":["BloodHunter+1","RedRainbow+1"],"picked":"NightDance+1","floor":40},{"not_picked":["ScarletDevil+1","ScarletImprint+1"],"picked":"ReincarnationDial+1","floor":41},{"not_picked":["MiserableFate","RedMagic"],"picked":"EquivalentExchange","floor":41},{"not_picked":["MastersStateliness","BloodyMagicSquare+1"],"picked":"HunterOfTheNight+1","floor":42},{"not_picked":["Stigmanizer","CharismaGuard"],"picked":"UltimateOffering","floor":44},{"not_picked":["ScarletImprint+1","BloodyTrap"],"picked":"ScarletDream","floor":45},{"not_picked":["ScarletDevilSign","ScarletDevil"],"picked":"EmergencyRegeneration","floor":47},{"not_picked":["SuperhumanBloodyKnife","ScarletDevilSign+1"],"picked":"BloodySeventeenLaser","floor":48},{"not_picked":["CurseOfVladTepes","HellCatastrophe"],"picked":"EquivalentExchange","floor":50},{"not_picked":["UnderTheZenith","BloodHunter","ScarletDream"],"picked":"SKIP","floor":52},{"not_picked":["UnstableMagic","HellCatastrophe"],"picked":"BombardNight","floor":53},{"not_picked":["RedMagic","RedRainbow","SuperhumanBloodyKnife"],"picked":"SKIP","floor":57},{"not_picked":["StarOfDavid","RedRainbow"],"picked":"BloodyCatastrophe","floor":59},{"not_picked":["ScarletImprint","RedMagic"],"picked":"RedRainbow","floor":59},{"not_picked":["Maim","GlobalNightmare"],"picked":"EternalNight","floor":62},{"not_picked":["MillenniumVampire","UnstableMagic"],"picked":"BloodRain","floor":63},{"not_picked":["BlasphemousPunishment","BloodHunter","DiffusionOfMisfortune"],"picked":"SKIP","floor":64},{"not_picked":["ForecastOfChange","BloodRain"],"picked":"BloodyHallows","floor":67},{"not_picked":["FitfulNightmare+1","Stigmanizer","BombardNight"],"picked":"SKIP","floor":69},{"not_picked":["Stigmanizer","Maim","BloodHunter+1"],"picked":"SKIP","floor":70},{"not_picked":["RedMagic","DiffusionOfMisfortune"],"picked":"ScarletSymphony","floor":71},{"not_picked":["infinitespire:SevenWalls","infinitespire:FinalStrike"],"picked":"infinitespire:UltimateForm","floor":72},{"not_picked":["GlobalNightmare","VampireSweep"],"picked":"SuperhumanBloodyKnife+1","floor":75},{"not_picked":["Stigmanizer","Septette+1"],"picked":"ScarletDream","floor":75},{"not_picked":["ChaoticDestiny","MastersStateliness+1"],"picked":"NightDance+1","floor":80},{"not_picked":["HellCatastrophe","HeartBreak"],"picked":"TricksterDevil+1","floor":84},{"not_picked":["BombardNight+1","AfternoonTea","UnderTheZenith+1"],"picked":"SKIP","floor":86},{"not_picked":["FavorOfDestiny","BombardNight","ScarletDevilSign"],"picked":"SKIP","floor":87},{"not_picked":["BloodHunter","ForbiddenFruit","ScarletImprint"],"picked":"SKIP","floor":90},{"not_picked":["BombardNight","ChainGang","Maim+1"],"picked":"SKIP","floor":92},{"not_picked":["infinitespire:FinalStrike","infinitespire:SevenWalls"],"picked":"infinitespire:FutureSight","floor":97},{"not_picked":["MiserableFate","Stigmanizer","HeartBreak"],"picked":"SKIP","floor":97},{"not_picked":["HeartBreak","MillenniumVampire","BlasphemousPunishment"],"picked":"SKIP","floor":99},{"not_picked":["BloodyHallows","ChaoticDestiny"],"picked":"TransientEternity+1","floor":101},{"not_picked":["UnstableMagic","FavorOfDestiny","CharismaGuard+1"],"picked":"SKIP","floor":103},{"not_picked":["VampireFantasy","RedMagic","RedRainbow"],"picked":"SKIP","floor":106},{"not_picked":["Stigmanizer","BombardNight"],"picked":"VampireKiss","floor":107},{"not_picked":["ScarletImprint","DiffusionOfMisfortune","RedMagic"],"picked":"SKIP","floor":108},{"not_picked":["DiffusionOfMisfortune","RedRainbow"],"picked":"ScarletGensokyo","floor":109}],"player_experience":1014722,"relics_obtained":[{"floor":7,"key":"Bronze Scales"},{"floor":9,"key":"Orichalcum"},{"floor":10,"key":"HornCleat"},{"floor":12,"key":"Pocketwatch"},{"floor":14,"key":"Regal Pillow"},{"floor":23,"key":"hubris:ToyBattleship"},{"floor":24,"key":"War Paint"},{"floor":26,"key":"Strawberry"},{"floor":27,"key":"Pen Nib"},{"floor":29,"key":"MealTicket"},{"floor":40,"key":"infinitespire:ShieldingShard"},{"floor":42,"key":"Whetstone"},{"floor":43,"key":"PreservedInsect"},{"floor":44,"key":"CeramicFish"},{"floor":48,"key":"Dead Branch"},{"floor":56,"key":"hubris:PeanutButter"},{"floor":57,"key":"FossilizedHelix"},{"floor":59,"key":"AntiCross"},{"floor":60,"key":"Juzu Bracelet"},{"floor":62,"key":"Peace Pipe"},{"floor":67,"key":"FairyMaid"},{"floor":75,"key":"infinitespire:Satchel"},{"floor":77,"key":"StrikeDummy"},{"floor":87,"key":"hubris:BundleOfHerbs"},{"floor":88,"key":"Gambling Chip"},{"floor":94,"key":"Happy Flower"},{"floor":97,"key":"infinitespire:Lucky Rock"},{"floor":99,"key":"Vajra"},{"floor":108,"key":"Meat on the Bone"}],"event_choices":[{"damage_healed":0,"gold_gain":0,"player_choice":"Take Damage","damage_taken":18,"relics_obtained":["Golden Idol"],"max_hp_gain":0,"max_hp_loss":0,"event_name":"Golden Idol","floor":4,"gold_loss":0},{"damage_healed":0,"gold_gain":0,"player_choice":"Gave Idol","damage_taken":0,"relics_obtained":["Bloody Idol"],"max_hp_gain":0,"max_hp_loss":0,"event_name":"Forgotten Altar","floor":19,"relics_lost":["Golden Idol"],"gold_loss":0},{"cards_removed":["Defend_RM"],"damage_healed":0,"gold_gain":0,"player_choice":"Gave Gold","damage_taken":0,"max_hp_gain":0,"max_hp_loss":0,"event_name":"Beggar","floor":20,"gold_loss":75},{"damage_healed":0,"gold_gain":275,"player_choice":"Desecrate","damage_taken":0,"max_hp_gain":0,"max_hp_loss":0,"event_name":"Golden Shrine","floor":25,"gold_loss":0,"cards_obtained":["Regret"]},{"damage_healed":0,"gold_gain":0,"player_choice":"Paid","damage_taken":0,"relics_obtained":["Red Mask"],"max_hp_gain":0,"max_hp_loss":0,"event_name":"Tomb of Lord Red Mask","floor":37,"gold_loss":714},{"damage_healed":0,"gold_gain":0,"player_choice":"Searched \u00272\u0027 times","damage_taken":0,"relics_obtained":["Frozen Egg 2"],"max_hp_gain":0,"max_hp_loss":0,"event_name":"Dead Adventurer","floor":53,"gold_loss":0},{"cards_removed":["Defend_RM"],"damage_healed":0,"gold_gain":0,"player_choice":"Card Removal","damage_taken":7,"max_hp_gain":0,"max_hp_loss":0,"event_name":"Golden Wing","floor":54,"gold_loss":0},{"damage_healed":0,"gold_gain":0,"player_choice":"Trade","damage_taken":0,"relics_obtained":["CultistMask"],"max_hp_gain":0,"max_hp_loss":0,"event_name":"FaceTrader","floor":73,"gold_loss":0},{"damage_healed":0,"gold_gain":0,"player_choice":"Became a Ghost","damage_taken":0,"max_hp_gain":0,"max_hp_loss":62,"event_name":"Ghosts","floor":78,"gold_loss":0,"cards_obtained":["Ghostly","Ghostly","Ghostly","Ghostly","Ghostly"]},{"damage_healed":0,"gold_gain":0,"player_choice":"Inject Mutagens","damage_taken":0,"relics_obtained":["MutagenicStrength"],"max_hp_gain":0,"max_hp_loss":0,"event_name":"Drug Dealer","floor":81,"gold_loss":0},{"damage_healed":0,"gold_gain":0,"player_choice":"Read","damage_taken":0,"max_hp_gain":0,"max_hp_loss":0,"event_name":"The Library","floor":82,"gold_loss":0,"cards_obtained":["ScarletSymphony"]},{"cards_removed":["BombardNight"],"damage_healed":0,"gold_gain":0,"player_choice":"Removed Attack","damage_taken":0,"max_hp_gain":0,"max_hp_loss":0,"event_name":"Falling","floor":96,"gold_loss":0},{"damage_healed":0,"gold_gain":75,"player_choice":"Gather Gold","damage_taken":11,"max_hp_gain":0,"max_hp_loss":0,"event_name":"World of Goop","floor":105,"gold_loss":0}],"is_beta":false,"boss_relics":[{"not_picked":["Calling Bell","Coffee Dripper"],"picked":"Sozu"},{"not_picked":["hubris:RunicObelisk","hubris:Stopwatch"],"picked":"Tiny House"},{"not_picked":["Philosopher\u0027s Stone","hubris:CrackedHourglass"],"picked":"APieceOfRedMist"},{"not_picked":["SacredBark","hubris:BlackHole"],"picked":"hubris:VirtuousBlindfold"},{"not_picked":["Snecko Eye","hubris:GrandSneckoEye","hubris:Stopwatch"],"picked":"hubris:TerracottaHorce"},{"not_picked":["hubris:CrackedHourglass","Astrolabe","Velvet Choker"],"picked":"Coffee Dripper"}],"items_purged_floors":[11,22,38,55,65,79,79,89,95,104],"is_endless":true,"potions_floor_spawned":[10,13,16,21,27,31,33,36,39,41,42,48,53,62,64,67,84,90,92,97,99,101,103],"killed_by":"2 Fungi Beasts","ascension_level":1}}