{"host":"jwrrfqk4fsz2wgjc","time":1613788432,"event":{"mods":["BaseMod","Colored Map","Minty Spire (QoL Compilation)","Relic Stats","StSLib","The Bug Knight"],"gold_per_floor":[119,67,94,94,94,122,122,138,138,138,138,138,158,175,175,271,271,271,271,271,271,211,211,211,211,211,211,211,211,211,64,64,64,64,64,64,64,64,64,64,64,64,64,64,64,64,64,64,64,64],"floor_reached":51,"language":"ENG","playtime":1375,"items_purged":[],"score":877,"play_id":"bcaa0288-475c-4f9f-b4b1-066ea9584b7c","local_time":"20210220053352","is_ascension_mode":false,"campfire_choices":[{"data":"Perfected Strike","floor":7.0,"key":"SMITH"},{"data":"Bash","floor":10.0,"key":"SMITH"},{"data":"Strike_R","floor":12.0,"key":"SMITH"},{"data":"Pommel Strike","floor":15.0,"key":"SMITH"},{"data":"Demon Form","floor":30,"key":"SMITH"},{"floor":32,"key":"REST"},{"floor":41,"key":"REST"},{"floor":47,"key":"REST"},{"floor":49,"key":"REST"}],"circlet_count":0,"master_deck":["Strike_R+1","Strike_R+1","Strike_R+1","Strike_R+1","Strike_R+1","Defend_R+1","Defend_R+1","Defend_R+1","Defend_R+1","Bash+1","Dual Wield+1","Perfected Strike+1","Pommel Strike+1","Demon Form+1","Twin Strike+1","Ghostly","Ghostly","Ghostly","Ghostly","Ghostly","Perfected Strike+1","Shockwave+1","Impervious","Infernal Blade+1","Infernal Blade+1","Reaper","Blind+1","Apotheosis+1","Trip+1","Pommel Strike+1","Brutality"],"relics":["Burning Blood","NeowsBlessing","Regal Pillow","Shuriken","Letter Opener","Ectoplasm","Red Mask","White Beast Statue","Question Card","Toxic Egg 2","Bag of Preparation","Bronze Scales","Pen Nib","Fusion Hammer","Bird Faced Urn","Gambling Chip","Bottled Tornado","Sundial"],"acts_visited":["Exordium","TheCity","TheBeyond"],"potions_floor_usage":[27,40,42,50],"damage_taken":[{"damage":0.0,"enemies":"Cultist","floor":1.0,"turns":1.0},{"damage":0.0,"enemies":"3 Sentries","floor":6.0,"turns":2.0},{"damage":0.0,"enemies":"2 Louse","floor":8.0,"turns":1.0},{"damage":12.0,"enemies":"Small Slimes","floor":13.0,"turns":3.0},{"damage":7.0,"enemies":"3 Louse","floor":14.0,"turns":3.0},{"damage":50.0,"enemies":"The Guardian","floor":16.0,"turns":7.0},{"damage":12,"enemies":"Shell Parasite","floor":18,"turns":3},{"damage":10,"enemies":"Masked Bandits","floor":21,"turns":6},{"damage":2,"enemies":"2 Thieves","floor":22,"turns":3},{"damage":8,"enemies":"Book of Stabbing","floor":23,"turns":5},{"damage":8,"enemies":"Slavers","floor":25,"turns":6},{"damage":3,"enemies":"Gremlin Leader","floor":27,"turns":3},{"damage":3,"enemies":"Snake Plant","floor":28,"turns":2},{"damage":15,"enemies":"Slavers","floor":29,"turns":4},{"damage":2,"enemies":"Champ","floor":33,"turns":7},{"damage":8,"enemies":"3 Shapes","floor":35,"turns":4},{"damage":1,"enemies":"Orb Walker","floor":38,"turns":3},{"damage":0,"enemies":"Sphere and 2 Shapes","floor":39,"turns":5},{"damage":2,"enemies":"Giant Head","floor":40,"turns":6},{"damage":2,"enemies":"Transient","floor":42,"turns":5},{"damage":3,"enemies":"Reptomancer","floor":45,"turns":4},{"damage":25,"enemies":"Awakened One","floor":50,"turns":9}],"seed_played":"-654181702297859669","potions_obtained":[{"floor":8.0,"key":"Explosive Potion"},{"floor":16.0,"key":"Regen Potion"},{"floor":23,"key":"Ancient Potion"},{"floor":25,"key":"AttackPotion"},{"floor":27,"key":"LiquidBronze"},{"floor":28,"key":"Fire Potion"},{"floor":29,"key":"LiquidMemories"},{"floor":40,"key":"Swift Potion"},{"floor":42,"key":"Weak Potion"},{"floor":45,"key":"FairyPotion"}],"is_trial":false,"path_per_floor":["M","$","T","?","?","E","R","M","T","R","?","R","M","M","R","B",null,"M","?","?","?","M","E","?","E","T","E","M","E","R","$","R","B",null,"M","?","?","M","M","E","R","M","T","?","E","?","R","T","R","B",null],"character_chosen":"IRONCLAD","items_purchased":["Perfected Strike","Pen Nib"],"campfire_rested":4,"item_purchase_floors":[2,31],"current_hp_per_floor":[80,80,80,80,64,70,70,76,76,76,76,76,70,69,69,25,80,74,74,40,36,40,38,38,36,36,39,40,31,31,31,40,40,40,40,30,30,40,40,40,40,40,40,40,40,38,38,38,38,25],"gold":64,"neow_bonus":"THREE_ENEMY_KILL","is_daily":false,"chose_seed":false,"campfire_upgraded":5,"win_rate":0.0,"timestamp":1613788432,"path_taken":["M","$","?","?","?","E","R","M","T","R","?","R","M","M","R","BOSS","M","?","?","?","M","E","?","E","T","E","?","E","R","$","R","BOSS","M","?","?","M","?","E","R","M","T","?","E","?","R","?","R","BOSS"],"items_purchased_type":["Card","Relic"],"build_version":"2020-12-22","purchased_purges":0,"victory":true,"max_hp_per_floor":[80,80,80,80,80,80,80,80,80,80,80,80,80,80,80,80,80,80,80,40,40,40,40,40,40,40,40,40,40,40,40,40,40,40,40,40,40,40,40,40,40,40,40,40,40,38,38,38,38,38],"relic_stats":{"Regal Pillow":0,"counters":[22,92],"Pen Nib":[8],"Bag of Preparation":[20],"Letter Opener":[145],"Question Card":13,"Burning Blood":91,"Shuriken":[25],"Sundial":[0],"Bronze Scales":[108],"Bird Faced Urn":[6],"Gambling Chip":[7],"Ectoplasm":475,"obtain_stats":[{"Regal Pillow":3,"NeowsBlessing":0,"Pen Nib":31,"Bag of Preparation":27,"Letter Opener":9,"Bottled Tornado":45,"Question Card":25,"Burning Blood":0,"White Beast Statue":23,"Shuriken":6,"Sundial":48,"Bronze Scales":29,"Bird Faced Urn":40,"Gambling Chip":43,"Ectoplasm":17,"Fusion Hammer":34,"Red Mask":21,"Toxic Egg 2":26},{"Regal Pillow":1,"NeowsBlessing":0,"Pen Nib":14,"Bag of Preparation":12,"Letter Opener":3,"Bottled Tornado":21,"Question Card":11,"Burning Blood":0,"White Beast Statue":10,"Shuriken":2,"Sundial":21,"Bronze Scales":14,"Bird Faced Urn":19,"Gambling Chip":20,"Ectoplasm":6,"Fusion Hammer":15,"Red Mask":8,"Toxic Egg 2":11},{"Regal Pillow":1,"NeowsBlessing":0,"Pen Nib":49,"Bag of Preparation":43,"Letter Opener":4,"Bottled Tornado":83,"Question Card":40,"Burning Blood":0,"White Beast Statue":34,"Shuriken":3,"Sundial":83,"Bronze Scales":49,"Bird Faced Urn":74,"Gambling Chip":79,"Ectoplasm":17,"Fusion Hammer":56,"Red Mask":26,"Toxic Egg 2":40}]},"card_choices":[{"not_picked":["Pommel Strike","Iron Wave"],"picked":"Dual Wield","floor":1.0},{"not_picked":["Flex","Searing Blow","Iron Wave"],"picked":"SKIP","floor":6.0},{"not_picked":["Intimidate","Disarm","Thunderclap"],"picked":"SKIP","floor":8.0},{"not_picked":["Sword Boomerang","Cleave"],"picked":"Pommel Strike","floor":13.0},{"not_picked":["Thunderclap","Feel No Pain","True Grit"],"picked":"SKIP","floor":14.0},{"not_picked":["Reaper","Double Tap"],"picked":"Demon Form","floor":16.0},{"not_picked":["Searing Blow+1","Clothesline"],"picked":"Twin Strike+1","floor":18},{"not_picked":["Burning Pact+1","Twin Strike+1"],"picked":"Perfected Strike","floor":21},{"not_picked":["Iron Wave","Shrug It Off+1","Shockwave+1"],"picked":"SKIP","floor":22},{"not_picked":["Iron Wave","Shrug It Off+1"],"picked":"Shockwave+1","floor":22},{"not_picked":["Headbutt","Feel No Pain+1","Flex+1"],"picked":"SKIP","floor":23},{"not_picked":["Rupture","Dual Wield"],"picked":"Impervious","floor":25},{"not_picked":["Iron Wave","Shrug It Off+1","Power Through+1","Searing Blow+1"],"picked":"SKIP","floor":27},{"not_picked":["True Grit+1","Shockwave+1","Warcry+1"],"picked":"Infernal Blade+1","floor":28},{"not_picked":["Pommel Strike","Twin Strike","Reckless Charge"],"picked":"Infernal Blade+1","floor":29},{"not_picked":["Feed","Offering+1","Juggernaut"],"picked":"Reaper","floor":33},{"not_picked":["Second Wind+1","Clothesline+1","Hemokinesis+1","True Grit+1"],"picked":"SKIP","floor":35},{"not_picked":["Magnetism","Dramatic Entrance","Deep Breath+1"],"picked":"Blind+1","floor":36},{"not_picked":["Flash of Steel","Panacea+1","Mind Blast"],"picked":"Apotheosis+1","floor":36},{"not_picked":["Forethought+1","PanicButton+1","Mind Blast"],"picked":"Trip+1","floor":36},{"not_picked":["Metallicize","Twin Strike","Shockwave+1","Flame Barrier+1"],"picked":"SKIP","floor":38},{"not_picked":["Body Slam+1","Pommel Strike+1","Headbutt+1","Flex+1"],"picked":"SKIP","floor":39},{"not_picked":["Body Slam+1","Headbutt+1","Flex+1"],"picked":"Pommel Strike+1","floor":39},{"not_picked":["Pommel Strike+1","Bloodletting+1","Blood for Blood+1","Hemokinesis+1"],"picked":"SKIP","floor":40},{"not_picked":["Sword Boomerang+1","Thunderclap","Metallicize","Iron Wave+1"],"picked":"SKIP","floor":42},{"not_picked":["Shrug It Off+1","Reaper","Intimidate+1"],"picked":"Brutality","floor":45}],"player_experience":0,"relics_obtained":[{"floor":3.0,"key":"Regal Pillow"},{"floor":6.0,"key":"Shuriken"},{"floor":9.0,"key":"Letter Opener"},{"floor":21,"key":"Red Mask"},{"floor":23,"key":"White Beast Statue"},{"floor":25,"key":"Question Card"},{"floor":26,"key":"Toxic Egg 2"},{"floor":27,"key":"Bag of Preparation"},{"floor":29,"key":"Bronze Scales"},{"floor":40,"key":"Bird Faced Urn"},{"floor":43,"key":"Gambling Chip"},{"floor":45,"key":"Bottled Tornado"},{"floor":48,"key":"Sundial"}],"event_choices":[{"damage_healed":0.0,"max_hp_gain":0.0,"max_hp_loss":0.0,"gold_gain":0.0,"event_name":"Living Wall","player_choice":"Grow","floor":4.0,"gold_loss":0.0,"damage_taken":0.0,"cards_upgraded":["Dual Wield"]},{"damage_healed":0.0,"max_hp_gain":0.0,"max_hp_loss":0.0,"gold_gain":0.0,"event_name":"Shining Light","player_choice":"Entered Light","floor":5.0,"gold_loss":0.0,"damage_taken":16.0,"cards_upgraded":["Strike_R","Strike_R"]},{"damage_healed":0.0,"max_hp_gain":0.0,"max_hp_loss":0.0,"gold_gain":0.0,"event_name":"Liars Game","player_choice":"Ignored","floor":11.0,"gold_loss":0.0,"damage_taken":0.0},{"damage_healed":0,"gold_gain":0,"player_choice":"Simplicity","damage_taken":0,"max_hp_gain":0,"max_hp_loss":0,"event_name":"Back to Basics","floor":19,"gold_loss":0,"cards_upgraded":["Strike_R","Strike_R","Defend_R","Defend_R","Defend_R","Defend_R"]},{"damage_healed":0,"gold_gain":0,"player_choice":"Became a Ghost","damage_taken":0,"max_hp_gain":0,"max_hp_loss":40,"event_name":"Ghosts","floor":20,"gold_loss":0,"cards_obtained":["Ghostly","Ghostly","Ghostly","Ghostly","Ghostly"]},{"damage_healed":0,"gold_gain":0,"player_choice":"Fought Bandits","damage_taken":0,"max_hp_gain":0,"max_hp_loss":0,"event_name":"Masked Bandits","floor":21,"gold_loss":0},{"damage_healed":0,"gold_gain":0,"player_choice":"Ignored","damage_taken":0,"max_hp_gain":0,"max_hp_loss":0,"event_name":"Vampires","floor":24,"gold_loss":0},{"damage_healed":0,"gold_gain":0,"player_choice":"Memory 3","damage_taken":10,"max_hp_gain":0,"max_hp_loss":0,"event_name":"SensoryStone","floor":36,"gold_loss":0},{"damage_healed":0,"gold_gain":0,"player_choice":"Upgraded","damage_taken":0,"max_hp_gain":0,"max_hp_loss":0,"event_name":"Upgrade Shrine","floor":37,"gold_loss":0,"cards_upgraded":["Perfected Strike"]},{"damage_healed":0,"gold_gain":0,"player_choice":"Ignored","damage_taken":0,"max_hp_gain":0,"max_hp_loss":0,"event_name":"Mysterious Sphere","floor":44,"gold_loss":0},{"damage_healed":0,"gold_gain":0,"player_choice":"Max HP","damage_taken":0,"max_hp_gain":0,"max_hp_loss":2,"event_name":"Winding Halls","floor":46,"gold_loss":0}],"is_beta":false,"boss_relics":[{"not_picked":["Cursed Key","Sozu"],"picked":"Ectoplasm"},{"not_picked":["Black Star","Runic Cube"],"picked":"Fusion Hammer"}],"items_purged_floors":[],"is_endless":false,"potions_floor_spawned":[8,16,23,25,27,28,29,33,35,38,39,40,42,45],"ascension_level":0}}