{"host":"2vsfvi9pm0ilma55","time":1613838973,"event":{"mods":["BaseMod","Bestiary","Highlight Path","Minty Spire (QoL Compilation)","Relic Stats","StSLib","The Marked","The Warlock"],"gold_per_floor":[11,11,21,35,35,60,60,85,140,140,151,178,188,217,217,292,292,292,292,292,292,292,292,292,292,292,292,292,217,217,217,217,217,217,217,217,59,59,59,59,59,59,59,59,59,59,59,59,59,59,59,59,59,59,59],"floor_reached":54,"language":"ENG","playtime":3552,"items_purged":["Ritualist:StrikeMagenta"],"score":1893,"play_id":"d7e7ffb2-6be8-4f03-af3e-8b97cad0b10f","local_time":"20210220083613","is_ascension_mode":true,"campfire_choices":[{"data":"Ritualist:DarkMasterForm","floor":7.0,"key":"SMITH"},{"floor":10.0,"key":"REST"},{"data":"Ritualist:SummonNergal","floor":15.0,"key":"SMITH"},{"floor":24.0,"key":"REST"},{"data":"Ritualist:DeliriumWill","floor":30.0,"key":"SMITH"},{"data":"Ritualist:DarkMasterForm","floor":32.0,"key":"SMITH"},{"data":"Ritualist:Momentum","floor":41.0,"key":"SMITH"},{"data":"Ritualist:DuskSeeker","floor":45.0,"key":"SMITH"},{"floor":49.0,"key":"RECALL"},{"data":"Ritualist:QuietMeditation","floor":52.0,"key":"SMITH"}],"circlet_count":0,"master_deck":["AscendersBane","Ritualist:DefendMagenta","Ritualist:DefendMagenta","Ritualist:DefendMagenta","Ritualist:InitiationRite","Ritualist:SummonAgiel","Ritualist:CleanseByBlood+1","Ritualist:SummonNergal+1","Ritualist:ScaryShank","Ritualist:DarkMasterForm+1","Ritualist:DeliriumWill+1","Ritualist:QuietMeditation+1","Ritualist:PrepareHost","Ritualist:StrategicCut","Ritualist:Peace","Ritualist:QuietMeditation+1","Necronomicurse","Ritualist:BloodBoil","Ritualist:QuietMeditation+1","Ritualist:DarkMasterForm+1","Ritualist:Momentum+1","Ritualist:DuskSeeker+1","Thinking Ahead+1","Ritualist:QuietMeditation+1","Ritualist:BranchingPaths+1","Ritualist:PullFromBeyond+1","Ritualist:SummonMaat+1"],"relics":["Ritualist:StarterRelic","White Beast Statue","PreservedInsect","Regal Pillow","Incense Burner","Vajra","Ectoplasm","Necronomicon","StoneCalendar","Nunchaku","Centennial Puzzle","Happy Flower","Thread and Needle","Torii","Bottled Flame","Empty Cage","Juzu Bracelet","Bottled Lightning","Toxic Egg 2","Blood Vial","Bronze Scales"],"acts_visited":["Exordium","TheCity","TheBeyond","TheEnding"],"potions_floor_usage":[],"damage_taken":[{"damage":7.0,"enemies":"Small Slimes","floor":1.0,"turns":6.0},{"damage":0.0,"enemies":"Cultist","floor":3.0,"turns":3.0},{"damage":0.0,"enemies":"Jaw Worm","floor":4.0,"turns":3.0},{"damage":13.0,"enemies":"Gremlin Nob","floor":6.0,"turns":4.0},{"damage":33.0,"enemies":"3 Sentries","floor":8.0,"turns":10.0},{"damage":0.0,"enemies":"2 Fungi Beasts","floor":11.0,"turns":5.0},{"damage":0.0,"enemies":"Lagavulin","floor":12.0,"turns":5.0},{"damage":8.0,"enemies":"Large Slime","floor":13.0,"turns":7.0},{"damage":6.0,"enemies":"Gremlin Nob","floor":14.0,"turns":3.0},{"damage":3.0,"enemies":"The Guardian","floor":16.0,"turns":9.0},{"damage":8.0,"enemies":"Shell Parasite","floor":18.0,"turns":7.0},{"damage":18.0,"enemies":"Gremlin Leader","floor":23.0,"turns":5.0},{"damage":3.0,"enemies":"Book of Stabbing","floor":25.0,"turns":4.0},{"damage":15.0,"enemies":"Slavers","floor":27.0,"turns":6.0},{"damage":0.0,"enemies":"Colosseum Slavers","floor":28.0,"turns":5.0},{"damage":0.0,"enemies":"Colosseum Nobs","floor":28.0,"turns":3.0},{"damage":0.0,"enemies":"3 Byrds","floor":31.0,"turns":3.0},{"damage":0.0,"enemies":"Champ","floor":33.0,"turns":5.0},{"damage":0.0,"enemies":"3 Shapes","floor":35.0,"turns":4.0},{"damage":0.0,"enemies":"Giant Head","floor":40.0,"turns":5.0},{"damage":3.0,"enemies":"Nemesis","floor":42.0,"turns":5.0},{"damage":1.0,"enemies":"Reptomancer","floor":44.0,"turns":4.0},{"damage":0.0,"enemies":"3 Darklings","floor":46.0,"turns":4.0},{"damage":0.0,"enemies":"Nemesis","floor":48.0,"turns":3.0},{"damage":18.0,"enemies":"Awakened One","floor":50.0,"turns":8.0},{"damage":76,"enemies":"Shield and Spear","floor":54,"turns":5}],"seed_played":"1901007909627792560","potions_obtained":[{"floor":3.0,"key":"DistilledChaos"},{"floor":8.0,"key":"DuplicationPotion"},{"floor":11.0,"key":"Fire Potion"},{"floor":12.0,"key":"Ancient Potion"},{"floor":14.0,"key":"Explosive Potion"},{"floor":16.0,"key":"SpeedPotion"},{"floor":27.0,"key":"Block Potion"},{"floor":40.0,"key":"DistilledChaos"},{"floor":42.0,"key":"SteroidPotion"},{"floor":44.0,"key":"ColorlessPotion"},{"floor":46.0,"key":"Regen Potion"}],"is_trial":false,"path_per_floor":["M","?","M","M","$","E","R","E","T","R","M","E","M","E","R","B",null,"M","?","?","?","?","E","R","E","T","E","?","$","R","M","R","B",null,"M","?","$","?","?","E","R","E","T","E","R","M","$","E","R","B",null,"R","$","E"],"character_chosen":"RITUALIST","items_purchased":["Juzu Bracelet"],"campfire_rested":2,"item_purchase_floors":[37],"current_hp_per_floor":[60,60,60,60,60,47,47,14,14,51,51,51,43,37,37,34,64,56,56,35,35,35,17,54,51,51,36,36,36,36,36,36,36,65,65,65,65,65,65,65,65,62,62,61,61,63,63,65,65,62,68,68,68,0,0],"gold":59,"neow_bonus":"REMOVE_TWO","is_daily":false,"chose_seed":false,"campfire_upgraded":7,"win_rate":0.0,"timestamp":1613838973,"path_taken":["M","?","?","M","?","E","R","E","T","R","M","E","M","E","R","BOSS","M","?","?","?","?","E","R","E","T","E","?","$","R","M","R","BOSS","M","?","?","?","?","E","R","E","T","E","R","M","$","E","R","BOSS","R","$","E"],"items_purchased_type":["Relic"],"build_version":"2020-12-22","purchased_purges":1,"victory":false,"max_hp_per_floor":[74,74,74,74,74,74,74,74,74,74,74,74,74,74,74,74,74,74,74,74,74,74,74,74,74,74,74,74,74,74,74,74,74,74,74,70,70,70,70,70,70,70,70,70,70,70,70,70,70,70,70,70,70,70,70],"relic_stats":{"Regal Pillow":30,"Happy Flower":[20],"Torii":5,"counters":[26,131],"StoneCalendar":[52],"PreservedInsect":588,"Juzu Bracelet":1,"Blood Vial":8,"Nunchaku":[12],"Centennial Puzzle":[15],"Bronze Scales":[60],"Ectoplasm":486,"Necronomicon":[30],"obtain_stats":[{"Regal Pillow":9,"Happy Flower":26,"Torii":28,"Vajra":14,"StoneCalendar":21,"Thread and Needle":27,"PreservedInsect":8,"Incense Burner":12,"Juzu Bracelet":37,"Empty Cage":34,"White Beast Statue":6,"Blood Vial":44,"Nunchaku":23,"Centennial Puzzle":25,"Bottled Flame":28,"Bronze Scales":48,"Ectoplasm":17,"Necronomicon":20,"Bottled Lightning":40,"Toxic Egg 2":42,"Ritualist:StarterRelic":0},{"Regal Pillow":5,"Happy Flower":13,"Torii":16,"Vajra":9,"StoneCalendar":11,"Thread and Needle":14,"PreservedInsect":5,"Incense Burner":7,"Juzu Bracelet":19,"Empty Cage":18,"White Beast Statue":4,"Blood Vial":22,"Nunchaku":12,"Centennial Puzzle":13,"Bottled Flame":16,"Bronze Scales":24,"Ectoplasm":10,"Necronomicon":11,"Bottled Lightning":20,"Toxic Egg 2":21,"Ritualist:StarterRelic":0},{"Regal Pillow":26,"Happy Flower":71,"Torii":85,"Vajra":46,"StoneCalendar":62,"Thread and Needle":77,"PreservedInsect":26,"Incense Burner":36,"Juzu Bracelet":97,"Empty Cage":93,"White Beast Statue":16,"Blood Vial":111,"Nunchaku":67,"Centennial Puzzle":71,"Bottled Flame":85,"Bronze Scales":118,"Ectoplasm":55,"Necronomicon":62,"Bottled Lightning":102,"Toxic Egg 2":107,"Ritualist:StarterRelic":0}]},"card_choices":[{"not_picked":["Ritualist:LongCon","Ritualist:PrepareHost"],"picked":"Ritualist:CleanseByBlood","floor":1.0},{"not_picked":["Ritualist:CleanseByBlood","Ritualist:ImpFeast"],"picked":"Ritualist:SummonNergal","floor":3.0},{"not_picked":["Ritualist:Hex","Ritualist:SummonRerek"],"picked":"Ritualist:ScaryShank","floor":4.0},{"not_picked":["Ritualist:BloodyVigor","Ritualist:TwinWave"],"picked":"Ritualist:DarkMasterForm","floor":6.0},{"not_picked":["Ritualist:ImpFeast","Ritualist:ThoughtfulArt"],"picked":"Ritualist:DeliriumWill","floor":8.0},{"not_picked":["Ritualist:TwinWave","Ritualist:DrainStrength"],"picked":"Ritualist:QuietMeditation","floor":11.0},{"not_picked":["Ritualist:ShallowCut","Ritualist:DeliriumWill"],"picked":"Ritualist:PrepareHost","floor":12.0},{"not_picked":["Ritualist:ScaryShank","Ritualist:Arrival","Ritualist:DeadlyVelocity"],"picked":"SKIP","floor":13.0},{"not_picked":["Ritualist:Galvanize","Ritualist:BranchingPaths"],"picked":"Ritualist:StrategicCut","floor":14.0},{"not_picked":["Ritualist:Momentum","Ritualist:GrowingRites"],"picked":"Ritualist:Peace","floor":16.0},{"not_picked":["Ritualist:Impale","Ritualist:WinningGambit"],"picked":"Ritualist:QuietMeditation+1","floor":18.0},{"not_picked":["Ritualist:BloodyVigor","Ritualist:PrepareHost"],"picked":"Ritualist:BloodBoil","floor":23.0},{"not_picked":["Ritualist:ScoutAhead","Ritualist:SoulBurst"],"picked":"Ritualist:QuietMeditation+1","floor":25.0},{"not_picked":["Ritualist:TwinWave","Ritualist:DrainStrength"],"picked":"Ritualist:DarkMasterForm","floor":27.0},{"not_picked":["Ritualist:HeavyInfection","Ritualist:DeadlyVelocity"],"picked":"Ritualist:Momentum","floor":31.0},{"not_picked":["Ritualist:DoubleVision","Ritualist:Symbiote"],"picked":"Ritualist:DuskSeeker","floor":33.0},{"not_picked":["Ritualist:CostlyStrength+1","Ritualist:EarlyReturn","Ritualist:HeavyInfection+1"],"picked":"SKIP","floor":35.0},{"not_picked":["Apotheosis","HandOfGreed"],"picked":"Thinking Ahead","floor":38.0},{"not_picked":["Ritualist:PrepareHost","Ritualist:CostlyPreparation","Ritualist:TwinWave"],"picked":"SKIP","floor":40.0},{"not_picked":["Ritualist:PowerPact","Ritualist:CutOut+1"],"picked":"Ritualist:QuietMeditation+1","floor":42.0},{"not_picked":["Ritualist:SummonRerek","Ritualist:Hex+1"],"picked":"Ritualist:BranchingPaths+1","floor":44.0},{"not_picked":["Ritualist:SummonNergal+1","Ritualist:PrepareHost"],"picked":"Ritualist:PullFromBeyond+1","floor":46.0},{"not_picked":["Ritualist:Hex+1","Ritualist:Vendetta"],"picked":"Ritualist:SummonMaat+1","floor":48.0}],"player_experience":615905,"relics_obtained":[{"floor":6.0,"key":"White Beast Statue"},{"floor":8.0,"key":"PreservedInsect"},{"floor":9.0,"key":"Regal Pillow"},{"floor":12.0,"key":"Incense Burner"},{"floor":14.0,"key":"Vajra"},{"floor":20.0,"key":"Necronomicon"},{"floor":23.0,"key":"Nunchaku"},{"floor":25.0,"key":"Centennial Puzzle"},{"floor":26.0,"key":"Happy Flower"},{"floor":27.0,"key":"Thread and Needle"},{"floor":28.0,"key":"Torii"},{"floor":28.0,"key":"Bottled Flame"},{"floor":40.0,"key":"Bottled Lightning"},{"floor":42.0,"key":"Toxic Egg 2"},{"floor":44.0,"key":"Blood Vial"},{"floor":48.0,"key":"Bronze Scales"}],"event_choices":[{"damage_healed":0.0,"max_hp_gain":0.0,"max_hp_loss":0.0,"gold_gain":0.0,"event_name":"Upgrade Shrine","player_choice":"Upgraded","floor":2.0,"gold_loss":0.0,"damage_taken":0.0,"cards_upgraded":["Ritualist:CleanseByBlood"]},{"damage_healed":0.0,"max_hp_gain":0.0,"max_hp_loss":0.0,"gold_gain":0.0,"event_name":"Ghosts","player_choice":"Ignored","floor":19.0,"gold_loss":0.0,"damage_taken":0.0},{"damage_healed":0.0,"max_hp_gain":0.0,"max_hp_loss":0.0,"gold_gain":0.0,"event_name":"Cursed Tome","player_choice":"Obtained Book","floor":20.0,"gold_loss":0.0,"damage_taken":21.0},{"damage_healed":0.0,"max_hp_gain":0.0,"max_hp_loss":0.0,"gold_gain":0.0,"event_name":"The Mausoleum","player_choice":"Opened","floor":21.0,"gold_loss":0.0,"damage_taken":0.0,"relics_obtained":["StoneCalendar"],"cards_obtained":["Writhe"]},{"cards_removed":["Writhe"],"damage_healed":0.0,"max_hp_gain":0.0,"max_hp_loss":0.0,"gold_gain":0.0,"event_name":"Back to Basics","player_choice":"Elegance","floor":22.0,"gold_loss":0.0,"damage_taken":0.0},{"damage_healed":0.0,"max_hp_gain":0.0,"max_hp_loss":0.0,"gold_gain":0.0,"event_name":"Colosseum","player_choice":"Fight","floor":28.0,"gold_loss":0.0,"damage_taken":0.0},{"damage_healed":0.0,"max_hp_gain":0.0,"max_hp_loss":0.0,"gold_gain":0.0,"event_name":"Colosseum","player_choice":"Fought Nobs","floor":28.0,"gold_loss":0.0,"damage_taken":0.0},{"damage_healed":0.0,"max_hp_gain":0.0,"max_hp_loss":4.0,"gold_gain":0.0,"event_name":"Winding Halls","player_choice":"Max HP","floor":36.0,"gold_loss":0.0,"damage_taken":0.0},{"damage_healed":0.0,"max_hp_gain":0.0,"max_hp_loss":0.0,"gold_gain":0.0,"event_name":"SensoryStone","player_choice":"Memory 1","floor":38.0,"gold_loss":0.0,"damage_taken":0.0},{"damage_healed":0.0,"max_hp_gain":0.0,"max_hp_loss":0.0,"gold_gain":0.0,"event_name":"Accursed Blacksmith","player_choice":"Forge","floor":39.0,"gold_loss":0.0,"damage_taken":0.0,"cards_upgraded":["Thinking Ahead"]}],"is_beta":false,"boss_relics":[{"not_picked":["Tiny House","Pandora\u0027s Box"],"picked":"Ectoplasm"},{"not_picked":["Philosopher\u0027s Stone","Sozu"],"picked":"Empty Cage"}],"items_purged_floors":[29],"is_endless":false,"potions_floor_spawned":[3,8,11,12,13,14,16,18,23,25,27,28,28,31,33,35,40,42,44,46,48],"killed_by":"Shield and Spear","ascension_level":19}}