{"host":"w1l5t0a1l2lkq6my","time":1613804557,"event":{"mods":["100% Spire Juice","Bartender","BaseMod","Better Match","KinomotoSakuraMod(ñÿîVñ{?)","Lobotomy","LobotomyExtend","Magitek Elite","MarisaÅiñ∂âJÅ@ñÇóùçπÅj","Minty Spire (QoL Compilation)","Shapeshifter Mod","StSLib","The Animator","The Gatherer","The Senshi","Yuyuko"],"gold_per_floor":[100,110,110,35,35,60,60,60,86,97,128,147,165,175,175,272,272,290,290,290],"floor_reached":19,"language":"ENG","playtime":918,"items_purged":["Regret"],"score":204,"play_id":"bdac62fc-e031-4f8d-9599-cb0141d1c1bc","local_time":"20210220000237","is_ascension_mode":false,"campfire_choices":[],"circlet_count":0,"master_deck":["SpecialBullet","SpecialBullet","SpecialBullet","SpecialBullet","SpecialBullet","SpecialBullet","SpecialBullet","SecurityCode","InformationCode","CentralCode","CherryBlossom+1","Spore","CUTE","Amita","LifeForTheDareDevil","Soda","Diffraction+1","Heaven+1","BloodyDesire+1","ControlCode","VoidDream","Wingbeat+1"],"relics":["CogitoBucket","NeowsBlessing","RabbitCall","LetterFromLob","Ornamental Fan","Gambling Chip","Pen Nib","Ancient Tea Set","ChangeAnything","Astrolabe"],"acts_visited":["Exordium","TheCity"],"potions_floor_usage":[12,16,19],"damage_taken":[{"damage":0,"enemies":"Jaw Worm","floor":1,"turns":1},{"damage":0,"enemies":"2 Louse","floor":2,"turns":1},{"damage":0,"enemies":"Lagavulin","floor":6,"turns":1},{"damage":0,"enemies":"Small Slimes","floor":10,"turns":3},{"damage":9,"enemies":"3 Sentries","floor":11,"turns":3},{"damage":44,"enemies":"2 Fungi Beasts","floor":12,"turns":14},{"damage":6,"enemies":"Lots of Slimes","floor":13,"turns":3},{"damage":4,"enemies":"3 Louse","floor":14,"turns":2},{"damage":18,"enemies":"Hexaghost","floor":16,"turns":5},{"damage":4,"enemies":"Spheric Guardian","floor":18,"turns":3},{"damage":67,"enemies":"Shell Parasite","floor":19,"turns":3}],"seed_played":"2809246272836652556","potions_obtained":[{"floor":1,"key":"DistilledChaos"},{"floor":10,"key":"Block Potion"},{"floor":11,"key":"Dexterity Potion"}],"is_trial":false,"path_per_floor":["M","M","?","$","?","E","?","R","T","M","E","M","M","M","R","B",null,"M","M"],"character_chosen":"Angela","items_purchased":[],"campfire_rested":0,"item_purchase_floors":[],"current_hp_per_floor":[70,70,70,70,56,64,68,68,68,70,70,40,48,44,44,29,70,67,0,0],"gold":290,"neow_bonus":"THREE_ENEMY_KILL","is_daily":false,"chose_seed":false,"campfire_upgraded":0,"win_rate":0.0,"timestamp":1613804557,"path_taken":["M","M","?","$","?","E","?","R","T","M","E","M","M","M","R","BOSS","M","M"],"items_purchased_type":[],"build_version":"2020-12-22","purchased_purges":1,"victory":false,"max_hp_per_floor":[70,70,70,70,70,70,70,70,70,70,70,70,70,70,70,70,70,70,70,70],"card_choices":[{"not_picked":["CUTE"],"picked":"CherryBlossom","floor":1},{"not_picked":["Harmony","RapturousDream"],"picked":"SKIP","floor":2},{"not_picked":["ShedSkin"],"picked":"Spore","floor":6},{"not_picked":["Woodsman","ShyLook"],"picked":"OldLady","floor":10},{"not_picked":["Noise"],"picked":"CUTE","floor":10},{"not_picked":["Beak","Pinks"],"picked":"SKIP","floor":11},{"not_picked":["Wingbeat"],"picked":"Amita","floor":12},{"not_picked":["ScreamingWedge"],"picked":"LifeForTheDareDevil","floor":13},{"not_picked":["Noise"],"picked":"Soda","floor":14},{"not_picked":["Twilight"],"picked":"SoundOfStar","floor":16},{"not_picked":["HappyTeddy","Alriune"],"picked":"VoidDream","floor":18},{"not_picked":["RedEyes"],"picked":"Wingbeat+1","floor":18}],"player_experience":142027,"relics_obtained":[{"floor":1,"key":"LetterFromLob"},{"floor":6,"key":"Gambling Chip"},{"floor":9,"key":"Pen Nib"},{"floor":11,"key":"Ancient Tea Set"}],"event_choices":[{"damage_healed":0,"gold_gain":0,"player_choice":"Box","damage_taken":0,"relics_obtained":["Ornamental Fan"],"max_hp_gain":0,"max_hp_loss":0,"event_name":"Big Fish","floor":3,"gold_loss":0,"cards_obtained":["Regret"]},{"damage_healed":0,"gold_gain":0,"player_choice":"Entered Light","damage_taken":14,"max_hp_gain":0,"max_hp_loss":0,"event_name":"Shining Light","floor":5,"gold_loss":0,"cards_upgraded":["CherryBlossom"]}],"is_beta":false,"boss_relics":[{"not_picked":["Empty Cage","SlaversCollar"],"picked":"Astrolabe"}],"items_purged_floors":[4],"is_endless":false,"potions_floor_spawned":[1,10,11],"killed_by":"Shell Parasite","ascension_level":0}}