{"host":"szp1d6dso4pv7ddl","time":1613795855,"event":{"mods":["AchievementEnabler","Alarm Clock","BaseMod","Bestiary","Block Reminder","Colored Map","Colored Powertips","Curses Come First","Dark Map","Displayed Cursed Tome","Highlight Path","Minty Spire (QoL Compilation)","Permanent Neow","Quick Restart","Relic Sorter","Relic Stats","StSLib","Synergy Search"],"gold_per_floor":[113,127,144,154,9,9,37,37,37,37,62,80,96,125,125,198,198,215,215,215,215,228,253,253,266,266,266,277,377,377,388,388,467,467,482,531,167,217,237,237,265,265,265,285,13,13,23,39,39,39],"floor_reached":51,"language":"ENG","playtime":4034,"items_purged":["Shame"],"score":1317,"play_id":"e913b30b-0faf-4358-a0e7-b3d34449b824","local_time":"20210219203735","is_ascension_mode":true,"campfire_choices":[{"data":"Carnage","floor":6,"key":"SMITH"},{"floor":8,"key":"REST"},{"floor":15,"key":"REST"},{"floor":24,"key":"REST"},{"floor":27,"key":"REST"},{"data":"True Grit","floor":30,"key":"SMITH"},{"floor":32,"key":"REST"},{"floor":40,"key":"REST"},{"floor":42,"key":"REST"},{"floor":46,"key":"REST"},{"floor":49,"key":"REST"}],"circlet_count":0,"master_deck":["AscendersBane","Strike_R","Strike_R","Strike_R","Defend_R","Defend_R","Defend_R","Defend_R","Bash","Clothesline","Flame Barrier","Havoc","Havoc","True Grit+1","Carnage+1","Uppercut","Rampage","Blood for Blood","Armaments","Exhume","True Grit","Combust","Burning Pact","Bloodletting","Disarm","Anger","Shockwave","Entrench","Bludgeon","Rupture","True Grit+1","Sadistic Nature","Sentinel","Metallicize","Iron Wave+1","Armaments","Sadistic Nature"],"relics":["Runic Pyramid","Thread and Needle","Incense Burner","Bottled Flame","Letter Opener","Cursed Key","Smiling Mask","PreservedInsect","Mango","Singing Bowl","Fusion Hammer","Ice Cream","Bag of Marbles"],"acts_visited":["Exordium","TheCity","TheBeyond"],"potions_floor_usage":[11,11,14,14,28,29,39,41],"damage_taken":[{"damage":12,"enemies":"Small Slimes","floor":1,"turns":5},{"damage":9,"enemies":"2 Louse","floor":2,"turns":3},{"damage":0,"enemies":"Cultist","floor":3,"turns":4},{"damage":6,"enemies":"Looter","floor":4,"turns":3},{"damage":23,"enemies":"Lagavulin","floor":7,"turns":5},{"damage":2,"enemies":"3 Sentries","floor":11,"turns":8},{"damage":9,"enemies":"Exordium Thugs","floor":12,"turns":4},{"damage":8,"enemies":"3 Louse","floor":13,"turns":4},{"damage":11,"enemies":"Lagavulin","floor":14,"turns":5},{"damage":31,"enemies":"Slime Boss","floor":16,"turns":11},{"damage":0,"enemies":"Chosen","floor":18,"turns":5},{"damage":2,"enemies":"3 Byrds","floor":22,"turns":3},{"damage":34,"enemies":"Book of Stabbing","floor":23,"turns":5},{"damage":17,"enemies":"Centurion and Healer","floor":25,"turns":4},{"damage":0,"enemies":"Snake Plant","floor":28,"turns":6},{"damage":7,"enemies":"Colosseum Slavers","floor":29,"turns":3},{"damage":3,"enemies":"Colosseum Nobs","floor":29,"turns":3},{"damage":21,"enemies":"Chosen and Byrds","floor":31,"turns":5},{"damage":11,"enemies":"Automaton","floor":33,"turns":12},{"damage":2,"enemies":"Orb Walker","floor":35,"turns":2},{"damage":45,"enemies":"2 Orb Walkers","floor":36,"turns":6},{"damage":25,"enemies":"3 Darklings","floor":39,"turns":3},{"damage":37,"enemies":"Giant Head","floor":41,"turns":8},{"damage":8,"enemies":"Maw","floor":44,"turns":9},{"damage":4,"enemies":"Jaw Worm Horde","floor":47,"turns":4},{"damage":7,"enemies":"4 Shapes","floor":48,"turns":5},{"damage":69,"enemies":"Awakened One","floor":50,"turns":13}],"seed_played":"8444710317019365217","potions_obtained":[{"floor":1,"key":"Fire Potion"},{"floor":7,"key":"EssenceOfSteel"},{"floor":12,"key":"DistilledChaos"},{"floor":13,"key":"CultistPotion"},{"floor":14,"key":"ElixirPotion"},{"floor":23,"key":"EssenceOfSteel"},{"floor":25,"key":"DuplicationPotion"},{"floor":29,"key":"Energy Potion"},{"floor":39,"key":"Regen Potion"},{"floor":47,"key":"GamblersBrew"},{"floor":48,"key":"SpeedPotion"}],"is_trial":false,"path_per_floor":["M","M","M","M","$","R","E","R","T","$","E","M","M","E","R","B",null,"M","?","?","?","M","E","R","M","T","R","M","?","R","M","R","B",null,"M","?","$","?","M","R","E","R","T","M","$","R","M","M","R","B",null],"character_chosen":"IRONCLAD","items_purchased":["True Grit","Carnage","Sadistic Nature","Sentinel","Metallicize","Armaments","Sadistic Nature"],"campfire_rested":9,"item_purchase_floors":[5,5,37,37,37,45,45],"current_hp_per_floor":[56,47,47,41,41,41,18,40,40,40,38,29,21,10,32,1,57,57,57,57,57,55,21,43,26,26,48,48,54,54,33,60,49,81,79,34,34,34,11,38,16,43,43,37,37,65,63,58,87,18],"gold":39,"neow_bonus":"BOSS_RELIC","is_daily":false,"chose_seed":false,"campfire_upgraded":2,"win_rate":0.0,"timestamp":1613795855,"path_taken":["M","M","M","M","$","R","E","R","T","$","E","M","M","E","R","BOSS","M","?","?","?","M","E","R","M","T","R","M","?","R","M","R","BOSS","M","?","$","?","?","R","E","R","T","M","$","R","M","M","R","BOSS"],"items_purchased_type":["Card","Card","Card","Card","Card","Card","Card"],"build_version":"2020-12-22","purchased_purges":1,"victory":true,"max_hp_per_floor":[75,75,75,75,75,75,75,75,75,75,75,75,75,75,75,75,75,75,75,75,75,75,75,75,75,75,75,75,91,91,91,91,91,91,91,91,91,91,93,93,93,93,93,95,95,95,97,99,99,99],"relic_stats":{"Singing Bowl":10,"counters":[27,148],"PreservedInsect":168,"Letter Opener":[227],"Cursed Key":0,"Smiling Mask":25,"obtain_stats":[{"Ice Cream":36,"Singing Bowl":29,"Thread and Needle":7,"Mango":29,"PreservedInsect":23,"Incense Burner":9,"Letter Opener":14,"Cursed Key":17,"Smiling Mask":20,"Burning Blood":0,"Bottled Flame":11,"Fusion Hammer":34,"Bag of Marbles":41,"Runic Pyramid":0},{"Ice Cream":21,"Singing Bowl":17,"Thread and Needle":5,"Mango":17,"PreservedInsect":13,"Incense Burner":5,"Letter Opener":9,"Cursed Key":10,"Smiling Mask":11,"Burning Blood":0,"Bottled Flame":6,"Fusion Hammer":19,"Bag of Marbles":23,"Runic Pyramid":0},{"Ice Cream":106,"Singing Bowl":81,"Thread and Needle":20,"Mango":81,"PreservedInsect":65,"Incense Burner":20,"Letter Opener":41,"Cursed Key":52,"Smiling Mask":57,"Burning Blood":0,"Bottled Flame":28,"Fusion Hammer":98,"Bag of Marbles":117,"Runic Pyramid":0}]},"card_choices":[{"not_picked":["Pommel Strike","Twin Strike"],"picked":"Clothesline","floor":1},{"not_picked":["Carnage","Seeing Red"],"picked":"Flame Barrier","floor":2},{"not_picked":["Rupture","Pommel Strike"],"picked":"Havoc","floor":3},{"not_picked":["Shrug It Off","Pummel"],"picked":"Havoc","floor":4},{"not_picked":["Pommel Strike","Sever Soul"],"picked":"Uppercut","floor":7},{"not_picked":["Headbutt","Thunderclap","Rampage"],"picked":"SKIP","floor":11},{"not_picked":["Headbutt","Thunderclap"],"picked":"Rampage","floor":11},{"not_picked":["Havoc","Battle Trance","Warcry"],"picked":"SKIP","floor":12},{"not_picked":["Clothesline","Cleave"],"picked":"Blood for Blood","floor":13},{"not_picked":["Entrench","Dark Embrace"],"picked":"Armaments","floor":14},{"not_picked":["Immolate","Double Tap"],"picked":"Exhume","floor":16},{"not_picked":["Wild Strike+1","Twin Strike"],"picked":"True Grit","floor":18},{"not_picked":["Pommel Strike+1","Havoc+1"],"picked":"Bloodletting","floor":22},{"not_picked":["Entrench","Sword Boomerang"],"picked":"Disarm","floor":23},{"not_picked":["Carnage","Bloodletting"],"picked":"Anger","floor":25},{"not_picked":["Anger","True Grit"],"picked":"Shockwave","floor":28},{"not_picked":["Perfected Strike","Flex","Thunderclap"],"picked":"Singing Bowl","floor":29},{"not_picked":["Sword Boomerang+1","Hemokinesis"],"picked":"Entrench","floor":31},{"not_picked":["Juggernaut","Immolate"],"picked":"Bludgeon","floor":33},{"not_picked":["Wild Strike+1","Disarm+1"],"picked":"Rupture","floor":35},{"not_picked":["Clash","Perfected Strike"],"picked":"True Grit+1","floor":36},{"not_picked":["Inflame","Anger","Sword Boomerang+1"],"picked":"Singing Bowl","floor":39},{"not_picked":["Demon Form","Clothesline"],"picked":"Iron Wave+1","floor":41},{"not_picked":["Fire Breathing","Rupture+1","Infernal Blade"],"picked":"Singing Bowl","floor":44},{"not_picked":["Pommel Strike","Iron Wave","Bloodletting+1"],"picked":"Singing Bowl","floor":47},{"not_picked":["Shrug It Off","Armaments","Warcry"],"picked":"Singing Bowl","floor":48}],"player_experience":1602794,"relics_obtained":[{"floor":7,"key":"Thread and Needle"},{"floor":9,"key":"Incense Burner"},{"floor":11,"key":"Bottled Flame"},{"floor":14,"key":"Letter Opener"},{"floor":23,"key":"PreservedInsect"},{"floor":29,"key":"Mango"},{"floor":29,"key":"Singing Bowl"},{"floor":36,"key":"Ice Cream"},{"floor":41,"key":"Bag of Marbles"}],"event_choices":[{"damage_healed":0,"gold_gain":0,"cards_transformed":["Strike_R","Strike_R"],"player_choice":"Became Test Subject","damage_taken":0,"max_hp_gain":0,"max_hp_loss":0,"event_name":"Drug Dealer","floor":19,"gold_loss":0,"cards_obtained":["Combust","Burning Pact"]},{"damage_healed":0,"gold_gain":0,"player_choice":"Stole Relic","damage_taken":0,"relics_obtained":["Smiling Mask"],"max_hp_gain":0,"max_hp_loss":0,"event_name":"Addict","floor":20,"gold_loss":0,"cards_obtained":["Shame"]},{"damage_healed":0,"gold_gain":0,"player_choice":"Ignored","damage_taken":0,"max_hp_gain":0,"max_hp_loss":0,"event_name":"Vampires","floor":21,"gold_loss":0},{"damage_healed":0,"gold_gain":0,"player_choice":"Fight","damage_taken":0,"max_hp_gain":0,"max_hp_loss":0,"event_name":"Colosseum","floor":29,"gold_loss":0},{"damage_healed":0,"gold_gain":0,"player_choice":"Fought Nobs","damage_taken":0,"max_hp_gain":0,"max_hp_loss":0,"event_name":"Colosseum","floor":29,"gold_loss":0},{"damage_healed":0,"gold_gain":0,"player_choice":"Fight","damage_taken":0,"max_hp_gain":0,"max_hp_loss":0,"event_name":"Mysterious Sphere","floor":36,"gold_loss":0},{"damage_healed":0,"gold_gain":50,"player_choice":"Pray","damage_taken":0,"max_hp_gain":0,"max_hp_loss":0,"event_name":"Golden Shrine","floor":38,"gold_loss":0}],"is_beta":false,"boss_relics":[{"not_picked":["Astrolabe","Runic Cube"],"picked":"Cursed Key"},{"not_picked":["Runic Dome","Empty Cage"],"picked":"Fusion Hammer"}],"items_purged_floors":[37],"is_endless":false,"potions_floor_spawned":[1,7,12,13,14,23,25,29,29,39,47,48],"ascension_level":18}}