{"host":"3twtdwjpiqhvvn5s","time":1613833756,"event":{"mods":["AchievementEnabler","Act Like it!","Aspiration","BaseMod","BetterRewards","Colored Map","Colored Powertips","Downfall","Duelist Mod","Friendly Minions","GifTheSpireLib","Hermit","Hubris","Infinite Spire","Jorbs\u0027s Wanderer Trilogy","Koishi","KomeijiMod","Marisa????????","Minty Spire (QoL Compilation)","Quick Restart","Rare Cards Sparkle","Replay The Spire","Shop Mod","StSLib","Td1madao Mod","The Administrix","The Animator","The Bug Knight","The Caster","The Cursed","The Disciple","The Hierophant","The Necromancer","The Poker Player","The Runesmith","The Servant 0.9.4"],"gold_per_floor":[113,129,149,149,4,34,51,86,112,112,124,142,160,172,172,172,172,172],"floor_reached":16,"language":"ENG","playtime":2922,"items_purged":[],"score":116,"play_id":"e4a2c0f5-e630-4f55-9389-8abdc96d5c28","local_time":"20210220090916","daily_mods":["Red Cards","Night Terrors"],"is_ascension_mode":false,"campfire_choices":[{"floor":10,"key":"REST"},{"data":"bronze:Format","floor":15,"key":"SMITH"}],"circlet_count":0,"master_deck":["bronze:Strike","bronze:Strike","bronze:Strike","bronze:Strike","bronze:Defend","bronze:Defend","bronze:Defend","bronze:Defend","bronze:Replicate","bronze:Goto","Headbutt","Pommel Strike","bronze:ChosenStrike","Decay","bronze:Format+1","Headbutt","bronze:Constructor","bronze:Deprecate","bronze:Iterate","Demonic Infusion"],"relics":["bronze:BronzeCore","Dream Catcher","Question Card","aspiration:HummingbirdHeart","bronze:BronzeIdol"],"acts_visited":["Exordium"],"potions_floor_usage":[3,7,12],"damage_taken":[{"damage":4,"enemies":"Cultist","floor":1,"turns":4},{"damage":7,"enemies":"2 Louse","floor":2,"turns":3},{"damage":6,"enemies":"Jaw Worm","floor":3,"turns":1},{"damage":39,"enemies":"3 Sentries","floor":6,"turns":9},{"damage":10,"enemies":"Exordium Wildlife","floor":7,"turns":4},{"damage":1,"enemies":"HollowMod:MossKnight","floor":8,"turns":5},{"damage":0,"enemies":"Blue Slaver","floor":11,"turns":3},{"damage":1,"enemies":"3 Louse","floor":12,"turns":3},{"damage":8,"enemies":"Lots of Slimes","floor":13,"turns":4},{"damage":0,"enemies":"Large Slime","floor":14,"turns":3},{"damage":59,"enemies":"Slime Boss","floor":16,"turns":8}],"seed_played":"-1558710366637475719","potions_obtained":[{"floor":2,"key":"champ:CounterPotion"},{"floor":6,"key":"Energy Potion"},{"floor":7,"key":"Strength Potion"},{"floor":13,"key":"sneckomod:MuddlingPotion"}],"is_trial":true,"path_per_floor":["M","M","M","?","$","E","M","E","T","R","M","M","M","M","R","B"],"character_chosen":"THE_AUTOMATON","items_purchased":["Dream Catcher"],"campfire_rested":1,"item_purchase_floors":[5],"current_hp_per_floor":[66,59,53,53,53,14,4,3,3,65,65,64,56,56,56,0,0,0],"gold":172,"neow_bonus":"","is_daily":false,"chose_seed":false,"campfire_upgraded":1,"win_rate":0.0,"timestamp":1613833756,"path_taken":["M","M","M","?","$","E","M","E","T","R","M","M","M","M","R","BOSS"],"items_purchased_type":["Relic"],"build_version":"2020-12-22","purchased_purges":0,"victory":false,"max_hp_per_floor":[70,70,70,70,70,70,70,70,70,65,65,65,65,65,65,65,65,65],"card_choices":[{"not_picked":["Infernal Blade","Clash"],"picked":"Headbutt","floor":1},{"not_picked":["bronze:FineTuning","bronze:Shield"],"picked":"Pommel Strike","floor":2},{"not_picked":["Rage","Headbutt"],"picked":"bronze:ChosenStrike","floor":3},{"not_picked":["bronze:Overheat","bronze:BitShift"],"picked":"bronze:Format","floor":6},{"not_picked":["Armaments","Havoc","Replay:Undeath\u0027s Touch"],"picked":"Headbutt","floor":7},{"not_picked":["Entrench","hubris:CleavingFinish","Whirlwind"],"picked":"bronze:Constructor","floor":8},{"not_picked":["bronze:Terminator","Clash","Dual Wield"],"picked":"bronze:Deprecate","floor":10},{"not_picked":["bronze:Overheat","Combust","Iron Wave"],"picked":"bronze:Iterate","floor":11},{"not_picked":["Twin Strike","True Grit","Wild Strike","Blood for Blood"],"picked":"SKIP","floor":12},{"not_picked":["bronze:BitShift","ReplayTheSpireMod:LeadingStrike","Shockwave"],"picked":"Demonic Infusion","floor":13},{"not_picked":["Havoc","Replay:Undeath\u0027s Touch","Armaments","Flame Barrier"],"picked":"SKIP","floor":14}],"player_experience":3314201,"relics_obtained":[{"floor":6,"key":"Question Card"},{"floor":8,"key":"aspiration:HummingbirdHeart"},{"floor":9,"key":"bronze:BronzeIdol"}],"event_choices":[{"damage_healed":0,"gold_gain":0,"player_choice":"Cursed","damage_taken":0,"max_hp_gain":0,"max_hp_loss":0,"event_name":"Wheel of Change","floor":4,"gold_loss":0,"cards_obtained":["Decay"]}],"is_beta":false,"boss_relics":[],"items_purged_floors":[],"is_endless":false,"potions_floor_spawned":[2,6,7,13],"killed_by":"Slime Boss","ascension_level":0}}