{"host":"y9t3brv5y5t41vuj","time":1613832968,"event":{"mods":["AchievementEnabler","BaseMod","BetterRewards","Block Reminder","Colored Map","Colored Powertips","Conspire","Highlight Path","Hubris","Infinite Spire","Minty Spire (QoL Compilation)","Quick Restart","Replay The Spire","Shop Mod","StSLib","SuperFastMode","Unceasing Turn Reminder"],"gold_per_floor":[110,110,125,137,344,379,408,428,428,428,460,470,470,489,489,591,591,604,620,640,83,102,136,136,136,136,150,150,162,192,204,204,309,309,320,340,359,359,374,394,394,412,458,491,16,63,63,113,113,113],"floor_reached":51,"language":"ENG","playtime":1965,"items_purged":["Strike_R","Strike_R","Strike_R","Strike_R","Strike_R","Defend_R","Defend_R","Defend_R+1","Defend_R+1"],"score":1183,"play_id":"27e2bcec-2af8-4bb2-bf65-75f9fae3d504","local_time":"20210220155608","is_ascension_mode":false,"campfire_choices":[{"data":"Bash","floor":10,"key":"SMITH"},{"data":"Rage","floor":13,"key":"SMITH"},{"floor":15,"key":"DIG"},{"data":"Entrench","floor":24,"key":"SMITH"},{"data":"infinitespire:Fortify","floor":28,"key":"SMITH"},{"data":"Dropkick","floor":32,"key":"SMITH"},{"data":"Body Slam","floor":47,"key":"SMITH"},{"data":"Dramatic Entrance","floor":49,"key":"SMITH"}],"circlet_count":0,"master_deck":["Dropkick+1","Bash+1","Dramatic Entrance+1","conspire:Banana","Shrug It Off","Dropkick+1","ReplayTheSpireMod:Muscle Training+1","Dropkick+1","conspire:Banana+1","Shrug It Off","Thunderclap","Rage+1","Rupture+1","Cleave","Seeing Red","Rage+1","Demon Form+1","Entrench+1","infinitespire:Fortify+1","Body Slam+1","Sword Boomerang+1","Uppercut+1"],"relics":["Burning Blood","hubris:PeanutButter","MerchantsRug","infinitespire:BottledMercury","ReplayTheSpireMod:ShopPack","Torii","DollysMirror","hubris:TenFootPole","Chemical X","Counterbalance","Blue Doll","Ice Cream","conspire:TreasureMap","Gremlin Food","Golden Egg","Nunchaku","Odd Mushroom","Toy Ornithopter","Blood Vial","The Courier","Painkiller Herb","Black Star","infinitespire:Satchel","Shuriken","Bottled Flame","Happy Flower","Unceasing Top","ReplayTheSpireMod:Spearhead","Red Skull","Busted Crown","Bottled Tornado","Oddly Smooth Stone","Strange Spoon","FossilizedHelix","Turnip","hubris:Spice","hubris:FunFungus"],"acts_visited":["Exordium","TheCity","TheBeyond"],"potions_floor_usage":[],"damage_taken":[{"damage":1,"enemies":"Small Slimes","floor":1,"turns":4},{"damage":0,"enemies":"Jaw Worm","floor":3,"turns":3},{"damage":0,"enemies":"conspire:RoseBush","floor":4,"turns":2},{"damage":1,"enemies":"Gremlin Nob","floor":6,"turns":5},{"damage":8,"enemies":"The Mushroom Lair","floor":7,"turns":3},{"damage":0,"enemies":"Looter","floor":8,"turns":2},{"damage":0,"enemies":"Lagavulin","floor":11,"turns":6},{"damage":1,"enemies":"Exordium Wildlife","floor":12,"turns":4},{"damage":0,"enemies":"Lots of Slimes","floor":14,"turns":1},{"damage":20,"enemies":"Fading Forest","floor":16,"turns":11},{"damage":6,"enemies":"Chosen","floor":18,"turns":5},{"damage":5,"enemies":"conspire:FuzzyDice","floor":19,"turns":6},{"damage":12,"enemies":"Snecko","floor":20,"turns":7},{"damage":0,"enemies":"Snake Plant","floor":22,"turns":4},{"damage":30,"enemies":"Gremlin Leader","floor":23,"turns":6},{"damage":0,"enemies":"conspire:HollyBat","floor":27,"turns":5},{"damage":1,"enemies":"Shelled Parasite and Fungi","floor":29,"turns":4},{"damage":0,"enemies":"Book of Stabbing","floor":30,"turns":5},{"damage":13,"enemies":"Snecko","floor":31,"turns":5},{"damage":0,"enemies":"Champ","floor":33,"turns":8},{"damage":0,"enemies":"Orb Walker","floor":35,"turns":2},{"damage":0,"enemies":"3 Shapes","floor":36,"turns":4},{"damage":0,"enemies":"Transient","floor":37,"turns":5},{"damage":0,"enemies":"Writhing Mass","floor":39,"turns":5},{"damage":1,"enemies":"Sphere and 2 Shapes","floor":40,"turns":4},{"damage":0,"enemies":"Transient","floor":42,"turns":5},{"damage":7,"enemies":"Reptomancer","floor":44,"turns":3},{"damage":1,"enemies":"2 Orb Walkers","floor":46,"turns":4},{"damage":0,"enemies":"Mind Bloom Boss Battle","floor":48,"turns":4},{"damage":12,"enemies":"Donu and Deca","floor":50,"turns":5}],"seed_played":"-3007071719056097535","potions_obtained":[{"floor":3,"key":"Doom Potion"},{"floor":7,"key":"LifebloodPotion"},{"floor":11,"key":"Weak Potion"}],"is_trial":false,"path_per_floor":["M","?","M","M","?","E","?","M","T","R","E","M","R","M","R_BF","B",null,"?","?","?","T","?","E","T","AVR","T","?","T","?","E","?","T","B",null,"?","?","?","?","?","?","AVR","?","T","E","T","?","T","?","T","B",null],"character_chosen":"IRONCLAD","items_purchased":["hubris:PeanutButter","MerchantsRug","infinitespire:BottledMercury","ReplayTheSpireMod:ShopPack","Shrug It Off","DollysMirror","ReplayTheSpireMod:Muscle Training+1","hubris:TenFootPole","Chemical X","Counterbalance","Blue Doll","Dropkick","conspire:Banana+1","Ice Cream","conspire:TreasureMap","Shrug It Off","Thunderclap","Gremlin Food","Golden Egg","Rage","Rupture","Energy Potion","infinitespire:Satchel","Simple Rune","Shuriken","Bottled Flame","Strange Spoon","FossilizedHelix","Turnip"],"campfire_rested":0,"item_purchase_floors":[0,0,0,0,0,0,0,0,0,0,0,0,0,0,0,0,0,0,0,0,0,0,21,21,21,21,45,45,45],"current_hp_per_floor":[40,40,47,54,37,46,46,52,52,52,61,72,72,80,80,92,101,104,107,104,104,113,99,99,99,99,111,111,122,133,129,129,140,140,142,146,149,149,152,155,155,158,158,160,160,172,172,175,175,176],"gold":113,"neow_bonus":"","is_daily":false,"chose_seed":false,"campfire_upgraded":7,"win_rate":0.0,"timestamp":1613832968,"path_taken":["M","?","M","M","?","E","?","?","T","R","E","M","R","M","R_BF","BOSS","?","?","?","T","?","E","T","AVR","T","?","T","?","E","?","T","BOSS","?","?","?","?","?","?","AVR","?","T","E","?","?","T","?","T","BOSS"],"items_purchased_type":["Relic","Relic","Relic","Relic","Card","Relic","Card","Relic","Relic","Relic","Relic","Card","Card","Relic","Relic","Card","Card","Relic","Relic","Card","Card","Potion","Relic","Relic","Relic","Relic","Relic","Relic","Relic"],"build_version":"2020-12-22","purchased_purges":9,"victory":true,"max_hp_per_floor":[83,83,84,85,85,89,91,91,91,91,94,98,98,98,98,101,101,104,107,110,110,113,123,123,123,123,127,127,131,134,136,136,140,140,142,146,149,149,152,155,155,158,158,161,161,172,172,175,175,178],"card_choices":[{"not_picked":["Transmutation","Metamorphosis"],"picked":"Apotheosis","floor":0},{"not_picked":["Swift Strike","ReplayUltimateDefense"],"picked":"Dramatic Entrance","floor":0},{"not_picked":["Forethought","Replay:Parry"],"picked":"conspire:Banana","floor":0},{"not_picked":["Ghostly Armor","Shrug It Off","Carnage"],"picked":"SKIP","floor":1},{"not_picked":["True Grit","Feel No Pain","Burning Pact"],"picked":"SKIP","floor":3},{"not_picked":["Body Slam","Burning Pact","Searing Blow"],"picked":"SKIP","floor":4},{"not_picked":["ReplayTheSpireMod:Strike From Hell","True Grit"],"picked":"Cleave","floor":6},{"not_picked":["Warcry","True Grit"],"picked":"Seeing Red","floor":7},{"not_picked":["Searing Blow","ReplayTheSpireMod:LeadingStrike","Anger"],"picked":"SKIP","floor":8},{"not_picked":["Iron Wave","Thunderclap"],"picked":"Rage","floor":11},{"not_picked":["Rage","Shrug It Off","Fire Breathing"],"picked":"SKIP","floor":12},{"not_picked":["Demonic Infusion","Anger","Rampage"],"picked":"SKIP","floor":14},{"not_picked":["Hemogenesis","Eclipse"],"picked":"Demon Form","floor":16},{"not_picked":["hubris:SharpeningStone","ReplayTheSpireMod:Strike From Hell+1","Anger"],"picked":"SKIP","floor":18},{"not_picked":["Shrug It Off","Clothesline","hubris:SharpeningStone"],"picked":"SKIP","floor":19},{"not_picked":["conspire:ExplosiveBarrier+1","Anger+1","Wild Strike+1"],"picked":"SKIP","floor":20},{"not_picked":["Flex","Cleave","Rupture"],"picked":"SKIP","floor":22},{"not_picked":["Twin Strike","Pommel Strike+1"],"picked":"Entrench","floor":23},{"not_picked":["Flex+1","Shrug It Off","Bludgeon"],"picked":"SKIP","floor":27},{"not_picked":["Sword Boomerang+1","infinitespire:OneForAll","Warcry+1"],"picked":"SKIP","floor":29},{"not_picked":["Cleave","Anger+1","Life Link"],"picked":"SKIP","floor":30},{"not_picked":["ReplayTheSpireMod:Strike From Hell","Clothesline+1","Flex+1"],"picked":"SKIP","floor":31},{"not_picked":["Headbutt+1"],"picked":"SKIP","floor":35},{"not_picked":["Heavy Blade"],"picked":"SKIP","floor":36},{"not_picked":["Twin Strike"],"picked":"SKIP","floor":37},{"not_picked":["Perfected Strike"],"picked":"SKIP","floor":39},{"not_picked":[],"picked":"Body Slam","floor":40},{"not_picked":["Replay:Undeath\u0027s Touch+1"],"picked":"SKIP","floor":42},{"not_picked":["Headbutt+1"],"picked":"SKIP","floor":44},{"not_picked":[],"picked":"Sword Boomerang+1","floor":46},{"not_picked":[],"picked":"Uppercut+1","floor":48}],"player_experience":538122,"relics_obtained":[{"floor":6,"key":"Nunchaku"},{"floor":7,"key":"Odd Mushroom"},{"floor":9,"key":"Toy Ornithopter"},{"floor":11,"key":"Blood Vial"},{"floor":15,"key":"The Courier"},{"floor":23,"key":"Strawberry"},{"floor":23,"key":"Happy Flower"},{"floor":26,"key":"Darkstone Periapt"},{"floor":30,"key":"ReplayTheSpireMod:Spearhead"},{"floor":30,"key":"Red Skull"},{"floor":43,"key":"Bottled Tornado"},{"floor":44,"key":"Oddly Smooth Stone"},{"floor":44,"key":"hubris:DeckOfHolding"},{"floor":46,"key":"hubris:Spice"},{"floor":48,"key":"hubris:FunFungus"}],"event_choices":[{"damage_healed":0,"gold_gain":0,"player_choice":"Fought Mushrooms","damage_taken":0,"max_hp_gain":0,"max_hp_loss":0,"event_name":"Mushrooms","floor":7,"gold_loss":0},{"cards_removed":["Apotheosis"],"damage_healed":0,"gold_gain":0,"player_choice":"Purged","damage_taken":0,"max_hp_gain":0,"max_hp_loss":0,"event_name":"Purifier","floor":38,"gold_loss":0},{"damage_healed":0,"gold_gain":0,"player_choice":"Fight","damage_taken":0,"max_hp_gain":0,"max_hp_loss":0,"event_name":"Mysterious Sphere","floor":46,"gold_loss":0},{"damage_healed":0,"gold_gain":0,"player_choice":"Fight","damage_taken":0,"max_hp_gain":0,"max_hp_loss":0,"event_name":"MindBloom","floor":48,"gold_loss":0}],"is_beta":false,"boss_relics":[{"not_picked":["Replay:Drink Me","Replay:Wanted Poster"],"picked":"Replay:Grab Bag"},{"not_picked":["Replay:Bronze Core","Philosopher\u0027s Stone"],"picked":"Painkiller Herb"},{"not_picked":["hubris:TerracottaHorce","Cursed Key"],"picked":"conspire:SlowCooker"},{"not_picked":["Astrolabe","Snecko Eye"],"picked":"Black Star"},{"not_picked":["infinitespire:Cupcake","Coffee Dripper"],"picked":"Busted Crown"}],"items_purged_floors":[0,0,0,0,0,21,25,41,45],"is_endless":false,"potions_floor_spawned":[3,7,11,16,19,22,23,29,31,35,40,44],"ascension_level":0}}