{"host":"fv2k0lzl4ivow5fw","time":1613802277,"event":{"mods":["Aspiration","BaseMod","Downfall","Infinite Spire","Marisa????????","Minty Spire (QoL Compilation)","Reliquary","Replay The Spire","StSLib","The Animator","The Servant 0.9.4"],"gold_per_floor":[131,146,146,71,71,71,106,106,132,132,132],"floor_reached":10,"language":"ENG","playtime":930,"items_purged":["animator:Defend"],"score":67,"play_id":"e3376420-7448-4cd8-a2cd-082a498d7523","local_time":"20210219222437","is_ascension_mode":true,"campfire_choices":[{"floor":6,"key":"RECALL"}],"circlet_count":0,"master_deck":["animator:Strike_GoblinSlayer","animator:Defend_GoblinSlayer","animator:Strike","animator:Strike","animator:Defend","animator:Defend","animator:LizardPriest","animator:DwarfShaman","animator:DolaStephanie","animator:Scar","animator:Bozes"],"relics":["animator:LivingPicture","animator:TheMissingPiece","aspiration:DSix","Golden Idol","reliquary:Sod","Peace Pipe"],"acts_visited":["Exordium"],"potions_floor_usage":[10],"damage_taken":[{"damage":0,"enemies":"2 Louse","floor":1,"turns":5},{"damage":9,"enemies":"Cultist","floor":2,"turns":4},{"damage":20,"enemies":"Lagavulin","floor":7,"turns":7},{"damage":43,"enemies":"Gremlin Nob","floor":10,"turns":4}],"seed_played":"-6035206184453974357","potions_obtained":[{"floor":7,"key":"Swift Potion"}],"is_trial":false,"path_per_floor":["M","M","?","$","?","R","E","T","T","E"],"character_chosen":"THE_ANIMATOR","items_purchased":[],"campfire_rested":0,"item_purchase_floors":[],"current_hp_per_floor":[66,57,57,57,41,41,21,21,21,0,0],"gold":132,"neow_bonus":"DSIX","is_daily":false,"chose_seed":false,"campfire_upgraded":0,"win_rate":0.0,"timestamp":1613802277,"path_taken":["M","M","?","?","?","R","E","?","T","E"],"items_purchased_type":[],"build_version":"2020-12-22","purchased_purges":1,"victory":false,"max_hp_per_floor":[66,66,66,66,66,66,66,66,66,66,66],"card_choices":[{"not_picked":["animator:DolaSchwi","animator:Jibril"],"picked":"animator:DolaStephanie","floor":1},{"not_picked":["animator:MaesHughes","animator:MetalKnight"],"picked":"animator:Scar","floor":2},{"not_picked":["animator:DwarfShaman","animator:Kuribayashi"],"picked":"animator:Bozes","floor":7}],"player_experience":130604,"relics_obtained":[{"floor":7,"key":"reliquary:Sod"},{"floor":9,"key":"Peace Pipe"}],"event_choices":[{"cards_removed":["animator:Strike"],"damage_healed":0,"gold_gain":0,"player_choice":"Purged","damage_taken":0,"max_hp_gain":0,"max_hp_loss":0,"event_name":"Purifier","floor":3,"gold_loss":0},{"damage_healed":0,"gold_gain":0,"player_choice":"Take Damage","damage_taken":16,"relics_obtained":["Golden Idol"],"max_hp_gain":0,"max_hp_loss":0,"event_name":"Golden Idol","floor":5,"gold_loss":0}],"is_beta":false,"boss_relics":[],"items_purged_floors":[4],"is_endless":false,"potions_floor_spawned":[7],"killed_by":"Gremlin Nob","ascension_level":1}}