{"host":"wbn3xdfsa5pc2kse","time":1613805851,"event":{"mods":["AchievementEnabler","BaseMod","Bestiary","Colored Map","Colored Powertips","Curses Come First","Highlight Path","Minty Spire (QoL Compilation)","Permanent Neow","Rare Cards Sparkle","Relic Stats","StSLib"],"gold_per_floor":[119,135,135,151,165,165,198,198,223,252,280,296,316,333,333,406,406,426,426,437,1,49,74,74,107,132,147,147,147,147],"floor_reached":29,"language":"ZHT","playtime":1180,"items_purged":[],"score":650,"play_id":"b3eace23-23bd-48ca-8c22-8dd7c442287e","local_time":"20210220152411","is_ascension_mode":true,"campfire_choices":[{"data":"FlyingSleeves","floor":6,"key":"SMITH"},{"data":"Prostrate","floor":8,"key":"SMITH"},{"data":"WreathOfFlame","floor":15,"key":"SMITH"},{"data":"Prostrate","floor":24,"key":"SMITH"}],"circlet_count":0,"master_deck":["AscendersBane","Strike_P","Strike_P","Defend_P","Defend_P","Defend_P","Defend_P","Eruption","Vigilance","FlyingSleeves+1","WreathOfFlame+1","Prostrate+1","Prostrate+1","Wireheading","FlyingSleeves","Crescendo","Scrawl","CrushJoints","ClearTheMind","Establishment","FollowUp+1","Indignation","Prostrate","SpiritShield","ThirdEye","Decay"],"relics":["PureWater","Damaru","Bag of Marbles","Bag of Preparation","Odd Mushroom","Oddly Smooth Stone","Philosopher\u0027s Stone","Pantograph","Strawberry","Vajra","Bottled Tornado","Meat on the Bone","Bronze Scales"],"acts_visited":["Exordium","TheCity"],"potions_floor_usage":[11,14,23,25,29],"damage_taken":[{"damage":1,"enemies":"2 Louse","floor":1,"turns":3},{"damage":12,"enemies":"Cultist","floor":2,"turns":3},{"damage":2,"enemies":"Jaw Worm","floor":4,"turns":4},{"damage":8,"enemies":"Large Slime","floor":5,"turns":8},{"damage":0,"enemies":"Lagavulin","floor":7,"turns":4},{"damage":9,"enemies":"The Mushroom Lair","floor":10,"turns":6},{"damage":3,"enemies":"Gremlin Nob","floor":11,"turns":3},{"damage":0,"enemies":"Gremlin Gang","floor":12,"turns":4},{"damage":7,"enemies":"Lots of Slimes","floor":13,"turns":4},{"damage":0,"enemies":"Blue Slaver","floor":14,"turns":2},{"damage":12,"enemies":"The Guardian","floor":16,"turns":11},{"damage":25,"enemies":"Shell Parasite","floor":18,"turns":4},{"damage":8,"enemies":"Chosen","floor":20,"turns":4},{"damage":0,"enemies":"Gremlin Leader","floor":23,"turns":4},{"damage":5,"enemies":"Book of Stabbing","floor":25,"turns":2},{"damage":13,"enemies":"Centurion and Healer","floor":27,"turns":4},{"damage":37,"enemies":"Slavers","floor":29,"turns":2}],"seed_played":"-5521898096434444182","potions_obtained":[{"floor":2,"key":"Strength Potion"},{"floor":4,"key":"SpeedPotion"},{"floor":7,"key":"FearPotion"},{"floor":13,"key":"Explosive Potion"},{"floor":14,"key":"LiquidBronze"},{"floor":16,"key":"BlessingOfTheForge"},{"floor":23,"key":"StancePotion"}],"is_trial":false,"path_per_floor":["M","M","?","M","M","R","E","R","T","?","E","M","M","M","R","B",null,"M","?","M","$","T","E","R","E","T","M","?","E"],"character_chosen":"WATCHER","items_purchased":["Pantograph","Strawberry"],"campfire_rested":0,"item_purchase_floors":[21,21],"current_hp_per_floor":[60,48,48,46,38,38,38,38,38,29,26,26,19,19,19,7,53,28,28,20,27,27,27,27,22,22,21,21,0,0],"gold":147,"neow_bonus":"RANDOM_COMMON_RELIC","is_daily":false,"chose_seed":false,"campfire_upgraded":4,"win_rate":0.0,"timestamp":1613805851,"path_taken":["M","M","?","?","M","R","E","R","T","?","E","M","M","M","R","BOSS","M","?","?","$","?","E","R","E","T","M","?","E"],"items_purchased_type":["Relic","Relic"],"build_version":"2020-12-22","purchased_purges":0,"victory":false,"max_hp_per_floor":[68,68,68,68,68,68,68,68,68,68,68,68,68,68,68,68,68,68,68,68,75,75,75,75,75,75,75,75,75,75],"relic_stats":{"counters":[17,72],"Pantograph":0,"Bronze Scales":[9],"Bag of Preparation":[24],"obtain_stats":[{"Damaru":0,"Oddly Smooth Stone":11,"Vajra":22,"Bag of Preparation":9,"Odd Mushroom":10,"Bottled Tornado":23,"Pantograph":21,"Strawberry":21,"Bronze Scales":26,"Philosopher\u0027s Stone":17,"Bag of Marbles":7,"PureWater":0,"Meat on the Bone":25},{"Damaru":0,"Oddly Smooth Stone":7,"Vajra":13,"Bag of Preparation":5,"Odd Mushroom":6,"Bottled Tornado":14,"Pantograph":13,"Strawberry":13,"Bronze Scales":15,"Philosopher\u0027s Stone":11,"Bag of Marbles":5,"PureWater":0,"Meat on the Bone":15},{"Damaru":0,"Oddly Smooth Stone":31,"Vajra":60,"Bag of Preparation":22,"Odd Mushroom":28,"Bottled Tornado":64,"Pantograph":60,"Strawberry":60,"Bronze Scales":66,"Philosopher\u0027s Stone":52,"Bag of Marbles":22,"PureWater":0,"Meat on the Bone":66}],"Meat on the Bone":12},"card_choices":[{"not_picked":["EmptyBody","EmptyMind"],"picked":"FlyingSleeves","floor":1},{"not_picked":["InnerPeace","EmptyBody"],"picked":"WreathOfFlame","floor":2},{"not_picked":["ThirdEye","Conclude"],"picked":"Prostrate","floor":4},{"not_picked":["Halt","Evaluate"],"picked":"Prostrate","floor":5},{"not_picked":["Consecrate","Collect"],"picked":"Wireheading","floor":7},{"not_picked":["Halt","EmptyBody"],"picked":"FlyingSleeves","floor":10},{"not_picked":["Wireheading","Consecrate"],"picked":"Crescendo","floor":11},{"not_picked":["CutThroughFate","CarveReality"],"picked":"Scrawl","floor":12},{"not_picked":["Meditate","BattleHymn"],"picked":"CrushJoints","floor":13},{"not_picked":["Protect","CrushJoints"],"picked":"ClearTheMind","floor":14},{"not_picked":["Vault","Scrawl"],"picked":"Establishment","floor":16},{"not_picked":["WheelKick","EmptyFist"],"picked":"FollowUp+1","floor":18},{"not_picked":["Fasting2","Study","EmptyBody"],"picked":"SKIP","floor":20},{"not_picked":["Fasting2","Study","EmptyBody"],"picked":"SKIP","floor":20},{"not_picked":["Tantrum","ForeignInfluence"],"picked":"Prostrate","floor":23},{"not_picked":["Study","WaveOfTheHand"],"picked":"SpiritShield","floor":25},{"not_picked":["LikeWater","Indignation"],"picked":"ThirdEye","floor":27}],"player_experience":835264,"relics_obtained":[{"floor":7,"key":"Bag of Marbles"},{"floor":9,"key":"Bag of Preparation"},{"floor":10,"key":"Odd Mushroom"},{"floor":11,"key":"Oddly Smooth Stone"},{"floor":22,"key":"Vajra"},{"floor":23,"key":"Bottled Tornado"},{"floor":25,"key":"Meat on the Bone"},{"floor":26,"key":"Bronze Scales"}],"event_choices":[{"cards_removed":["Strike_P"],"damage_healed":0,"gold_gain":0,"player_choice":"Purged","damage_taken":0,"max_hp_gain":0,"max_hp_loss":0,"event_name":"Purifier","floor":3,"gold_loss":0},{"damage_healed":0,"gold_gain":0,"player_choice":"Fought Mushrooms","damage_taken":0,"max_hp_gain":0,"max_hp_loss":0,"event_name":"Mushrooms","floor":10,"gold_loss":0},{"damage_healed":0,"gold_gain":0,"cards_transformed":["Strike_P"],"player_choice":"Transformed","damage_taken":0,"max_hp_gain":0,"max_hp_loss":0,"event_name":"Transmorgrifier","floor":19,"gold_loss":0,"cards_obtained":["Indignation"]},{"damage_healed":0,"gold_gain":0,"player_choice":"Smashed Altar","damage_taken":0,"max_hp_gain":0,"max_hp_loss":0,"event_name":"Forgotten Altar","floor":28,"gold_loss":0,"cards_obtained":["Decay"]}],"is_beta":false,"boss_relics":[{"not_picked":["Black Star","Pandora\u0027s Box"],"picked":"Philosopher\u0027s Stone"}],"items_purged_floors":[],"is_endless":false,"potions_floor_spawned":[2,4,7,13,14,16,23],"killed_by":"Slavers","ascension_level":20}}