{"host":"osru0s4hyl5hhaol","time":1613822391,"event":{"mods":["BaseMod","Colored Map","Minty Spire (QoL Compilation)"],"gold_per_floor":[110,110,130,130,130,130,141,141,166,166,186,201,215,228,228,330,330,340,354,366,366,366,366,50,50,75,90,90,108,128,140,140,238,238,257,257,257,276,286,286,301,327,354,384,240,265,1,1,1,1,1],"floor_reached":50,"language":"ENG","playtime":1848,"items_purged":[],"score":518,"play_id":"6b7ad2dd-1874-4926-8e4a-3ecdeb6c760d","local_time":"20210220055951","is_ascension_mode":false,"campfire_choices":[{"data":"Dagger Spray","floor":6,"key":"SMITH"},{"data":"Survivor","floor":10,"key":"SMITH"},{"data":"Caltrops","floor":15,"key":"SMITH"},{"floor":23,"key":"REST"},{"data":"Footwork","floor":25,"key":"SMITH"},{"data":"Backstab","floor":32,"key":"SMITH"},{"floor":40,"key":"REST"},{"data":"Tools of the Trade","floor":49,"key":"SMITH"}],"circlet_count":0,"master_deck":["Defend_G","Defend_G","Defend_G","Defend_G","Defend_G","Survivor+1","Neutralize+1","Shame","Dagger Spray+1","Reflex","Blur","Backstab+1","Deflect","Caltrops+1","Doppelganger","Dagger Spray+1","Unload","Footwork+1","Bite","Bite","Bite","Bite","Bite","Footwork","Flying Knee+1","Backstab+1","Skewer+1","Dash+1","Tools of the Trade+1","Violence","Choke+1","Flying Knee+1","Poisoned Stab+1","Setup+1","Backstab+1","Footwork","Outmaneuver"],"relics":["Ring of the Snake","Torii","Mercury Hourglass","Bronze Scales","SacredBark","Oddly Smooth Stone","Molten Egg 2","Juzu Bracelet","MutagenicStrength","Busted Crown","Ancient Tea Set","MawBank","DollysMirror","Snake Skull","Toolbox"],"acts_visited":["Exordium","TheCity","TheBeyond"],"potions_floor_usage":[16,16,16,27,29,29,30,33,33,42,50],"damage_taken":[{"damage":0,"enemies":"Small Slimes","floor":1,"turns":4},{"damage":0,"enemies":"2 Louse","floor":3,"turns":2},{"damage":0,"enemies":"Cultist","floor":7,"turns":4},{"damage":1,"enemies":"3 Louse","floor":11,"turns":1},{"damage":0,"enemies":"2 Fungi Beasts","floor":12,"turns":2},{"damage":0,"enemies":"Looter","floor":13,"turns":2},{"damage":1,"enemies":"Large Slime","floor":14,"turns":4},{"damage":19,"enemies":"The Guardian","floor":16,"turns":12},{"damage":3,"enemies":"3 Byrds","floor":18,"turns":3},{"damage":35,"enemies":"Spheric Guardian","floor":19,"turns":5},{"damage":1,"enemies":"Snake Plant","floor":20,"turns":3},{"damage":11,"enemies":"Cultist and Chosen","floor":27,"turns":5},{"damage":3,"enemies":"3 Cultists","floor":29,"turns":5},{"damage":3,"enemies":"Shelled Parasite and Fungi","floor":30,"turns":6},{"damage":0,"enemies":"Snecko","floor":31,"turns":4},{"damage":94,"enemies":"Collector","floor":33,"turns":14},{"damage":29,"enemies":"3 Darklings","floor":35,"turns":4},{"damage":1,"enemies":"3 Shapes","floor":38,"turns":4},{"damage":0,"enemies":"Jaw Worm Horde","floor":39,"turns":3},{"damage":6,"enemies":"Sphere and 2 Shapes","floor":41,"turns":4},{"damage":52,"enemies":"Nemesis","floor":42,"turns":6},{"damage":14,"enemies":"Writhing Mass","floor":44,"turns":4},{"damage":64,"enemies":"Donu and Deca","floor":50,"turns":6}],"seed_played":"-7838887315040683938","potions_obtained":[{"floor":1,"key":"Dexterity Potion"},{"floor":11,"key":"Weak Potion"},{"floor":13,"key":"FearPotion"},{"floor":14,"key":"Strength Potion"},{"floor":16,"key":"EntropicBrew"},{"floor":18,"key":"Strength Potion"},{"floor":20,"key":"Poison Potion"},{"floor":27,"key":"FearPotion"},{"floor":30,"key":"Swift Potion"},{"floor":38,"key":"ColorlessPotion"},{"floor":42,"key":"BlessingOfTheForge"}],"is_trial":false,"path_per_floor":["M","?","M","?","?","R","M","T","T","R","M","M","M","M","R","B",null,"M","M","M","?","?","R","$","R","T","M","?","M","M","M","R","B",null,"M","?","?","M","M","R","M","E","T","M","$","T","$","?","R","B"],"character_chosen":"THE_SILENT","items_purchased":["Molten Egg 2","Footwork","DollysMirror","Toolbox","Footwork","Outmaneuver"],"campfire_rested":2,"item_purchase_floors":[24,24,45,47,47,47],"current_hp_per_floor":[70,70,70,70,75,75,75,75,75,75,74,74,74,73,73,54,75,72,37,36,36,36,51,51,51,51,41,41,48,51,52,52,12,52,29,29,29,36,36,51,45,31,31,21,21,21,21,45,45,0,0],"gold":1,"neow_bonus":"ONE_RARE_RELIC","is_daily":false,"chose_seed":false,"campfire_upgraded":6,"win_rate":0.0,"timestamp":1613822391,"path_taken":["M","?","M","?","?","R","M","?","T","R","M","?","M","M","R","BOSS","M","M","M","?","?","R","$","R","T","M","?","M","M","M","R","BOSS","M","?","?","M","M","R","M","E","T","M","$","?","$","?","R","BOSS"],"items_purchased_type":["Relic","Card","Relic","Relic","Card","Card"],"build_version":"2020-12-22","purchased_purges":0,"victory":false,"max_hp_per_floor":[70,70,70,70,75,75,75,75,75,75,75,75,75,75,75,75,75,75,75,75,52,52,52,52,52,52,52,52,52,52,52,52,52,52,52,52,52,52,52,52,52,52,52,52,52,52,52,45,45,45,45],"card_choices":[{"not_picked":["Quick Slash","Sucker Punch"],"picked":"Dagger Spray","floor":1},{"not_picked":["Tactician","Cloak And Dagger","Setup"],"picked":"SKIP","floor":3},{"not_picked":["Backflip","Acrobatics"],"picked":"Reflex","floor":7},{"not_picked":["Riddle With Holes","Slice"],"picked":"Blur","floor":11},{"not_picked":["Underhanded Strike","PiercingWail"],"picked":"Backstab","floor":12},{"not_picked":["Deadly Poison","Quick Slash"],"picked":"Deflect","floor":13},{"not_picked":["Backflip","Doppelganger"],"picked":"Caltrops","floor":14},{"not_picked":["Phantasmal Killer","Glass Knife"],"picked":"Doppelganger","floor":16},{"not_picked":["Outmaneuver","Flying Knee"],"picked":"Dagger Spray+1","floor":18},{"not_picked":["Poisoned Stab","Sucker Punch"],"picked":"Unload","floor":19},{"not_picked":["Quick Slash+1","Blade Dance+1"],"picked":"Footwork","floor":20},{"not_picked":["Bouncing Flask","Expertise+1"],"picked":"Flying Knee+1","floor":27},{"not_picked":["Flying Knee+1","Predator+1"],"picked":"Backstab+1","floor":29},{"not_picked":["Backflip+1","Prepared+1"],"picked":"Skewer+1","floor":30},{"not_picked":["Venomology","Deadly Poison"],"picked":"Dash+1","floor":31},{"not_picked":["Wraith Form v2","Doppelganger"],"picked":"Tools of the Trade","floor":33},{"not_picked":["Poisoned Stab+1"],"picked":"SKIP","floor":35},{"not_picked":[],"picked":"Violence","floor":36},{"not_picked":[],"picked":"Choke+1","floor":38},{"not_picked":[],"picked":"Flying Knee+1","floor":39},{"not_picked":["Backflip"],"picked":"SKIP","floor":41},{"not_picked":[],"picked":"Poisoned Stab+1","floor":42},{"not_picked":[],"picked":"Setup+1","floor":44}],"player_experience":183562,"relics_obtained":[{"floor":8,"key":"Mercury Hourglass"},{"floor":9,"key":"Bronze Scales"},{"floor":26,"key":"Juzu Bracelet"},{"floor":42,"key":"Ancient Tea Set"},{"floor":43,"key":"MawBank"},{"floor":46,"key":"Snake Skull"}],"event_choices":[{"damage_healed":0,"gold_gain":0,"player_choice":"Leave","damage_taken":0,"max_hp_gain":0,"max_hp_loss":0,"event_name":"The Cleric","floor":2,"gold_loss":0},{"damage_healed":0,"gold_gain":0,"player_choice":"Grow","damage_taken":0,"max_hp_gain":0,"max_hp_loss":0,"event_name":"Living Wall","floor":4,"gold_loss":0,"cards_upgraded":["Neutralize"]},{"damage_healed":0,"gold_gain":0,"player_choice":"Donut","damage_taken":0,"max_hp_gain":5,"max_hp_loss":0,"event_name":"Big Fish","floor":5,"gold_loss":0},{"damage_healed":0,"gold_gain":0,"player_choice":"Became a vampire","damage_taken":0,"max_hp_gain":0,"max_hp_loss":23,"event_name":"Vampires","floor":21,"gold_loss":0,"cards_obtained":["Bite","Bite","Bite","Bite","Bite"]},{"damage_healed":0,"gold_gain":0,"player_choice":"Opened","damage_taken":0,"relics_obtained":["Oddly Smooth Stone"],"max_hp_gain":0,"max_hp_loss":0,"event_name":"The Mausoleum","floor":22,"gold_loss":0},{"damage_healed":0,"gold_gain":0,"player_choice":"Inject Mutagens","damage_taken":0,"relics_obtained":["MutagenicStrength"],"max_hp_gain":0,"max_hp_loss":0,"event_name":"Drug Dealer","floor":28,"gold_loss":0},{"damage_healed":0,"gold_gain":0,"player_choice":"Memory 1","damage_taken":0,"max_hp_gain":0,"max_hp_loss":0,"event_name":"SensoryStone","floor":36,"gold_loss":0},{"damage_healed":0,"gold_gain":0,"player_choice":"Ignored","damage_taken":0,"max_hp_gain":0,"max_hp_loss":0,"event_name":"Tomb of Lord Red Mask","floor":37,"gold_loss":0},{"damage_healed":45,"gold_gain":0,"player_choice":"Heal","damage_taken":0,"max_hp_gain":0,"max_hp_loss":7,"event_name":"The Moai Head","floor":48,"gold_loss":0}],"is_beta":false,"boss_relics":[{"not_picked":["Sozu","Snecko Eye"],"picked":"SacredBark"},{"not_picked":["WristBlade","Calling Bell"],"picked":"Busted Crown"}],"items_purged_floors":[],"is_endless":false,"potions_floor_spawned":[1,11,13,14,16,18,20,27,30,38,42],"killed_by":"Donu and Deca","ascension_level":0}}