{"host":"4a6fro0of1ie0h2w","time":1613841097,"event":{"mods":["Aspiration","BaseMod","CCEM2","Colored Map","Conspire","Downfall","GifTheSpireLib","Halation","Highlight Path","Hubris","Infinite Spire","Marisa????????","Minty Spire (QoL Compilation)","Permanent Neow","Replay The Spire","StSLib","Stuff the Spire","The Servant 0.9.4"],"gold_per_floor":[99,114,127,146,18,48,48,48,60,72,131,131,142,52,68,166,166,166,176,276,276,336,336,336,409,409,424,457,157,42,42,42,42,42],"floor_reached":32,"language":"ENG","playtime":1741,"items_purged":["Pain","StuffTheSpire:CuriosityCurse"],"score":336,"play_id":"307252ad-5af0-4020-9b9b-4e14964b6ddf","local_time":"20210220191137","is_ascension_mode":true,"campfire_choices":[{"data":"champ:Taunt","floor":1,"key":"SMITH"},{"data":"champ:BladeFlurry","floor":8,"key":"SMITH"},{"floor":18,"key":"RECALL"},{"data":"champ:GladiatorForm","floor":29,"key":"SMITH"}],"circlet_count":0,"master_deck":["champ:Strike","champ:Strike","champ:Strike","champ:Defend","champ:Defend","champ:Execute","champ:Taunt+1","champ:BladeFlurry+1","champ:Duel+1","champ:FlashCut+1","champ:EnGarde","champ:RisingSlash","champ:RageSigil","champ:ShieldSigil","champ:ShieldWall","champ:Improvising","champ:GladiatorForm+1","AbeCurse","champ:DefensiveShout","champ:ArenaPreparation","champ:FlashCut","J.A.X.","champ:RisingSlash","champ:StrikeOfGenius"],"relics":["champ:ChampionCrown","Replay:Rubber Ducky","hubris:OldNail","WarpedTongs","Replay:Grab Bag","hubris:RunicObelisk","Abe\u0027s Treasure","Black Star","MutagenicStrength","downfall:KnowingSkull","CCEMRelics:DerglesHeadphones","StuffTheSpire:ForceGauntlet","Replay:Bottled Flurry","CCEMRelics:JestersCrown","Whetstone","downfall:HeartBlessingRed","downfall:HeartBlessingGreen","downfall:HeartBlessingBlue"],"acts_visited":["Exordium","TheCity"],"potions_floor_usage":[22,22,27,28,32],"damage_taken":[{"damage":35,"enemies":"infinitespire:Voidling","floor":2,"turns":6},{"damage":11,"enemies":"Cultist","floor":3,"turns":3},{"damage":1,"enemies":"conspire:RoseBush","floor":4,"turns":3},{"damage":10,"enemies":"downfall:FleeingMerchant","floor":5,"turns":4},{"damage":7,"enemies":"Replay:BlueRogue","floor":6,"turns":7},{"damage":3,"enemies":"Exordium Thugs","floor":9,"turns":3},{"damage":3,"enemies":"downfall:LooterAlt","floor":10,"turns":3},{"damage":24,"enemies":"Gremlin Nob","floor":11,"turns":4},{"damage":11,"enemies":"3 Louse","floor":13,"turns":3},{"damage":12,"enemies":"downfall:FleeingMerchant","floor":14,"turns":4},{"damage":10,"enemies":"Blue Slaver","floor":15,"turns":3},{"damage":28,"enemies":"DF_ARCHETYPE_STREAMLINE","floor":16,"turns":9},{"damage":11,"enemies":"Shell Parasite","floor":19,"turns":3},{"damage":1,"enemies":"downfall:Augmenter","floor":20,"turns":6},{"damage":28,"enemies":"downfall:LooterAlt2","floor":22,"turns":3},{"damage":64,"enemies":"conspire:SneckoGhost","floor":25,"turns":6},{"damage":10,"enemies":"conspire:HollyBat","floor":27,"turns":6},{"damage":19,"enemies":"conspire:Head Lice","floor":28,"turns":4},{"damage":8,"enemies":"downfall:FleeingMerchant","floor":30,"turns":4},{"damage":43,"enemies":"Shelled Parasite and Fungi","floor":32,"turns":2}],"seed_played":"5437562415240569553","potions_obtained":[{"floor":6,"key":"conspire:TimeTravelPotion"},{"floor":10,"key":"Ancient Potion"},{"floor":11,"key":"Fire Potion"},{"floor":25,"key":"LiquidMemories"},{"floor":27,"key":"PowerPotion"}],"is_trial":false,"path_per_floor":["R","M","M","M","$","E","T","R","M","M","?","?","M","$","M","B",null,"R","M","?","?","M","?","T","E","?","M","E","R","$","?","M"],"character_chosen":"THE_CHAMP","items_purchased":["champ:RisingSlash","champ:RageSigil"],"campfire_rested":0,"item_purchase_floors":[5,5],"current_hp_per_floor":[90,90,89,88,88,81,81,81,78,75,61,61,60,48,48,30,90,90,89,88,79,71,71,71,37,37,32,18,40,32,32,0,0,0],"gold":42,"neow_bonus":"REMOVE_CARD","is_daily":false,"chose_seed":false,"campfire_upgraded":3,"win_rate":0.0,"timestamp":1613841097,"path_taken":["R","M","M","?","$","E","T","R","M","M","?","?","M","$","M","BOSS","R","M","?","?","?","?","T","E","?","M","E","R","$","?","M"],"items_purchased_type":["Card","Card"],"build_version":"2020-12-22","purchased_purges":2,"victory":false,"max_hp_per_floor":[90,90,90,90,90,90,90,90,90,90,90,90,90,90,90,90,90,90,90,90,90,90,90,90,90,90,90,90,100,100,100,100,100,100],"card_choices":[{"not_picked":["champ:PreciseThrust","champ:Lariat"],"picked":"champ:BladeFlurry","floor":2},{"not_picked":["champ:ShieldSlam","champ:BladeFlurry"],"picked":"champ:Duel","floor":3},{"not_picked":["champ:Haymaker","champ:AdrenalArmor"],"picked":"champ:FlashCut","floor":4},{"not_picked":["champ:HeavySlash","champ:Circumvent"],"picked":"champ:EnGarde","floor":5},{"not_picked":["champ:FocusedBerserking","champ:Duel"],"picked":"champ:ShieldSigil","floor":6},{"not_picked":["champ:FanOfKnives","champ:ArenaPreparation"],"picked":"champ:ShieldWall","floor":9},{"not_picked":["champ:ShieldSigil","champ:Shatter","champ:BringItOn"],"picked":"SKIP","floor":10},{"not_picked":["champ:ShieldSlam","champ:HeartStrike","champ:FaceSlap"],"picked":"SKIP","floor":13},{"not_picked":["champ:BladeFlurry","champ:TornadoPunch"],"picked":"champ:Improvising","floor":14},{"not_picked":["champ:Circumvent","champ:Shatter","champ:FaceSlap"],"picked":"SKIP","floor":15},{"not_picked":["champ:ShieldThrow","champ:DancingMaster"],"picked":"champ:GladiatorForm","floor":16},{"not_picked":["champ:Haymaker","champ:Encircle"],"picked":"champ:DefensiveShout","floor":19},{"not_picked":[],"picked":"J.A.X.","floor":20},{"not_picked":["champ:ViciousMockery","champ:ShieldSigil+1","champ:Parry"],"picked":"SKIP","floor":22},{"not_picked":["champ:PreciseThrust","champ:FancyFootwork"],"picked":"champ:RisingSlash","floor":25},{"not_picked":["champ:TornadoPunch","champ:BerserkersShout","champ:Parry+1"],"picked":"SKIP","floor":27},{"not_picked":["champ:Haymaker+1","champ:CrownThrow","champ:AdrenalArmor+1"],"picked":"SKIP","floor":28},{"not_picked":["champ:BerserkersShout+1","champ:GutPunch","champ:SteelEdge"],"picked":"SKIP","floor":30}],"player_experience":234500,"relics_obtained":[{"floor":6,"key":"Replay:Rubber Ducky"},{"floor":20,"key":"MutagenicStrength"},{"floor":24,"key":"CCEMRelics:DerglesHeadphones"},{"floor":25,"key":"StuffTheSpire:ForceGauntlet"},{"floor":25,"key":"Replay:Bottled Flurry"},{"floor":28,"key":"CCEMRelics:JestersCrown"},{"floor":28,"key":"Whetstone"}],"event_choices":[{"damage_healed":0,"gold_gain":0,"player_choice":"Rummage","damage_taken":0,"relics_obtained":["WarpedTongs"],"max_hp_gain":0,"max_hp_loss":0,"event_name":"Accursed Blacksmith","floor":12,"gold_loss":0,"cards_obtained":["Pain"]},{"damage_healed":0,"gold_gain":0,"player_choice":"Ignored","damage_taken":0,"max_hp_gain":0,"max_hp_loss":0,"event_name":"Ghosts","floor":23,"gold_loss":0}],"is_beta":false,"boss_relics":[{"not_picked":["StuffTheSpire:ModemDavis","halation:HeavySnake"],"picked":"Replay:Grab Bag"},{"not_picked":["halation:IncompleteEncyclopedia","infinitespire:Cupcake"],"picked":"hubris:RunicObelisk"},{"not_picked":["aspiration:FutureDiary","CCEMRelics:ExpiredCReal"],"picked":"Abe\u0027s Treasure"},{"not_picked":["Ring of Chaos","halation:LoveArrow"],"picked":"Black Star"}],"items_purged_floors":[14,30],"is_endless":false,"potions_floor_spawned":[6,10,11,15,25,27],"killed_by":"Shelled Parasite and Fungi","ascension_level":2}}