{"host":"g75gtovmj0ine2rf","time":1613818397,"event":{"mods":["2.2 Compatiblity","AchievementEnabler","Act Like it!","Arknights","Aspiration","Astrologer","Bard","BaseMod","Better Match","BetterRewards","Bossed Relics","CapriCore","Challenge The Spire","ChefMod","Clockwork Mod","Colored Map","Conspire","Elementarium","Energized Spire","Friendly Minions","Gensokyo","Halation","Hallownest","Hermit","HexUI Lib","Highlight Path","Hubris","Infinite Spire","Jedi Mod","Lobotomy","Menagerie","Minty Spire (QoL Compilation)","Puzzle Mod","Quick Restart","Rare Cards Sparkle","Relic Stats","Replay The Spire","Robot Space Explorer","Shade Mod","Shop Mod","Spicy Shops","StSLib","SuperFastMode","The Construct","The Cursed","The Dragon Tamer","The Juggle","The Jungle","The Marked","The Runesmith","The Showman","The Witch","TheBandit","TheFirefly","TheSwordswoman","TheVacant","TheVelvet","Transform Curses","Wandering Minibosses","[GremlinLeader]The Maniac","thorton"],"gold_per_floor":[119,133,133,150,150,223,234,250,325,325,343,343,343,141,141,239,239,253,253,253],"floor_reached":19,"language":"ENG","playtime":1571,"items_purged":["maniac:Strike"],"score":169,"play_id":"77b73b5a-48d0-4476-93ae-5cf6e11fdf30","local_time":"20210220215317","is_ascension_mode":false,"campfire_choices":[{"floor":10,"key":"REST"},{"data":"maniac:WitnessTrueSorcery","floor":15,"key":"SMITH"}],"circlet_count":0,"master_deck":["maniac:Strike","maniac:Strike","maniac:Strike","maniac:Strike","maniac:Defend","maniac:Defend","maniac:Defend","maniac:Defend","maniac:AbyssShackle","Replay:Sssssssssshield","maniac:LootBarrage","maniac:BladesInCloak","maniac:WitnessTrueSorcery+1","maniac:BladesInCloak","maniac:UnseenTerror","maniac:Reforge+1"],"relics":["maniac:DamagedAnvil","maniac:BrokenHorn","hubris:Icosahedron","Nunchaku","MealTicket","halation:PinkAlligatorPlush","wanderingMiniBosses:AbyssPearl"],"acts_visited":["Exordium","Exordium"],"potions_floor_usage":[6,18,18,18,18],"damage_taken":[{"damage":0,"enemies":"2 Louse","floor":1,"turns":3},{"damage":0,"enemies":"conspire:RoseBush","floor":2,"turns":2},{"damage":10,"enemies":"conspire:RoseBush","floor":3,"turns":9},{"damage":2,"enemies":"ats:Genji","floor":4,"turns":4},{"damage":34,"enemies":"3 Sentries","floor":6,"turns":9},{"damage":4,"enemies":"3 Louse","floor":7,"turns":4},{"damage":4,"enemies":"Looter","floor":8,"turns":6},{"damage":3,"enemies":"Exordium Thugs","floor":11,"turns":6},{"damage":31,"enemies":"The Guardian","floor":16,"turns":12},{"damage":25,"enemies":"Elementarium:2_ELEMENTALS","floor":18,"turns":5}],"seed_played":"-6232327667599272750","potions_obtained":[{"floor":2,"key":"ColorlessPotion"},{"floor":3,"key":"ColorlessPotion"},{"floor":16,"key":"Adrenaline Potion"},{"floor":18,"key":"Fire Potion"}],"is_trial":false,"path_per_floor":["M","M","?","M","?","E","M","M","T","R","M","?","?","$","R","B",null,"M","?"],"character_chosen":"THE_MANIAC","items_purchased":["MealTicket","maniac:BladesInCloak"],"campfire_rested":1,"item_purchase_floors":[14,14],"current_hp_per_floor":[80,80,70,68,68,34,30,26,26,50,47,47,73,73,73,42,80,55,0,0],"gold":253,"neow_bonus":"COLORLESS_CARD","is_daily":false,"chose_seed":false,"campfire_upgraded":1,"win_rate":0.0,"timestamp":1613818397,"path_taken":["M","M","?","M","?","E","M","M","T","R","M","?","?","$","R","BOSS","M","?"],"items_purchased_type":["Relic","Card"],"build_version":"2020-12-22","purchased_purges":1,"victory":false,"max_hp_per_floor":[80,80,80,80,80,80,80,80,80,80,80,80,80,80,80,80,80,80,80,80],"relic_stats":{"Nunchaku":[7],"counters":[10,60],"MealTicket":0,"obtain_stats":[{"maniac:DamagedAnvil":0,"maniac:BrokenHorn":0,"Nunchaku":6,"hubris:Icosahedron":5,"MealTicket":14,"wanderingMiniBosses:AbyssPearl":18,"halation:PinkAlligatorPlush":17},{"maniac:DamagedAnvil":0,"maniac:BrokenHorn":0,"Nunchaku":5,"hubris:Icosahedron":4,"MealTicket":8,"wanderingMiniBosses:AbyssPearl":10,"halation:PinkAlligatorPlush":9},{"maniac:DamagedAnvil":0,"maniac:BrokenHorn":0,"Nunchaku":27,"hubris:Icosahedron":18,"MealTicket":43,"wanderingMiniBosses:AbyssPearl":60,"halation:PinkAlligatorPlush":55}]},"card_choices":[{"not_picked":["maniac:ListenToNone","maniac:ShelteringEdge"],"picked":"maniac:LootBarrage","floor":1},{"not_picked":["maniac:ObscuredAttack","maniac:ShelteringEdge","maniac:Intimidate"],"picked":"SKIP","floor":2},{"not_picked":["maniac:ShelteringEdge","maniac:Hasten","maniac:UntravelledPath"],"picked":"SKIP","floor":4},{"not_picked":["maniac:Intimidate","maniac:Refine"],"picked":"maniac:BladesInCloak","floor":6},{"not_picked":["maniac:UntravelledPath","maniac:Confront","maniac:ExpectedMoves"],"picked":"SKIP","floor":7},{"not_picked":["maniac:UntravelledPath","maniac:Confront","maniac:ExpectedMoves"],"picked":"SKIP","floor":7},{"not_picked":["maniac:ShatteredShield","maniac:ShiftingShadows","maniac:ObscuredAttack"],"picked":"SKIP","floor":8},{"not_picked":["maniac:SorceryHour","maniac:Lacerate"],"picked":"maniac:WitnessTrueSorcery","floor":11},{"not_picked":["maniac:FanTheHammer","maniac:Simulacrum"],"picked":"maniac:UnseenTerror","floor":16},{"not_picked":["maniac:TorturousScreams+1","maniac:WardAndDefend"],"picked":"maniac:Reforge+1","floor":18}],"player_experience":1434602,"relics_obtained":[{"floor":6,"key":"Nunchaku"},{"floor":18,"key":"wanderingMiniBosses:AbyssPearl"}],"event_choices":[{"cards_removed":["maniac:BurnBlood"],"damage_healed":0,"gold_gain":0,"player_choice":"Forget","damage_taken":0,"max_hp_gain":0,"max_hp_loss":0,"event_name":"Living Wall","floor":12,"gold_loss":0},{"damage_healed":26,"gold_gain":0,"player_choice":"Banana","damage_taken":0,"max_hp_gain":0,"max_hp_loss":0,"event_name":"Big Fish","floor":13,"gold_loss":0}],"is_beta":false,"boss_relics":[{"not_picked":["halation:Yufonium","Replay:Ancient Bell"],"picked":"halation:PinkAlligatorPlush"}],"items_purged_floors":[14],"is_endless":false,"potions_floor_spawned":[2,3,16,18],"ascension_level":0}}