{"host":"4rvk26w7t08d5zdj","time":1613814172,"event":{"mods":["AchievementEnabler","Act Like it!","Aspiration","BaseMod","Challenge The Spire","Colored Powertips","Conspire","Energized Spire","GifTheSpireLib","Minty Spire (QoL Compilation)","Rare Cards Sparkle","Relic Filter Mod","Relic Stats","Reliquary","Spire Arcade","StSLib","The Animator","The Blue Laboratory"],"gold_per_floor":[228,228,247,53,53,80,80,112,112,77,111,134,167,183,183,279,304,321,59,59,74,94,94,108,108,133,158,222,372,382,407,407,407,407],"floor_reached":33,"language":"ENG","playtime":2858,"items_purged":[],"score":333,"play_id":"0c951015-30a6-448c-976d-d641f2f13702","local_time":"20210220014252","is_ascension_mode":false,"campfire_choices":[{"data":"animator:SakuraMatou","floor":7,"key":"SMITH"},{"floor":15,"key":"REST"},{"data":"animator:WinryRockbell","floor":23,"key":"SMITH"},{"floor":25,"key":"REST"},{"floor":32,"key":"REST"}],"circlet_count":0,"master_deck":["animator:Strike_FullmetalAlchemist","animator:Defend_FullmetalAlchemist","animator:Strike","animator:Strike","animator:Strike","animator:Defend","animator:Defend","animator:Defend","animator:ElricEdward","animator:ElricAlphonse","animator:Pride","animator:SakuraMatou+1","animator:Shuna","animator:RinTohsaka","animator:Millim+2","animator:Gilgamesh+8","animator:Souei","animator:WinryRockbell+1","animator:YaoHaDucy","animator:ElricAlphonse","animator:HighElfArcher","animator:Sloth","Flex+1","animator:YaoHaDucy+1"],"relics":["animator:LivingPicture","animator:TheMissingPiece","animator:PurgingStone","Lee\u0027s Waffle","Red Skull","aspiration:SneckoTail","Strawberry","Oddly Smooth Stone","reliquary:IridiumChain","aspiration:IroncladSkillbook","Eternal Feather","HornCleat","animator:Buoy","reliquary:Spinner","Mango","reliquary:Firecrackers","Nilry\u0027s Codex"],"acts_visited":["Exordium","TheCity"],"potions_floor_usage":[6,29,29,33],"damage_taken":[{"damage":2,"enemies":"2 Louse","floor":1,"turns":4},{"damage":5,"enemies":"Small Slimes","floor":3,"turns":5},{"damage":25,"enemies":"3 Sentries","floor":6,"turns":11},{"damage":0,"enemies":"conspire:RoseBush","floor":8,"turns":4},{"damage":18,"enemies":"Gremlin Nob","floor":11,"turns":6},{"damage":20,"enemies":"Lagavulin","floor":13,"turns":8},{"damage":0,"enemies":"3 Louse","floor":14,"turns":3},{"damage":21,"enemies":"The Guardian","floor":16,"turns":11},{"damage":20,"enemies":"Spheric Guardian","floor":18,"turns":7},{"damage":11,"enemies":"3 Byrds","floor":21,"turns":7},{"damage":25,"enemies":"Snecko","floor":22,"turns":6},{"damage":33,"enemies":"Cultist and Chosen","floor":24,"turns":9},{"damage":8,"enemies":"conspire:Head Lice","floor":28,"turns":8},{"damage":29,"enemies":"Colosseum Slavers","floor":29,"turns":5},{"damage":0,"enemies":"Colosseum Nobs","floor":29,"turns":4},{"damage":11,"enemies":"Snake Plant","floor":30,"turns":3},{"damage":101,"enemies":"Automaton","floor":33,"turns":12}],"seed_played":"2431651203497624169","potions_obtained":[{"floor":3,"key":"Explosive Potion"},{"floor":16,"key":"blueLaboratory:EnragingPotion"},{"floor":21,"key":"blueLaboratory:ImpenetrablePotion"},{"floor":29,"key":"BlessingOfTheForge"}],"is_trial":false,"path_per_floor":["M","?","M","$","?","E","R","M","T","?","E","T","E","M","R","B",null,"M","$","?","M","M","R","M","R","T","?","E","?","M","?","R","B"],"character_chosen":"THE_ANIMATOR","items_purchased":["Lee\u0027s Waffle","animator:Shuna","Eternal Feather"],"campfire_rested":3,"item_purchase_floors":[4,4,19],"current_hp_per_floor":[64,69,64,78,78,53,53,53,53,72,61,61,41,42,67,46,86,71,71,71,64,43,55,26,64,64,64,60,53,46,30,72,0,0],"gold":407,"neow_bonus":"HUNDRED_GOLD","is_daily":false,"chose_seed":false,"campfire_upgraded":2,"win_rate":0.0,"timestamp":1613814172,"path_taken":["M","?","M","$","?","E","R","M","T","?","E","?","E","M","R","BOSS","M","$","?","M","M","R","M","R","T","?","E","?","M","?","R","BOSS"],"items_purchased_type":["Relic","Card","Relic"],"build_version":"2020-12-22","purchased_purges":0,"victory":false,"max_hp_per_floor":[66,71,71,78,78,78,78,78,78,78,85,85,85,86,86,86,86,87,87,87,87,87,87,87,87,87,87,87,101,101,101,101,101,101],"relic_stats":{"Lee\u0027s Waffle":14,"counters":[17,113],"Eternal Feather":36,"obtain_stats":[{"animator:Buoy":27,"Lee\u0027s Waffle":4,"aspiration:SneckoTail":9,"Nilry\u0027s Codex":31,"animator:TheMissingPiece":0,"reliquary:Firecrackers":29,"Oddly Smooth Stone":12,"Eternal Feather":19,"Mango":29,"reliquary:Spinner":28,"reliquary:IridiumChain":13,"aspiration:IroncladSkillbook":17,"HornCleat":26,"animator:PurgingStone":0,"Strawberry":11,"animator:LivingPicture":0,"Red Skull":6},{"animator:Buoy":12,"Lee\u0027s Waffle":2,"aspiration:SneckoTail":4,"Nilry\u0027s Codex":16,"animator:TheMissingPiece":0,"reliquary:Firecrackers":15,"Oddly Smooth Stone":5,"Eternal Feather":9,"Mango":15,"reliquary:Spinner":13,"reliquary:IridiumChain":6,"aspiration:IroncladSkillbook":8,"HornCleat":12,"animator:PurgingStone":0,"Strawberry":5,"animator:LivingPicture":0,"Red Skull":3},{"animator:Buoy":81,"Lee\u0027s Waffle":9,"aspiration:SneckoTail":24,"Nilry\u0027s Codex":101,"animator:TheMissingPiece":0,"reliquary:Firecrackers":98,"Oddly Smooth Stone":30,"Eternal Feather":59,"Mango":98,"reliquary:Spinner":89,"reliquary:IridiumChain":38,"aspiration:IroncladSkillbook":52,"HornCleat":81,"animator:PurgingStone":0,"Strawberry":30,"animator:LivingPicture":0,"Red Skull":20}]},"card_choices":[{"not_picked":["animator:Viivi","animator:HighElfArcher"],"picked":"animator:Pride","floor":1},{"not_picked":["animator:LizardPriest","animator:Shigure"],"picked":"animator:SakuraMatou","floor":3},{"not_picked":["animator:Yoichi","animator:Kazuma"],"picked":"animator:RinTohsaka","floor":6},{"not_picked":["animator:Shuna","animator:Shizu"],"picked":"animator:Millim","floor":8},{"not_picked":["animator:Vanir","animator:Shinoa"],"picked":"animator:Millim","floor":11},{"not_picked":["animator:Gillette","animator:Viivi"],"picked":"animator:Gilgamesh","floor":13},{"not_picked":["animator:Alexander","animator:Kazuma"],"picked":"animator:Souei","floor":14},{"not_picked":["animator:Elesis","animator:ItamiYouji"],"picked":"animator:Gilgamesh","floor":16},{"not_picked":["animator:ElricAlphonse","animator:Sloth","animator:ElricEdward"],"picked":"animator:WinryRockbell","floor":18},{"not_picked":["animator:RinTohsaka","animator:DwarfShaman","animator:Layla"],"picked":"animator:YaoHaDucy","floor":21},{"not_picked":["animator:Chung","animator:ChaikaBohdan","animator:Ain"],"picked":"animator:ElricAlphonse","floor":22},{"not_picked":["Whirlwind","animator:AcuraTooru","animator:Gillette"],"picked":"animator:HighElfArcher","floor":24},{"not_picked":["animator:ElricEdward","animator:Gluttony","animator:WinryRockbell"],"picked":"animator:Sloth","floor":28},{"not_picked":["animator:Shigure","animator:Witch","animator:Hans"],"picked":"Flex+1","floor":29},{"not_picked":["animator:Rena","animator:Chung","animator:DwarfShaman"],"picked":"animator:YaoHaDucy+1","floor":30}],"player_experience":1102636,"relics_obtained":[{"floor":6,"key":"Red Skull"},{"floor":9,"key":"aspiration:SneckoTail"},{"floor":11,"key":"Strawberry"},{"floor":12,"key":"Oddly Smooth Stone"},{"floor":13,"key":"reliquary:IridiumChain"},{"floor":26,"key":"HornCleat"},{"floor":28,"key":"reliquary:Spinner"},{"floor":29,"key":"Mango"},{"floor":29,"key":"reliquary:Firecrackers"},{"floor":31,"key":"Nilry\u0027s Codex"}],"event_choices":[{"damage_healed":0,"gold_gain":0,"player_choice":"Donut","damage_taken":0,"max_hp_gain":5,"max_hp_loss":0,"event_name":"Big Fish","floor":2,"gold_loss":0},{"damage_healed":0,"gold_gain":0,"player_choice":"Disagree","damage_taken":0,"max_hp_gain":0,"max_hp_loss":0,"event_name":"conspire:LoneGhost","floor":5,"gold_loss":0},{"damage_healed":19,"gold_gain":0,"player_choice":"Healed","damage_taken":0,"max_hp_gain":0,"max_hp_loss":0,"event_name":"The Cleric","floor":10,"gold_loss":35},{"damage_healed":0,"gold_gain":0,"player_choice":"Read","damage_taken":0,"max_hp_gain":0,"max_hp_loss":0,"event_name":"The Library","floor":20,"gold_loss":0,"cards_obtained":["animator:Millim"]},{"damage_healed":0,"gold_gain":0,"player_choice":"Fight","damage_taken":0,"max_hp_gain":0,"max_hp_loss":0,"event_name":"Colosseum","floor":29,"gold_loss":0},{"damage_healed":0,"gold_gain":0,"player_choice":"Fought Nobs","damage_taken":0,"max_hp_gain":0,"max_hp_loss":0,"event_name":"Colosseum","floor":29,"gold_loss":0},{"damage_healed":0,"gold_gain":0,"player_choice":"Obtained Book","damage_taken":16,"max_hp_gain":0,"max_hp_loss":0,"event_name":"Cursed Tome","floor":31,"gold_loss":0}],"is_beta":false,"boss_relics":[{"not_picked":["conspire:RunicOctahedron","Cursed Key"],"picked":"aspiration:IroncladSkillbook"}],"items_purged_floors":[],"is_endless":false,"potions_floor_spawned":[3,14,16,21,29,29],"killed_by":"Automaton","ascension_level":0}}