{"host":"t9vqxmgmtrdkt9v9","time":1613781652,"event":{"mods":["AchievementEnabler","BaseMod","Colored Map","Minty Spire (QoL Compilation)","Permanent Neow","Relic Stats","StSLib"],"gold_per_floor":[114,38,56,69,88,120,120,155,155,155,155,155],"floor_reached":11,"language":"ENG","playtime":572,"items_purged":[],"score":166,"play_id":"eb0799e3-2fc6-4e7c-9b2b-9a57df3a5fe7","local_time":"20210220104052","is_ascension_mode":true,"campfire_choices":[{"floor":7,"key":"REST"}],"circlet_count":0,"master_deck":["AscendersBane","Strike_R","Strike_R","Strike_R","Strike_R","Strike_R","Defend_R","Defend_R","Defend_R","Defend_R","Bash","Impervious","Carnage","Inflame","Anger","Clothesline","Shrug It Off","Thunderclap","Pommel Strike"],"relics":["Burning Blood","StrikeDummy","Art of War","Bottled Tornado"],"acts_visited":["Exordium"],"potions_floor_usage":[5,11],"damage_taken":[{"damage":7,"enemies":"Small Slimes","floor":1,"turns":4},{"damage":9,"enemies":"Jaw Worm","floor":3,"turns":4},{"damage":1,"enemies":"Cultist","floor":4,"turns":3},{"damage":8,"enemies":"3 Louse","floor":5,"turns":5},{"damage":36,"enemies":"Lagavulin","floor":6,"turns":9},{"damage":31,"enemies":"Gremlin Nob","floor":8,"turns":5},{"damage":36,"enemies":"3 Sentries","floor":11,"turns":8}],"seed_played":"-6082744136846097897","potions_obtained":[{"floor":1,"key":"Block Potion"},{"floor":4,"key":"LiquidBronze"},{"floor":8,"key":"Dexterity Potion"}],"is_trial":false,"path_per_floor":["M","$","M","M","M","E","R","E","T","?","E"],"character_chosen":"IRONCLAD","items_purchased":["Inflame"],"campfire_rested":1,"item_purchase_floors":[2],"current_hp_per_floor":[67,67,64,69,67,37,59,34,34,34,0,0],"gold":155,"neow_bonus":"ONE_RANDOM_RARE_CARD","is_daily":false,"chose_seed":false,"campfire_upgraded":0,"win_rate":0.0,"timestamp":1613781652,"path_taken":["M","$","M","M","M","E","R","E","T","?","E"],"items_purchased_type":["Card"],"build_version":"2020-12-22","purchased_purges":0,"victory":false,"max_hp_per_floor":[75,75,75,75,75,75,75,75,75,75,75,75],"relic_stats":{"counters":[7,38],"Art of War":[2],"obtain_stats":[{"Art of War":8,"Bottled Tornado":9,"StrikeDummy":6,"Burning Blood":0},{"Art of War":6,"Bottled Tornado":6,"StrikeDummy":5,"Burning Blood":0},{"Art of War":30,"Bottled Tornado":30,"StrikeDummy":25,"Burning Blood":0}],"Burning Blood":36},"card_choices":[{"not_picked":["Hemokinesis","Second Wind"],"picked":"Carnage","floor":1},{"not_picked":["Flex","Second Wind"],"picked":"Anger","floor":3},{"not_picked":["Power Through","Dark Embrace"],"picked":"Clothesline","floor":4},{"not_picked":["Flex","True Grit"],"picked":"Shrug It Off","floor":5},{"not_picked":["Dark Embrace","Brutality"],"picked":"Thunderclap","floor":6},{"not_picked":["Blood for Blood","Armaments"],"picked":"Pommel Strike","floor":8}],"player_experience":454047,"relics_obtained":[{"floor":6,"key":"StrikeDummy"},{"floor":8,"key":"Art of War"},{"floor":9,"key":"Bottled Tornado"}],"event_choices":[{"damage_healed":0,"gold_gain":0,"player_choice":"Ignored","damage_taken":0,"max_hp_gain":0,"max_hp_loss":0,"event_name":"Golden Idol","floor":10,"gold_loss":0}],"is_beta":false,"boss_relics":[],"items_purged_floors":[],"is_endless":false,"potions_floor_spawned":[1,4,8],"killed_by":"3 Sentries","ascension_level":20}}