{"host":"t7mx8yfj1no5p62f","time":1613794534,"event":{"mods":["BaseMod","Bestiary","Colored Map","Colored Powertips","Curses Come First","Minty Spire (QoL Compilation)","Relic Stats","StSLib"],"gold_per_floor":[112,112,122,22,41,316,316,139,139,139,166,181,103,103,103,179,179,199,199,211,48,67,67,98,110,122,134,146,146],"floor_reached":28,"language":"ENG","playtime":787,"items_purged":["Strike_G","Regret","Strike_G"],"score":468,"play_id":"cfdde346-dd5f-48df-b41b-a7d8b7558e56","local_time":"20210219231534","is_ascension_mode":true,"campfire_choices":[{"data":"Underhanded Strike","floor":7,"key":"SMITH"},{"data":"Noxious Fumes","floor":10,"key":"SMITH"},{"data":"Bouncing Flask","floor":15,"key":"SMITH"},{"floor":23,"key":"REST"},{"floor":27,"key":"REST"}],"circlet_count":0,"master_deck":["AscendersBane","Strike_G","Strike_G","Strike_G","Defend_G","Defend_G","Defend_G","Defend_G","Survivor","Neutralize","Finisher","Acrobatics","Underhanded Strike+1","Slice","Noxious Fumes+1","Blade Dance","Prepared","PiercingWail","Bouncing Flask+1","Bullet Time","Footwork","Well Laid Plans","Dash","Clumsy"],"relics":["Ring of the Snake","NeowsBlessing","The Courier","Cursed Key","MawBank"],"acts_visited":["Exordium","TheCity"],"potions_floor_usage":[16,18,24,28],"damage_taken":[{"damage":0,"enemies":"Cultist","floor":1,"turns":1},{"damage":0,"enemies":"Jaw Worm","floor":3,"turns":1},{"damage":0,"enemies":"2 Louse","floor":5,"turns":1},{"damage":27,"enemies":"Lagavulin","floor":11,"turns":6},{"damage":9,"enemies":"Exordium Wildlife","floor":12,"turns":4},{"damage":7,"enemies":"Hexaghost","floor":16,"turns":8},{"damage":22,"enemies":"Chosen","floor":18,"turns":4},{"damage":22,"enemies":"Spheric Guardian","floor":20,"turns":4},{"damage":5,"enemies":"Centurion and Healer","floor":22,"turns":8},{"damage":1,"enemies":"Gremlin Leader","floor":24,"turns":8},{"damage":33,"enemies":"Shelled Parasite and Fungi","floor":28,"turns":4}],"seed_played":"-1838322864391118464","potions_obtained":[{"floor":5,"key":"Swift Potion"},{"floor":12,"key":"SneckoOil"},{"floor":16,"key":"Poison Potion"},{"floor":18,"key":"Fruit Juice"},{"floor":24,"key":"SpeedPotion"}],"is_trial":false,"path_per_floor":["M","?","M","$","M","?","R","$","T","R","E","M","$","?","R","B",null,"M","?","M","$","M","R","E","?","T","R","M"],"character_chosen":"THE_SILENT","items_purchased":["Underhanded Strike","Noxious Fumes","PiercingWail","Bouncing Flask","Well Laid Plans"],"campfire_rested":2,"item_purchase_floors":[4,8,13,13,21],"current_hp_per_floor":[59,59,59,59,59,59,59,59,59,59,32,23,23,23,23,16,54,32,32,10,10,5,24,28,8,8,30,0,0],"gold":146,"neow_bonus":"THREE_ENEMY_KILL","is_daily":false,"chose_seed":false,"campfire_upgraded":3,"win_rate":0.0,"timestamp":1613794534,"path_taken":["M","?","M","?","?","?","R","$","T","R","E","M","?","?","R","BOSS","M","?","?","?","M","R","E","?","T","R","M"],"items_purchased_type":["Card","Card","Card","Card","Card"],"build_version":"2020-12-22","purchased_purges":3,"victory":false,"max_hp_per_floor":[66,66,66,66,66,66,66,66,66,66,66,66,66,66,66,66,66,66,66,66,66,66,66,71,76,76,76,76,76],"relic_stats":{"counters":[11,49],"Cursed Key":1,"MawBank":48,"obtain_stats":[{"NeowsBlessing":0,"The Courier":9,"Cursed Key":17,"MawBank":24,"Ring of the Snake":0},{"NeowsBlessing":0,"The Courier":3,"Cursed Key":6,"MawBank":10,"Ring of the Snake":0},{"NeowsBlessing":0,"The Courier":3,"Cursed Key":21,"MawBank":45,"Ring of the Snake":0}],"Ring of the Snake":[22]},"card_choices":[{"not_picked":["Dodge and Roll","PiercingWail"],"picked":"Finisher","floor":1},{"not_picked":["Sucker Punch","Flechettes"],"picked":"Acrobatics","floor":3},{"not_picked":["Cloak And Dagger","PiercingWail"],"picked":"Slice","floor":5},{"not_picked":["Eviscerate","Quick Slash"],"picked":"Blade Dance","floor":11},{"not_picked":["Accuracy","Flying Knee"],"picked":"Prepared","floor":12},{"not_picked":["Night Terror","Phantasmal Killer"],"picked":"Bullet Time","floor":16},{"not_picked":["Flying Knee","Concentrate","Sucker Punch"],"picked":"SKIP","floor":18},{"not_picked":["Choke","PiercingWail"],"picked":"Footwork","floor":20},{"not_picked":["Setup","Flying Knee"],"picked":"Dash","floor":22},{"not_picked":["Dagger Throw","Prepared","Grand Finale"],"picked":"SKIP","floor":24}],"player_experience":1982660,"relics_obtained":[{"floor":9,"key":"The Courier"},{"floor":24,"key":"MawBank"}],"event_choices":[{"cards_removed":["Defend_G"],"damage_healed":0,"gold_gain":0,"player_choice":"Offered Basic","damage_taken":0,"max_hp_gain":0,"max_hp_loss":0,"event_name":"Bonfire Elementals","floor":2,"gold_loss":0},{"damage_healed":0,"gold_gain":275,"player_choice":"Desecrate","damage_taken":0,"max_hp_gain":0,"max_hp_loss":0,"event_name":"Golden Shrine","floor":6,"gold_loss":0,"cards_obtained":["Regret"]},{"damage_healed":0,"gold_gain":0,"player_choice":"Ignored","damage_taken":0,"max_hp_gain":0,"max_hp_loss":0,"event_name":"Shining Light","floor":14,"gold_loss":0},{"damage_healed":0,"gold_gain":0,"player_choice":"Ignored","damage_taken":0,"max_hp_gain":0,"max_hp_loss":0,"event_name":"N\u0027loth","floor":19,"gold_loss":0},{"damage_healed":0,"gold_gain":0,"player_choice":"Shed Blood","damage_taken":25,"max_hp_gain":5,"max_hp_loss":0,"event_name":"Forgotten Altar","floor":25,"gold_loss":0}],"is_beta":false,"boss_relics":[{"not_picked":["Empty Cage","Astrolabe"],"picked":"Cursed Key"}],"items_purged_floors":[4,8,21],"is_endless":false,"potions_floor_spawned":[5,12,16,18,24],"killed_by":"Shelled Parasite and Fungi","ascension_level":20}}