{"host":"ljaiy5ygc2blx6r2","time":1613815442,"event":{"mods":["Act Like it!","Arknights","BaseMod","Better Vampires","Challenge The Spire","Colored Powertips","Conspire","Gensokyo","HornydragonMod","JesterMod","Koishi","Marisa（F雨　魔理沙）","Minty Spire (QoL Compilation)","Pale of the Ancients","Reimu（博丽灵梦）","Reliquary","Remilia（蕾米莉亚）","Replay The Spire","RumiaBox-露米娅的神秘盒子","SOS（斯巴达之子）","StSLib","TestMod","The Administrix","The Animator","The Bug Knight","The Cursed","The Gatherer","The IronCluck","The Runesmith","The Servant 0.9.4","UnlockEverythingMod","[IsaacMod]以撒尖塔","【功能Mod】聪明的最终Boss","【遗物卡牌】REMEMod","篝火指南"],"gold_per_floor":[112,9,-17,2,48,124,135,310,310,310,310,310],"floor_reached":10,"language":"ZHS","playtime":671,"items_purged":[],"score":71,"play_id":"37e6e0d1-2e82-4d80-a2aa-854ce58ab475","local_time":"20210220180402","is_ascension_mode":true,"metric_token":2261,"campfire_choices":[],"circlet_count":0,"master_deck":["Gatherer:Strike_Gatherer","Gatherer:Strike_Gatherer","Gatherer:Strike_Gatherer","Gatherer:Strike_Gatherer","Gatherer:Strike_Gatherer","Gatherer:Defend_Gatherer","Gatherer:Defend_Gatherer","Gatherer:Defend_Gatherer","Gatherer:Defend_Gatherer","Gatherer:Defend_Gatherer","Gatherer:Centralize","Gatherer:FlowerWhip","BettingIsNotGood","animator:TakanashiRikka","Gatherer:HeartToFruit","Gatherer:TacticalStrike","Gatherer:WitheringStrike","Gatherer:BambuSword","Gatherer:FlamingBottle","Gatherer:AlchemyTrial","Gatherer:FlowerFalling","Doubt"],"relics":["Gatherer:AlchemyBag","testmod-TestBox","HushsDoor","REME_ComplimentaryCards","testmod-CardMagician","YumHeart","Baka","Replay:Wax Seal","Letter Opener","YumHeart","MagicDraw3","reliquary:NewFriend"],"acts_visited":["Exordium"],"potions_floor_usage":[6,10],"damage_taken":[{"damage":3,"enemies":"2 Louse","floor":1,"turns":2},{"damage":0,"enemies":"ats:Genji","floor":3,"turns":4},{"damage":5,"enemies":"Small Slimes","floor":4,"turns":10},{"damage":26,"enemies":"conspire:MimicChest","floor":5,"turns":7},{"damage":22,"enemies":"HollowMod:MossKnight","floor":6,"turns":7},{"damage":30,"enemies":"Red Slaver","floor":7,"turns":4},{"damage":18,"enemies":"3 Sentries","floor":10,"turns":4}],"seed_played":"5661703856361670349","potions_obtained":[{"floor":3,"key":"Elixir"},{"floor":5,"key":"Swift Potion"},{"floor":7,"key":"testmod-SpacePotion"}],"is_trial":false,"path_per_floor":["M","$","M","M","?","E","M","?","T","E"],"character_chosen":"THE_GATHERER","items_purchased":["Replay:Wax Seal","Gatherer:TacticalStrike"],"campfire_rested":0,"item_purchase_floors":[2,2],"current_hp_per_floor":[73,73,79,77,56,69,52,52,52,34,34,34],"gold":310,"neow_bonus":"ONE_RANDOM_RARE_CARD","is_daily":false,"chose_seed":false,"campfire_upgraded":0,"win_rate":0.0,"timestamp":1613815442,"path_taken":["M","$","M","M","?","E","?","?","T","E"],"items_purchased_type":["Relic","Card"],"build_version":"2020-12-22","purchased_purges":0,"victory":false,"max_hp_per_floor":[76,76,79,82,82,82,82,82,82,82,82,82],"card_choices":[{"not_picked":[],"picked":"BettingIsNotGood","floor":0},{"not_picked":["Gatherer:BalancedGrowth","Gatherer:GatherMaterial","Gatherer:Frenzy"],"picked":"SKIP","floor":1},{"not_picked":["Gatherer:BambuSword","Gatherer:WoolGloves"],"picked":"Gatherer:WitheringStrike","floor":3},{"not_picked":["Gatherer:GatherMaterial","Gatherer:UpgradeBag"],"picked":"Gatherer:BambuSword","floor":4},{"not_picked":["Gatherer:TreeGrowth","Gatherer:WitheringStrike"],"picked":"Gatherer:FlamingBottle","floor":5},{"not_picked":["Gatherer:Solidify","Gatherer:CarefulStrike"],"picked":"Gatherer:AlchemyTrial","floor":6},{"not_picked":["Gatherer:CollectorsShot","Gatherer:AcidicSpray"],"picked":"Gatherer:FlowerFalling","floor":7}],"player_experience":240131,"relics_obtained":[{"floor":1,"key":"Baka"},{"floor":5,"key":"Letter Opener"},{"floor":5,"key":"YumHeart"},{"floor":6,"key":"MagicDraw3"},{"floor":9,"key":"reliquary:NewFriend"}],"event_choices":[{"damage_healed":0,"gold_gain":175,"player_choice":"AGREE","damage_taken":0,"max_hp_gain":0,"max_hp_loss":0,"event_name":"Liars Game","floor":8,"gold_loss":0,"cards_obtained":["Doubt"]}],"is_beta":false,"boss_relics":[],"items_purged_floors":[],"is_endless":false,"potions_floor_spawned":[3,5,7],"killed_by":"3 Sentries","ascension_level":1}}