{"host":"elacvoo1ojii4e8w","time":1613797572,"event":{"mods":["Aspiration","Bard","BaseMod","BetterRewards","Challenge The Spire","Colored Map","Colored Powertips","Conspire","Downfall","Energized Spire","Friendly Minions","GifTheSpireLib","Halation","Highlight Path","Hubris","Infinite Spire","Mad Scientist","Marisa????????","Minty Spire (QoL Compilation)","Quick Restart","Relic Sorter","Reliquary","Replay The Spire","Spikes Relics","StS++","StSLib","Stuff the Spire","The Blackbeard","The Disciple","The Gatherer","The Jungle","The Marked","The Runesmith","The Servant 0.9.4","The Valiant","Unceasing Turn Reminder"],"gold_per_floor":[61,61,61,61,61,61,88,107,107,123,148,148,159,176,176,279,279,294,307,307,307,319,319,319],"floor_reached":23,"language":"ENG","playtime":1675,"items_purged":[],"score":226,"play_id":"7c3021d8-518c-4830-b701-39732db63633","local_time":"20210219230612","is_ascension_mode":false,"campfire_choices":[{"data":"MinorHealing","floor":6,"key":"SMITH"},{"data":"FullAwakening","floor":12,"key":"SMITH"}],"circlet_count":0,"master_deck":["Strike_Valiant","Strike_Valiant","Strike_Valiant","Strike_Valiant","Strike_Valiant","Defend_Valiant","Defend_Valiant","Defend_Valiant","Defend_Valiant","BlindingLight","MinorHealing+1","MinorHealing","FuriousSmite+1","Decimate","ToweringCharge","EmpoweringForce","FullAwakening+1","Meaballize","Ensoul","AlmightySmite","Cleanse","Chainer","HolyFury"],"relics":["Cross Pendant","NeowsBlessing","halation:AfternoonTea","hubris:SlimyHat","Runesmith:Nanobots","Strawberry","hubris:Backtick","Mummified Hand","Gremlin Horn","halation:PinkSoulGem"],"acts_visited":["Exordium","TheCity"],"potions_floor_usage":[11,16,16,23],"damage_taken":[{"damage":0,"enemies":"Jaw Worm","floor":1,"turns":1},{"damage":0,"enemies":"Gremlin Nob","floor":7,"turns":1},{"damage":0,"enemies":"Small Slimes","floor":8,"turns":1},{"damage":19,"enemies":"2 Louse","floor":10,"turns":4},{"damage":21,"enemies":"Lagavulin","floor":11,"turns":6},{"damage":24,"enemies":"Exordium Thugs","floor":13,"turns":6},{"damage":37,"enemies":"Lots of Slimes","floor":14,"turns":7},{"damage":28,"enemies":"Slime Boss","floor":16,"turns":10},{"damage":32,"enemies":"Spheric Guardian","floor":18,"turns":4},{"damage":42,"enemies":"3 Byrds","floor":19,"turns":10},{"damage":64,"enemies":"Cultist and Chosen","floor":22,"turns":10},{"damage":50,"enemies":"Slavers","floor":23,"turns":3}],"seed_played":"-5425347572490708652","potions_obtained":[{"floor":10,"key":"Slimebound:ThreeZeroPotion"},{"floor":13,"key":"Dexterity Potion"},{"floor":14,"key":"EssenceOfSteel"},{"floor":19,"key":"Cursed Concoction"}],"is_trial":false,"path_per_floor":["M","?","?","?","?","R","E","M","T","M","E","R","M","M","R_BF","B",null,"M","M","T","?","M","E"],"character_chosen":"TheValiant","items_purchased":[],"campfire_rested":0,"item_purchase_floors":[],"current_hp_per_floor":[100,100,100,100,90,90,98,98,98,89,88,88,84,71,71,76,107,83,71,71,71,38,0,0],"gold":319,"neow_bonus":"THREE_ENEMY_KILL","is_daily":false,"chose_seed":false,"campfire_upgraded":2,"win_rate":0.0,"timestamp":1613797572,"path_taken":["M","?","?","?","?","R","E","M","T","M","E","R","?","M","R_BF","BOSS","M","M","?","?","M","E"],"items_purchased_type":[],"build_version":"2020-12-22","purchased_purges":0,"victory":false,"max_hp_per_floor":[100,100,100,100,100,100,100,100,100,100,107,107,107,107,107,107,107,107,107,107,107,107,107,107],"card_choices":[{"not_picked":["RecklessSmite","Sharpen"],"picked":"FuriousSmite","floor":1},{"not_picked":["AuraDischarge","TearSoul"],"picked":"Decimate","floor":7},{"not_picked":["PiercingStab","HolyLight"],"picked":"ToweringCharge","floor":8},{"not_picked":["GracefulSiphon","ToweringCharge"],"picked":"EmpoweringForce","floor":10},{"not_picked":["MightForm","DivineFavor"],"picked":"FullAwakening","floor":11},{"not_picked":["ItsSmitingTime","TakeAim"],"picked":"Meaballize","floor":13},{"not_picked":["ArchangelsBoon","ZealousPersecution"],"picked":"Ensoul","floor":14},{"not_picked":["Bombastic","FinalGambit"],"picked":"AlmightySmite","floor":16},{"not_picked":["HolyFury","ItsSmitingTime+1"],"picked":"Cleanse","floor":18},{"not_picked":["ItsSmitingTime","CombatDance"],"picked":"Chainer","floor":19},{"not_picked":["Desperation","CombatDance"],"picked":"HolyFury","floor":22}],"player_experience":71595,"relics_obtained":[{"floor":7,"key":"hubris:SlimyHat"},{"floor":9,"key":"Runesmith:Nanobots"},{"floor":11,"key":"Strawberry"},{"floor":20,"key":"Gremlin Horn"}],"event_choices":[{"damage_healed":0,"gold_gain":0,"player_choice":"Leave","damage_taken":0,"max_hp_gain":0,"max_hp_loss":0,"event_name":"The Cleric","floor":3,"gold_loss":0},{"damage_healed":0,"gold_gain":0,"player_choice":"Box","damage_taken":0,"relics_obtained":["halation:AfternoonTea"],"max_hp_gain":0,"max_hp_loss":0,"event_name":"Big Fish","floor":4,"gold_loss":0,"cards_obtained":["Regret"]},{"damage_healed":0,"gold_gain":0,"player_choice":"Damaged","damage_taken":10,"max_hp_gain":0,"max_hp_loss":0,"event_name":"Wheel of Change","floor":5,"gold_loss":0},{"cards_removed":["Regret"],"damage_healed":0,"gold_gain":0,"player_choice":"Removed Curses","damage_taken":0,"max_hp_gain":0,"max_hp_loss":0,"event_name":"Fountain of Cleansing","floor":15,"gold_loss":0}],"is_beta":false,"boss_relics":[{"not_picked":["halation:Risk","halation:MonkeysPaw"],"picked":"hubris:Backtick"}],"items_purged_floors":[],"is_endless":false,"potions_floor_spawned":[10,13,14,19],"killed_by":"Slavers","ascension_level":0}}