{"host":"29uuqgkzqd703i93","time":1613847361,"event":{"mods":["BaseMod","Colored Powertips","Minty Spire (QoL Compilation)"],"gold_per_floor":[17,35,35,54,66,66,101,101,127,127,145,145,163,163,163,163,163],"floor_reached":16,"language":"ENG","playtime":1118,"items_purged":[],"score":102,"play_id":"8b129571-cdee-4388-86d9-98e3cc37a859","local_time":"20210220195601","is_ascension_mode":false,"campfire_choices":[{"data":"Infinite Blades","floor":6,"key":"SMITH"},{"floor":10,"key":"REST"},{"data":"Neutralize","floor":12,"key":"SMITH"},{"data":"Finisher","floor":15,"key":"SMITH"}],"circlet_count":0,"master_deck":["Strike_G","Strike_G","Defend_G","Defend_G","Defend_G","Defend_G","Defend_G","Survivor","Neutralize+1","Flechettes","Heel Hook","Infinite Blades+1","Finisher+1","Dagger Throw","Sucker Punch","Dash","Acrobatics","Flying Knee","Parasite"],"relics":["Ring of the Snake","Toy Ornithopter","Bag of Preparation"],"acts_visited":["Exordium"],"potions_floor_usage":[16],"damage_taken":[{"damage":0,"enemies":"Jaw Worm","floor":1,"turns":3},{"damage":4,"enemies":"Small Slimes","floor":2,"turns":4},{"damage":2,"enemies":"2 Louse","floor":4,"turns":4},{"damage":0,"enemies":"Large Slime","floor":5,"turns":5},{"damage":30,"enemies":"3 Sentries","floor":7,"turns":8},{"damage":18,"enemies":"Exordium Thugs","floor":11,"turns":5},{"damage":7,"enemies":"Gremlin Gang","floor":13,"turns":8},{"damage":60,"enemies":"The Guardian","floor":16,"turns":10}],"seed_played":"-1028266978564232177","potions_obtained":[{"floor":1,"key":"Swift Potion"},{"floor":2,"key":"EntropicBrew"},{"floor":11,"key":"LiquidBronze"},{"floor":13,"key":"Poison Potion"}],"is_trial":false,"path_per_floor":["M","M","?","M","M","R","E","?","T","R","M","R","M","?","R","B"],"character_chosen":"THE_SILENT","items_purchased":[],"campfire_rested":1,"item_purchase_floors":[],"current_hp_per_floor":[70,66,71,69,69,69,39,39,39,61,43,43,36,54,54,0,0],"gold":163,"neow_bonus":"TRANSFORM_TWO_CARDS","is_daily":false,"chose_seed":false,"campfire_upgraded":3,"win_rate":0.0,"timestamp":1613847361,"path_taken":["M","M","?","M","M","R","E","?","T","R","M","R","M","?","R","BOSS"],"items_purchased_type":[],"build_version":"2020-12-22","purchased_purges":0,"victory":false,"max_hp_per_floor":[70,70,75,75,75,75,75,75,75,75,75,75,75,75,75,75,75],"card_choices":[{"not_picked":["Quick Slash","Poisoned Stab"],"picked":"Infinite Blades","floor":1},{"not_picked":["Dagger Spray","Slice"],"picked":"Finisher","floor":2},{"not_picked":["Quick Slash","Acrobatics"],"picked":"Dagger Throw","floor":4},{"not_picked":["Backflip","Outmaneuver"],"picked":"Sucker Punch","floor":5},{"not_picked":["Deadly Poison","PiercingWail"],"picked":"Dash","floor":7},{"not_picked":["Setup","Doppelganger","Acrobatics"],"picked":"SKIP","floor":11},{"not_picked":["Bane","Poisoned Stab"],"picked":"Flying Knee","floor":13}],"player_experience":131383,"relics_obtained":[{"floor":7,"key":"Toy Ornithopter"},{"floor":9,"key":"Bag of Preparation"}],"event_choices":[{"damage_healed":0,"gold_gain":0,"player_choice":"Donut","damage_taken":0,"max_hp_gain":5,"max_hp_loss":0,"event_name":"Big Fish","floor":3,"gold_loss":0},{"damage_healed":0,"gold_gain":0,"cards_transformed":["Strike_G"],"player_choice":"Change","damage_taken":0,"max_hp_gain":0,"max_hp_loss":0,"event_name":"Living Wall","floor":8,"gold_loss":0,"cards_obtained":["Acrobatics"]},{"damage_healed":18,"gold_gain":0,"player_choice":"Healed and dodged fight","damage_taken":0,"max_hp_gain":0,"max_hp_loss":0,"event_name":"Mushrooms","floor":14,"gold_loss":0,"cards_obtained":["Parasite"]}],"is_beta":false,"boss_relics":[],"items_purged_floors":[],"is_endless":false,"potions_floor_spawned":[1,2,11,13],"killed_by":"The Guardian","ascension_level":0}}