{"host":"jjunaul04msmo6r1","time":1613789032,"event":{"mods":["BaseMod","Better Third Choice","Booster Modes","Colored Map","Downfall","Minty Spire (QoL Compilation)","Relic Stats","StSLib","UnlockEverythingMod","everything is the same but u backflip on backflip"],"gold_per_floor":[99,115,115,215,215,229,229,257,57,157,167,185,200,214,229,328,328,328,348,362,387,387,406,406,306,341,353,353,383,398,410,425,529,529,529,541,560,579,579,579,579,116,129,160,160,160,65,81,101,101,101,133,33,33,33,33],"floor_reached":57,"language":"ENG","playtime":10267,"items_purged":["Writhe","champ:Defend","champ:Defend"],"score":1279,"play_id":"e2c085aa-1ea2-49e3-969b-d65366b46832","local_time":"20210219194352","is_ascension_mode":true,"campfire_choices":[{"data":"champ:HoldFirm","floor":1,"key":"SMITH"},{"data":"champ:Taunt","floor":9,"key":"SMITH"},{"floor":18,"key":"RECALL"},{"data":"champ:Improvising","floor":25,"key":"SMITH"},{"data":"champ:UltimateStance","floor":35,"key":"SMITH"},{"data":"champ:FalseCounter","floor":40,"key":"SMITH"},{"data":"champ:Defend","floor":46,"key":"PURGE"},{"data":"champ:Defend","floor":54,"key":"PURGE"}],"circlet_count":0,"master_deck":["champ:Execute+1","champ:Taunt+1","champ:HoldFirm+1","champ:DefensiveShout","champ:Endure","champ:BringItOn","champ:Backstep","champ:ShieldSigil","champ:FlashCut","champ:FalseCounter+1","champ:DefensiveShout+1","champ:Improvising+1","champ:Circumvent","Slimebound:Tackle+1","Slimebound:Tackle+1","Slimebound:Tackle+1","champ:ShieldWall","champ:RageSigil","champ:CalledShot","champ:SteelEdge+1","champ:UltimateStance+1","champ:FlashCut+1","champ:DefensiveStyle","champ:VampiricStrike","champ:CalledShot"],"relics":["champ:ChampionCrown","Oddly Smooth Stone","downfall:HeartBlessingGreen","downfall:HeartBlessingBlue","downfall:GremlinWheel","sneckomod:SneckoTalon","Red Mask","Centennial Puzzle","downfall:HeartBlessingRed","bronze:DecasWashers","Blue Candle","The Courier","Runic Pyramid","Peace Pipe","champ:Barbells","Whetstone","Omamori","Du-Vu Doll","hexamod:CandleOfCauterizing","HornCleat","hexamod:Sixitude"],"acts_visited":["Exordium","TheCity","TheBeyond","TheEnding"],"potions_floor_usage":[8,31,55,56],"damage_taken":[{"damage":10,"enemies":"2 Louse","floor":2,"turns":3},{"damage":5,"enemies":"Jaw Worm","floor":6,"turns":3},{"damage":44,"enemies":"3 Sentries","floor":8,"turns":8},{"damage":44,"enemies":"3 Sentries","floor":10,"turns":6},{"damage":0,"enemies":"Small Slimes","floor":11,"turns":4},{"damage":20,"enemies":"Gremlin Gang","floor":12,"turns":8},{"damage":10,"enemies":"downfall:LooterAlt","floor":13,"turns":3},{"damage":0,"enemies":"Exordium Wildlife","floor":14,"turns":4},{"damage":10,"enemies":"3 Louse","floor":15,"turns":3},{"damage":10,"enemies":"SI_SHIV_ARCHETYPE","floor":16,"turns":9},{"damage":13,"enemies":"downfall:LooterAlt2","floor":19,"turns":5},{"damage":0,"enemies":"3 Byrds","floor":20,"turns":5},{"damage":32,"enemies":"Masked Bandits","floor":21,"turns":5},{"damage":10,"enemies":"Cultist and Chosen","floor":23,"turns":8},{"damage":10,"enemies":"Slavers","floor":26,"turns":7},{"damage":0,"enemies":"Shelled Parasite and Fungi","floor":27,"turns":5},{"damage":28,"enemies":"Gremlin Leader","floor":29,"turns":11},{"damage":20,"enemies":"Snecko","floor":30,"turns":4},{"damage":10,"enemies":"Sentry and Sphere","floor":31,"turns":5},{"damage":10,"enemies":"Centurion and Healer","floor":32,"turns":8},{"damage":53,"enemies":"IC_MUSHROOM_ARCHETYPE","floor":33,"turns":17},{"damage":15,"enemies":"Orb Walker","floor":36,"turns":4},{"damage":54,"enemies":"3 Darklings","floor":37,"turns":7},{"damage":51,"enemies":"Maw","floor":38,"turns":10},{"damage":15,"enemies":"downfall:FleeingMerchant","floor":42,"turns":4},{"damage":25,"enemies":"Writhing Mass","floor":43,"turns":5},{"damage":142,"enemies":"Giant Head","floor":44,"turns":11},{"damage":40,"enemies":"downfall:FleeingMerchant","floor":47,"turns":4},{"damage":5,"enemies":"3 Darklings","floor":48,"turns":3},{"damage":0,"enemies":"Jaw Worm Horde","floor":49,"turns":4},{"damage":84,"enemies":"WA_ARCHETYPE_DIVINITY","floor":50,"turns":9},{"damage":62,"enemies":"downfall:CharBossMerchant","floor":52,"turns":7},{"damage":93,"enemies":"downfall:NeowBoss","floor":55,"turns":15},{"damage":138,"enemies":"downfall:NeowBossFinal","floor":56,"turns":11}],"seed_played":"6612519596450613216","potions_obtained":[{"floor":5,"key":"FairyPotion"},{"floor":5,"key":"FairyPotion"},{"floor":5,"key":"champ:TechniquePotion"},{"floor":11,"key":"SneckoOil"},{"floor":12,"key":"Guardian:BlockOnCardUsePotion"},{"floor":16,"key":"PowerPotion"},{"floor":31,"key":"LiquidMemories"},{"floor":48,"key":"Energy Potion"}],"is_trial":false,"path_per_floor":["R","M","?","?","?","M","T","E","R","?","M","M","M","M","M","B",null,"R","M","M","?","?","M","T","R","E","M","?","E","M","M","M","B",null,"R","M","M","M","?","R","T","$","M","E","T","R","$","M","M","B",null,"E","$","R","B","B",null],"character_chosen":"THE_CHAMP","items_purchased":["champ:DefensiveStyle","champ:Barbells","Whetstone","Omamori"],"campfire_rested":0,"item_purchase_floors":[42,42,42,42],"current_hp_per_floor":[90,90,90,90,90,90,90,71,81,57,57,57,57,57,57,57,100,100,97,97,75,75,75,75,75,75,75,75,67,67,57,57,34,100,100,100,91,90,75,75,75,75,75,35,35,35,35,35,35,11,100,73,73,73,70,33],"gold":33,"neow_bonus":"ONE_RANDOM_RARE_CARD","is_daily":false,"chose_seed":false,"campfire_upgraded":5,"win_rate":0.0,"timestamp":1613789032,"path_taken":["R","M","?","?","?","?","T","E","R","?","M","M","?","M","M","BOSS","R","M","M","?","?","M","T","R","E","M","?","E","M","M","M","BOSS","R","M","M","M","?","R","T","$","?","E","?","R","$","?","M","BOSS","E","$","R","BOSS","BOSS"],"items_purchased_type":["Card","Relic","Relic","Relic"],"build_version":"2020-12-22","purchased_purges":3,"victory":true,"max_hp_per_floor":[90,90,90,90,90,90,90,90,100,100,100,100,100,100,100,100,100,100,100,100,100,100,100,100,100,100,100,100,100,100,100,100,100,100,100,100,100,100,100,100,100,100,100,100,100,100,100,100,100,100,100,100,100,100,100,100],"relic_stats":{"Peace Pipe":2,"Centennial Puzzle":[46],"counters":[34,225],"Blue Candle":[11],"Whetstone":["champ:SteelEdge","champ:FlashCut"],"obtain_stats":[{"champ:Barbells":42,"hexamod:CandleOfCauterizing":45,"downfall:HeartBlessingRed":25,"bronze:DecasWashers":26,"Blue Candle":28,"Oddly Smooth Stone":8,"hexamod:Sixitude":52,"champ:ChampionCrown":0,"downfall:HeartBlessingGreen":9,"The Courier":29,"Omamori":42,"Whetstone":42,"sneckomod:SneckoTalon":17,"Peace Pipe":41,"Du-Vu Doll":44,"Centennial Puzzle":24,"downfall:GremlinWheel":10,"HornCleat":46,"downfall:HeartBlessingBlue":9,"Red Mask":21,"Runic Pyramid":34},{"champ:Barbells":25,"hexamod:CandleOfCauterizing":27,"downfall:HeartBlessingRed":14,"bronze:DecasWashers":15,"Blue Candle":16,"Oddly Smooth Stone":3,"hexamod:Sixitude":32,"champ:ChampionCrown":0,"downfall:HeartBlessingGreen":3,"The Courier":17,"Omamori":25,"Whetstone":25,"sneckomod:SneckoTalon":10,"Peace Pipe":24,"Du-Vu Doll":27,"Centennial Puzzle":14,"downfall:GremlinWheel":4,"HornCleat":27,"downfall:HeartBlessingBlue":3,"Red Mask":13,"Runic Pyramid":21},{"champ:Barbells":156,"hexamod:CandleOfCauterizing":172,"downfall:HeartBlessingRed":74,"bronze:DecasWashers":81,"Blue Candle":86,"Oddly Smooth Stone":14,"hexamod:Sixitude":199,"champ:ChampionCrown":0,"downfall:HeartBlessingGreen":14,"The Courier":97,"Omamori":156,"Whetstone":156,"sneckomod:SneckoTalon":51,"Peace Pipe":152,"Du-Vu Doll":172,"Centennial Puzzle":74,"downfall:GremlinWheel":20,"HornCleat":172,"downfall:HeartBlessingBlue":14,"Red Mask":66,"Runic Pyramid":131}]},"card_choices":[{"not_picked":["champ:Backstep","champ:FaceSlap"],"picked":"champ:DefensiveShout","floor":2},{"not_picked":["champ:FanOfKnives","champ:Haymaker"],"picked":"champ:Endure","floor":6},{"not_picked":["champ:DefensiveStyle","champ:AdrenalArmor"],"picked":"champ:BringItOn","floor":8},{"not_picked":["champ:HeartStrike","champ:BerserkerStyle"],"picked":"champ:Backstep","floor":11},{"not_picked":["champ:Backstep","champ:Duel"],"picked":"champ:ShieldSigil","floor":12},{"not_picked":["champ:ShieldSigil","champ:RapidStrikes"],"picked":"champ:FlashCut","floor":13},{"not_picked":["champ:EnchantSword","champ:FanOfKnives"],"picked":"champ:FalseCounter","floor":14},{"not_picked":["champ:PerfectedStrike","champ:AdrenalArmor"],"picked":"champ:DefensiveShout","floor":15},{"not_picked":["champ:TripleStrike","champ:DancingMaster"],"picked":"champ:Improvising","floor":16},{"not_picked":["champ:EnragedBash","champ:BladeFlurry","champ:PreciseThrust+1"],"picked":"SKIP","floor":19},{"not_picked":["champ:FanOfKnives+1","champ:CrownThrow","champ:FancyFootwork"],"picked":"SKIP","floor":20},{"not_picked":["champ:FaceSlap","champ:BerserkersShout"],"picked":"champ:Circumvent","floor":21},{"not_picked":["champ:Shatter+1","champ:FanOfKnives"],"picked":"champ:ShieldWall","floor":23},{"not_picked":["champ:Endure","champ:Haymaker"],"picked":"champ:RageSigil","floor":26},{"not_picked":["champ:FancyFootwork","champ:BringItOn+1"],"picked":"champ:CalledShot","floor":27},{"not_picked":["champ:AdrenalArmor","champ:GutPunch"],"picked":"champ:SteelEdge","floor":29},{"not_picked":["champ:StanceDance","champ:FanOfKnives","champ:CrookedStrike"],"picked":"SKIP","floor":30},{"not_picked":["champ:EndlessRage","champ:BerserkerStyle","champ:BladeFlurry+1"],"picked":"SKIP","floor":31},{"not_picked":["champ:FaceSlap","champ:FanOfKnives","champ:PerfectedStrike"],"picked":"SKIP","floor":32},{"not_picked":["champ:Improvising","champ:SwordThrow"],"picked":"champ:UltimateStance","floor":33},{"not_picked":["champ:ShieldSlam+1","champ:BringItOn","champ:HeartStrike"],"picked":"SKIP","floor":36},{"not_picked":["champ:FalseCounter","champ:Parry","champ:GutPunch"],"picked":"SKIP","floor":37},{"not_picked":["champ:SwordSigil","champ:PreciseThrust+1","champ:BerserkersShout+1"],"picked":"SKIP","floor":38},{"not_picked":["champ:Haymaker","champ:RapidStrikes+1"],"picked":"champ:FlashCut","floor":42},{"not_picked":["champ:FanOfKnives+1","champ:ShieldWall","champ:BringItOn+1"],"picked":"SKIP","floor":43},{"not_picked":["champ:Shatter+1","champ:PreciseThrust"],"picked":"champ:VampiricStrike","floor":44},{"not_picked":["champ:FancyFootwork+1","champ:TornadoPunch+1","champ:AdrenalArmor+1"],"picked":"SKIP","floor":47},{"not_picked":["champ:PerfectedStrike","champ:ShieldSigil+1"],"picked":"champ:CalledShot","floor":48},{"not_picked":["champ:Shatter+1","champ:HeartStrike","champ:BerserkersShout+1"],"picked":"SKIP","floor":49},{"not_picked":["champ:EnGarde+1","champ:MurderStrike","champ:CrownThrow+1"],"picked":"SKIP","floor":52}],"player_experience":581963,"relics_obtained":[{"floor":8,"key":"Oddly Smooth Stone"},{"floor":10,"key":"downfall:GremlinWheel"},{"floor":21,"key":"Red Mask"},{"floor":24,"key":"Centennial Puzzle"},{"floor":26,"key":"bronze:DecasWashers"},{"floor":29,"key":"The Courier"},{"floor":41,"key":"Peace Pipe"},{"floor":44,"key":"Du-Vu Doll"},{"floor":45,"key":"hexamod:CandleOfCauterizing"},{"floor":46,"key":"HornCleat"},{"floor":52,"key":"hexamod:Sixitude"}],"event_choices":[{"damage_healed":0,"gold_gain":0,"player_choice":"Got Potions","damage_taken":0,"max_hp_gain":0,"max_hp_loss":0,"event_name":"Lab","floor":5,"gold_loss":0},{"damage_healed":0,"gold_gain":0,"player_choice":"Fought Bandits","damage_taken":0,"max_hp_gain":0,"max_hp_loss":0,"event_name":"Masked Bandits","floor":21,"gold_loss":0},{"damage_healed":0,"gold_gain":0,"player_choice":"Relic","damage_taken":0,"max_hp_gain":0,"max_hp_loss":0,"event_name":"Wheel of Change","floor":46,"gold_loss":0}],"is_beta":false,"boss_relics":[{"not_picked":["Cursed Key","Philosopher\u0027s Stone"],"picked":"sneckomod:SneckoTalon"},{"not_picked":["bronze:MakeshiftBattery","Snecko Eye"],"picked":"Runic Pyramid"}],"items_purged_floors":[42,47,53],"is_endless":false,"potions_floor_spawned":[6,11,12,13,16,21,23,26,29,31,32,38,48,49,52],"ascension_level":1}}