{"host":"glqsg3p5q4u9u1ra","time":1613832282,"event":{"mods":["Act Like it!","Arknights","BaseMod","Better Third Choice","BetterRewards","Colored Map","Downfall","Friendly Minions","GifTheSpireLib","Hallownest","Highlight Path","Infinite Spire","Mimic Mod","Minty Spire (QoL Compilation)","Pale of the Ancients","Reliquary","Replay The Spire","Ruina","Spicy Shops","Spire Birthday Party","StSLib","The Blue Laboratory","The Bug Knight","The Exalted","The Servant 0.9.4","Wandering Minibosses"],"gold_per_floor":[111,111,111,125,300,9,19,19,19,19,38,65,83,103,103,198,198,212,227,237,13,30,30,30,30,30,30,16,16,47,47,120,223,223,243,253,253,253,253,253,30,94,148,188,201,361,389,389,389,389],"floor_reached":51,"language":"ENG","playtime":2601,"items_purged":["ats:Strike G","Doubt","ats:Defend"],"score":645,"play_id":"e3911005-61a0-4540-893b-d4f841936d7b","local_time":"20210220064442","is_ascension_mode":false,"campfire_choices":[{"data":"ats:Composite Medical Shells","floor":10,"key":"SMITH"},{"data":"ats:Shell Defense","floor":23,"key":"SMITH"},{"data":"infinitespire:SevenWalls","floor":27,"key":"SMITH"},{"data":"ats:Thorns","floor":29,"key":"SMITH"},{"data":"infinitespire:SevenWalls","floor":40,"key":"SMITH"},{"floor":49,"key":"DIG"}],"circlet_count":0,"master_deck":["ats:Armor Crushing Shot","ats:Defend","ats:Defend","ats:Defend","ats:Emotion Absorption+1","ats:Nebulous Foxfire+1","ats:Composite Medical Shells+1","ats:Sunburst+1","ats:Shell Defense+1","ats:Revitalization+1","ats:Shell Defense+1","ats:Echo Reverb+1","ats:Directed Diagnosis+1","ats:Volcano+1","ats:Thorns+1","ats:Apocalypse+1","infinitespire:SevenWalls+1","ats:Counter Healing Mode+1","ats:Healing Drone+1","infinitespire:SevenWalls+1","ats:Part Time Job+1","ats:Part Time Job+1","ats:Dogmatic Field+1","ats:Song Of Battle","ats:Revitalization"],"relics":["Happy Flower","Golden Egg","ats:Originium","Calipers","reliquary:ThirdArm","Cauldron","infinitespire:Lychee Nut","reliquary:Spinner","Replay:Grab Bag","Velvet Choker","reliquary:WritOfMandamus","Empty Cage","Mango","Bromod:ArcaneGrace","DollysMirror","infinitespire:Eraser","Akabeko","wanderingMiniBosses:ThiefScarf","Guardian:PocketSentry","ats:Sanity","Shovel","ats:Sanity Plus","reliquary:BallBearing","ReplayTheSpireMod:Onyx Gauntlets","reliquary:Firecrackers","reliquary:IridiumChain","Iron Hammer","Question Card","Hallownest:GodTamersBeastRelic","Potion Belt","infinitespire:Beetle Shell"],"acts_visited":["Exordium","Exordium","ruina:Briah"],"potions_floor_usage":[11,16,16,20,22,22,28,44,46,50],"damage_taken":[{"damage":10,"enemies":"2 Louse","floor":1,"turns":3},{"damage":10,"enemies":"Small Slimes","floor":4,"turns":3},{"damage":5,"enemies":"ats:Genji","floor":7,"turns":4},{"damage":15,"enemies":"Looter","floor":11,"turns":6},{"damage":28,"enemies":"Lagavulin","floor":12,"turns":9},{"damage":11,"enemies":"Large Slime","floor":13,"turns":6},{"damage":8,"enemies":"3 Louse","floor":14,"turns":3},{"damage":34,"enemies":"Fading Forest","floor":16,"turns":11},{"damage":49,"enemies":"ruina:3_Bats","floor":18,"turns":5},{"damage":29,"enemies":"ruina:Nosferatu","floor":19,"turns":7},{"damage":66,"enemies":"ruina:KnightOfDespair","floor":20,"turns":7},{"damage":43,"enemies":"ruina:QueenOfHate","floor":22,"turns":6},{"damage":37,"enemies":"ruina:KingOfGreed","floor":28,"turns":7},{"damage":73,"enemies":"ruina:RoadHome","floor":30,"turns":9},{"damage":19,"enemies":"ruina:Ozma","floor":33,"turns":11},{"damage":27,"enemies":"Hallownest:3_Siblings","floor":35,"turns":8},{"damage":34,"enemies":"Hallownest:2_Littles","floor":36,"turns":5},{"damage":55,"enemies":"Hallownest:monsterPrimalAspid","floor":44,"turns":4},{"damage":0,"enemies":"Hallownest:2_Wandering_and_1_Horned","floor":45,"turns":6},{"damage":0,"enemies":"Hallownest:2_Wandering_and_1_Horned","floor":46,"turns":5},{"damage":0,"enemies":"Hallownest:2_Wandering_and_1_Horned","floor":46,"turns":5},{"damage":49,"enemies":"Hallownest:2_Wandering_and_1_Horned","floor":46,"turns":6},{"damage":0,"enemies":"Hallownest:2_Wandering_and_1_Horned","floor":46,"turns":2},{"damage":25,"enemies":"Hallownest:StalkingDevout","floor":47,"turns":8},{"damage":39,"enemies":"Hallownest:BossGreyPrinceZote","floor":50,"turns":11}],"seed_played":"5245287998599565169","potions_obtained":[{"floor":7,"key":"SkillPotion"},{"floor":13,"key":"blueLaboratory:AbyssPotion"},{"floor":14,"key":"blueLaboratory:BottleOfRum"},{"floor":19,"key":"hexamod:SoulburnPotion"},{"floor":20,"key":"blueLaboratory:SavagePotion"},{"floor":21,"key":"PowerPotion"},{"floor":21,"key":"blueLaboratory:FruitPreserves"},{"floor":21,"key":"Explosive Potion"},{"floor":42,"key":"ats:Flame Arts Potion"},{"floor":45,"key":"blueLaboratory:RecallPotion"},{"floor":47,"key":"Venom Potion"}],"is_trial":false,"path_per_floor":["M","?","?","M","?","$","M","?","T","R","M","E","M","M","R_BF","B",null,"M","M","M","$","M","R","$","?","T","R","M","R","E","?","R_BF","B",null,"M","M","AVR","?","?","R","$","?","T","M","M","?","E","?","R_BF","B",null],"character_chosen":"DOCTOR_CLASS","items_purchased":["ats:Nebulous Foxfire","ats:Composite Medical Shells","Happy Flower","Golden Egg","ats:Revitalization+1","ats:Apocalypse","Cauldron","ats:Part Time Job","DollysMirror"],"campfire_rested":0,"item_purchase_floors":[0,0,0,6,6,21,21,41,41],"current_hp_per_floor":[62,55,55,49,49,49,58,63,63,63,77,77,77,77,77,74,77,42,60,28,28,48,48,48,30,30,30,35,35,57,25,25,57,57,57,57,71,67,66,66,66,40,40,50,66,66,66,66,66,66],"gold":389,"neow_bonus":"","is_daily":false,"chose_seed":false,"campfire_upgraded":5,"win_rate":0.0,"timestamp":1613832282,"path_taken":["M","?","?","M","?","$","M","?","T","R","M","E","M","M","R_BF","BOSS","M","M","M","$","M","R","$","?","T","R","M","R","E","?","R_BF","BOSS","M","M","AVR","?","?","R","$","?","T","?","M","?","E","?","R_BF","BOSS"],"items_purchased_type":["Card","Card","Relic","Relic","Card","Card","Relic","Card","Relic"],"build_version":"2020-12-22","purchased_purges":3,"victory":true,"max_hp_per_floor":[72,72,72,72,72,72,72,77,77,77,77,77,77,77,77,77,77,77,77,77,77,77,77,77,77,57,57,57,57,57,57,57,57,57,57,57,71,71,66,66,66,66,66,66,66,66,66,66,66,66],"card_choices":[{"not_picked":["ats:Serious Mode","ats:Assault Order"],"picked":"ats:Sunburst","floor":1},{"not_picked":["ats:Cat Scratch","ats:Poison Spread"],"picked":"ats:Shell Defense","floor":4},{"not_picked":["ats:Blood Oath","ats:Very Hot Blade","ats:Guard Mode"],"picked":"SKIP","floor":7},{"not_picked":["ats:Assault Order","ats:Curse Doll"],"picked":"ats:Shell Defense","floor":11},{"not_picked":["ats:LN2 Cannon","ats:Guard Mode"],"picked":"ats:Echo Reverb","floor":12},{"not_picked":["ats:Cat Scratch","ats:Explosion Area Strengthen","ats:Powerful Strike"],"picked":"SKIP","floor":13},{"not_picked":["ats:Beaten Up","ats:Poison Spread"],"picked":"ats:Directed Diagnosis","floor":14},{"not_picked":["ats:Dogmatic Field","ats:Durian"],"picked":"ats:Volcano","floor":16},{"not_picked":["ats:Charging Defense","ats:Flexible Camouflage+1","ats:Assault Order"],"picked":"SKIP","floor":18},{"not_picked":["ats:Poison Spread","ats:Thermite Blade"],"picked":"ats:Thorns","floor":19},{"not_picked":["ats:Ignite","ats:Assault Order","ats:Charging Defense+1"],"picked":"SKIP","floor":20},{"not_picked":["ats:LN2 Cannon","ats:Soul Absorption+1","ats:Poison Spread"],"picked":"SKIP","floor":22},{"not_picked":["ReplayTheSpireMod:??????????????????????","ReplayTheSpireMod:Book of Names"],"picked":"infinitespire:SevenWalls","floor":25},{"not_picked":["ats:Consecutive Shot Auto+1","ats:Curse Doll"],"picked":"ats:Counter Healing Mode","floor":28},{"not_picked":["ats:Demon Strength","ats:Shell Defense"],"picked":"ats:Healing Drone+1","floor":30},{"not_picked":["ats:Poison Spread+1","ats:Literary Storm","ats:Beaten Up+1"],"picked":"SKIP","floor":35},{"not_picked":["ats:Defend Order","ats:Curse Doll+1","ats:Hammer On"],"picked":"SKIP","floor":36},{"not_picked":["ats:Demon Strength+1","ats:Steam Pump"],"picked":"ats:Dogmatic Field","floor":42},{"not_picked":["ats:Guard Mode","ats:Powerful Strike+1"],"picked":"ats:Song Of Battle","floor":44},{"not_picked":["ats:Cat Scratch+1","ats:Explosion Area Strengthen"],"picked":"ats:Revitalization","floor":45},{"not_picked":["ats:Explosion Area Strengthen+1","ats:Ignite","ats:Support Order","ats:Absolute Focus"],"picked":"SKIP","floor":47}],"player_experience":1166744,"relics_obtained":[{"floor":9,"key":"Guardian:PocketSentry"},{"floor":12,"key":"ats:Originium"},{"floor":12,"key":"Calipers"},{"floor":26,"key":"infinitespire:Lychee Nut"},{"floor":30,"key":"reliquary:Spinner"},{"floor":30,"key":"ats:Originium"},{"floor":42,"key":"infinitespire:Eraser"},{"floor":43,"key":"Akabeko"},{"floor":44,"key":"wanderingMiniBosses:ThiefScarf"},{"floor":44,"key":"Guardian:PocketSentry"},{"floor":44,"key":"ats:Sanity"},{"floor":47,"key":"ats:Originium"},{"floor":47,"key":"Potion Belt"},{"floor":49,"key":"infinitespire:Beetle Shell"}],"event_choices":[{"cards_removed":["ats:Strike V"],"damage_healed":0,"gold_gain":0,"player_choice":"Card Removal","damage_taken":7,"max_hp_gain":0,"max_hp_loss":0,"event_name":"Golden Wing","floor":2,"gold_loss":0},{"damage_healed":0,"gold_gain":0,"player_choice":"Grow","damage_taken":0,"max_hp_gain":0,"max_hp_loss":0,"event_name":"Living Wall","floor":3,"gold_loss":0,"cards_upgraded":["ats:Nebulous Foxfire"]},{"damage_healed":0,"gold_gain":175,"player_choice":"AGREE","damage_taken":125,"max_hp_gain":0,"max_hp_loss":0,"event_name":"betterThird:BetterSerpent","floor":5,"gold_loss":0},{"damage_healed":0,"gold_gain":0,"player_choice":"Donut","damage_taken":0,"max_hp_gain":5,"max_hp_loss":0,"event_name":"Big Fish","floor":8,"gold_loss":0}],"is_beta":false,"boss_relics":[{"not_picked":["Painkiller Herb","SacredBark"],"picked":"reliquary:ThirdArm"},{"not_picked":["ReplayTheSpireMod:SealedPack","ChewingGum"],"picked":"Replay:Grab Bag"},{"not_picked":["bronze:MakeshiftBattery","Replay:Wanted Poster"],"picked":"Velvet Choker"},{"not_picked":["Replay:Bronze Core","Abe\u0027s Treasure"],"picked":"reliquary:WritOfMandamus"},{"not_picked":["Pandora\u0027s Box","Replay:Drink Me"],"picked":"Empty Cage"}],"items_purged_floors":[0,21,37],"is_endless":false,"potions_floor_spawned":[7,13,14,19,20,45,46,46,46,47],"ascension_level":0}}