{"host":"mb4cisebr17g8vuz","time":1613786626,"event":{"mods":["AchievementEnabler","BaseMod","Colored Map","Colored Powertips","Minty Spire (QoL Compilation)","SuperFastMode","everything is the same but u backflip on backflip"],"gold_per_floor":[115,115,132,142,154,188,188,188,188],"floor_reached":8,"language":"KOR","playtime":269,"items_purged":[],"score":113,"play_id":"3c652d9a-cae0-4370-bd0e-234dfc7634fe","local_time":"20210219210346","is_ascension_mode":true,"campfire_choices":[{"floor":7,"key":"REST"}],"circlet_count":0,"master_deck":["AscendersBane","Strike_R","Strike_R","Strike_R","Strike_R","Defend_R","Defend_R","Defend_R","Bash","Power Through","True Grit","Twin Strike"],"relics":["Burning Blood","CultistMask","Blue Candle"],"acts_visited":["Exordium"],"potions_floor_usage":[5,6,8],"damage_taken":[{"damage":1,"enemies":"Small Slimes","floor":1,"turns":4},{"damage":7,"enemies":"Cultist","floor":3,"turns":4},{"damage":0,"enemies":"2 Louse","floor":4,"turns":3},{"damage":33,"enemies":"Exordium Thugs","floor":5,"turns":7},{"damage":40,"enemies":"Gremlin Nob","floor":6,"turns":5},{"damage":31,"enemies":"3 Sentries","floor":8,"turns":7}],"seed_played":"-1831406708743377333","potions_obtained":[{"floor":1,"key":"Ancient Potion"},{"floor":3,"key":"AttackPotion"},{"floor":6,"key":"Strength Potion"}],"is_trial":false,"path_per_floor":["M","?","M","M","M","E","R","E"],"character_chosen":"IRONCLAD","items_purchased":[],"campfire_rested":1,"item_purchase_floors":[],"current_hp_per_floor":[68,68,67,68,41,7,27,0,0],"gold":188,"neow_bonus":"REMOVE_TWO","is_daily":false,"chose_seed":false,"campfire_upgraded":0,"win_rate":0.0,"timestamp":1613786626,"path_taken":["M","?","M","M","M","E","R","E"],"items_purchased_type":[],"build_version":"2020-12-22","purchased_purges":0,"victory":false,"max_hp_per_floor":[68,68,68,68,68,68,68,68,68],"card_choices":[{"not_picked":["Feel No Pain","Headbutt","Rampage"],"picked":"SKIP","floor":1},{"not_picked":["Feel No Pain","Perfected Strike"],"picked":"Power Through","floor":3},{"not_picked":["Twin Strike","Havoc","Rage"],"picked":"SKIP","floor":4},{"not_picked":["Sword Boomerang","Rage"],"picked":"True Grit","floor":5},{"not_picked":["Flex","Clash"],"picked":"Twin Strike","floor":6}],"player_experience":257010,"relics_obtained":[{"floor":6,"key":"Blue Candle"}],"event_choices":[{"damage_healed":0,"gold_gain":0,"player_choice":"Trade","damage_taken":0,"relics_obtained":["CultistMask"],"max_hp_gain":0,"max_hp_loss":0,"event_name":"FaceTrader","floor":2,"gold_loss":0}],"is_beta":false,"boss_relics":[],"items_purged_floors":[],"is_endless":false,"potions_floor_spawned":[1,3,6],"killed_by":"3 Sentries","ascension_level":19}}