{"host":"nsiiwrl41ak9l0n5","time":1613820004,"event":{"mods":["BaseMod","Better Altar","Better Match","Better Note","Better Sensory Stone","Better Skull","BetterRewards","Colored Map","Colored Powertips","Downfall","Emptier Cage","GifTheSpireLib","HexUI Lib","Highlight Path","MarisaÅiñ∂âJÅ@ñÇóùçπÅj","Minty Spire (QoL Compilation)","Permanent Neow","Quick Restart","Rare Cards Sparkle","Relic Sorter","SacredBarkPlus","StSLib","The Animator","The Cursed","The Servant 0.9.4"],"gold_per_floor":[99,116,127,127,146,173,223,223,223,240,165,175,175,188,207,304,304,304,322,350,350,350,350,374,374,374,374,374],"floor_reached":26,"language":"ENG","playtime":2851,"items_purged":[],"score":208,"play_id":"8837a89e-a59b-422b-b930-4676e641fb7e","local_time":"20210220212004","is_ascension_mode":false,"campfire_choices":[{"data":"hexamod:Float","floor":1,"key":"SMITH"},{"floor":8,"key":"REST"},{"floor":13,"key":"REST"},{"data":"hexamod:ExtraCrispy","floor":18,"key":"SMITH"},{"floor":23,"key":"REST"}],"circlet_count":0,"master_deck":["hexamod:Strike","hexamod:Strike","hexamod:Strike","hexamod:Strike","hexamod:Defend","hexamod:Defend","hexamod:Defend","hexamod:Defend","hexamod:Sear","hexamod:Float+1","hexamod:ShieldOfDarkness","hexamod:ThirdSeal","hexamod:ExtraCrispy+1","hexamod:FourthSeal","hexamod:SoulSteal+1","hexamod:SkipABeat","hexamod:EmpoweredFlame","hexamod:PhantomFireball","hexamod:SecondSeal","hexamod:NightmareStrike","hexamod:HeatMetal","hexamod:FifthSeal","hexamod:SixthSeal","hexamod:Firestarter+1","hexamod:GhostShield+1"],"relics":["hexamod:SpiritBrand","Pen Nib","hexamod:MatchstickCase","MealTicket","Nunchaku","Happy Flower","Regal Pillow","Philosopher\u0027s Stone","Oddly Smooth Stone"],"acts_visited":["Exordium","TheCity"],"potions_floor_usage":[6,10,10,16,16,16,19,20,21,26,26],"damage_taken":[{"damage":0,"enemies":"Small Slimes","floor":2,"turns":3},{"damage":0,"enemies":"2 Louse","floor":3,"turns":3},{"damage":1,"enemies":"Jaw Worm","floor":5,"turns":4},{"damage":32,"enemies":"3 Sentries","floor":6,"turns":12},{"damage":2,"enemies":"Gremlin Gang","floor":10,"turns":5},{"damage":0,"enemies":"2 Fungi Beasts","floor":12,"turns":3},{"damage":0,"enemies":"Red Slaver","floor":14,"turns":3},{"damage":2,"enemies":"Blue Slaver","floor":15,"turns":4},{"damage":11,"enemies":"IC_STATUS_ARCHETYPE","floor":16,"turns":4},{"damage":12,"enemies":"downfall:LooterAlt2","floor":19,"turns":4},{"damage":10,"enemies":"Spheric Guardian","floor":20,"turns":4},{"damage":82,"enemies":"Gremlin Leader","floor":26,"turns":7}],"seed_played":"-6196684766567990845","potions_obtained":[{"floor":3,"key":"Guardian:BlockOnCardUsePotion"},{"floor":6,"key":"SteroidPotion"},{"floor":6,"key":"Strength Potion"},{"floor":10,"key":"Ancient Potion"},{"floor":12,"key":"sneckomod:MuddlingPotion"},{"floor":14,"key":"SpeedPotion"},{"floor":14,"key":"DistilledChaos"},{"floor":15,"key":"champ:CounterPotion"},{"floor":15,"key":"SkillPotion"},{"floor":16,"key":"DistilledChaos"},{"floor":19,"key":"Weak Potion"},{"floor":19,"key":"Swift Potion"},{"floor":21,"key":"PowerPotion"},{"floor":21,"key":"Fruit Juice"}],"is_trial":false,"path_per_floor":["R","M","M","?","M","E","T","R","?","M","?","M","R","M","M","B",null,"R","M","M","?","?","R","T","?","E"],"character_chosen":"THE_SPIRIT","items_purchased":[],"campfire_rested":3,"item_purchase_floors":[],"current_hp_per_floor":[70,70,70,70,69,37,37,58,3,1,1,1,37,37,35,24,70,70,58,48,53,53,75,75,75,0,0,0],"gold":374,"neow_bonus":"RANDOM_COMMON_RELIC","is_daily":false,"chose_seed":false,"campfire_upgraded":2,"win_rate":0.0,"timestamp":1613820004,"path_taken":["R","M","M","?","M","E","T","R","?","?","?","M","R","M","M","BOSS","R","M","M","?","?","R","T","?","E"],"items_purchased_type":[],"build_version":"2020-12-22","purchased_purges":0,"victory":false,"max_hp_per_floor":[70,70,70,70,70,70,70,70,70,70,70,70,70,70,70,70,70,70,70,70,75,75,75,75,75,75,75,75],"card_choices":[{"not_picked":["hexamod:SpectersWail","hexamod:ThermalTransfer"],"picked":"hexamod:ShieldOfDarkness","floor":2},{"not_picked":["hexamod:Hexaguard","hexamod:InspiringFlames"],"picked":"hexamod:ThirdSeal","floor":3},{"not_picked":["hexamod:ShieldOfDarkness","hexamod:Hexaguard"],"picked":"hexamod:ExtraCrispy","floor":5},{"not_picked":["hexamod:GhostShield","hexamod:HauntingEcho"],"picked":"hexamod:FourthSeal","floor":5},{"not_picked":["hexamod:GhostLash","hexamod:NightmareGuise"],"picked":"hexamod:SoulSteal","floor":6},{"not_picked":["hexamod:RecurringNightmare","hexamod:NightmareGuise"],"picked":"hexamod:SkipABeat","floor":6},{"not_picked":["hexamod:SkipABeat","hexamod:NecessarySacrifice"],"picked":"hexamod:EmpoweredFlame","floor":10},{"not_picked":["hexamod:HeatMetal","hexamod:GhostOfSpirePast"],"picked":"hexamod:PhantomFireball","floor":12},{"not_picked":["hexamod:AdvancingGuard","hexamod:InspiringFlames"],"picked":"hexamod:SecondSeal","floor":14},{"not_picked":["hexamod:PhantomCloak","hexamod:AdvancingGuard","hexamod:SoulSteal"],"picked":"SKIP","floor":14},{"not_picked":["hexamod:GhostOfSpirePresent","hexamod:EtherealExpedition"],"picked":"hexamod:NightmareStrike","floor":15},{"not_picked":["hexamod:SoulSteal","hexamod:GhostShield"],"picked":"hexamod:HeatMetal","floor":15},{"not_picked":["hexamod:GhostflameInferno","hexamod:UnlimitedPower"],"picked":"hexamod:FifthSeal","floor":16},{"not_picked":["hexamod:UnleashSpirits","hexamod:WildfireWeapon"],"picked":"hexamod:SixthSeal","floor":16},{"not_picked":["hexamod:EtherealExpedition+1","hexamod:GhostLash"],"picked":"hexamod:Firestarter+1","floor":19},{"not_picked":["hexamod:Firestarter","hexamod:GhostOfSpirePresent"],"picked":"hexamod:GhostShield+1","floor":19},{"not_picked":["hexamod:NightmareStrike","hexamod:Hexaguard+1","hexamod:GhostShield+1"],"picked":"SKIP","floor":20},{"not_picked":["hexamod:GhostOfSpirePast","hexamod:PhantomFireball","hexamod:InspiringFlames+1"],"picked":"SKIP","floor":20}],"player_experience":187452,"relics_obtained":[{"floor":6,"key":"hexamod:MatchstickCase"},{"floor":7,"key":"MealTicket"},{"floor":24,"key":"Oddly Smooth Stone"}],"event_choices":[{"damage_healed":0,"gold_gain":1,"player_choice":"1","damage_taken":0,"max_hp_gain":0,"max_hp_loss":0,"event_name":"betterStone:BetterStone","floor":4,"gold_loss":0},{"damage_healed":0,"gold_gain":0,"player_choice":"RE RE RE ","damage_taken":61,"relics_obtained":["Nunchaku","Happy Flower","Regal Pillow"],"max_hp_gain":0,"max_hp_loss":0,"event_name":"betterSkull:BetterSkull","floor":9,"gold_loss":0,"cards_upgraded":[]},{"damage_healed":0,"gold_gain":0,"player_choice":"3","damage_taken":0,"max_hp_gain":0,"max_hp_loss":0,"event_name":"betterMatch:BetterMatch","floor":11,"gold_loss":0,"cards_obtained":[]},{"damage_healed":0,"gold_gain":0,"player_choice":"Got Potions","damage_taken":0,"max_hp_gain":0,"max_hp_loss":0,"event_name":"Lab","floor":21,"gold_loss":0},{"damage_healed":4,"gold_gain":0,"player_choice":"LEAVE ","damage_taken":0,"relics_obtained":[],"max_hp_gain":0,"max_hp_loss":0,"event_name":"betterSkull:BetterSkull","floor":25,"gold_loss":0,"cards_upgraded":[]}],"is_beta":false,"boss_relics":[{"not_picked":["Astrolabe","Velvet Choker"],"picked":"Philosopher\u0027s Stone"}],"items_purged_floors":[],"is_endless":false,"potions_floor_spawned":[3,6,12,14,15,19],"killed_by":"Gremlin Leader","ascension_level":0}}