{"host":"qc1sjgtdjonvdsd8","time":1613803381,"event":{"mods":["BaseMod","Colored Map","Colored Powertips","Curses Come First","Minty Spire (QoL Compilation)","Replay The Spire","StSLib"],"gold_per_floor":[119,69,79,169,169,169,187,187,255,273,62,74,89,89,89,185,185,196,209,209,209,224,224,224,224,224],"floor_reached":25,"language":"ENG","playtime":1930,"items_purged":["ReplayTheSpireMod:Splinters"],"score":241,"play_id":"0cf206b2-34f5-4e54-a176-340088bce330","local_time":"20210219224301","is_ascension_mode":true,"campfire_choices":[{"data":"Cloak And Dagger","floor":6,"key":"SMITH"},{"data":"1","floor":8,"key":"LIFT"},{"data":"2","floor":15,"key":"LIFT"},{"data":"Calculated Gamble","floor":23,"key":"SMITH"}],"circlet_count":0,"master_deck":["Strike_G","Defend_G","Defend_G","Defend_G","Survivor","Neutralize","Backstab","Dodge and Roll","Cloak And Dagger+1","Dodge and Roll","ReplayTheSpireMod:The Works","Hidden Blade","Adrenaline+1","Calculated Gamble+1","Backflip","Concentrate+1","Tactician"],"relics":["Replay:Drink Me","Juzu Bracelet","Girya","Golden Egg","Replay:Bronze Core","Eternal Feather"],"acts_visited":["Exordium","TheCity"],"potions_floor_usage":[16,25,25],"damage_taken":[{"damage":0,"enemies":"Small Slimes","floor":1,"turns":4},{"damage":0,"enemies":"Jaw Worm","floor":3,"turns":4},{"damage":0,"enemies":"Cultist","floor":7,"turns":5},{"damage":0,"enemies":"3 Louse","floor":10,"turns":3},{"damage":0,"enemies":"Gremlin Gang","floor":12,"turns":4},{"damage":0,"enemies":"Red Slaver","floor":13,"turns":1},{"damage":1,"enemies":"Slime Boss","floor":16,"turns":6},{"damage":0,"enemies":"Spheric Guardian","floor":18,"turns":3},{"damage":0,"enemies":"Chosen","floor":19,"turns":3},{"damage":0,"enemies":"Centurion and Healer","floor":22,"turns":6},{"damage":59,"enemies":"Gremlin Leader","floor":25,"turns":12}],"seed_played":"-1343785923456064267","potions_obtained":[{"floor":1,"key":"PowerPotion"},{"floor":12,"key":"Dexterity Potion"},{"floor":13,"key":"Doom Potion"},{"floor":19,"key":"SteroidPotion"}],"is_trial":false,"path_per_floor":["M","?","M","?","?","R","M","R","T","M","$","M","M","?","R_BF","B",null,"M","M","?","T","M","R","?","E"],"character_chosen":"THE_SILENT","items_purchased":["Adrenaline"],"campfire_rested":0,"item_purchase_floors":[11],"current_hp_per_floor":[53,53,53,53,41,41,41,41,41,41,41,41,41,41,41,40,50,50,50,50,50,50,53,53,0,0],"gold":224,"neow_bonus":"BOSS_RELIC","is_daily":false,"chose_seed":false,"campfire_upgraded":2,"win_rate":0.0,"timestamp":1613803381,"path_taken":["M","?","M","?","?","R","M","R","T","M","$","M","M","?","R_BF","BOSS","M","M","?","?","M","R","?","E"],"items_purchased_type":["Card"],"build_version":"2020-12-22","purchased_purges":1,"victory":false,"max_hp_per_floor":[53,53,53,53,53,53,53,53,53,53,53,53,53,53,53,53,53,53,53,53,53,53,53,53,53,53],"card_choices":[{"not_picked":["Quick Slash","Dagger Throw"],"picked":"Backstab","floor":1},{"not_picked":["Well Laid Plans","Bane"],"picked":"Dodge and Roll","floor":3},{"not_picked":["Sucker Punch","Flying Knee"],"picked":"Cloak And Dagger","floor":4},{"not_picked":["Sneak Up","Outmaneuver"],"picked":"Dodge and Roll","floor":4},{"not_picked":["Underhanded Strike","Hidden Blade"],"picked":"ReplayTheSpireMod:The Works","floor":7},{"not_picked":["Fluid Movement","Quick Slash"],"picked":"Hidden Blade","floor":10},{"not_picked":["Acrobatics","Slice"],"picked":"Calculated Gamble","floor":12},{"not_picked":["Catalyst","ReplayTheSpireMod:Necrosis","Accuracy"],"picked":"SKIP","floor":13},{"not_picked":["Sneak Up","Outmaneuver"],"picked":"Backflip","floor":18},{"not_picked":["All Out Attack","Slice+1"],"picked":"Concentrate+1","floor":19},{"not_picked":["Finisher+1","Blade Dance+1"],"picked":"Tactician","floor":22}],"player_experience":320435,"relics_obtained":[{"floor":4,"key":"Juzu Bracelet"},{"floor":9,"key":"Golden Egg"},{"floor":21,"key":"Eternal Feather"}],"event_choices":[{"cards_removed":["Defend_G"],"damage_healed":0,"gold_gain":0,"player_choice":"Card Removal","damage_taken":0,"max_hp_gain":0,"max_hp_loss":0,"event_name":"The Cleric","floor":2,"gold_loss":50},{"damage_healed":0,"gold_gain":0,"player_choice":"Success","damage_taken":12,"relics_obtained":["Girya"],"max_hp_gain":0,"max_hp_loss":0,"event_name":"Scrap Ooze","floor":5,"gold_loss":0},{"cards_removed":["Strike_G"],"damage_healed":0,"gold_gain":0,"player_choice":"Offered Basic","damage_taken":0,"max_hp_gain":0,"max_hp_loss":0,"event_name":"Bonfire Elementals","floor":14,"gold_loss":0},{"cards_removed":["Strike_G"],"damage_healed":0,"gold_gain":0,"player_choice":"Purged","damage_taken":0,"max_hp_gain":0,"max_hp_loss":0,"event_name":"Purifier","floor":20,"gold_loss":0}],"is_beta":false,"boss_relics":[{"not_picked":["Coffee Dripper","Ectoplasm"],"picked":"Replay:Bronze Core"}],"items_purged_floors":[11],"is_endless":false,"potions_floor_spawned":[1,12,13,19],"killed_by":"Gremlin Leader","ascension_level":5}}