{"host":"o3n4et6u1y1w2h5j","time":1613838726,"event":{"mods":["AchievementEnabler","BaseMod","Block Reminder","Minty Spire (QoL Compilation)","Rare Cards Sparkle","Relic Stats","StSLib"],"gold_per_floor":[115,134,148,148,166,166,91,121,145,65,95,14,32,43,43,148,148,165,84,84,84,84,119,89,89],"floor_reached":24,"language":"ENG","playtime":1614,"items_purged":["Strike_P"],"score":274,"play_id":"1f39ce92-0867-4cbc-a965-fc92ca532233","local_time":"20210220083206","is_ascension_mode":true,"campfire_choices":[{"data":"Tantrum","floor":6,"key":"SMITH"},{"floor":15,"key":"REST"}],"circlet_count":0,"master_deck":["Strike_P","Strike_P","Defend_P","Defend_P","Defend_P","Defend_P","Eruption","Vigilance","WindmillStrike","Tantrum+1","EmptyFist","WreathOfFlame","SashWhip","FollowUp","TalkToTheHand","Ragnarok","EmptyFist","Fasting2","Vault","Adaptation+1","Conclude","LessonLearned"],"relics":["PureWater","Ancient Tea Set","Bag of Preparation","Potion Belt","Boot","Runic Dome","Torii","Oddly Smooth Stone"],"acts_visited":["Exordium","TheCity"],"potions_floor_usage":[5,16],"damage_taken":[{"damage":0,"enemies":"Cultist","floor":1,"turns":4},{"damage":0,"enemies":"Small Slimes","floor":2,"turns":2},{"damage":1,"enemies":"2 Louse","floor":3,"turns":2},{"damage":28,"enemies":"Exordium Wildlife","floor":5,"turns":4},{"damage":22,"enemies":"3 Sentries","floor":8,"turns":4},{"damage":0,"enemies":"Lagavulin","floor":11,"turns":4},{"damage":0,"enemies":"Looter","floor":13,"turns":2},{"damage":10,"enemies":"2 Fungi Beasts","floor":14,"turns":3},{"damage":1,"enemies":"Hexaghost","floor":16,"turns":5},{"damage":9,"enemies":"3 Byrds","floor":18,"turns":6},{"damage":39,"enemies":"Slavers","floor":23,"turns":4},{"damage":12,"enemies":"2 Thieves","floor":24,"turns":1}],"seed_played":"-2837816322161267151","potions_obtained":[{"floor":2,"key":"SteroidPotion"},{"floor":3,"key":"SteroidPotion"},{"floor":14,"key":"DistilledChaos"},{"floor":16,"key":"SneckoOil"}],"is_trial":false,"path_per_floor":["M","M","M","?","M","R","$","E","T","$","E","$","M","M","R","B",null,"M","$","?","?","$","E","M"],"character_chosen":"WATCHER","items_purchased":["TalkToTheHand","Ragnarok","Conclude"],"campfire_rested":1,"item_purchase_floors":[10,12,19],"current_hp_per_floor":[72,72,71,71,43,43,43,21,21,21,21,21,21,11,32,31,72,63,63,63,50,50,11,0,0],"gold":89,"neow_bonus":"TRANSFORM_CARD","is_daily":false,"chose_seed":false,"campfire_upgraded":1,"win_rate":0.0,"timestamp":1613838726,"path_taken":["M","M","?","?","?","R","$","E","T","$","E","?","?","M","R","BOSS","M","$","?","?","?","E","M"],"items_purchased_type":["Card","Card","Card"],"build_version":"2020-12-22","purchased_purges":1,"victory":false,"max_hp_per_floor":[72,72,72,72,72,72,72,72,72,72,72,72,72,72,72,72,72,72,72,72,77,77,77,77,77],"relic_stats":{"Torii":3,"counters":[12,41],"Bag of Preparation":[14],"Boot":[34],"obtain_stats":[{"Potion Belt":9,"Runic Dome":17,"Torii":20,"Oddly Smooth Stone":23,"Bag of Preparation":8,"PureWater":0,"Ancient Tea Set":4,"Boot":11},{"Potion Belt":5,"Runic Dome":9,"Torii":10,"Oddly Smooth Stone":11,"Bag of Preparation":5,"PureWater":0,"Ancient Tea Set":3,"Boot":6},{"Potion Belt":16,"Runic Dome":30,"Torii":36,"Oddly Smooth Stone":40,"Bag of Preparation":16,"PureWater":0,"Ancient Tea Set":8,"Boot":20}]},"card_choices":[{"not_picked":["CrushJoints","EmptyFist"],"picked":"Tantrum","floor":1},{"not_picked":["Swivel","Indignation"],"picked":"EmptyFist","floor":2},{"not_picked":["Brilliance","FollowUp"],"picked":"WreathOfFlame","floor":3},{"not_picked":["Indignation","WindmillStrike"],"picked":"SashWhip","floor":5},{"not_picked":["PathToVictory","EmptyFist"],"picked":"FollowUp","floor":8},{"not_picked":["SignatureMove","WaveOfTheHand","SashWhip"],"picked":"SKIP","floor":11},{"not_picked":["Indignation","JustLucky"],"picked":"EmptyFist","floor":13},{"not_picked":["Evaluate","FlyingSleeves"],"picked":"Fasting2","floor":14},{"not_picked":["Blasphemy","Scrawl"],"picked":"Vault","floor":16},{"not_picked":["BowlingBash","CrushJoints"],"picked":"Adaptation+1","floor":18},{"not_picked":["Consecrate","Indignation+1"],"picked":"LessonLearned","floor":23}],"player_experience":91042,"relics_obtained":[{"floor":8,"key":"Bag of Preparation"},{"floor":9,"key":"Potion Belt"},{"floor":11,"key":"Boot"},{"floor":23,"key":"Oddly Smooth Stone"}],"event_choices":[{"damage_healed":0,"gold_gain":0,"player_choice":"Gave Potion","damage_taken":0,"relics_obtained":["Ancient Tea Set"],"max_hp_gain":0,"max_hp_loss":0,"event_name":"WeMeetAgain","floor":4,"gold_loss":0},{"damage_healed":0,"gold_gain":0,"player_choice":"Opened","damage_taken":0,"relics_obtained":["Torii"],"max_hp_gain":0,"max_hp_loss":0,"event_name":"The Mausoleum","floor":20,"gold_loss":0},{"damage_healed":0,"gold_gain":0,"player_choice":"Shed Blood","damage_taken":18,"max_hp_gain":5,"max_hp_loss":0,"event_name":"Forgotten Altar","floor":21,"gold_loss":0}],"is_beta":false,"boss_relics":[{"not_picked":["SacredBark","Sozu"],"picked":"Runic Dome"}],"items_purged_floors":[7],"is_endless":false,"potions_floor_spawned":[2,3,14,16],"killed_by":"2 Thieves","ascension_level":2}}