{"host":"7m635teefjn47zxe","time":1613839066,"event":{"mods":["BaseMod","Colored Map","Minty Spire (QoL Compilation)","Permanent Neow","Relic Stats","StSLib","everything is the same but u backflip on backflip"],"gold_per_floor":[367,382,382,13,113,113,145,145,145,145,157,2,29,40,40,136,136,156,174,192,20,40,40,66,66,90,90,115,115,134,161,161,263,263,277,296,296,316,115,115,149,0,0,0,12,42,62,85,85,85,85,85,34,63,63,63],"floor_reached":55,"language":"ENG","playtime":2068,"items_purged":["Shame","Strike_G"],"score":966,"play_id":"08a91ab8-1481-47c5-a3d6-ce96e128afdf","local_time":"20210220173746","is_ascension_mode":true,"campfire_choices":[{"data":"Catalyst","floor":6,"key":"SMITH"},{"data":"Deadly Poison","floor":8,"key":"SMITH"},{"floor":10,"key":"REST"},{"data":"Crippling Poison","floor":15,"key":"SMITH"},{"data":"Tools of the Trade","floor":23,"key":"SMITH"},{"data":"Noxious Fumes","floor":25,"key":"SMITH"},{"floor":27,"key":"REST"},{"data":"Envenom","floor":32,"key":"SMITH"},{"data":"Envenom","floor":40,"key":"SMITH"},{"floor":44,"key":"RECALL"},{"floor":49,"key":"REST"},{"data":"Accuracy","floor":52,"key":"SMITH"}],"circlet_count":0,"master_deck":["Strike_G+1","Strike_G+1","Strike_G+1","Strike_G+1","Defend_G+1","Defend_G+1","Defend_G+1","Defend_G+1","Defend_G+1","Survivor","Neutralize","Catalyst+1","Deadly Poison+1","PiercingWail+1","Blade Dance","Crippling Poison+1","Prepared","Tools of the Trade+1","Noxious Fumes+1","Bouncing Flask+1","Accuracy+1","Terror","Footwork","Blade Dance","Envenom+1","Envenom+1","Leg Sweep+1","Deadly Poison","PiercingWail"],"relics":["Ring of the Snake","Nunchaku","Ninja Scroll","War Paint","Bag of Marbles","Snake Skull","Happy Flower","SlaversCollar","InkBottle","PreservedInsect","Tiny Chest","Pen Nib","Busted Crown","Blood Vial","Orichalcum","Red Mask","HornCleat","Bag of Preparation","Anchor"],"acts_visited":["Exordium","TheCity","TheBeyond","TheEnding"],"potions_floor_usage":[7,24,24,50,54,55,55],"damage_taken":[{"damage":2,"enemies":"2 Louse","floor":1,"turns":3},{"damage":1,"enemies":"Cultist","floor":2,"turns":4},{"damage":21,"enemies":"Lagavulin","floor":7,"turns":6},{"damage":0,"enemies":"Jaw Worm","floor":11,"turns":1},{"damage":11,"enemies":"3 Sentries","floor":13,"turns":6},{"damage":0,"enemies":"Large Slime","floor":14,"turns":3},{"damage":4,"enemies":"Hexaghost","floor":16,"turns":6},{"damage":3,"enemies":"Chosen","floor":18,"turns":3},{"damage":1,"enemies":"Spheric Guardian","floor":19,"turns":3},{"damage":14,"enemies":"3 Cultists","floor":20,"turns":4},{"damage":20,"enemies":"Snecko","floor":22,"turns":5},{"damage":4,"enemies":"Gremlin Leader","floor":24,"turns":6},{"damage":8,"enemies":"Book of Stabbing","floor":28,"turns":3},{"damage":0,"enemies":"Snake Plant","floor":30,"turns":2},{"damage":0,"enemies":"Slavers","floor":31,"turns":2},{"damage":19,"enemies":"Champ","floor":33,"turns":6},{"damage":9,"enemies":"3 Shapes","floor":35,"turns":5},{"damage":17,"enemies":"3 Darklings","floor":36,"turns":5},{"damage":0,"enemies":"4 Shapes","floor":38,"turns":5},{"damage":1,"enemies":"Giant Head","floor":41,"turns":4},{"damage":0,"enemies":"Transient","floor":45,"turns":5},{"damage":9,"enemies":"Reptomancer","floor":46,"turns":3},{"damage":18,"enemies":"Maw","floor":47,"turns":5},{"damage":13,"enemies":"Time Eater","floor":50,"turns":5},{"damage":0,"enemies":"Shield and Spear","floor":54,"turns":5},{"damage":70,"enemies":"The Heart","floor":55,"turns":5}],"seed_played":"6799750087112404985","potions_obtained":[{"floor":1,"key":"DuplicationPotion"},{"floor":2,"key":"Weak Potion"},{"floor":18,"key":"Block Potion"},{"floor":24,"key":"FearPotion"},{"floor":28,"key":"Explosive Potion"},{"floor":30,"key":"Poison Potion"},{"floor":36,"key":"Fire Potion"},{"floor":41,"key":"DuplicationPotion"},{"floor":47,"key":"CunningPotion"}],"is_trial":false,"path_per_floor":["M","M","?","$","?","R","E","R","T","R","M","$","E","M","R","B",null,"M","M","M","$","M","R","E","R","T","R","E","?","M","E","R","B",null,"M","M","?","M","$","R","E","?","T","R","M","E","M","T","R","B",null,"R","$","E","B"],"character_chosen":"THE_SILENT","items_purchased":["Ninja Scroll","Deadly Poison","Snake Skull","Accuracy","Blood Vial","PiercingWail","ColorlessPotion"],"campfire_rested":3,"item_purchase_floors":[4,4,12,21,39,39,53],"current_hp_per_floor":[68,67,55,55,55,55,34,34,34,55,55,55,44,44,44,40,70,67,66,52,52,32,32,28,28,28,49,41,41,41,41,41,22,70,61,44,44,44,44,44,45,45,45,45,47,40,24,24,45,34,70,70,70,70,0,0],"gold":63,"neow_bonus":"TWO_FIFTY_GOLD","is_daily":false,"chose_seed":false,"campfire_upgraded":8,"win_rate":0.0,"timestamp":1613839066,"path_taken":["M","M","?","$","?","R","E","R","T","R","?","?","E","M","R","BOSS","M","M","M","$","M","R","E","R","T","R","E","?","M","E","R","BOSS","M","M","?","M","$","R","E","?","T","R","M","E","M","?","R","BOSS","R","$","E","BOSS"],"items_purchased_type":["Relic","Card","Relic","Card","Relic","Card","Potion"],"build_version":"2020-12-22","purchased_purges":2,"victory":false,"max_hp_per_floor":[70,70,70,70,70,70,70,70,70,70,70,70,70,70,70,70,70,70,70,70,70,70,70,70,70,70,70,70,70,70,70,70,70,70,70,70,70,70,70,70,70,70,70,70,70,70,70,70,70,70,70,70,70,70,70,70],"relic_stats":{"Happy Flower":[30],"counters":[26,110],"Snake Skull":[246],"PreservedInsect":332,"Pen Nib":[13],"Bag of Preparation":[0],"War Paint":["PiercingWail","Defend_G"],"Orichalcum":[84],"Blood Vial":10,"Nunchaku":[27],"Busted Crown":16,"Tiny Chest":1,"obtain_stats":[{"Happy Flower":13,"Snake Skull":12,"PreservedInsect":26,"Pen Nib":31,"Bag of Preparation":48,"War Paint":7,"Orichalcum":41,"Blood Vial":39,"SlaversCollar":17,"Nunchaku":3,"Anchor":54,"Busted Crown":34,"HornCleat":46,"Ninja Scroll":4,"Tiny Chest":28,"Bag of Marbles":9,"Red Mask":42,"InkBottle":24,"Ring of the Snake":0},{"Happy Flower":5,"Snake Skull":4,"PreservedInsect":12,"Pen Nib":15,"Bag of Preparation":23,"War Paint":3,"Orichalcum":20,"Blood Vial":19,"SlaversCollar":7,"Nunchaku":2,"Anchor":25,"Busted Crown":16,"HornCleat":22,"Ninja Scroll":2,"Tiny Chest":13,"Bag of Marbles":3,"Red Mask":20,"InkBottle":12,"Ring of the Snake":0},{"Happy Flower":20,"Snake Skull":14,"PreservedInsect":50,"Pen Nib":57,"Bag of Preparation":95,"War Paint":13,"Orichalcum":82,"Blood Vial":78,"SlaversCollar":29,"Nunchaku":7,"Anchor":105,"Busted Crown":63,"HornCleat":90,"Ninja Scroll":7,"Tiny Chest":53,"Bag of Marbles":13,"Red Mask":82,"InkBottle":50,"Ring of the Snake":0}],"InkBottle":[34],"Ring of the Snake":[52]},"card_choices":[{"not_picked":["Sucker Punch","Escape Plan"],"picked":"Poisoned Stab","floor":1},{"not_picked":["Prepared","Flying Knee"],"picked":"Catalyst","floor":2},{"not_picked":["Dagger Throw","Underhanded Strike"],"picked":"PiercingWail","floor":7},{"not_picked":["Quick Slash","Sucker Punch"],"picked":"Blade Dance","floor":11},{"not_picked":["Blade Dance","Sucker Punch"],"picked":"Crippling Poison","floor":13},{"not_picked":["Flying Knee","Expertise"],"picked":"Prepared","floor":14},{"not_picked":["Adrenaline","Bullet Time"],"picked":"Tools of the Trade","floor":16},{"not_picked":["Escape Plan","Dagger Throw"],"picked":"Noxious Fumes","floor":18},{"not_picked":["Poisoned Stab","Distraction"],"picked":"Bouncing Flask+1","floor":19},{"not_picked":["Backstab","Escape Plan","Poisoned Stab"],"picked":"SKIP","floor":20},{"not_picked":["Distraction","Calculated Gamble","Deflect"],"picked":"SKIP","floor":22},{"not_picked":["Sucker Punch","Predator"],"picked":"Terror","floor":24},{"not_picked":["Underhanded Strike","Deadly Poison"],"picked":"Footwork","floor":28},{"not_picked":["Distraction","Deflect"],"picked":"Blade Dance","floor":30},{"not_picked":["Deadly Poison","Dagger Spray+1"],"picked":"Envenom","floor":31},{"not_picked":["Doppelganger","Die Die Die"],"picked":"Envenom","floor":33},{"not_picked":[],"picked":"Leg Sweep+1","floor":35},{"not_picked":["Outmaneuver"],"picked":"SKIP","floor":36},{"not_picked":[],"picked":"Deadly Poison","floor":38},{"not_picked":["Dagger Spray"],"picked":"SKIP","floor":41},{"not_picked":["Dodge and Roll+1"],"picked":"SKIP","floor":45},{"not_picked":["Dagger Throw"],"picked":"SKIP","floor":46},{"not_picked":["Prepared"],"picked":"SKIP","floor":47},{"not_picked":["Underhanded Strike+1"],"picked":"SKIP","floor":54}],"player_experience":192027,"relics_obtained":[{"floor":7,"key":"War Paint"},{"floor":9,"key":"Bag of Marbles"},{"floor":13,"key":"Happy Flower"},{"floor":24,"key":"InkBottle"},{"floor":26,"key":"PreservedInsect"},{"floor":28,"key":"Tiny Chest"},{"floor":31,"key":"Pen Nib"},{"floor":41,"key":"Orichalcum"},{"floor":46,"key":"HornCleat"},{"floor":48,"key":"Bag of Preparation"},{"floor":54,"key":"Anchor"}],"event_choices":[{"damage_healed":0,"gold_gain":0,"player_choice":"Success","damage_taken":12,"relics_obtained":["Nunchaku"],"max_hp_gain":0,"max_hp_loss":0,"event_name":"Scrap Ooze","floor":3,"gold_loss":0},{"damage_healed":0,"gold_gain":100,"player_choice":"Pray","damage_taken":0,"max_hp_gain":0,"max_hp_loss":0,"event_name":"Golden Shrine","floor":5,"gold_loss":0},{"damage_healed":0,"gold_gain":0,"player_choice":"Simplicity","damage_taken":0,"max_hp_gain":0,"max_hp_loss":0,"event_name":"Back to Basics","floor":29,"gold_loss":0,"cards_upgraded":["Strike_G","Strike_G","Strike_G","Strike_G","Defend_G","Defend_G","Defend_G","Defend_G"]},{"cards_removed":["Poisoned Stab"],"damage_healed":0,"gold_gain":0,"player_choice":"Removed Attack","damage_taken":0,"max_hp_gain":0,"max_hp_loss":0,"event_name":"Falling","floor":37,"gold_loss":0},{"damage_healed":0,"gold_gain":0,"player_choice":"Paid","damage_taken":0,"relics_obtained":["Red Mask"],"max_hp_gain":0,"max_hp_loss":0,"event_name":"Tomb of Lord Red Mask","floor":42,"gold_loss":149}],"is_beta":false,"boss_relics":[{"not_picked":["Runic Dome","Fusion Hammer"],"picked":"SlaversCollar"},{"not_picked":["Philosopher\u0027s Stone","Snecko Eye"],"picked":"Busted Crown"}],"items_purged_floors":[4,21],"is_endless":false,"potions_floor_spawned":[1,2,18,24,28,30,36,38,41,47],"killed_by":"The Heart","ascension_level":3}}