{"host":"jqkewjmybebgw3gd","time":1613833776,"event":{"mods":["AchievementEnabler","BaseMod","Colored Map","DeckTracker","Keyboard Shortcuts","Minty Spire (QoL Compilation)","StSLib","SuperFastMode"],"gold_per_floor":[110,56,71,71,85,85,119,138,161,193,209,229,229,255,255,351,351,362,461,480,395,411,446,446,473,473,492,509,534,550,576,576,674,674,685,705,34,54,54,85,97,112,137,137,166,166,166,182,182,182,182,182,38,66,66],"floor_reached":56,"language":"KOR","playtime":3635,"items_purged":["Dodge and Roll"],"score":1545,"play_id":"55ed4fbd-18db-4240-adf8-97132ddb036a","local_time":"20210221000936","is_ascension_mode":true,"campfire_choices":[{"data":"Blade Dance","floor":6,"key":"SMITH"},{"data":"Adrenaline","floor":15,"key":"SMITH"},{"floor":32,"key":"REST"},{"floor":44,"key":"RECALL"},{"data":"Storm of Steel","floor":49,"key":"SMITH"},{"data":"Tactician","floor":52,"key":"SMITH"}],"circlet_count":0,"master_deck":["Survivor+1","Neutralize","Blade Dance","Blade Dance+1","Skewer","Noxious Fumes","Escape Plan","Adrenaline+1","Wraith Form v2+1","Flying Knee","Tactician+1","Finisher","Backflip","Infinite Blades+1","Die Die Die","Storm of Steel+1","Cloak And Dagger","Backflip+1","Backstab","Malaise+1","Footwork+1","PiercingWail+1","Parasite","Terror+1","Sadistic Nature+1","Violence+1","Panacea+1","PiercingWail+1","Bullet Time+1","Calculated Gamble+1"],"relics":["Ring of the Snake","Kunai","Shuriken","WristBlade","Tiny Chest","Pen Nib","Orichalcum","Frozen Egg 2","Lizard Tail","Pandora\u0027s Box","MealTicket","Ancient Tea Set","Gremlin Horn","InkBottle","PreservedInsect","Toxic Egg 2","Empty Cage","TungstenRod","Dead Branch","Boot","Omamori","The Specimen","Anchor","OrangePellets","HornCleat"],"acts_visited":["Exordium","TheCity","TheBeyond","TheEnding"],"potions_floor_usage":[23,25,33,55],"damage_taken":[{"damage":0,"enemies":"Jaw Worm","floor":1,"turns":4},{"damage":0,"enemies":"Cultist","floor":3,"turns":1},{"damage":0,"enemies":"Small Slimes","floor":5,"turns":2},{"damage":9,"enemies":"3 Sentries","floor":7,"turns":4},{"damage":0,"enemies":"Blue Slaver","floor":8,"turns":1},{"damage":7,"enemies":"Lagavulin","floor":10,"turns":3},{"damage":0,"enemies":"Looter","floor":11,"turns":2},{"damage":0,"enemies":"Exordium Thugs","floor":12,"turns":1},{"damage":3,"enemies":"3 Sentries","floor":14,"turns":4},{"damage":0,"enemies":"Hexaghost","floor":16,"turns":5},{"damage":0,"enemies":"Spheric Guardian","floor":18,"turns":2},{"damage":0,"enemies":"Shell Parasite","floor":20,"turns":2},{"damage":0,"enemies":"3 Cultists","floor":22,"turns":3},{"damage":6,"enemies":"Book of Stabbing","floor":23,"turns":4},{"damage":21,"enemies":"Gremlin Leader","floor":25,"turns":3},{"damage":0,"enemies":"Chosen and Byrds","floor":27,"turns":2},{"damage":0,"enemies":"Snake Plant","floor":28,"turns":3},{"damage":2,"enemies":"Book of Stabbing","floor":29,"turns":2},{"damage":0,"enemies":"Shelled Parasite and Fungi","floor":30,"turns":2},{"damage":4,"enemies":"Gremlin Leader","floor":31,"turns":2},{"damage":5,"enemies":"Champ","floor":33,"turns":6},{"damage":0,"enemies":"3 Darklings","floor":35,"turns":1},{"damage":0,"enemies":"3 Shapes","floor":36,"turns":1},{"damage":0,"enemies":"Writhing Mass","floor":38,"turns":4},{"damage":0,"enemies":"Reptomancer","floor":40,"turns":2},{"damage":0,"enemies":"Spire Growth","floor":41,"turns":2},{"damage":0,"enemies":"4 Shapes","floor":42,"turns":2},{"damage":0,"enemies":"Nemesis","floor":45,"turns":3},{"damage":0,"enemies":"Sphere and 2 Shapes","floor":48,"turns":1},{"damage":18,"enemies":"Donu and Deca","floor":50,"turns":4},{"damage":0,"enemies":"Shield and Spear","floor":54,"turns":1},{"damage":0,"enemies":"The Heart","floor":55,"turns":3}],"seed_played":"4629074277981588401","potions_obtained":[{"floor":3,"key":"Dexterity Potion"},{"floor":7,"key":"Weak Potion"},{"floor":8,"key":"SkillPotion"},{"floor":23,"key":"Strength Potion"},{"floor":28,"key":"FearPotion"},{"floor":33,"key":"EssenceOfSteel"},{"floor":38,"key":"LiquidMemories"},{"floor":42,"key":"EntropicBrew"}],"is_trial":false,"path_per_floor":["M","$","M","?","M","R","E","M","T","E","M","M","?","E","R","B",null,"M","?","M","?","M","E","T","E","T","M","M","E","M","E","R","B",null,"M","M","$","M","?","E","M","M","T","R","E","T","?","M","R","B",null,"R","$","E","B",null],"character_chosen":"THE_SILENT","items_purchased":["Blade Dance","TungstenRod","Dead Branch","OrangePellets"],"campfire_rested":1,"item_purchase_floors":[2,37,37,53],"current_hp_per_floor":[70,70,70,70,70,70,61,61,61,54,54,54,47,44,44,44,70,70,70,70,70,70,64,64,43,43,43,43,41,41,37,58,53,70,70,70,70,70,61,61,61,61,61,61,61,61,61,61,61,47,74,74,74,74,74],"gold":66,"neow_bonus":"UPGRADE_CARD","is_daily":false,"chose_seed":false,"campfire_upgraded":4,"win_rate":0.0,"timestamp":1613833776,"path_taken":["M","$","M","?","?","R","E","M","T","E","M","M","?","E","R","BOSS","M","?","M","?","M","E","?","E","T","M","?","E","M","E","R","BOSS","M","M","$","?","?","E","M","M","T","R","E","?","?","?","R","BOSS","R","$","E","BOSS"],"items_purchased_type":["Card","Relic","Relic","Relic"],"build_version":"2020-12-22","purchased_purges":1,"victory":true,"max_hp_per_floor":[70,70,70,70,70,70,70,70,70,70,70,70,70,70,70,70,70,70,70,70,70,70,70,70,70,70,70,70,70,70,70,70,70,70,70,70,70,70,70,70,70,70,70,70,70,70,70,70,70,74,74,74,74,74,74],"card_choices":[{"not_picked":["Endless Agony","Bane"],"picked":"Blade Dance","floor":1},{"not_picked":["Accuracy","Acrobatics"],"picked":"Dodge and Roll","floor":3},{"not_picked":["Masterful Stab","Glass Knife","Dagger Throw"],"picked":"SKIP","floor":5},{"not_picked":["Concentrate","Flying Knee"],"picked":"Noxious Fumes","floor":7},{"not_picked":["Sucker Punch","Setup","Dagger Spray"],"picked":"SKIP","floor":8},{"not_picked":["Underhanded Strike","Slice"],"picked":"Escape Plan","floor":10},{"not_picked":["Sucker Punch","Blade Dance","Choke"],"picked":"SKIP","floor":11},{"not_picked":["Masterful Stab","Reflex","Underhanded Strike"],"picked":"SKIP","floor":12},{"not_picked":["Infinite Blades+1","Underhanded Strike"],"picked":"Adrenaline","floor":14},{"not_picked":["Envenom+1","Phantasmal Killer"],"picked":"Wraith Form v2+1","floor":16},{"not_picked":["Terror","Heel Hook+1"],"picked":"Cloak And Dagger","floor":18},{"not_picked":["Masterful Stab","Deflect+1"],"picked":"Backflip+1","floor":20},{"not_picked":["Deflect+1","Poisoned Stab+1","Dagger Spray+1"],"picked":"SKIP","floor":22},{"not_picked":["Blade Dance","Envenom+1","All Out Attack"],"picked":"SKIP","floor":23},{"not_picked":["Slice","Poisoned Stab"],"picked":"Backstab","floor":25},{"not_picked":["Flechettes","Reflex","Prepared+1"],"picked":"SKIP","floor":27},{"not_picked":["Bane+1","Distraction","Blade Dance+1"],"picked":"SKIP","floor":28},{"not_picked":["Poisoned Stab","Underhanded Strike+1","Endless Agony"],"picked":"SKIP","floor":29},{"not_picked":["Infinite Blades+1","Bane+1","Accuracy+1"],"picked":"SKIP","floor":30},{"not_picked":["Underhanded Strike","Bane","Outmaneuver+1"],"picked":"SKIP","floor":31},{"not_picked":["Adrenaline+1","Unload"],"picked":"Malaise+1","floor":33},{"not_picked":["Dagger Throw+1","Eviscerate+1"],"picked":"Footwork+1","floor":35},{"not_picked":["Deflect+1","Bouncing Flask+1"],"picked":"PiercingWail+1","floor":36},{"not_picked":["Prepared+1","Predator"],"picked":"Terror+1","floor":38},{"not_picked":["Impatience+1","The Bomb+1"],"picked":"Sadistic Nature+1","floor":39},{"not_picked":["Dramatic Entrance","Good Instincts+1"],"picked":"Violence+1","floor":39},{"not_picked":["Deep Breath+1","Enlightenment+1"],"picked":"Panacea+1","floor":39},{"not_picked":["Backstab+1","Catalyst+1","Backflip+1"],"picked":"SKIP","floor":40},{"not_picked":["Underhanded Strike","Deadly Poison+1"],"picked":"PiercingWail+1","floor":41},{"not_picked":["All Out Attack","Quick Slash","Dagger Spray+1"],"picked":"SKIP","floor":42},{"not_picked":["Dash","Backflip+1"],"picked":"Bullet Time+1","floor":45},{"not_picked":["Infinite Blades+1","Slice","Terror+1"],"picked":"SKIP","floor":48},{"not_picked":["Caltrops+1","Sucker Punch+1"],"picked":"Calculated Gamble+1","floor":54}],"player_experience":572322,"relics_obtained":[{"floor":7,"key":"Tiny Chest"},{"floor":9,"key":"Pen Nib"},{"floor":10,"key":"Orichalcum"},{"floor":14,"key":"Lizard Tail"},{"floor":23,"key":"Ancient Tea Set"},{"floor":24,"key":"Gremlin Horn"},{"floor":25,"key":"InkBottle"},{"floor":29,"key":"PreservedInsect"},{"floor":31,"key":"Toxic Egg 2"},{"floor":40,"key":"Boot"},{"floor":43,"key":"Omamori"},{"floor":45,"key":"The Specimen"},{"floor":46,"key":"Anchor"},{"floor":54,"key":"HornCleat"}],"event_choices":[{"damage_healed":0,"gold_gain":0,"cards_transformed":["Strike_G"],"player_choice":"Transformed","damage_taken":0,"max_hp_gain":0,"max_hp_loss":0,"event_name":"Transmorgrifier","floor":4,"gold_loss":0,"cards_obtained":["Skewer"]},{"damage_healed":0,"gold_gain":0,"player_choice":"Success","damage_taken":7,"relics_obtained":["Frozen Egg 2"],"max_hp_gain":0,"max_hp_loss":0,"event_name":"Scrap Ooze","floor":13,"gold_loss":0},{"damage_healed":0,"gold_gain":99,"player_choice":"Stole From Cult","damage_taken":0,"max_hp_gain":0,"max_hp_loss":0,"event_name":"Nest","floor":19,"gold_loss":0},{"damage_healed":0,"gold_gain":0,"player_choice":"Obtained Relic","damage_taken":0,"relics_obtained":["MealTicket"],"max_hp_gain":0,"max_hp_loss":0,"event_name":"Addict","floor":21,"gold_loss":85},{"damage_healed":0,"gold_gain":0,"player_choice":"Memory 3","damage_taken":10,"max_hp_gain":0,"max_hp_loss":0,"event_name":"SensoryStone","floor":39,"gold_loss":0},{"damage_healed":0,"gold_gain":0,"player_choice":"Ignored","damage_taken":0,"max_hp_gain":0,"max_hp_loss":0,"event_name":"SecretPortal","floor":47,"gold_loss":0}],"is_beta":false,"boss_relics":[{"not_picked":["Runic Dome","Ring of the Serpent"],"picked":"Pandora\u0027s Box"},{"not_picked":["Calling Bell","Runic Pyramid"],"picked":"Empty Cage"}],"items_purged_floors":[37],"is_endless":false,"potions_floor_spawned":[3,7,8,10,14,18,23,28,31,33,38,40,42,48],"ascension_level":1}}