{"host":"i0avyit1s6jb1siw","time":1613779719,"event":{"mods":["BaseMod","DeckTracker","Dota2Spire","Minty Spire (QoL Compilation)","Quick Restart","StSLib","SuperFastMode"],"gold_per_floor":[10,10,24,42,62,62,82,101,101,125,125,163,124,165,130,55,55,55,55],"floor_reached":18,"language":"ENG","playtime":359,"items_purged":["Strike_G"],"score":244,"play_id":"8b08054c-5e3a-4d88-82c0-12120da4c18a","local_time":"20210220010839","is_ascension_mode":true,"campfire_choices":[{"data":"Poisoned Stab","floor":6,"key":"SMITH"},{"data":"Masterful Stab","floor":11,"key":"SMITH"},{"data":"Crippling Poison","floor":17,"key":"SMITH"}],"circlet_count":0,"master_deck":["AscendersBane","Strike_G","Strike_G","Strike_G","Strike_G","Defend_G","Defend_G","Defend_G","Defend_G","Defend_G","Survivor","Neutralize","Master of Strategy","Flying Knee","Masterful Stab+1","Poisoned Stab+1","Crippling Poison+1","Backflip","Footwork"],"relics":["Ring of the Snake","Golden Idol","Bag of Marbles","Boot","Dota2Spire:BladeMail","Dota2Spire:MaskOfMadness"],"acts_visited":["Exordium"],"potions_floor_usage":[12,14,18],"damage_taken":[{"damage":1,"enemies":"Cultist","floor":1,"turns":4},{"damage":4,"enemies":"Jaw Worm","floor":3,"turns":5},{"damage":0,"enemies":"2 Louse","floor":4,"turns":3},{"damage":8,"enemies":"2 Fungi Beasts","floor":5,"turns":4},{"damage":5,"enemies":"Red Slaver","floor":7,"turns":3},{"damage":13,"enemies":"Lots of Slimes","floor":8,"turns":3},{"damage":7,"enemies":"Lagavulin","floor":12,"turns":4},{"damage":10,"enemies":"3 Sentries","floor":14,"turns":7},{"damage":29,"enemies":"Hexaghost","floor":18,"turns":9}],"seed_played":"478841268568015489","potions_obtained":[{"floor":1,"key":"Poison Potion"},{"floor":4,"key":"Strength Potion"},{"floor":7,"key":"AttackPotion"},{"floor":14,"key":"Dota2Spire:Clarity"}],"is_trial":false,"path_per_floor":["M","?","M","M","M","R","M","M","T","T","R","E","?","E","?","$","R","B"],"character_chosen":"THE_SILENT","items_purchased":[],"campfire_rested":0,"item_purchase_floors":[],"current_hp_per_floor":[58,58,54,54,46,46,41,28,28,28,28,21,21,11,26,26,26,0,0],"gold":55,"neow_bonus":"RANDOM_COLORLESS_2","is_daily":false,"chose_seed":false,"campfire_upgraded":3,"win_rate":0.0,"timestamp":1613779719,"path_taken":["M","?","M","M","M","R","M","M","T","T","R","E","?","E","?","$","R","BOSS"],"items_purchased_type":[],"build_version":"2020-12-22","purchased_purges":1,"victory":false,"max_hp_per_floor":[66,60,60,60,60,60,60,60,60,60,60,60,60,60,60,60,60,60,60],"card_choices":[{"not_picked":["Mayhem","Secret Technique"],"picked":"Master of Strategy","floor":0},{"not_picked":["Choke","Accuracy"],"picked":"Flying Knee","floor":1},{"not_picked":["Slice","Flying Knee","Outmaneuver"],"picked":"SKIP","floor":3},{"not_picked":["Footwork","Catalyst"],"picked":"Masterful Stab","floor":4},{"not_picked":["Prepared","Flying Knee"],"picked":"Poisoned Stab","floor":5},{"not_picked":["Flying Knee","Bane"],"picked":"Crippling Poison","floor":7},{"not_picked":["Sucker Punch","All Out Attack","Acrobatics"],"picked":"SKIP","floor":8},{"not_picked":["Masterful Stab","Underhanded Strike"],"picked":"Backflip","floor":12},{"not_picked":["Storm of Steel","Dodge and Roll"],"picked":"Footwork","floor":14}],"player_experience":2474478,"relics_obtained":[{"floor":9,"key":"Bag of Marbles"},{"floor":10,"key":"Boot"},{"floor":12,"key":"Dota2Spire:BladeMail"},{"floor":14,"key":"Dota2Spire:MaskOfMadness"}],"event_choices":[{"damage_healed":0,"gold_gain":0,"player_choice":"Lose Max HP","damage_taken":0,"relics_obtained":["Golden Idol"],"max_hp_gain":0,"max_hp_loss":6,"event_name":"Golden Idol","floor":2,"gold_loss":0},{"damage_healed":0,"gold_gain":0,"player_choice":"Left Gold","damage_taken":0,"max_hp_gain":0,"max_hp_loss":0,"event_name":"World of Goop","floor":13,"gold_loss":39},{"damage_healed":15,"gold_gain":0,"player_choice":"Healed","damage_taken":0,"max_hp_gain":0,"max_hp_loss":0,"event_name":"The Cleric","floor":15,"gold_loss":35}],"is_beta":false,"boss_relics":[],"items_purged_floors":[16],"is_endless":false,"potions_floor_spawned":[1,4,7,14],"killed_by":"Hexaghost","ascension_level":20}}