{"host":"cz96naaoibjp08st","time":1613835162,"event":{"mods":["Act Like it!","BaseMod","BetterRewards","GifTheSpireLib","Minty Spire (QoL Compilation)","Replay The Spire","Shop Mod","StSLib","The Bug Knight"],"gold_per_floor":[109,121,136,136,148,173,62,76,76,1,36,36,73,122,122,232,232,258,310,66,118,170,235,283,319,401,421,467,467,486,529,529,638,638,692,692,749,802,831,835,835],"floor_reached":40,"language":"ZHS","playtime":2254,"items_purged":["Strike_P"],"score":533,"play_id":"7cf6d75f-1209-4e53-8756-b319dcb0e7db","local_time":"20210220233242","is_ascension_mode":false,"campfire_choices":[{"data":"Eruption","floor":12.0,"key":"SMITH"},{"data":"Strike_P","floor":15.0,"key":"PURGE"},{"floor":29,"key":"REST"},{"floor":32,"key":"REST"}],"circlet_count":0,"master_deck":["Strike_P+1","Defend_P","Defend_P","Eruption+1","Vigilance+1","Halt+1","Crescendo","FlurryOfBlows+1","SandsOfTime+1","Adaptation+1","Meditate+1","Protect","ClearTheMind","Wish","WindmillStrike","DevaForm","LessonLearned+1","CutThroughFate","Collect+1","SpiritShield+1","Wallop+1","Tantrum+1"],"relics":["Painkiller Herb","HollowMod:PaleOreRelic","HornCleat","Replay:Bandana","Garlic","ReplayTheSpireMod:DimensionalGlitch","Golden Egg","ReplayTheSpireMod:Ninjato","Du-Vu Doll","HollowMod:LifeEnderRelic","Replay:Grab Bag","Sozu","Philosopher\u0027s Stone","Empty Cage"],"acts_visited":["Exordium","TheCity","TheBeyond"],"potions_floor_usage":[25,25,25,40,40],"damage_taken":[{"damage":1.0,"enemies":"Jaw Worm","floor":1.0,"turns":3.0},{"damage":0.0,"enemies":"Cultist","floor":2.0,"turns":3.0},{"damage":0.0,"enemies":"2 Louse","floor":3.0,"turns":3.0},{"damage":4.0,"enemies":"Blue Slaver","floor":5.0,"turns":4.0},{"damage":13.0,"enemies":"3 Sentries","floor":6.0,"turns":5.0},{"damage":11.0,"enemies":"Lots of Slimes","floor":8.0,"turns":4.0},{"damage":0.0,"enemies":"Lagavulin","floor":11.0,"turns":4.0},{"damage":0.0,"enemies":"HollowMod:MossKnight","floor":13.0,"turns":4.0},{"damage":5.0,"enemies":"Red Slaver","floor":14.0,"turns":3.0},{"damage":6.0,"enemies":"The Guardian","floor":16.0,"turns":7.0},{"damage":2.0,"enemies":"2 Thieves","floor":18.0,"turns":4.0},{"damage":6.0,"enemies":"Spheric Guardian","floor":19.0,"turns":4.0},{"damage":0,"enemies":"Centurion and Healer","floor":21,"turns":5},{"damage":9,"enemies":"Snake Plant","floor":22,"turns":4},{"damage":14,"enemies":"HollowMod:Nosk","floor":23,"turns":7},{"damage":33,"enemies":"3 Cultists","floor":24,"turns":6},{"damage":7,"enemies":"Book of Stabbing","floor":25,"turns":5},{"damage":0,"enemies":"Centurion and Healer","floor":27,"turns":5},{"damage":0,"enemies":"Snecko","floor":28,"turns":4},{"damage":1,"enemies":"3 Cultists","floor":30,"turns":5},{"damage":1,"enemies":"Snake Plant","floor":31,"turns":5},{"damage":6,"enemies":"Automaton","floor":33,"turns":9},{"damage":0,"enemies":"Orb Walker","floor":35,"turns":3},{"damage":0,"enemies":"3 Shapes","floor":37,"turns":4},{"damage":11,"enemies":"Sphere and 2 Shapes","floor":38,"turns":5},{"damage":32,"enemies":"Jaw Worm Horde","floor":39,"turns":4},{"damage":0,"enemies":"Reptomancer","floor":40,"turns":2}],"seed_played":"7330329451110854267","potions_obtained":[{"floor":3.0,"key":"Cursed Concoction"},{"floor":5.0,"key":"BlessingOfTheForge"},{"floor":11.0,"key":"Reflective Coating"},{"floor":13.0,"key":"Weak Potion"},{"floor":14.0,"key":"Venom Potion"},{"floor":22,"key":"EntropicBrew"},{"floor":28,"key":"Block Potion"}],"is_trial":false,"path_per_floor":["?","?","?","?","?","E","T","?","T","T","E","T","E","?","T","B",null,"?","?","T","?","?","E","?","E","T","?","?","T","?","?","T","B",null,"?","?","?","?","?","E"],"character_chosen":"WATCHER","items_purchased":["Adaptation","Meditate","Golden Egg"],"campfire_rested":2,"item_purchase_floors":[7,7,20],"current_hp_per_floor":[71,71,71,71,67,54,54,43,43,43,43,43,43,38,38,32,72,70,64,64,64,55,41,8,1,1,1,1,22,21,20,41,35,72,72,72,72,61,29,29,29],"gold":835,"neow_bonus":"BOSS_RELIC","is_daily":false,"chose_seed":false,"campfire_upgraded":1,"win_rate":0.0,"timestamp":1613835162,"path_taken":["?","?","?","?","?","E","T","?","T","T","E","T","E","?","T","BOSS","?","?","T","?","?","E","?","E","T","?","?","T","?","?","T","BOSS","?","?","?","?","?","E"],"items_purchased_type":["Card","Card","Relic"],"build_version":"2020-12-22","purchased_purges":1,"victory":false,"max_hp_per_floor":[72,72,72,72,72,72,72,72,72,72,72,72,72,72,72,72,72,72,72,72,72,72,72,72,72,72,72,72,72,72,72,72,72,72,72,72,72,72,72,72,72],"card_choices":[{"not_picked":["ThirdEye","SashWhip"],"picked":"Halt","floor":1.0},{"not_picked":["FollowUp","CrushJoints"],"picked":"Crescendo","floor":2.0},{"not_picked":["InnerPeace","Halt"],"picked":"FlurryOfBlows","floor":3.0},{"not_picked":["Evaluate","Replay:ManipulateFuture","Replay:Anticipation"],"picked":"SKIP","floor":5.0},{"not_picked":["DeusExMachina","Replay:Vibes"],"picked":"SandsOfTime","floor":6.0},{"not_picked":["Study","Wireheading"],"picked":"Protect","floor":8.0},{"not_picked":["Prostrate","Weave"],"picked":"ClearTheMind","floor":11.0},{"not_picked":["SashWhip","Replay:Cycle"],"picked":"Wish","floor":13.0},{"not_picked":["BowlingBash","SashWhip"],"picked":"WindmillStrike","floor":14.0},{"not_picked":["Judgement","Wish"],"picked":"DevaForm","floor":16.0},{"not_picked":["Worship+1","Prostrate","CutThroughFate"],"picked":"SKIP","floor":18.0},{"not_picked":["PathToVictory","CarveReality+1","WindmillStrike"],"picked":"SKIP","floor":19.0},{"not_picked":["BowlingBash","SashWhip","CutThroughFate"],"picked":"SKIP","floor":21},{"not_picked":["CrushJoints+1","Crescendo","Replay:BluntJabs"],"picked":"SKIP","floor":22},{"not_picked":["Prostrate","EmptyFist","BowlingBash"],"picked":"SKIP","floor":23},{"not_picked":["CutThroughFate","Protect","BowlingBash"],"picked":"SKIP","floor":24},{"not_picked":["ClearTheMind","Replay:BluntJabs+1"],"picked":"LessonLearned","floor":25},{"not_picked":["Protect+1","BowlingBash","Consecrate+1"],"picked":"SKIP","floor":27},{"not_picked":["ClearTheMind","Brilliance"],"picked":"CutThroughFate","floor":28},{"not_picked":["Replay:DivineShield","Replay:Cycle+1"],"picked":"Collect","floor":30},{"not_picked":["Sanctity+1","Replay:BluntJabs+1","Evaluate"],"picked":"SKIP","floor":31},{"not_picked":["DevaForm","Judgement"],"picked":"SpiritShield","floor":33},{"not_picked":["Meditate+1","Evaluate"],"picked":"Wallop+1","floor":35},{"not_picked":["ClearTheMind+1","SignatureMove","FollowUp"],"picked":"SKIP","floor":37},{"not_picked":["Replay:AtTheReady","Replay:BluntJabs+1","Meditate+1"],"picked":"SKIP","floor":38},{"not_picked":["CrushJoints","EmptyBody+1"],"picked":"Tantrum+1","floor":39}],"player_experience":302592,"relics_obtained":[{"floor":6.0,"key":"HollowMod:PaleOreRelic"},{"floor":9.0,"key":"HornCleat"},{"floor":11.0,"key":"Replay:Bandana"},{"floor":13.0,"key":"Garlic"},{"floor":23,"key":"ReplayTheSpireMod:Ninjato"},{"floor":25,"key":"Du-Vu Doll"},{"floor":26,"key":"HollowMod:LifeEnderRelic"}],"event_choices":[{"damage_healed":0.0,"max_hp_gain":0.0,"max_hp_loss":0.0,"gold_gain":0.0,"event_name":"Match and Keep!","player_choice":"0 cards matched","floor":4.0,"gold_loss":0.0,"damage_taken":0.0,"cards_obtained":[]},{"cards_removed":["Defend_P"],"damage_healed":0,"gold_gain":0,"player_choice":"Purged","damage_taken":0,"max_hp_gain":0,"max_hp_loss":0,"event_name":"Purifier","floor":36,"gold_loss":0}],"is_beta":false,"boss_relics":[{"not_picked":["Replay:Ancient Bell","Astrolabe"],"picked":"ReplayTheSpireMod:DimensionalGlitch"},{"not_picked":["Ring of Chaos","Kintsugi"],"picked":"Replay:Grab Bag"},{"not_picked":["Coffee Dripper","Velvet Choker"],"picked":"Sozu"},{"not_picked":["Fusion Hammer","Busted Crown"],"picked":"Philosopher\u0027s Stone"},{"not_picked":["Tiny House","Honey Jar"],"picked":"Empty Cage"}],"items_purged_floors":[10],"is_endless":false,"potions_floor_spawned":[3,5,11,13,14,22,23,24,27,28,33,37,39],"killed_by":"Reptomancer","ascension_level":0}}