{"host":"79dbh3wlumrqhgu5","time":1613851339,"event":{"mods":["BaseMod","Block Reminder","Colored Map","Colored Powertips","Dark Map","Highlight Path","Minty Spire (QoL Compilation)","Permanent Neow","Quick Restart","Random Character Button","Random Character Mod"],"gold_per_floor":[114,129,144,159,174,174,204,204,204,219,219,234,249,249,249,349,349,364,389,419,74,89,119,119,134,209,308,323,23,38,53,53,153,153,168,183,83,83,98,128,128,478,478,508,523,523,538,553,553,553],"floor_reached":51,"language":"ENG","playtime":20337,"items_purged":[],"score":905,"play_id":"01ee088c-7fd9-40ef-8888-b6d2e6efb46d","local_time":"20210220150219","daily_mods":["Shiny","Red Cards","DeadlyEvents"],"is_ascension_mode":false,"campfire_choices":[{"floor":6.0,"key":"REST"},{"data":"Machine Learning","floor":8.0,"key":"SMITH"},{"floor":15.0,"key":"REST"},{"floor":24,"key":"REST"},{"floor":32,"key":"REST"},{"data":"Brutality","floor":41,"key":"SMITH"},{"data":"Limit Break","floor":46,"key":"SMITH"},{"data":"Seeing Red","floor":49,"key":"SMITH"}],"circlet_count":0,"master_deck":["Double Tap","Demon Form","Bludgeon","Feed","Limit Break+1","Corruption","Barricade+1","Fiend Fire+1","Berserk","Impervious","Juggernaut","Brutality+1","Reaper","Exhume","Offering","Hyperbeam","Thunder Strike","Biased Cognition","Machine Learning+1","Electrodynamics","Buffer","Rainbow","Seek","Echo Form","All For One","Reboot","Amplify","Creative AI","Fission","Core Surge+1","Cold Snap+1","Dual Wield","Hologram","Conserve Battery","Capacitor","Electrodynamics","Seeing Red+1","Apotheosis","PanicButton","Stack+1","Chaos+1","ForeignInfluence","Night Terror","Shrug It Off+1","Reinforced Body+1","Parasite","Panache","Deflect+1","Clumsy","Footwork+1","Good Instincts","Bandage Up+1"],"relics":["Cracked Core","Anchor","Oddly Smooth Stone","Mercury Hourglass","Empty Cage","Whetstone","Gambling Chip","PrismaticShard","Strawberry","Matryoshka","Bird Faced Urn","Cursed Key","Centennial Puzzle","Old Coin","Letter Opener","MealTicket","Ornamental Fan"],"acts_visited":["Exordium","TheCity","TheBeyond"],"potions_floor_usage":[23,23,23,25,40,42],"damage_taken":[{"damage":8.0,"enemies":"Cultist","floor":1.0,"turns":3.0},{"damage":16.0,"enemies":"Jaw Worm","floor":2.0,"turns":3.0},{"damage":0.0,"enemies":"Small Slimes","floor":3.0,"turns":4.0},{"damage":20.0,"enemies":"Looter","floor":4.0,"turns":4.0},{"damage":5.0,"enemies":"2 Fungi Beasts","floor":5.0,"turns":2.0},{"damage":11.0,"enemies":"3 Sentries","floor":7.0,"turns":3.0},{"damage":0.0,"enemies":"Large Slime","floor":10.0,"turns":5.0},{"damage":1.0,"enemies":"Exordium Wildlife","floor":12.0,"turns":2.0},{"damage":4.0,"enemies":"Blue Slaver","floor":13.0,"turns":3.0},{"damage":47.0,"enemies":"Hexaghost","floor":16.0,"turns":8.0},{"damage":22.0,"enemies":"Spheric Guardian","floor":18.0,"turns":5.0},{"damage":28.0,"enemies":"Slavers","floor":20.0,"turns":4.0},{"damage":8.0,"enemies":"Chosen","floor":22.0,"turns":6.0},{"damage":25,"enemies":"Gremlin Leader","floor":23,"turns":5},{"damage":6,"enemies":"Snecko","floor":25,"turns":5},{"damage":11,"enemies":"Snake Plant","floor":28,"turns":5},{"damage":2,"enemies":"Cultist and Chosen","floor":30,"turns":4},{"damage":20,"enemies":"Centurion and Healer","floor":31,"turns":5},{"damage":6,"enemies":"Collector","floor":33,"turns":8},{"damage":48,"enemies":"3 Shapes","floor":35,"turns":5},{"damage":0,"enemies":"Orb Walker","floor":36,"turns":3},{"damage":28,"enemies":"Writhing Mass","floor":39,"turns":7},{"damage":9,"enemies":"Nemesis","floor":40,"turns":7},{"damage":28,"enemies":"Mind Bloom Boss Battle","floor":42,"turns":7},{"damage":5,"enemies":"Giant Head","floor":44,"turns":7},{"damage":20,"enemies":"Maw","floor":45,"turns":7},{"damage":27,"enemies":"Jaw Worm Horde","floor":47,"turns":4},{"damage":2,"enemies":"3 Darklings","floor":48,"turns":3},{"damage":54,"enemies":"Time Eater","floor":50,"turns":11}],"seed_played":"3618718455484561711","potions_obtained":[{"floor":4.0,"key":"Fire Potion"},{"floor":7.0,"key":"Explosive Potion"},{"floor":10.0,"key":"AttackPotion"},{"floor":12.0,"key":"Dexterity Potion"},{"floor":20.0,"key":"CultistPotion"},{"floor":23,"key":"SkillPotion"},{"floor":30,"key":"Ancient Potion"},{"floor":35,"key":"Energy Potion"},{"floor":39,"key":"Weak Potion"},{"floor":47,"key":"FocusPotion"}],"is_trial":false,"path_per_floor":["M","M","M","M","M","R","E","R","T","M","?","M","M","T","R","B",null,"M","T","E","$","M","E","R","M","T","?","M","$","M","M","R","B",null,"M","M","$","?","M","E","R","?","T","E","M","R","M","M","R","B",null],"character_chosen":"DEFECT","items_purchased":["Apotheosis","PrismaticShard","Bird Faced Urn","FairyPotion"],"campfire_rested":4,"item_purchase_floors":[21,21,29,37],"current_hp_per_floor":[67,51,55,35,30,52,53,53,53,69,54,53,49,49,71,28,75,53,53,25,25,27,9,33,33,33,33,25,25,46,50,74,82,82,64,70,70,70,77,86,86,86,86,85,87,87,75,86,86,58],"gold":553,"neow_bonus":"","is_daily":true,"chose_seed":false,"campfire_upgraded":4,"win_rate":0.0,"timestamp":1613851339,"path_taken":["M","M","M","M","M","R","E","R","T","M","?","M","M","?","R","BOSS","M","?","?","$","M","E","R","M","T","?","M","$","?","M","R","BOSS","M","M","$","?","M","E","R","?","T","E","M","R","M","?","R","BOSS"],"items_purchased_type":["Card","Relic","Relic","Potion"],"build_version":"2020-12-22","purchased_purges":0,"victory":true,"max_hp_per_floor":[75,75,75,75,75,75,75,75,75,75,75,75,75,75,75,75,75,75,75,75,75,75,82,82,82,82,82,82,82,82,82,82,82,82,82,82,82,82,86,86,86,86,86,86,89,89,93,93,93,93],"card_choices":[{"not_picked":["Gash","Intimidate"],"picked":"Cold Snap","floor":1.0},{"not_picked":["Clothesline","Entrench"],"picked":"Dual Wield","floor":2.0},{"not_picked":["Barrage","Conserve Battery"],"picked":"Hologram","floor":3.0},{"not_picked":["Redo","Brutality"],"picked":"Conserve Battery","floor":4.0},{"not_picked":["Static Discharge","Sword Boomerang"],"picked":"Capacitor","floor":5.0},{"not_picked":["Static Discharge","Fission","Lockon"],"picked":"SKIP","floor":7.0},{"not_picked":["Conserve Battery","Power Through","Loop"],"picked":"SKIP","floor":10.0},{"not_picked":["Clothesline","Twin Strike","Clash"],"picked":"SKIP","floor":12.0},{"not_picked":["Coolheaded","Turbo","Redo"],"picked":"SKIP","floor":13.0},{"not_picked":["Corruption","Core Surge"],"picked":"Electrodynamics","floor":16.0},{"not_picked":["Beam Cell","Battle Trance+1"],"picked":"Seeing Red","floor":18.0},{"not_picked":["Whirlwind","Genetic Algorithm","Hemokinesis"],"picked":"SKIP","floor":20.0},{"not_picked":["Hello World","Glacier+1"],"picked":"PanicButton","floor":22.0},{"not_picked":["Armaments","Backflip"],"picked":"Stack+1","floor":23},{"not_picked":["Crescendo","Wild Strike"],"picked":"Chaos+1","floor":25},{"not_picked":["BowlingBash","Halt"],"picked":"ForeignInfluence","floor":28},{"not_picked":["Vengeance","Coolheaded","Purity"],"picked":"SKIP","floor":30},{"not_picked":["Dagger Throw","Sword Boomerang+1","CarveReality"],"picked":"SKIP","floor":31},{"not_picked":["Core Surge","The Bomb"],"picked":"Night Terror","floor":33},{"not_picked":["Wild Strike","Acrobatics+1"],"picked":"Shrug It Off+1","floor":35},{"not_picked":["Swivel","Evaluate"],"picked":"Reinforced Body+1","floor":36},{"not_picked":["Consecrate","Sweeping Beam","Headbutt+1"],"picked":"SKIP","floor":39},{"not_picked":["Rage","EmptyFist+1"],"picked":"Panache","floor":40},{"not_picked":["DeceiveReality","Ball Lightning"],"picked":"Deflect+1","floor":42},{"not_picked":["LikeWater+1","Consecrate","Adaptation+1"],"picked":"SKIP","floor":44},{"not_picked":["Crescendo","Steam"],"picked":"Footwork+1","floor":45},{"not_picked":["Combust+1","JustLucky+1"],"picked":"Good Instincts","floor":47},{"not_picked":["Leg Sweep","Halt"],"picked":"Bandage Up+1","floor":48}],"player_experience":73101,"relics_obtained":[{"floor":7.0,"key":"Anchor"},{"floor":9.0,"key":"Oddly Smooth Stone"},{"floor":14.0,"key":"Mercury Hourglass"},{"floor":19.0,"key":"Whetstone"},{"floor":20.0,"key":"Gambling Chip"},{"floor":23,"key":"Strawberry"},{"floor":26,"key":"Matryoshka"},{"floor":40,"key":"Centennial Puzzle"},{"floor":42,"key":"Old Coin"},{"floor":43,"key":"Letter Opener"},{"floor":43,"key":"MealTicket"},{"floor":44,"key":"Ornamental Fan"}],"event_choices":[{"damage_healed":0.0,"max_hp_gain":0.0,"max_hp_loss":0.0,"gold_gain":0.0,"event_name":"Shining Light","player_choice":"Entered Light","floor":11.0,"gold_loss":0.0,"damage_taken":15.0,"cards_upgraded":["Barricade","Fiend Fire"]},{"damage_healed":0,"gold_gain":99,"player_choice":"Stole From Cult","damage_taken":0,"max_hp_gain":0,"max_hp_loss":0,"event_name":"Nest","floor":27,"gold_loss":0},{"cards_removed":["Immolate"],"damage_healed":0,"gold_gain":0,"player_choice":"Removed Attack","damage_taken":0,"max_hp_gain":0,"max_hp_loss":0,"event_name":"Falling","floor":38,"gold_loss":0},{"damage_healed":0,"gold_gain":0,"player_choice":"Fight","damage_taken":0,"max_hp_gain":0,"max_hp_loss":0,"event_name":"MindBloom","floor":42,"gold_loss":0}],"is_beta":false,"boss_relics":[{"not_picked":["Tiny House","Runic Dome"],"picked":"Empty Cage"},{"not_picked":["Astrolabe","Busted Crown"],"picked":"Cursed Key"}],"items_purged_floors":[],"is_endless":false,"potions_floor_spawned":[4,7,10,12,20,22,23,30,35,39,47],"ascension_level":0}}