{"host":"a4s27ghlnr83kbqz","time":1613794447,"event":{"mods":["AchievementEnabler","BaseMod","Colored Map","Minty Spire (QoL Compilation)","Permanent Neow","SuperFastMode"],"gold_per_floor":[119,99,112,131,146,146,179,179,227,251,263,303,333,356,368,380,380],"floor_reached":16,"language":"KOR","playtime":362,"items_purged":[],"score":188,"play_id":"c784cd59-8e20-4d4b-bf11-07a978b07219","local_time":"20210220131407","is_ascension_mode":true,"campfire_choices":[{"data":"Bouncing Flask","floor":6,"key":"SMITH"},{"floor":11,"key":"REST"},{"data":"Terror","floor":15,"key":"SMITH"}],"circlet_count":0,"master_deck":["AscendersBane","Strike_G","Strike_G","Strike_G","Defend_G","Defend_G","Defend_G","Defend_G","Defend_G","Survivor","Neutralize","Flying Knee","Accuracy","Sucker Punch","Predator","Bouncing Flask+1","All Out Attack","After Image","Backflip","Terror+1","Bane","Footwork"],"relics":["Ring of the Snake","InkBottle","CultistMask","MawBank","Ancient Tea Set"],"acts_visited":["Exordium"],"potions_floor_usage":[5,7,16,16],"damage_taken":[{"damage":0,"enemies":"Jaw Worm","floor":1,"turns":5},{"damage":4,"enemies":"Cultist","floor":3,"turns":4},{"damage":3,"enemies":"2 Louse","floor":4,"turns":3},{"damage":2,"enemies":"Exordium Thugs","floor":5,"turns":4},{"damage":25,"enemies":"Gremlin Nob","floor":7,"turns":4},{"damage":3,"enemies":"2 Fungi Beasts","floor":10,"turns":3},{"damage":17,"enemies":"Lagavulin","floor":12,"turns":6},{"damage":1,"enemies":"Looter","floor":13,"turns":3},{"damage":3,"enemies":"Blue Slaver","floor":14,"turns":3},{"damage":12,"enemies":"Slime Boss","floor":16,"turns":5}],"seed_played":"3479309472097764565","potions_obtained":[{"floor":1,"key":"Ancient Potion"},{"floor":2,"key":"Energy Potion"},{"floor":5,"key":"PowerPotion"},{"floor":7,"key":"SkillPotion"},{"floor":13,"key":"DuplicationPotion"}],"is_trial":false,"path_per_floor":["M","?","M","M","M","R","E","?","T","M","R","E","M","M","R","B"],"character_chosen":"THE_SILENT","items_purchased":[],"campfire_rested":1,"item_purchase_floors":[],"current_hp_per_floor":[45,45,41,38,36,36,11,11,11,8,29,12,11,8,8,0,0],"gold":380,"neow_bonus":"TRANSFORM_TWO_CARDS","is_daily":false,"chose_seed":false,"campfire_upgraded":2,"win_rate":0.0,"timestamp":1613794447,"path_taken":["M","?","?","M","M","R","E","?","T","M","R","E","M","M","R","BOSS"],"items_purchased_type":[],"build_version":"2020-12-22","purchased_purges":0,"victory":false,"max_hp_per_floor":[70,70,70,70,70,70,70,70,70,70,70,70,70,70,70,70,70],"card_choices":[{"not_picked":["Concentrate","Outmaneuver"],"picked":"Sucker Punch","floor":1},{"not_picked":["Poisoned Stab","Sucker Punch"],"picked":"Predator","floor":3},{"not_picked":["Calculated Gamble","Flying Knee"],"picked":"Bouncing Flask","floor":4},{"not_picked":["Poisoned Stab","Noxious Fumes"],"picked":"All Out Attack","floor":5},{"not_picked":["Distraction","Prepared"],"picked":"After Image","floor":7},{"not_picked":["Outmaneuver","Setup"],"picked":"Backflip","floor":10},{"not_picked":["Flying Knee","Tools of the Trade"],"picked":"Terror","floor":12},{"not_picked":["Backflip","Quick Slash"],"picked":"Bane","floor":13},{"not_picked":["Caltrops","Reflex"],"picked":"Footwork","floor":14}],"player_experience":1134531,"relics_obtained":[{"floor":7,"key":"InkBottle"},{"floor":9,"key":"MawBank"},{"floor":12,"key":"Ancient Tea Set"}],"event_choices":[{"damage_healed":0,"gold_gain":0,"player_choice":"Bought 1 Potion","damage_taken":0,"max_hp_gain":0,"max_hp_loss":0,"event_name":"The Woman in Blue","floor":2,"gold_loss":0},{"damage_healed":0,"gold_gain":0,"player_choice":"Trade","damage_taken":0,"relics_obtained":["CultistMask"],"max_hp_gain":0,"max_hp_loss":0,"event_name":"FaceTrader","floor":8,"gold_loss":0}],"is_beta":false,"boss_relics":[],"items_purged_floors":[],"is_endless":false,"potions_floor_spawned":[1,5,7,13,14],"killed_by":"Slime Boss","ascension_level":13}}