{"host":"lxu17chzujqn8whl","time":1613836973,"event":{"mods":["BaseMod","Minty Spire (QoL Compilation)","Relic Stats","StSLib"],"gold_per_floor":[110,124,124,189,239,273,273,31,31,81,31,72,197,212,212,319,328,346,396,472,531,551,594,594,622,622,622,644,669,690,19,19,129,129,149,220,67,67,67],"floor_reached":38,"language":"ENG","playtime":1156,"items_purged":["Strike_B"],"score":452,"play_id":"86bff788-b14b-463e-bb2b-01dc0931740d","local_time":"20210220080253","is_ascension_mode":false,"campfire_choices":[{"data":"Hologram","floor":7.0,"key":"SMITH"},{"data":"Zap","floor":15.0,"key":"SMITH"},{"floor":24,"key":"REST"},{"data":"Echo Form","floor":27,"key":"SMITH"},{"floor":32,"key":"REST"}],"circlet_count":0,"master_deck":["Strike_B","Strike_B","Strike_B","Defend_B","Defend_B","Defend_B","Zap+1","Dualcast+1","Barrage","Conserve Battery","Conserve Battery+1","Hologram+1","Ball Lightning","Swift Strike","White Noise+1","Echo Form+1","CurseOfTheBell","Hologram+1","Sunder+1","Hologram+1","Turbo+1","Self Repair","Stack+1","Rainbow+1","Sweeping Beam","Rainbow+1","Streamline+1","Coolheaded+1"],"relics":["Cracked Core","SsserpentHead","Darkstone Periapt","PreservedInsect","Toxic Egg 2","CeramicFish","Smiling Mask","Calling Bell","War Paint","Bird Faced Urn","Kunai","Ancient Tea Set","Sundial","Shuriken","Lizard Tail","Mercury Hourglass","Philosopher\u0027s Stone","Vajra"],"acts_visited":["Exordium","TheCity","TheBeyond"],"potions_floor_usage":[25,29,31],"damage_taken":[{"damage":4.0,"enemies":"2 Louse","floor":1.0,"turns":2.0},{"damage":0.0,"enemies":"Cultist","floor":2.0,"turns":4.0},{"damage":0.0,"enemies":"Jaw Worm","floor":4.0,"turns":3.0},{"damage":5.0,"enemies":"3 Sentries","floor":6.0,"turns":9.0},{"damage":11.0,"enemies":"Lagavulin","floor":12.0,"turns":5.0},{"damage":54.0,"enemies":"Hexaghost","floor":16.0,"turns":11.0},{"damage":24.0,"enemies":"2 Thieves","floor":18.0,"turns":4.0},{"damage":20.0,"enemies":"3 Byrds","floor":22.0,"turns":4.0},{"damage":23,"enemies":"Slavers","floor":23,"turns":7},{"damage":36,"enemies":"Shelled Parasite and Fungi","floor":25,"turns":6},{"damage":24,"enemies":"3 Cultists","floor":28,"turns":5},{"damage":25,"enemies":"Cultist and Chosen","floor":29,"turns":7},{"damage":14,"enemies":"Snake Plant","floor":30,"turns":4},{"damage":54,"enemies":"Automaton","floor":33,"turns":12},{"damage":10,"enemies":"Orb Walker","floor":35,"turns":4},{"damage":34,"enemies":"3 Darklings","floor":36,"turns":4},{"damage":0,"enemies":"Jaw Worm Horde","floor":38,"turns":1}],"seed_played":"-1002460214563182867","potions_obtained":[{"floor":2.0,"key":"Ancient Potion"},{"floor":4.0,"key":"EssenceOfSteel"},{"floor":23,"key":"Regen Potion"},{"floor":25,"key":"FairyPotion"},{"floor":30,"key":"SmokeBomb"},{"floor":33,"key":"FocusPotion"}],"is_trial":false,"path_per_floor":["M","M","?","M","?","E","R","$","T","T","$","E","?","?","R","B",null,"M","?","T","?","M","E","R","M","T","R","M","M","M","$","R","B",null,"M","M","$","M"],"character_chosen":"DEFECT","items_purchased":["PreservedInsect","Ball Lightning","Swift Strike","PowerPotion","Fruit Juice","Lizard Tail","Mercury Hourglass","Sweeping Beam","Vajra"],"campfire_rested":2,"item_purchase_floors":[8,8,8,11,31,31,31,31,37],"current_hp_per_floor":[78,78,78,78,71,66,66,66,66,66,66,55,44,64,64,10,88,66,66,66,66,50,33,59,45,45,45,23,11,8,13,40,17,93,93,66,66,66,66],"gold":67,"neow_bonus":"TEN_PERCENT_HP_BONUS","is_daily":false,"chose_seed":false,"campfire_upgraded":3,"win_rate":0.0,"timestamp":1613836973,"path_taken":["M","M","?","?","?","E","R","?","T","?","$","E","?","?","R","BOSS","M","?","?","?","M","E","R","M","T","R","M","M","M","$","R","BOSS","M","?","?","M"],"items_purchased_type":["Relic","Card","Card","Potion","Potion","Relic","Relic","Card","Relic"],"build_version":"2020-12-22","purchased_purges":1,"victory":false,"max_hp_per_floor":[82,82,82,82,82,82,82,82,82,82,82,82,82,82,82,82,88,88,88,88,88,88,88,88,88,88,88,88,88,88,93,93,93,93,93,93,93,93,93],"relic_stats":{"Darkstone Periapt":6,"counters":[17,92],"CeramicFish":126,"PreservedInsect":67,"War Paint":["Dualcast","Conserve Battery"],"Smiling Mask":25,"Mercury Hourglass":[75],"SsserpentHead":550,"Lizard Tail":0,"Sundial":[2],"Shuriken":[6],"Bird Faced Urn":[41],"Kunai":[9],"obtain_stats":[{"Darkstone Periapt":6,"CeramicFish":10,"Vajra":37,"PreservedInsect":8,"War Paint":17,"Smiling Mask":12,"Ancient Tea Set":20,"Mercury Hourglass":31,"Calling Bell":17,"SsserpentHead":3,"Lizard Tail":31,"Sundial":23,"Shuriken":26,"Bird Faced Urn":17,"Philosopher\u0027s Stone":34,"Kunai":17,"Toxic Egg 2":9,"Cracked Core":0},{"Darkstone Periapt":4,"CeramicFish":4,"Vajra":16,"PreservedInsect":4,"War Paint":6,"Smiling Mask":5,"Ancient Tea Set":7,"Mercury Hourglass":13,"Calling Bell":6,"SsserpentHead":2,"Lizard Tail":13,"Sundial":9,"Shuriken":10,"Bird Faced Urn":6,"Philosopher\u0027s Stone":14,"Kunai":6,"Toxic Egg 2":4,"Cracked Core":0},{"Darkstone Periapt":18,"CeramicFish":18,"Vajra":91,"PreservedInsect":18,"War Paint":34,"Smiling Mask":23,"Ancient Tea Set":38,"Mercury Hourglass":71,"Calling Bell":34,"SsserpentHead":6,"Lizard Tail":71,"Sundial":49,"Shuriken":55,"Bird Faced Urn":34,"Philosopher\u0027s Stone":83,"Kunai":34,"Toxic Egg 2":18,"Cracked Core":0}]},"card_choices":[{"not_picked":["Beam Cell","Static Discharge"],"picked":"Barrage","floor":1.0},{"not_picked":["Gash","Coolheaded"],"picked":"Conserve Battery","floor":2.0},{"not_picked":["Compile Driver","Go for the Eyes"],"picked":"Conserve Battery","floor":4.0},{"not_picked":["Beam Cell","Steam"],"picked":"Hologram","floor":6.0},{"not_picked":["Biased Cognition","Capacitor"],"picked":"White Noise+1","floor":12.0},{"not_picked":["Buffer","Rainbow+1"],"picked":"Echo Form","floor":16.0},{"not_picked":["Loop+1","Redo+1","Ball Lightning"],"picked":"SKIP","floor":18.0},{"not_picked":["Gash","Redo+1"],"picked":"Sunder+1","floor":22.0},{"not_picked":["Go for the Eyes+1","Gash"],"picked":"Hologram+1","floor":23},{"not_picked":["Streamline","Static Discharge"],"picked":"Turbo+1","floor":25},{"not_picked":["BootSequence+1","Beam Cell+1"],"picked":"Self Repair","floor":28},{"not_picked":["Ball Lightning+1","Chaos+1"],"picked":"Stack+1","floor":29},{"not_picked":["Compile Driver+1","Undo+1"],"picked":"Rainbow+1","floor":30},{"not_picked":["All For One","Amplify+1"],"picked":"Rainbow+1","floor":33},{"not_picked":["Ball Lightning","Sweeping Beam+1"],"picked":"Streamline+1","floor":35},{"not_picked":["Rip and Tear","Sweeping Beam+1"],"picked":"Coolheaded+1","floor":36}],"player_experience":720301,"relics_obtained":[{"floor":6.0,"key":"Darkstone Periapt"},{"floor":9.0,"key":"Toxic Egg 2"},{"floor":10.0,"key":"CeramicFish"},{"floor":12.0,"key":"Smiling Mask"},{"floor":17.0,"key":"War Paint"},{"floor":17.0,"key":"Bird Faced Urn"},{"floor":17.0,"key":"Kunai"},{"floor":20.0,"key":"Ancient Tea Set"},{"floor":23,"key":"Sundial"},{"floor":26,"key":"Shuriken"}],"event_choices":[{"damage_healed":0.0,"max_hp_gain":0.0,"max_hp_loss":0.0,"gold_gain":0.0,"event_name":"FaceTrader","player_choice":"Trade","floor":3.0,"gold_loss":0.0,"damage_taken":0.0,"relics_obtained":["SsserpentHead"]},{"cards_removed":["Defend_B"],"damage_healed":0.0,"max_hp_gain":0.0,"max_hp_loss":0.0,"gold_gain":0.0,"event_name":"Golden Wing","player_choice":"Card Removal","floor":5.0,"gold_loss":0.0,"damage_taken":7.0},{"damage_healed":0.0,"max_hp_gain":0.0,"max_hp_loss":0.0,"gold_gain":75.0,"event_name":"World of Goop","player_choice":"Gather Gold","floor":13.0,"gold_loss":0.0,"damage_taken":11.0},{"damage_healed":20.0,"max_hp_gain":0.0,"max_hp_loss":0.0,"gold_gain":0.0,"event_name":"The Cleric","player_choice":"Healed","floor":14.0,"gold_loss":35.0,"damage_taken":0.0},{"damage_healed":0.0,"max_hp_gain":0.0,"max_hp_loss":0.0,"gold_gain":0.0,"event_name":"Ghosts","player_choice":"Ignored","floor":19.0,"gold_loss":0.0,"damage_taken":0.0},{"damage_healed":0.0,"max_hp_gain":0.0,"max_hp_loss":0.0,"gold_gain":0.0,"event_name":"Duplicator","player_choice":"Copied","floor":21.0,"gold_loss":0.0,"damage_taken":0.0,"cards_obtained":["Hologram"]}],"is_beta":false,"boss_relics":[{"not_picked":["Ectoplasm","Empty Cage"],"picked":"Calling Bell"},{"not_picked":["Coffee Dripper","Black Star"],"picked":"Philosopher\u0027s Stone"}],"items_purged_floors":[37],"is_endless":false,"potions_floor_spawned":[2,4,23,25,30,33],"killed_by":"Jaw Worm Horde","ascension_level":0}}