{"host":"bm58huo5vqbiw0g8","time":1613862451,"event":{"mods":["AchievementEnabler","BaseMod","Better Note","BetterRewards","Colored Map","Colored Powertips","Highlight Path","Minty Spire (QoL Compilation)","StSLib"],"gold_per_floor":[114,129,129,54,69,69,84,84,84,84,84,84,84,99,99,199,199,214,239,269,19,34,34,34],"floor_reached":23,"language":"ENG","playtime":1837,"items_purged":["Barricade"],"score":224,"play_id":"87f8d244-8ea1-465d-ad3e-744c94902ee3","local_time":"20210221000731","daily_mods":["Shiny","Red Cards","DeadlyEvents"],"is_ascension_mode":false,"campfire_choices":[{"data":"Feed","floor":6.0,"key":"SMITH"},{"data":"Berserk","floor":8.0,"key":"SMITH"},{"data":"Seek","floor":10.0,"key":"SMITH"},{"data":"Reaper","floor":13.0,"key":"SMITH"},{"data":"Electrodynamics","floor":15.0,"key":"SMITH"}],"circlet_count":0,"master_deck":["Double Tap","Demon Form","Bludgeon","Feed+1","Limit Break","Fiend Fire+1","Berserk+1","Impervious","Juggernaut","Reaper+1","Exhume","Offering","Immolate","Multi-Cast","Hyperbeam","Thunder Strike","Biased Cognition","Machine Learning","Electrodynamics+1","Buffer","Rainbow","Seek+1","Meteor Strike","Echo Form","All For One","Reboot","Amplify","Creative AI","Fission","Core Surge","Cold Snap+1","Melter","Feed","Battle Trance+1","Genetic Algorithm","BootSequence"],"relics":["Cracked Core","Anchor","Mercury Hourglass","Empty Cage","Oddly Smooth Stone","Whetstone","Meat on the Bone"],"acts_visited":["Exordium","TheCity"],"potions_floor_usage":[23],"damage_taken":[{"damage":6.0,"enemies":"Cultist","floor":1.0,"turns":3.0},{"damage":18.0,"enemies":"Jaw Worm","floor":2.0,"turns":3.0},{"damage":0.0,"enemies":"Small Slimes","floor":5.0,"turns":2.0},{"damage":12.0,"enemies":"Looter","floor":7.0,"turns":3.0},{"damage":2.0,"enemies":"2 Fungi Beasts","floor":14.0,"turns":3.0},{"damage":36.0,"enemies":"Hexaghost","floor":16.0,"turns":7.0},{"damage":0,"enemies":"Spheric Guardian","floor":18,"turns":1},{"damage":22,"enemies":"Slavers","floor":20,"turns":2},{"damage":8,"enemies":"Chosen","floor":22,"turns":4},{"damage":73,"enemies":"Gremlin Leader","floor":23,"turns":7}],"seed_played":"3618718455484561711","potions_obtained":[{"floor":14.0,"key":"BlessingOfTheForge"},{"floor":16.0,"key":"GamblersBrew"},{"floor":20,"key":"Dexterity Potion"},{"floor":22,"key":"DuplicationPotion"}],"is_trial":false,"path_per_floor":["M","M","?","$","M","R","M","R","T","R","T","$","R","M","R","B",null,"M","T","E","$","M","E"],"character_chosen":"DEFECT","items_purchased":["Meat on the Bone"],"campfire_rested":0,"item_purchase_floors":[21],"current_hp_per_floor":[69,51,51,51,51,51,43,43,43,43,43,43,43,41,41,15,79,83,83,64,64,65,0,0],"gold":34,"neow_bonus":"","is_daily":true,"chose_seed":false,"campfire_upgraded":5,"win_rate":0.0,"timestamp":1613862451,"path_taken":["M","M","?","$","M","R","M","R","T","R","?","$","R","M","R","BOSS","M","?","?","$","M","E"],"items_purchased_type":["Relic"],"build_version":"2020-12-22","purchased_purges":1,"victory":false,"max_hp_per_floor":[75,75,75,75,75,75,79,79,79,79,79,79,79,79,79,79,79,83,83,86,86,86,86,86],"card_choices":[{"not_picked":["Gash","Intimidate"],"picked":"Cold Snap","floor":1.0},{"not_picked":["Clothesline","Dual Wield","Entrench"],"picked":"SKIP","floor":2.0},{"not_picked":["Sword Boomerang","Coolheaded","Dark Embrace"],"picked":"SKIP","floor":5.0},{"not_picked":["Sword Boomerang","True Grit","Intimidate"],"picked":"SKIP","floor":7.0},{"not_picked":["Pommel Strike","Steam"],"picked":"Melter","floor":14.0},{"not_picked":["Hyperbeam","Reaper"],"picked":"Feed","floor":16.0},{"not_picked":["Beam Cell","Seeing Red"],"picked":"Battle Trance+1","floor":18},{"not_picked":["Whirlwind","Hemokinesis"],"picked":"Genetic Algorithm","floor":20},{"not_picked":["Havoc+1","Force Field"],"picked":"BootSequence","floor":22}],"player_experience":293048,"relics_obtained":[{"floor":9.0,"key":"Anchor"},{"floor":11.0,"key":"Mercury Hourglass"},{"floor":19,"key":"Oddly Smooth Stone"},{"floor":20,"key":"Whetstone"}],"event_choices":[{"damage_healed":0.0,"max_hp_gain":0.0,"max_hp_loss":0.0,"gold_gain":0.0,"event_name":"Liars Game","player_choice":"Ignored","floor":3.0,"gold_loss":0.0,"damage_taken":0.0}],"is_beta":false,"boss_relics":[{"not_picked":["Tiny House","Runic Dome"],"picked":"Empty Cage"}],"items_purged_floors":[4],"is_endless":false,"potions_floor_spawned":[14,16,20,22],"killed_by":"Gremlin Leader","ascension_level":0}}