{"host":"u0qetpmu4y58k1tf","time":1613788762,"event":{"mods":["100% Spire Juice","AchievementEnabler","Act Like it!","BaseMod","CapriCore","Colored Map","Colored Powertips","Hermit","Koishi","Marisa£¨Ùöéë¡¡Øª×âÞÞ£©","Minty Spire (QoL Compilation)","Quick Restart","Reliquary","Replay The Spire","StSLib","Td1madao Mod","The Bug Knight","The Cursed","The Dragon Tamer","The Gatherer","The Hierophant","The Immortal","The Jungle","The Runesmith","WarShipGirlsR/??á´Ò³R mod"],"gold_per_floor":[114,39,49,49,19,54,69,15,15,190,253,253,253],"floor_reached":12,"language":"KOR","playtime":273,"items_purged":["Strike_B"],"score":136,"play_id":"910b6ec5-38a8-4f93-a76f-5c1dc7aeec31","local_time":"20210220113922","is_ascension_mode":true,"campfire_choices":[],"circlet_count":0,"master_deck":["Strike_B","Strike_B","Defend_B","Defend_B","Defend_B","Defend_B","Zap","Dualcast","Darkness","Darkness","Consume","Turbo","Double Energy","Double Energy","Doubt","Conserve Battery"],"relics":["Cracked Core","NeowsBlessing","Girya","Thread and Needle","TungstenRod"],"acts_visited":["Exordium"],"potions_floor_usage":[],"damage_taken":[{"damage":0,"enemies":"2 Louse","floor":1,"turns":1},{"damage":0,"enemies":"Jaw Worm","floor":3,"turns":1},{"damage":0,"enemies":"Lagavulin","floor":6,"turns":2},{"damage":2,"enemies":"Small Slimes","floor":7,"turns":3},{"damage":23,"enemies":"Gremlin Nob","floor":11,"turns":4},{"damage":35,"enemies":"3 Sentries","floor":12,"turns":7}],"seed_played":"-4757776950136617870","potions_obtained":[{"floor":6,"key":"LiquidMemories"},{"floor":7,"key":"FearPotion"}],"is_trial":false,"path_per_floor":["M","$","M","?","?","E","M","$","T","?","?","E"],"character_chosen":"DEFECT","items_purchased":["Double Energy"],"campfire_rested":0,"item_purchase_floors":[8],"current_hp_per_floor":[68,68,68,61,61,61,59,59,59,59,36,1,1],"gold":253,"neow_bonus":"THREE_ENEMY_KILL","is_daily":false,"chose_seed":false,"campfire_upgraded":0,"win_rate":0.0,"timestamp":1613788762,"path_taken":["M","$","M","?","?","E","?","$","T","?","?","E"],"items_purchased_type":["Card"],"build_version":"2020-12-22","purchased_purges":1,"victory":false,"max_hp_per_floor":[75,75,75,75,75,75,75,75,75,75,75,75,75],"card_choices":[{"not_picked":["Compile Driver","Sweeping Beam","Steam"],"picked":"SKIP","floor":1},{"not_picked":["Melter","Ball Lightning"],"picked":"Darkness","floor":3},{"not_picked":[],"picked":"Darkness","floor":5},{"not_picked":[],"picked":"Consume","floor":5},{"not_picked":["Barrage","Stack","All For One"],"picked":"SKIP","floor":6},{"not_picked":["Ball Lightning","Glacier"],"picked":"Turbo","floor":7},{"not_picked":["Turbo","ReplayGash"],"picked":"Conserve Battery","floor":11}],"player_experience":169755,"relics_obtained":[{"floor":6,"key":"Girya"},{"floor":9,"key":"Thread and Needle"},{"floor":11,"key":"TungstenRod"}],"event_choices":[{"cards_removed":["Strike_B"],"damage_healed":0,"gold_gain":0,"player_choice":"Card Removal","damage_taken":7,"max_hp_gain":0,"max_hp_loss":0,"event_name":"Golden Wing","floor":4,"gold_loss":0},{"damage_healed":0,"gold_gain":175,"player_choice":"AGREE","damage_taken":0,"max_hp_gain":0,"max_hp_loss":0,"event_name":"Liars Game","floor":10,"gold_loss":0,"cards_obtained":["Doubt"]},{"damage_healed":0,"gold_gain":30,"player_choice":"Searched \u00272\u0027 times","damage_taken":0,"max_hp_gain":0,"max_hp_loss":0,"event_name":"Dead Adventurer","floor":11,"gold_loss":0}],"is_beta":false,"boss_relics":[],"items_purged_floors":[2],"is_endless":false,"potions_floor_spawned":[6,7],"killed_by":"3 Sentries","ascension_level":7}}