{"host":"89iuq2p5kwriuwfq","time":1613851262,"event":{"mods":["BaseMod","Curses Come First","Custom Start","Minty Spire (QoL Compilation)","Permanent Neow","StSLib"],"gold_per_floor":[117,117,130,55,130,130,143,178,204,204,204],"floor_reached":10,"language":"ENG","playtime":289,"items_purged":["Regret"],"score":112,"play_id":"604c5baa-4148-4cae-8245-b08d72744d6e","local_time":"20210220200102","is_ascension_mode":true,"campfire_choices":[{"data":"Eruption","floor":6,"key":"SMITH"}],"circlet_count":0,"master_deck":["AscendersBane","Strike_P","Strike_P","Strike_P","Strike_P","Defend_P","Defend_P","Defend_P","Defend_P","Eruption+1","Vigilance","Judgement","LikeWater","Adaptation","WheelKick","Protect"],"relics":["PureWater","Bronze Scales","Strawberry","Art of War"],"acts_visited":["Exordium"],"potions_floor_usage":[8],"damage_taken":[{"damage":0,"enemies":"Small Slimes","floor":1,"turns":1},{"damage":4,"enemies":"Jaw Worm","floor":3,"turns":4},{"damage":0,"enemies":"Cultist","floor":7,"turns":2},{"damage":25,"enemies":"Lagavulin","floor":8,"turns":5},{"damage":24,"enemies":"Gremlin Nob","floor":10,"turns":3}],"seed_played":"6861989461272451132","potions_obtained":[{"floor":1,"key":"Block Potion"}],"is_trial":false,"path_per_floor":["M","?","M","$","?","R","M","E","T","E"],"character_chosen":"WATCHER","items_purchased":[],"campfire_rested":0,"item_purchase_floors":[],"current_hp_per_floor":[61,61,57,57,46,46,46,28,28,4,4],"gold":204,"neow_bonus":"ONE_RANDOM_RARE_CARD","is_daily":false,"chose_seed":false,"campfire_upgraded":1,"win_rate":0.0,"timestamp":1613851262,"path_taken":["M","?","M","$","?","R","M","E","T","E"],"items_purchased_type":[],"build_version":"2020-12-22","purchased_purges":1,"victory":false,"max_hp_per_floor":[68,68,68,68,68,68,68,75,75,75,75],"card_choices":[{"not_picked":["SashWhip","PathToVictory"],"picked":"LikeWater","floor":1},{"not_picked":["CutThroughFate","Evaluate"],"picked":"Adaptation","floor":3},{"not_picked":["Halt","EmptyMind"],"picked":"WheelKick","floor":7},{"not_picked":["CutThroughFate","FlurryOfBlows"],"picked":"Protect","floor":8}],"player_experience":753076,"relics_obtained":[{"floor":8,"key":"Strawberry"},{"floor":9,"key":"Art of War"}],"event_choices":[{"damage_healed":0,"gold_gain":0,"player_choice":"Box","damage_taken":0,"relics_obtained":["Bronze Scales"],"max_hp_gain":0,"max_hp_loss":0,"event_name":"Big Fish","floor":2,"gold_loss":0,"cards_obtained":["Regret"]},{"damage_healed":0,"gold_gain":75,"player_choice":"Gather Gold","damage_taken":11,"max_hp_gain":0,"max_hp_loss":0,"event_name":"World of Goop","floor":5,"gold_loss":0}],"is_beta":false,"boss_relics":[],"items_purged_floors":[4],"is_endless":false,"potions_floor_spawned":[1],"killed_by":"Gremlin Nob","ascension_level":14}}