{"host":"nwjx7hbomubpmo86","time":1613864724,"event":{"mods":["AchievementEnabler","BaseMod","Better Note","Better Third Choice","Downfall","Hubris","Minty Spire (QoL Compilation)","Replay The Spire","StSLib","The Death Knight","slay the spire mod where everything is the same but ironclad has a cowboy hat"],"gold_per_floor":[119,10,21,21,21,49,49,75,75,85,96,96,108,183,183,281,281,295,295,295,307,324,324,335,363,411,47,79,79,90,118,118,227,227,251,27,56,1055,1081,1143,1143,1205,1281,1281,1316,145,173,374,374,404,404,404,22,68,92],"floor_reached":56,"language":"ENG","playtime":2167,"items_purged":["Decay","Normality"],"score":1645,"play_id":"d81f0202-9088-4a5c-b845-5285624c0173","local_time":"20210221004524","is_ascension_mode":false,"campfire_choices":[{"data":"Darkness","floor":7,"key":"SMITH"},{"data":"Beam Cell","floor":15,"key":"SMITH"},{"data":"Seek","floor":23,"key":"SMITH"},{"data":"Storm","floor":29,"key":"SMITH"},{"data":"Loop","floor":32,"key":"SMITH"},{"floor":41,"key":"REST"},{"floor":49,"key":"RECALL"},{"data":"Seek","floor":52,"key":"SMITH"}],"circlet_count":0,"master_deck":["Strike_B","Strike_B","Strike_B","Defend_B","Defend_B","Defend_B","Defend_B","Zap+1","Dualcast","Ball Lightning","Loop+1","Cold Snap","Beam Cell+1","Darkness+1","Glacier","Rebound","Ball Lightning","Steam","Seek+1","Decay","Chill","Leap+1","Echo Form","Loop+1","Storm+1","Seek","Doom and Gloom","BootSequence","Hyperbeam","Leap+1","Echo Form+1","Doom and Gloom","Rip and Tear","ReplayTheSpireMod:Calculation Training","Normality","Seek+1","Lockon","ReplayTheSpireMod:Reroute Power+1","ReplayTheSpireMod:Splinters","Conserve Battery+1","ReplayTheSpireMod:GoodbyeWorld+1","Leap","Gash","Panache+1","Rip and Tear","Turbo","Pot Of Greed","Pot Of Greed","Pot Of Greed","Pot Of Greed","Good Instincts","Pot Of Greed","Tempest+1","Injury","Tempest","Hello World+1","Amplify","Go for the Eyes+1","Capacitor+1"],"relics":["Cracked Core","NeowsBlessing","hubris:Towel","NlothsMask","Anchor","hubris:MysteriousPyramids","Replay:Grab Bag","ChewingGum","Cursed Key","expansioncontent:StudyCardRelic","Replay:Towering Pillar of Hats","Smiling Mask","Frozen Egg 2","DeathKnight:PutricidesVial","Replay:Bandana","hubris:BlackHole","Replay:Kaleidoscope","Unceasing Top","Replay:WaspNest","Grinning Jar","Ornamental Fan","hubris:EmptyBottle","Prayer Wheel","Gremlin Food"],"acts_visited":["Exordium","TheCity","TheBeyond","TheEnding"],"potions_floor_usage":[16,16,16,28,31,33,33,35,39,54,54,55,55,55,55,55,55],"damage_taken":[{"damage":0,"enemies":"Small Slimes","floor":1,"turns":1},{"damage":0,"enemies":"Cultist","floor":3,"turns":1},{"damage":0,"enemies":"3 Sentries","floor":6,"turns":1},{"damage":2,"enemies":"Replay:BlueRogue","floor":8,"turns":7},{"damage":0,"enemies":"2 Louse","floor":10,"turns":2},{"damage":0,"enemies":"Looter","floor":11,"turns":2},{"damage":0,"enemies":"Large Slime","floor":13,"turns":2},{"damage":16,"enemies":"Fading Forest","floor":16,"turns":11},{"damage":0,"enemies":"2 Thieves","floor":18,"turns":3},{"damage":0,"enemies":"Chosen","floor":21,"turns":4},{"damage":13,"enemies":"3 Cultists","floor":22,"turns":5},{"damage":0,"enemies":"Shelled Parasite and Fungi","floor":24,"turns":3},{"damage":11,"enemies":"Book of Stabbing","floor":25,"turns":4},{"damage":1,"enemies":"Replay:Snechameleon","floor":28,"turns":5},{"damage":3,"enemies":"Snecko","floor":30,"turns":3},{"damage":17,"enemies":"Book of Stabbing","floor":31,"turns":4},{"damage":6,"enemies":"Pondfish","floor":33,"turns":10},{"damage":25,"enemies":"3 Darklings","floor":35,"turns":4},{"damage":0,"enemies":"Orb Walker","floor":37,"turns":3},{"damage":21,"enemies":"Transient","floor":39,"turns":5},{"damage":6,"enemies":"R_Hoarder","floor":40,"turns":6},{"damage":8,"enemies":"2 Orb Walkers","floor":42,"turns":4},{"damage":0,"enemies":"Jaw Worm Horde","floor":45,"turns":1},{"damage":3,"enemies":"Spire Growth","floor":47,"turns":3},{"damage":5,"enemies":"Donu and Deca","floor":50,"turns":4},{"damage":14,"enemies":"Shield and Spear","floor":54,"turns":3},{"damage":53,"enemies":"The Heart","floor":55,"turns":5}],"seed_played":"7068627839458894843","potions_obtained":[{"floor":6,"key":"Weak Potion"},{"floor":10,"key":"ColorlessPotion"},{"floor":13,"key":"PowerPotion"},{"floor":16,"key":"Strength Potion"},{"floor":21,"key":"DeathKnight:RimePotion"},{"floor":22,"key":"Dexterity Potion"},{"floor":30,"key":"DeathKnight:RimePotion"},{"floor":31,"key":"Energy Potion"},{"floor":33,"key":"FocusPotion"},{"floor":35,"key":"Weak Potion"},{"floor":39,"key":"GamblersBrew"},{"floor":54,"key":"FearPotion"}],"is_trial":false,"path_per_floor":["M","$","M","?","?","E","R","E","T","M","M","?","M","?","R","B",null,"M","?","?","M","M","R","M","E","T","$","E","R","M","E","R","B",null,"M","$","M","?","M","E","R","?","T","?","M","$","M","?","R","B",null,"R","$","E","B",null],"character_chosen":"DEFECT","items_purchased":["Loop+1","Cold Snap","Storm","Frozen Egg 2","Echo Form+1","Doom and Gloom","Rip and Tear","ReplayTheSpireMod:GoodbyeWorld+1","Leap","Gash","Panache+1","Rip and Tear","Turbo","Grinning Jar","Ornamental Fan","hubris:EmptyBottle","SkillPotion","Good Instincts","Hello World+1","ReplayTheSpireMod:Fabricate Wheel","Amplify","Go for the Eyes+1"],"campfire_rested":1,"item_purchase_floors":[2,2,27,27,36,36,36,46,46,46,46,46,46,46,46,46,46,46,53,53,53,53],"current_hp_per_floor":[75,75,75,75,75,75,75,73,73,73,73,73,73,62,62,52,75,75,75,75,75,62,62,62,51,51,51,50,50,47,30,30,24,75,50,50,50,50,29,23,45,37,37,69,69,69,66,66,66,61,69,69,69,55,5],"gold":92,"neow_bonus":"THREE_ENEMY_KILL","is_daily":false,"chose_seed":false,"campfire_upgraded":6,"win_rate":0.0,"timestamp":1613864724,"path_taken":["M","$","M","?","?","E","R","E","T","?","M","?","M","?","R","BOSS","M","?","?","M","?","R","M","E","T","$","E","R","M","E","R","BOSS","M","$","M","?","M","E","R","?","T","?","M","$","M","?","R","BOSS","R","$","E","BOSS"],"items_purchased_type":["Card","Card","Card","Relic","Card","Card","Card","Card","Card","Card","Card","Card","Card","Relic","Relic","Relic","Potion","Card","Card","Card","Card","Card"],"build_version":"2020-12-22","purchased_purges":2,"victory":true,"max_hp_per_floor":[75,75,75,75,75,75,75,75,75,75,75,75,75,75,75,75,75,75,75,75,75,75,75,75,75,75,75,75,75,75,75,75,75,75,75,75,75,75,75,75,75,75,75,69,69,69,69,69,69,69,69,69,69,69,69],"card_choices":[{"not_picked":["Cold Snap","Storm"],"picked":"Ball Lightning","floor":1},{"not_picked":["Panic Button","Compile Driver"],"picked":"Beam Cell","floor":3},{"not_picked":["Blizzard","Meteor Strike"],"picked":"Darkness","floor":6},{"not_picked":["Genetic Algorithm","Lockon"],"picked":"Glacier","floor":8},{"not_picked":["Sweeping Beam","Beam Cell"],"picked":"Rebound","floor":10},{"not_picked":["Streamline","Crystallizer"],"picked":"Ball Lightning","floor":11},{"not_picked":["Streamline","Turbo"],"picked":"Steam","floor":13},{"not_picked":["ReplayTheSpireMod:Omega Cannon","Fission"],"picked":"Seek","floor":16},{"not_picked":["Sunder","Hello World","Panic Button"],"picked":"SKIP","floor":18},{"not_picked":["Turbo+1","FTL"],"picked":"Chill","floor":21},{"not_picked":["Go for the Eyes","Turbo"],"picked":"Leap+1","floor":22},{"not_picked":["ReplaySolidLightProjector","Conserve Battery"],"picked":"Echo Form","floor":24},{"not_picked":["Redo","Streamline+1"],"picked":"Loop","floor":25},{"not_picked":["White Noise","Gash"],"picked":"Seek","floor":28},{"not_picked":["BasicCrystalCard","Streamline"],"picked":"Doom and Gloom","floor":30},{"not_picked":["BasicCrystalCard","Turbo"],"picked":"BootSequence","floor":31},{"not_picked":["Reboot","hubris:SpecializedCircuitry+1"],"picked":"Hyperbeam","floor":33},{"not_picked":["Go for the Eyes","BootSequence"],"picked":"Leap+1","floor":35},{"not_picked":["Aggregate+1","Leap+1"],"picked":"ReplayTheSpireMod:Calculation Training","floor":37},{"not_picked":["Hologram+1","Turbo"],"picked":"Seek","floor":39},{"not_picked":["Hologram+1","hubris:Ukulele+1"],"picked":"Lockon","floor":40},{"not_picked":["Redo","Blizzard"],"picked":"ReplayTheSpireMod:Reroute Power+1","floor":42},{"not_picked":["Streamline","Steam+1"],"picked":"Conserve Battery+1","floor":45},{"not_picked":["Chill+1","Cold Snap+1"],"picked":"Tempest+1","floor":47},{"not_picked":["Sunder+1","Scrape+1"],"picked":"Tempest","floor":48},{"not_picked":["Chill+1","BasicCrystalCard"],"picked":"Capacitor+1","floor":54}],"player_experience":567690,"relics_obtained":[{"floor":6,"key":"Anchor"},{"floor":8,"key":"hubris:MysteriousPyramids"},{"floor":25,"key":"Replay:Towering Pillar of Hats"},{"floor":26,"key":"Smiling Mask"},{"floor":28,"key":"DeathKnight:PutricidesVial"},{"floor":31,"key":"Replay:Bandana"},{"floor":40,"key":"Replay:Kaleidoscope"},{"floor":42,"key":"Unceasing Top"},{"floor":43,"key":"Replay:WaspNest"},{"floor":54,"key":"Gremlin Food"}],"event_choices":[{"damage_healed":0,"gold_gain":0,"player_choice":"Trade","damage_taken":0,"relics_obtained":["NlothsMask"],"max_hp_gain":0,"max_hp_loss":0,"event_name":"FaceTrader","floor":5,"gold_loss":0},{"damage_healed":0,"gold_gain":75,"player_choice":"Gold","damage_taken":11,"max_hp_gain":0,"max_hp_loss":0,"event_name":"betterThird:BetterGoop","floor":14,"gold_loss":0},{"cards_removed":["Strike_B"],"damage_healed":0,"gold_gain":0,"player_choice":"Offered Basic","damage_taken":0,"max_hp_gain":0,"max_hp_loss":0,"event_name":"Bonfire Elementals","floor":19,"gold_loss":0},{"damage_healed":0,"gold_gain":0,"player_choice":"Cursed","damage_taken":0,"max_hp_gain":0,"max_hp_loss":0,"event_name":"Wheel of Change","floor":20,"gold_loss":0,"cards_obtained":["Decay"]},{"damage_healed":0,"gold_gain":999,"player_choice":"Gold","damage_taken":0,"max_hp_gain":0,"max_hp_loss":0,"event_name":"MindBloom","floor":38,"gold_loss":0,"cards_obtained":["Normality","Normality"]},{"damage_healed":0,"gold_gain":0,"player_choice":"Fight","damage_taken":0,"max_hp_gain":0,"max_hp_loss":0,"event_name":"Mysterious Sphere","floor":42,"gold_loss":0}],"is_beta":false,"boss_relics":[{"not_picked":["Philosopher\u0027s Stone","Replay:Ancient Bell"],"picked":"Replay:Grab Bag"},{"not_picked":["Painkiller Herb","Replay:Wanted Poster"],"picked":"ChewingGum"},{"not_picked":["ReplayTheSpireMod:DimensionalGlitch","ReplayTheSpireMod:Onyx Gauntlets"],"picked":"Cursed Key"},{"not_picked":["Kintsugi","hubris:HollowSoul"],"picked":"expansioncontent:StudyCardRelic"},{"not_picked":["hubris:ScarierMask","hubris:Stopwatch"],"picked":"hubris:BlackHole"}],"items_purged_floors":[27,46],"is_endless":false,"potions_floor_spawned":[6,10,13,16,21,22,30,31,33,35,39,54],"ascension_level":0}}