{"host":"Bilverbakes","time":1613851733,"event":{"mods":["2.2 Compatiblity","AchievementEnabler","BaseMod","Bestiary","Colored Map","Minty Spire (QoL Compilation)","Relic Stats","StSLib","ojb\u0027s Info Mod"],"gold_per_floor":[109,128,128,155,168,193,193,218,218,232,232,251,284,301,301,378,378,388,400,400,181,181,212,212,212],"floor_reached":24,"language":"ENG","playtime":1114,"items_purged":["Strike_P"],"score":522,"play_id":"fed17598-de4a-4a8f-abcb-e5ea644d1ee8","local_time":"20210220140853","is_ascension_mode":true,"campfire_choices":[{"data":"Eruption","floor":7.0,"key":"SMITH"},{"data":"SashWhip","floor":15.0,"key":"SMITH"}],"circlet_count":0,"master_deck":["AscendersBane","Strike_P","Defend_P","Defend_P","Eruption+1","Vigilance","Protect","EmptyFist","SashWhip+1","CarveReality","SandsOfTime","Tantrum","InnerPeace","Establishment","Perseverance+1","EmptyMind+1","Worship+1","CutThroughFate","DeceiveReality","Conclude"],"relics":["SlaversCollar","Akabeko","Anchor","Nunchaku","InkBottle","Damaru","Astrolabe","Torii"],"acts_visited":["Exordium","TheCity"],"potions_floor_usage":[23],"damage_taken":[{"damage":9.0,"enemies":"Jaw Worm","floor":1.0,"turns":6.0},{"damage":2.0,"enemies":"Small Slimes","floor":2.0,"turns":3.0},{"damage":3.0,"enemies":"Cultist","floor":5.0,"turns":4.0},{"damage":4.0,"enemies":"Gremlin Nob","floor":6.0,"turns":3.0},{"damage":3.0,"enemies":"3 Sentries","floor":8.0,"turns":6.0},{"damage":0.0,"enemies":"2 Fungi Beasts","floor":10.0,"turns":3.0},{"damage":0.0,"enemies":"Red Slaver","floor":12.0,"turns":2.0},{"damage":0.0,"enemies":"Gremlin Nob","floor":13.0,"turns":2.0},{"damage":0.0,"enemies":"Blue Slaver","floor":14.0,"turns":1.0},{"damage":12.0,"enemies":"Hexaghost","floor":16.0,"turns":6.0},{"damage":0.0,"enemies":"Chosen","floor":18.0,"turns":3.0},{"damage":5.0,"enemies":"3 Byrds","floor":19.0,"turns":5.0},{"damage":22,"enemies":"Gremlin Leader","floor":23,"turns":5},{"damage":6,"enemies":"3 Cultists","floor":24,"turns":3}],"seed_played":"2508493131413450059","potions_obtained":[{"floor":2.0,"key":"Explosive Potion"},{"floor":5.0,"key":"Fire Potion"},{"floor":12.0,"key":"SpeedPotion"},{"floor":16.0,"key":"AttackPotion"},{"floor":23,"key":"EssenceOfSteel"}],"is_trial":false,"path_per_floor":["M","M","?","T","M","E","R","E","T","M","?","M","E","M","R","B",null,"M","M","?","$","?","E","M"],"character_chosen":"WATCHER","items_purchased":["DeceiveReality","FearPotion"],"campfire_rested":0,"item_purchase_floors":[21,21],"current_hp_per_floor":[52,50,32,32,29,25,25,22,22,22,22,22,22,22,22,10,54,54,49,30,30,30,8,2,2],"gold":212,"neow_bonus":"BOSS_RELIC","is_daily":false,"chose_seed":false,"campfire_upgraded":2,"win_rate":0.0,"timestamp":1613851733,"path_taken":["M","M","?","?","M","E","R","E","T","M","?","M","E","M","R","BOSS","M","M","?","$","?","E","M"],"items_purchased_type":["Card","Potion"],"build_version":"2020-12-18","purchased_purges":1,"victory":false,"max_hp_per_floor":[68,68,68,68,68,68,68,68,68,68,68,68,68,68,68,68,68,68,68,73,73,73,73,73,73],"relic_stats":{"Nunchaku":[7],"Torii":0,"counters":[14,52],"Astrolabe":["Perseverance","EmptyMind","Worship"],"obtain_stats":[{"SlaversCollar":0,"Anchor":4,"Nunchaku":6,"Torii":23,"Astrolabe":17,"Damaru":13,"PureWater":0,"Akabeko":3,"InkBottle":8},{"SlaversCollar":0,"Anchor":2,"Nunchaku":4,"Torii":13,"Astrolabe":10,"Damaru":8,"PureWater":0,"Akabeko":2,"InkBottle":5},{"SlaversCollar":0,"Anchor":9,"Nunchaku":16,"Torii":49,"Astrolabe":36,"Damaru":29,"PureWater":0,"Akabeko":9,"InkBottle":22}],"InkBottle":[7]},"card_choices":[{"not_picked":["Consecrate","EmptyBody"],"picked":"Protect","floor":1.0},{"not_picked":["ClearTheMind","EmptyBody","Sanctity"],"picked":"SKIP","floor":2.0},{"not_picked":["Fasting2","Swivel"],"picked":"EmptyFist","floor":5.0},{"not_picked":["WreathOfFlame","Halt"],"picked":"SashWhip","floor":6.0},{"not_picked":["CrushJoints","MasterReality"],"picked":"CarveReality","floor":8.0},{"not_picked":["EmptyBody","PathToVictory"],"picked":"SandsOfTime","floor":10.0},{"not_picked":["Prostrate","SandsOfTime"],"picked":"Tantrum","floor":12.0},{"not_picked":["Worship","PathToVictory"],"picked":"InnerPeace","floor":13.0},{"not_picked":["EmptyBody","WheelKick","CarveReality"],"picked":"SKIP","floor":14.0},{"not_picked":["MasterReality","Judgement"],"picked":"Establishment","floor":16.0},{"not_picked":["Protect","FlyingSleeves","JustLucky"],"picked":"SKIP","floor":18.0},{"not_picked":["ClearTheMind","Prostrate"],"picked":"CutThroughFate","floor":19.0},{"not_picked":["Study","Crescendo"],"picked":"Conclude","floor":23}],"player_experience":972564,"relics_obtained":[{"floor":4.0,"key":"Anchor"},{"floor":6.0,"key":"Nunchaku"},{"floor":8.0,"key":"InkBottle"},{"floor":13.0,"key":"Damaru"},{"floor":23,"key":"Torii"}],"event_choices":[{"damage_healed":0.0,"max_hp_gain":0.0,"max_hp_loss":0.0,"gold_gain":0.0,"event_name":"Scrap Ooze","player_choice":"Success","floor":3.0,"gold_loss":0.0,"damage_taken":18.0,"relics_obtained":["Akabeko"]},{"cards_removed":["Strike_P"],"damage_healed":0.0,"max_hp_gain":0.0,"max_hp_loss":0.0,"gold_gain":0.0,"event_name":"Purifier","player_choice":"Purged","floor":11.0,"gold_loss":0.0,"damage_taken":0.0},{"damage_healed":0.0,"max_hp_gain":5.0,"max_hp_loss":0.0,"gold_gain":0.0,"event_name":"Forgotten Altar","player_choice":"Shed Blood","floor":20.0,"gold_loss":0.0,"damage_taken":24.0},{"damage_healed":0.0,"max_hp_gain":0.0,"max_hp_loss":0.0,"gold_gain":0.0,"event_name":"Lab","player_choice":"Got Potions","floor":22.0,"gold_loss":0.0,"damage_taken":0.0}],"is_beta":true,"boss_relics":[{"not_picked":["Runic Pyramid","Velvet Choker"],"picked":"Astrolabe"}],"items_purged_floors":[21],"is_endless":false,"potions_floor_spawned":[2,5,12,16,18,23],"killed_by":"3 Cultists","ascension_level":20}}