{"host":"jwbw4f4imxd0v0b0","time":1613791962,"event":{"mods":["BaseMod","Colored Map","Highlight Path","Minty Spire (QoL Compilation)","Relic Stats","StSLib"],"gold_per_floor":[112,112,34,52,52,82,82,114,149,211,240,263,292,315,327,415,427,455,484,496,508,520,520],"floor_reached":22,"language":"ENG","playtime":923,"items_purged":[],"score":363,"play_id":"22f76778-2129-4217-8b74-5ebd29913347","local_time":"20210219213242","is_ascension_mode":true,"campfire_choices":[{"floor":7.0,"key":"REST"},{"floor":15,"key":"REST"}],"circlet_count":0,"master_deck":["AscendersBane","Strike_P","Strike_P","Strike_P","Strike_P","Defend_P","Defend_P","Defend_P","Defend_P","Eruption+1","Vigilance","Halt+1","CarveReality","ReachHeaven","DevaForm","Fasting2","BowlingBash","EmptyBody","WaveOfTheHand","Establishment","ClearTheMind","Protect"],"relics":["PureWater","Orichalcum","MawBank","Bronze Scales","Velvet Choker","TeardropLocket"],"acts_visited":["Exordium","TheCity"],"potions_floor_usage":[18,19],"damage_taken":[{"damage":11.0,"enemies":"Jaw Worm","floor":1.0,"turns":4.0},{"damage":0.0,"enemies":"Small Slimes","floor":4.0,"turns":3.0},{"damage":27.0,"enemies":"Lagavulin","floor":6.0,"turns":6.0},{"damage":24,"enemies":"Gremlin Nob","floor":8,"turns":4},{"damage":0,"enemies":"Cultist","floor":11,"turns":2},{"damage":0,"enemies":"3 Louse","floor":12,"turns":2},{"damage":0,"enemies":"Large Slime","floor":13,"turns":2},{"damage":13,"enemies":"Red Slaver","floor":14,"turns":3},{"damage":13,"enemies":"The Guardian","floor":16,"turns":10},{"damage":4,"enemies":"Spheric Guardian","floor":18,"turns":3},{"damage":19,"enemies":"Shell Parasite","floor":19,"turns":5},{"damage":13,"enemies":"Snecko","floor":22,"turns":5}],"seed_played":"-9137070087829585276","potions_obtained":[{"floor":6.0,"key":"BottledMiracle"},{"floor":8,"key":"AttackPotion"}],"is_trial":false,"path_per_floor":["M","?","$","M","$","E","R","E","T","?","M","M","M","M","R","B",null,"M","M","T","?","M"],"character_chosen":"WATCHER","items_purchased":["CarveReality"],"campfire_rested":2,"item_purchase_floors":[3],"current_hp_per_floor":[50,50,50,50,50,23,43,19,19,19,19,19,19,6,26,13,54,50,31,31,12,0,0],"gold":520,"neow_bonus":"UPGRADE_CARD","is_daily":false,"chose_seed":false,"campfire_upgraded":0,"win_rate":0.0,"timestamp":1613791962,"path_taken":["M","?","?","M","$","E","R","E","T","?","M","M","M","M","R","BOSS","M","M","?","?","M"],"items_purchased_type":["Card"],"build_version":"2020-12-22","purchased_purges":0,"victory":false,"max_hp_per_floor":[68,68,68,68,68,68,68,68,68,68,68,68,68,68,68,68,68,68,68,68,73,73,73],"relic_stats":{"counters":[12,49],"Bronze Scales":[68],"Orichalcum":[66],"MawBank":168,"obtain_stats":[{"Bronze Scales":9,"Velvet Choker":17,"TeardropLocket":20,"PureWater":0,"Orichalcum":6,"MawBank":8},{"Bronze Scales":4,"Velvet Choker":9,"TeardropLocket":11,"PureWater":0,"Orichalcum":3,"MawBank":4},{"Bronze Scales":17,"Velvet Choker":36,"TeardropLocket":44,"PureWater":0,"Orichalcum":13,"MawBank":17}]},"card_choices":[{"not_picked":["FlyingSleeves","Collect"],"picked":"Halt","floor":1.0},{"not_picked":["Study","Indignation"],"picked":"ReachHeaven","floor":4.0},{"not_picked":["PathToVictory","ThirdEye"],"picked":"DevaForm","floor":6.0},{"not_picked":["ReachHeaven","SignatureMove"],"picked":"Fasting2","floor":8},{"not_picked":["Crescendo","JustLucky"],"picked":"BowlingBash","floor":11},{"not_picked":["PathToVictory","FollowUp","JustLucky"],"picked":"SKIP","floor":12},{"not_picked":["Protect","Halt"],"picked":"EmptyBody","floor":13},{"not_picked":["Protect","FollowUp"],"picked":"WaveOfTheHand","floor":14},{"not_picked":["Ragnarok","DeusExMachina"],"picked":"Establishment","floor":16},{"not_picked":["WaveOfTheHand","PathToVictory"],"picked":"ClearTheMind","floor":18},{"not_picked":["CrushJoints","Prostrate"],"picked":"Protect","floor":19}],"player_experience":1291773,"relics_obtained":[{"floor":6.0,"key":"Orichalcum"},{"floor":8,"key":"MawBank"},{"floor":9,"key":"Bronze Scales"},{"floor":20,"key":"TeardropLocket"}],"event_choices":[{"damage_healed":0.0,"max_hp_gain":0.0,"max_hp_loss":0.0,"gold_gain":0.0,"event_name":"Living Wall","player_choice":"Grow","floor":2.0,"gold_loss":0.0,"damage_taken":0.0,"cards_upgraded":["Halt"]},{"damage_healed":0,"gold_gain":50,"player_choice":"Pray","damage_taken":0,"max_hp_gain":0,"max_hp_loss":0,"event_name":"Golden Shrine","floor":10,"gold_loss":0},{"damage_healed":0,"gold_gain":0,"player_choice":"Shed Blood","damage_taken":24,"max_hp_gain":5,"max_hp_loss":0,"event_name":"Forgotten Altar","floor":21,"gold_loss":0}],"is_beta":false,"boss_relics":[{"not_picked":["Empty Cage","Runic Pyramid"],"picked":"Velvet Choker"}],"items_purged_floors":[],"is_endless":false,"potions_floor_spawned":[6,8,11,12],"killed_by":"Snecko","ascension_level":17}}