{"host":"bkfh0em4323elict","time":1613831815,"event":{"mods":["BaseMod","Downfall","Minty Spire (QoL Compilation)","StSLib","UnlockEverythingMod","[IsaacMod]ÒÔÈö¼âËþ"],"gold_per_floor":[99,118,132,8000,8015,8029,8029,8029,8046,8056,8056,8067,8082,8100,8110,8209,8209,8209,8224,8274,8184,8184,8234,8234,8267,8284,8318,8119,8119,8145,8163,8163,8259,8259,8159,8159,8159,8169,8169,8169,8169,7834,7864,7466,7466,7466,7466,7466,7466,7466],"floor_reached":51,"language":"ZHS","playtime":3204,"items_purged":["Regret","champ:Defend","champ:Defend+1","champ:Defend+1"],"score":1070,"play_id":"2720c873-3dc6-464c-81d1-596ef2648595","local_time":"20210220223655","is_ascension_mode":false,"campfire_choices":[{"data":"champ:Taunt","floor":1,"key":"SMITH"},{"data":"champ:Strike","floor":18,"key":"SMITH"},{"data":"champ:UltimateStance","floor":35,"key":"SMITH"}],"circlet_count":0,"master_deck":["champ:Execute","champ:Taunt+1","champ:RapidStrikes","champ:FanOfKnives","champ:PreciseThrust","champ:BerserkersShout","champ:UltimateStance+1","champ:FanOfKnives","Slimebound:Tackle+1","Slimebound:Tackle+1","Slimebound:Tackle+1","champ:DeathBlow+1","Madness+1","champ:SetATrap+1","champ:FanOfKnives+1"],"relics":["champ:ChampionCrown","HushsDoor","MoneyPower","Dream Catcher","White Beast Statue","Black Star","GuppysHead","PreservedInsect","SteamSale","Toy Ornithopter","DoctorsRemote","StrikeDummy","champ:DefensiveTrainingManual","Ginger","Blood Vial","War Paint","FossilizedHelix","TheBible","Tiny Chest","Chemical X","BloodDonationMachine","SharpPlug","Astrolabe","downfall:HeartBlessingGreen","Prayer Wheel","Mummified Hand","Orrery","Boot","Pocketwatch","Lantern","Letter Opener","bronze:DonusWashers","Eternal Feather","Potion Belt","BookofShadows","Toxic Egg 2","DeadEye"],"acts_visited":["Exordium","TheCity","TheBeyond"],"potions_floor_usage":[9,48,50,50,50,50,50,50],"damage_taken":[{"damage":10,"enemies":"2 Louse","floor":2,"turns":2},{"damage":26,"enemies":"Jaw Worm","floor":3,"turns":4},{"damage":10,"enemies":"Small Slimes","floor":4,"turns":4},{"damage":0,"enemies":"Blue Slaver","floor":5,"turns":1},{"damage":0,"enemies":"2 Fungi Beasts","floor":6,"turns":1},{"damage":8,"enemies":"Lots of Slimes","floor":9,"turns":2},{"damage":0,"enemies":"Exordium Thugs","floor":10,"turns":1},{"damage":12,"enemies":"Gremlin Gang","floor":12,"turns":3},{"damage":0,"enemies":"3 Louse","floor":13,"turns":1},{"damage":0,"enemies":"Exordium Wildlife","floor":14,"turns":1},{"damage":0,"enemies":"2 Fungi Beasts","floor":15,"turns":1},{"damage":0,"enemies":"WA_ARCHETYPE_RETAIN","floor":16,"turns":1},{"damage":0,"enemies":"downfall:LooterAlt2","floor":19,"turns":1},{"damage":0,"enemies":"Hiden Room Battle","floor":20,"turns":1},{"damage":0,"enemies":"downfall:FleeingMerchant","floor":21,"turns":1},{"damage":0,"enemies":"Hiden Room Battle","floor":23,"turns":1},{"damage":0,"enemies":"Gremlin Leader","floor":25,"turns":1},{"damage":6,"enemies":"Chosen","floor":26,"turns":1},{"damage":6,"enemies":"Slavers","floor":27,"turns":1},{"damage":0,"enemies":"Book of Stabbing","floor":30,"turns":2},{"damage":0,"enemies":"Snake Plant","floor":31,"turns":1},{"damage":0,"enemies":"Centurion and Healer","floor":32,"turns":1},{"damage":5,"enemies":"DF_ARCHETYPE_CLAW","floor":33,"turns":2},{"damage":8,"enemies":"Orb Walker","floor":38,"turns":1},{"damage":0,"enemies":"3 Darklings","floor":40,"turns":1},{"damage":0,"enemies":"Giant Head","floor":43,"turns":2},{"damage":0,"enemies":"Reptomancer","floor":45,"turns":1},{"damage":18,"enemies":"Spire Growth","floor":46,"turns":2},{"damage":0,"enemies":"Nemesis","floor":47,"turns":1},{"damage":0,"enemies":"Jaw Worm Horde","floor":48,"turns":1},{"damage":27,"enemies":"Writhing Mass","floor":49,"turns":2},{"damage":39,"enemies":"SI_POISON_ARCHETYPE","floor":50,"turns":2}],"seed_played":"-2853294208946394335","potions_obtained":[{"floor":4,"key":"LiquidBronze"},{"floor":9,"key":"Fruit Juice"},{"floor":10,"key":"Swift Potion"},{"floor":12,"key":"EntropicBrew"},{"floor":45,"key":"champ:TechniquePotion"},{"floor":48,"key":"Fruit Juice"}],"is_trial":false,"path_per_floor":["R","M","M","M","M","M","T","?","M","M","?","M","M","M","M","B",null,"R","M","?","$","?","?","T","E","M","E","$","?","E","M","M","B",null,"R","?","T","M","?","M","T","$","E","$","E","M","E","M","M","B",null],"character_chosen":"THE_CHAMP","items_purchased":["SteamSale","Toy Ornithopter","DoctorsRemote","Tiny Chest","Chemical X","Mummified Hand","Orrery","Boot","Letter Opener","bronze:DonusWashers","Eternal Feather"],"campfire_rested":0,"item_purchase_floors":[21,21,21,28,28,42,42,42,44,44,44],"current_hp_per_floor":[99,99,93,93,93,93,93,93,90,90,90,88,88,88,93,93,104,104,104,104,104,104,104,104,104,98,94,94,94,96,98,104,104,104,104,104,104,104,104,104,104,104,104,104,104,101,104,109,102,98],"gold":7466,"neow_bonus":"TEN_PERCENT_HP_BONUS","is_daily":false,"chose_seed":false,"campfire_upgraded":3,"win_rate":0.0,"timestamp":1613831815,"path_taken":["R","M","M","M","M","M","T","?","M","M","?","M","M","M","M","BOSS","R","M","?","$","?","?","T","E","M","E","$","?","E","?","M","BOSS","R","?","?","?","?","M","T","$","E","?","E","M","E","M","M","BOSS"],"items_purchased_type":["Relic","Relic","Relic","Relic","Relic","Relic","Relic","Relic","Relic","Relic","Relic"],"build_version":"2020-12-22","purchased_purges":4,"victory":true,"max_hp_per_floor":[99,99,99,99,99,99,99,99,104,104,104,104,104,104,104,104,104,104,104,104,104,104,104,104,104,104,104,104,104,104,104,104,104,104,104,104,104,104,104,104,104,104,104,104,104,104,104,109,109,109],"card_choices":[{"not_picked":[],"picked":"EpicFetus","floor":0},{"not_picked":["champ:CrookedStrike","champ:RecklessLeap"],"picked":"champ:StanceDance","floor":2},{"not_picked":["champ:ShieldSigil","champ:ShieldSlam"],"picked":"champ:RapidStrikes","floor":3},{"not_picked":["Bomb","champ:Circumvent"],"picked":"champ:FanOfKnives","floor":4},{"not_picked":["champ:ArenaPreparation","champ:Haymaker"],"picked":"champ:PreciseThrust","floor":5},{"not_picked":["champ:Circumvent","champ:ShieldSlam"],"picked":"champ:BerserkersShout","floor":6},{"not_picked":["champ:DeathBlow","champ:GladiatorStyle","champ:ViciousMockery"],"picked":"SKIP","floor":9},{"not_picked":["champ:CrookedStrike","champ:VampiricStrike","champ:Parry"],"picked":"SKIP","floor":10},{"not_picked":["champ:GutPunch","champ:CrookedStrike","champ:Shatter"],"picked":"SKIP","floor":12},{"not_picked":["champ:Haymaker","champ:PerfectedStrike","champ:Shatter"],"picked":"SKIP","floor":13},{"not_picked":["champ:GutPunch","champ:PreciseThrust","champ:AdrenalArmor"],"picked":"SKIP","floor":14},{"not_picked":["champ:ShieldSigil","champ:BringItOn","champ:RapidStrikes"],"picked":"SKIP","floor":15},{"not_picked":["champ:GladiatorForm","champ:SwordThrow"],"picked":"champ:UltimateStance","floor":16},{"not_picked":["champ:RisingSlash","champ:AdrenalArmor+1","champ:Circumvent"],"picked":"SKIP","floor":19},{"not_picked":["champ:BringItOn","champ:DefensiveShout"],"picked":"champ:FanOfKnives","floor":20},{"not_picked":["champ:Lariat","champ:FlashCut","champ:PreemptiveStrike"],"picked":"SKIP","floor":21},{"not_picked":["champ:CrownThrow","champ:FlashCut","champ:SwordSigil+1"],"picked":"SKIP","floor":25},{"not_picked":["champ:PreciseThrust+1","champ:RageSigil","champ:RisingSlash"],"picked":"SKIP","floor":26},{"not_picked":["champ:BerserkersShout","champ:CheapShot","champ:HeartStrike"],"picked":"SKIP","floor":27},{"not_picked":["champ:EnGarde","champ:EnragedBash+1","champ:StanceDance+1"],"picked":"SKIP","floor":30},{"not_picked":["champ:StanceDance+1","champ:BerserkerStyle","champ:Circumvent+1"],"picked":"SKIP","floor":31},{"not_picked":["champ:HeartStrike","champ:IronFortress","champ:AdrenalArmor+1"],"picked":"SKIP","floor":32},{"not_picked":["champ:IronFortress+1","champ:AdrenalArmor"],"picked":"champ:FanOfKnives+1","floor":38},{"not_picked":["champ:CrookedStrike","champ:CalledShot","champ:GutPunch"],"picked":"SKIP","floor":38},{"not_picked":["champ:FanOfKnives","champ:EnragedBash","champ:Encircle"],"picked":"SKIP","floor":40},{"not_picked":["champ:PreciseThrust","champ:TornadoPunch+1","champ:EndlessRage"],"picked":"SKIP","floor":40},{"not_picked":["champ:PreciseThrust+1","champ:BringItOn","champ:TripleStrike"],"picked":"SKIP","floor":43},{"not_picked":["champ:StanceDance+1","champ:Improvising","champ:RageSigil"],"picked":"SKIP","floor":45},{"not_picked":["champ:TornadoPunch","champ:FlashCut","champ:StanceDance+1"],"picked":"SKIP","floor":46},{"not_picked":["champ:BerserkerStyle","champ:PreciseThrust","champ:BringItOn+1"],"picked":"SKIP","floor":46},{"not_picked":["champ:Shatter+1","champ:BladeFlurry+1","champ:BerserkersShout+1"],"picked":"SKIP","floor":47},{"not_picked":["champ:FanOfKnives+1","champ:FocusedBerserking+1","champ:CrownThrow+1"],"picked":"SKIP","floor":48},{"not_picked":["champ:StanceDance+1","champ:BladeFlurry+1","champ:Endure+1"],"picked":"SKIP","floor":48},{"not_picked":["champ:FocusedBerserking+1","champ:StanceDance+1","champ:GutPunch+1"],"picked":"SKIP","floor":49},{"not_picked":["champ:PerfectedStrike+1","champ:BladeFlurry+1","champ:EnGarde+1"],"picked":"SKIP","floor":49}],"player_experience":11372,"relics_obtained":[{"floor":7,"key":"Dream Catcher"},{"floor":20,"key":"GuppysHead"},{"floor":20,"key":"PreservedInsect"},{"floor":23,"key":"StrikeDummy"},{"floor":23,"key":"champ:DefensiveTrainingManual"},{"floor":24,"key":"Ginger"},{"floor":25,"key":"Blood Vial"},{"floor":25,"key":"War Paint"},{"floor":27,"key":"FossilizedHelix"},{"floor":27,"key":"TheBible"},{"floor":30,"key":"BloodDonationMachine"},{"floor":30,"key":"SharpPlug"},{"floor":37,"key":"Prayer Wheel"},{"floor":43,"key":"Pocketwatch"},{"floor":43,"key":"Lantern"},{"floor":45,"key":"Potion Belt"},{"floor":45,"key":"BookofShadows"},{"floor":47,"key":"Toxic Egg 2"},{"floor":47,"key":"DeadEye"}],"event_choices":[{"damage_healed":0,"gold_gain":0,"player_choice":"Box","damage_taken":0,"relics_obtained":["White Beast Statue"],"max_hp_gain":0,"max_hp_loss":0,"event_name":"Big Fish","floor":11,"gold_loss":0,"cards_obtained":["Regret"]},{"damage_healed":0,"gold_gain":0,"player_choice":"Fight","damage_taken":0,"max_hp_gain":0,"max_hp_loss":0,"event_name":"HidenRoomEvent","floor":20,"gold_loss":0},{"damage_healed":0,"gold_gain":0,"player_choice":"Fight","damage_taken":0,"max_hp_gain":0,"max_hp_loss":0,"event_name":"HidenRoomEvent","floor":23,"gold_loss":0},{"damage_healed":0,"gold_gain":0,"player_choice":"Ignored","damage_taken":0,"max_hp_gain":0,"max_hp_loss":0,"event_name":"Vampires","floor":29,"gold_loss":0}],"is_beta":false,"boss_relics":[{"not_picked":["bronze:MakeshiftBattery","Empty Cage"],"picked":"Black Star"},{"not_picked":[]},{"not_picked":["Snecko Eye","Coffee Dripper"],"picked":"Astrolabe"},{"not_picked":[]}],"items_purged_floors":[21,28,42,44],"is_endless":false,"potions_floor_spawned":[4,9,10,12,13,14,15,16,19,20,21,23,25,26,27,30,31,32,33,38,40,43,45,46,47,48,49],"ascension_level":0}}