{"host":"x730sfaw5rd1mxd8","time":1613796443,"event":{"mods":["BaseMod","BetterRewards","Colored Powertips","Downfall","Highlight Path","Minty Spire (QoL Compilation)","Relic Sorter","Relic Stats","Replay The Spire","StSLib"],"gold_per_floor":[99,110,120,140,157,168,168,202,302,302,320,220,220,520,530,627,627,627,647,647,658,658,730,807,821,832,732,743,763,773,800,816,816,816,816],"floor_reached":33,"language":"ENG","playtime":2122,"items_purged":[],"score":275,"play_id":"de3ffa04-c521-4b8f-90c8-26dc15c0002c","local_time":"20210219234723","is_ascension_mode":false,"campfire_choices":[{"floor":1.0,"key":"RECALL"},{"floor":12,"key":"REST"},{"data":"downfall:Icky","floor":18,"key":"PURGE"},{"floor":27,"key":"REST"}],"circlet_count":0,"master_deck":["Guardian:Strike_Guardian+1","Guardian:Defend_Guardian","Guardian:Defend_Guardian","Guardian:Defend_Guardian","Guardian:Defend_Guardian","Guardian:CurlUp","Guardian:TwinSlam+1","Guardian:PolyBeam","Guardian:Orbwalk","Guardian:FuturePlans+1","Guardian:Clone","Guardian:ShieldSpikes","downfall:Icky","Guardian:AncientConstruct","Guardian:StasisEngine","ReplayTheSpireMod:Splinters","Guardian:TimeCapacitor","Guardian:PolyBeam+1","Guardian:Orbwalk","Guardian:RefractedBeam","Guardian:WalkerClaw+1","Guardian:Orbwalk+1"],"relics":["Fusion Hammer","Shuriken","downfall:HeartBlessingRed","Ice Cream","Runic Pyramid","Nloth\u0027s Gift","Pen Nib","downfall:HeartBlessingBlue","Whetstone"],"acts_visited":["Exordium","TheCity"],"potions_floor_usage":[9,9,16,16,32,33],"damage_taken":[{"damage":1.0,"enemies":"Jaw Worm","floor":2.0,"turns":3.0},{"damage":0.0,"enemies":"2 Louse","floor":3.0,"turns":3.0},{"damage":0.0,"enemies":"Cultist","floor":4.0,"turns":3.0},{"damage":9.0,"enemies":"Exordium Wildlife","floor":5.0,"turns":6.0},{"damage":5.0,"enemies":"downfall:LooterAlt","floor":6.0,"turns":4.0},{"damage":8,"enemies":"Lagavulin","floor":8,"turns":5},{"damage":36,"enemies":"downfall:Heads","floor":9,"turns":8},{"damage":6,"enemies":"Red Slaver","floor":11,"turns":4},{"damage":7,"enemies":"Blue Slaver","floor":15,"turns":4},{"damage":33,"enemies":"IC_STATUS_ARCHETYPE","floor":16,"turns":13},{"damage":10,"enemies":"Shell Parasite","floor":19,"turns":4},{"damage":25,"enemies":"downfall:LooterAlt2","floor":21,"turns":5},{"damage":15,"enemies":"Centurion and Healer","floor":25,"turns":5},{"damage":0,"enemies":"Snecko","floor":26,"turns":5},{"damage":6,"enemies":"Shelled Parasite and Fungi","floor":28,"turns":4},{"damage":15,"enemies":"Chosen and Byrds","floor":29,"turns":4},{"damage":13,"enemies":"Snake Plant","floor":30,"turns":4},{"damage":16,"enemies":"Replay:Snechameleon","floor":31,"turns":5},{"damage":10,"enemies":"Cultist and Chosen","floor":32,"turns":3},{"damage":17,"enemies":"WA_ARCHETYPE_CALM","floor":33,"turns":5}],"seed_played":"-5214964613442375645","potions_obtained":[{"floor":3.0,"key":"Weak Potion"},{"floor":4.0,"key":"Regen Potion"},{"floor":6.0,"key":"Regen Potion"},{"floor":11,"key":"AttackPotion"},{"floor":21,"key":"SneckoOil"},{"floor":23,"key":"Slimebound:ThreeZeroPotion"},{"floor":25,"key":"SpeedPotion"},{"floor":29,"key":"Guardian:DefensiveModePotion"},{"floor":32,"key":"Toxic Potion"}],"is_trial":false,"path_per_floor":["R","M","M","M","M","M","T","E","?","?","M","R","?","?","M","B",null,"R","M","?","M","?","?","T","M","M","R","M","M","M","E","M","B"],"character_chosen":"GUARDIAN","items_purchased":[],"campfire_rested":2,"item_purchase_floors":[],"current_hp_per_floor":[80,79,79,79,70,65,65,57,64,64,58,80,80,80,73,40,80,80,70,70,45,45,45,45,30,30,67,61,46,33,17,7,0,0,0],"gold":816,"neow_bonus":"BOSS_RELIC","is_daily":false,"chose_seed":false,"campfire_upgraded":0,"win_rate":0.0,"timestamp":1613796443,"path_taken":["R","M","M","M","M","M","T","E","?","?","M","R","?","?","M","BOSS","R","M","?","?","?","?","T","M","M","R","M","M","M","E","M","BOSS"],"items_purchased_type":[],"build_version":"2020-12-22","purchased_purges":0,"victory":false,"max_hp_per_floor":[80,80,80,80,80,80,80,80,80,80,80,80,80,80,80,80,80,80,80,80,80,80,80,80,80,80,90,90,90,90,90,90,90,90,90],"relic_stats":{"counters":[20,97],"Shuriken":[15],"Pen Nib":[4],"Nloth\u0027s Gift":1,"Whetstone":["Guardian:TwinSlam","Guardian:Strike_Guardian"],"obtain_stats":[{"Ice Cream":13,"downfall:HeartBlessingRed":12,"Shuriken":7,"downfall:HeartBlessingBlue":27,"Guardian:ModeShifter":0,"Fusion Hammer":0,"Pen Nib":23,"Juzu Bracelet":8,"Nloth\u0027s Gift":20,"Whetstone":31,"Runic Pyramid":17},{"Ice Cream":8,"downfall:HeartBlessingRed":8,"Shuriken":5,"downfall:HeartBlessingBlue":14,"Guardian:ModeShifter":0,"Fusion Hammer":0,"Pen Nib":12,"Juzu Bracelet":6,"Nloth\u0027s Gift":11,"Whetstone":18,"Runic Pyramid":10},{"Ice Cream":36,"downfall:HeartBlessingRed":36,"Shuriken":19,"downfall:HeartBlessingBlue":72,"Guardian:ModeShifter":0,"Fusion Hammer":0,"Pen Nib":62,"Juzu Bracelet":24,"Nloth\u0027s Gift":57,"Whetstone":89,"Runic Pyramid":53}]},"card_choices":[{"not_picked":["Guardian:Recover","Guardian:ChargeCore"],"picked":"Guardian:PolyBeam","floor":2.0},{"not_picked":["Guardian:TimeCapacitor","Guardian:PiercingHide"],"picked":"Guardian:Orbwalk","floor":3.0},{"not_picked":["Guardian:ArmoredProtocol","Guardian:EvasiveProtocol","Guardian:RevengeProtocol"],"picked":"SKIP","floor":4.0},{"not_picked":["Guardian:PiercingHide","Guardian:Recover"],"picked":"Guardian:FuturePlans","floor":5.0},{"not_picked":["Guardian:Suspension","Guardian:FuturePlans"],"picked":"Guardian:Clone","floor":6.0},{"not_picked":["Guardian:Gem_Crimson","Guardian:PiercingHide"],"picked":"Guardian:Gem_Yellow","floor":8},{"not_picked":["Guardian:Gem_Blue","Guardian:ChargeCore","Guardian:BronzeOrb"],"picked":"SKIP","floor":11},{"not_picked":["Guardian:Gem_Blue","Guardian:ChargeCore","Guardian:BronzeOrb"],"picked":"SKIP","floor":11},{"not_picked":["Guardian:Gem_Lightblue","Guardian:Planning","Guardian:Recover"],"picked":"SKIP","floor":15},{"not_picked":["Guardian:Gem_Synthetic","Guardian:GemFire"],"picked":"Guardian:AncientConstruct","floor":16},{"not_picked":["Guardian:RollAttack+1","Guardian:CrystalBeam","Guardian:TemporalStrike"],"picked":"SKIP","floor":19},{"not_picked":["Guardian:Gem_Lightblue","Guardian:Gem_Green"],"picked":"Guardian:StasisEngine","floor":21},{"not_picked":["Guardian:TemporalShield","Guardian:TimeBomb"],"picked":"Guardian:TimeCapacitor","floor":23},{"not_picked":["Guardian:ChargeCore+1","Guardian:Emergency"],"picked":"Guardian:PolyBeam+1","floor":25},{"not_picked":["Guardian:Reroute","Guardian:Emergency"],"picked":"Guardian:Orbwalk","floor":26},{"not_picked":["Guardian:GemFinder","Guardian:Suspension+1"],"picked":"Guardian:RefractedBeam","floor":28},{"not_picked":["Guardian:PiercingHide","Guardian:PrimingBeam+1"],"picked":"Guardian:WalkerClaw+1","floor":29},{"not_picked":["Guardian:PiercingHide","Guardian:Reroute+1"],"picked":"Guardian:Orbwalk+1","floor":30},{"not_picked":["Guardian:BronzeOrb","Guardian:ConstructionForm","Guardian:FuturePlans"],"picked":"SKIP","floor":31},{"not_picked":["Guardian:DecasProtection","Guardian:Gem_Yellow","Guardian:Incinerate"],"picked":"SKIP","floor":32}],"player_experience":4232301,"relics_obtained":[{"floor":7.0,"key":"Shuriken"},{"floor":8,"key":"Juzu Bracelet"},{"floor":23,"key":"Pen Nib"},{"floor":31,"key":"Whetstone"}],"event_choices":[{"cards_removed":["Guardian:Strike_Guardian"],"damage_healed":0,"gold_gain":0,"player_choice":"Card Removal","damage_taken":0,"max_hp_gain":0,"max_hp_loss":0,"event_name":"Wheel of Change","floor":10,"gold_loss":0},{"damage_healed":0,"gold_gain":0,"player_choice":"Ignored","damage_taken":0,"max_hp_gain":0,"max_hp_loss":0,"event_name":"Vampires","floor":22,"gold_loss":0}],"is_beta":false,"boss_relics":[{"not_picked":["Empty Cage","Ring of Chaos"],"picked":"Runic Pyramid"}],"items_purged_floors":[],"is_endless":false,"potions_floor_spawned":[3,4,6,8,11,21,25,29,32],"killed_by":"WA_ARCHETYPE_CALM","ascension_level":0}}