{"host":"6a9c3xws62y7efyw","time":1613849169,"event":{"mods":["BaseMod","Colored Map","Minty Spire (QoL Compilation)","Relic Stats","StSLib"],"gold_per_floor":[111,131,206,206,206,206,231,231,231,241,271,271,289,315,315,388,388,408,422,422,437,113,113,147,147,147,147,147],"floor_reached":27,"language":"ENG","playtime":1045,"items_purged":[],"score":498,"play_id":"7173cecf-4cf9-4df7-b2e5-0a22739ba3b2","local_time":"20210220112609","is_ascension_mode":true,"campfire_choices":[{"floor":6,"key":"REST"},{"floor":8,"key":"REST"},{"floor":12,"key":"REST"},{"data":"Riddle With Holes","floor":15,"key":"SMITH"},{"data":"A Thousand Cuts","floor":23,"key":"SMITH"}],"circlet_count":0,"master_deck":["AscendersBane","Strike_G","Strike_G","Strike_G","Strike_G","Strike_G","Defend_G","Defend_G+1","Defend_G","Defend_G","Defend_G","Survivor","Neutralize","Riddle With Holes+1","Acrobatics+1","Underhanded Strike","Deadly Poison","Poisoned Stab","Escape Plan","Blade Dance","A Thousand Cuts+1","Terror+1","Poisoned Stab+1","Ghostly","Ghostly","Ghostly","Deflect+1","Backflip","Cloak And Dagger","Cloak And Dagger+1"],"relics":["Runic Dome","Art of War","Meat on the Bone","Thread and Needle","Potion Belt","Black Star","Ancient Tea Set","Toxic Egg 2","Dream Catcher","SsserpentHead","Kunai"],"acts_visited":["Exordium","TheCity"],"potions_floor_usage":[7,11,16,18,24,27],"damage_taken":[{"damage":7,"enemies":"Small Slimes","floor":1,"turns":5},{"damage":4,"enemies":"Jaw Worm","floor":2,"turns":3},{"damage":26,"enemies":"3 Sentries","floor":7,"turns":11},{"damage":0,"enemies":"Cultist","floor":10,"turns":3},{"damage":40,"enemies":"Gremlin Nob","floor":11,"turns":4},{"damage":5,"enemies":"Large Slime","floor":13,"turns":6},{"damage":20,"enemies":"Lagavulin","floor":14,"turns":6},{"damage":18,"enemies":"Slime Boss","floor":16,"turns":10},{"damage":19,"enemies":"Spheric Guardian","floor":18,"turns":6},{"damage":16,"enemies":"3 Byrds","floor":19,"turns":4},{"damage":24,"enemies":"Snake Plant","floor":21,"turns":5},{"damage":6,"enemies":"Slavers","floor":24,"turns":5},{"damage":29,"enemies":"Cultist and Chosen","floor":27,"turns":6}],"seed_played":"3153069376931712851","potions_obtained":[{"floor":1,"key":"GamblersBrew"},{"floor":7,"key":"Energy Potion"},{"floor":14,"key":"Explosive Potion"},{"floor":16,"key":"LiquidMemories"},{"floor":19,"key":"SteroidPotion"}],"is_trial":false,"path_per_floor":["M","M","?","?","T","R","E","R","T","M","E","R","M","E","R","B",null,"M","M","?","M","$","R","E","?","T","M"],"character_chosen":"THE_SILENT","items_purchased":["Backflip","SpeedPotion","Cloak And Dagger","Ancient Tea Set"],"campfire_rested":3,"item_purchase_floors":[22,22,22,22],"current_hp_per_floor":[52,48,37,17,17,36,10,29,29,41,13,32,39,31,31,25,56,37,33,33,21,21,21,27,27,27,0,0],"gold":147,"neow_bonus":"BOSS_RELIC","is_daily":false,"chose_seed":false,"campfire_upgraded":2,"win_rate":0.0,"timestamp":1613849169,"path_taken":["M","M","?","?","?","R","E","R","T","M","E","R","M","E","R","BOSS","M","M","?","M","$","R","E","?","T","M"],"items_purchased_type":["Card","Potion","Card","Relic"],"build_version":"2020-12-22","purchased_purges":0,"victory":false,"max_hp_per_floor":[66,66,66,66,66,66,66,66,66,66,66,66,66,66,66,66,66,66,66,33,33,33,33,33,33,33,33,33],"relic_stats":{"SsserpentHead":0,"Dream Catcher":0,"counters":[13,74],"Art of War":[3],"Black Star":1,"Kunai":[2],"obtain_stats":[{"Potion Belt":14,"Runic Dome":0,"SsserpentHead":25,"Dream Catcher":24,"Thread and Needle":11,"Art of War":7,"Black Star":17,"Kunai":26,"Toxic Egg 2":24,"Ancient Tea Set":22,"Ring of the Snake":0,"Meat on the Bone":9},{"Potion Belt":7,"Runic Dome":0,"SsserpentHead":12,"Dream Catcher":12,"Thread and Needle":5,"Art of War":3,"Black Star":8,"Kunai":12,"Toxic Egg 2":12,"Ancient Tea Set":11,"Ring of the Snake":0,"Meat on the Bone":3},{"Potion Belt":38,"Runic Dome":0,"SsserpentHead":68,"Dream Catcher":68,"Thread and Needle":26,"Art of War":19,"Black Star":48,"Kunai":68,"Toxic Egg 2":68,"Ancient Tea Set":63,"Ring of the Snake":0,"Meat on the Bone":19}],"Meat on the Bone":96},"card_choices":[{"not_picked":["Outmaneuver","PiercingWail"],"picked":"Riddle With Holes","floor":1},{"not_picked":["Calculated Gamble","Dodge and Roll"],"picked":"Acrobatics","floor":2},{"not_picked":["Sucker Punch","Deadly Poison"],"picked":"Underhanded Strike","floor":7},{"not_picked":["PiercingWail","Bane"],"picked":"Deadly Poison","floor":10},{"not_picked":["Terror","Well Laid Plans"],"picked":"Poisoned Stab","floor":11},{"not_picked":["Outmaneuver","Well Laid Plans"],"picked":"Escape Plan","floor":13},{"not_picked":["Quick Slash","Riddle With Holes"],"picked":"Blade Dance","floor":14},{"not_picked":["Bullet Time","Malaise"],"picked":"A Thousand Cuts","floor":16},{"not_picked":["Endless Agony","Prepared"],"picked":"Terror+1","floor":18},{"not_picked":["Deadly Poison","Outmaneuver"],"picked":"Poisoned Stab+1","floor":19},{"not_picked":["Calculated Gamble","Caltrops"],"picked":"Deflect+1","floor":21},{"not_picked":["Predator","Deadly Poison+1"],"picked":"Cloak And Dagger+1","floor":24}],"player_experience":1563018,"relics_obtained":[{"floor":7,"key":"Art of War"},{"floor":9,"key":"Meat on the Bone"},{"floor":11,"key":"Thread and Needle"},{"floor":14,"key":"Potion Belt"},{"floor":24,"key":"Toxic Egg 2"},{"floor":24,"key":"Dream Catcher"},{"floor":26,"key":"Kunai"}],"event_choices":[{"damage_healed":0,"gold_gain":75,"player_choice":"Gather Gold","damage_taken":11,"max_hp_gain":0,"max_hp_loss":0,"event_name":"World of Goop","floor":3,"gold_loss":0},{"damage_healed":0,"gold_gain":0,"player_choice":"Entered Light","damage_taken":20,"max_hp_gain":0,"max_hp_loss":0,"event_name":"Shining Light","floor":4,"gold_loss":0,"cards_upgraded":["Defend_G","Acrobatics"]},{"damage_healed":0,"gold_gain":0,"player_choice":"Became a Ghost","damage_taken":0,"max_hp_gain":0,"max_hp_loss":33,"event_name":"Ghosts","floor":20,"gold_loss":0,"cards_obtained":["Ghostly","Ghostly","Ghostly"]},{"damage_healed":0,"gold_gain":0,"player_choice":"Trade","damage_taken":0,"relics_obtained":["SsserpentHead"],"max_hp_gain":0,"max_hp_loss":0,"event_name":"FaceTrader","floor":25,"gold_loss":0}],"is_beta":false,"boss_relics":[{"not_picked":["Fusion Hammer","Coffee Dripper"],"picked":"Black Star"}],"items_purged_floors":[],"is_endless":false,"potions_floor_spawned":[1,7,14,16,19],"killed_by":"Cultist and Chosen","ascension_level":20}}