{"host":"og6lam4kt3nibbw0","time":1613839245,"event":{"mods":["AchievementEnabler","BaseMod","Colored Map","DeckTracker","Highlight Path","Keyboard Shortcuts","Minty Spire (QoL Compilation)","Permanent Neow","Quick Restart","StSLib","SuperFastMode"],"gold_per_floor":[111,24,24,24,24,50,50,83,107,107,118,118,133,163,163,237,237,254,101,132,152,152,152,166,166,192,192,203,203,203],"floor_reached":29,"language":"KOR","playtime":1179,"items_purged":["Strike_P"],"score":628,"play_id":"2da1356a-ae6e-4a8f-b786-129c1f930a65","local_time":"20210221014045","is_ascension_mode":true,"campfire_choices":[{"data":"Eruption","floor":7.0,"key":"SMITH"},{"data":"Tantrum","floor":10.0,"key":"SMITH"},{"data":"WindmillStrike","floor":12.0,"key":"SMITH"},{"data":"Evaluate","floor":15.0,"key":"SMITH"},{"floor":23,"key":"REST"},{"data":"Sanctity","floor":25,"key":"SMITH"},{"data":"BattleHymn","floor":27,"key":"SMITH"}],"circlet_count":0,"master_deck":["AscendersBane","Strike_P","Strike_P","Strike_P","Defend_P","Defend_P","Defend_P","Eruption+1","Vigilance","Evaluate+1","Tantrum+1","EmptyMind","Meditate","WindmillStrike+1","Sanctity+1","DeusExMachina","BattleHymn+1","Study+1","Shame"],"relics":["PureWater","NeowsBlessing","Strawberry","Juzu Bracelet","InkBottle","Cursed Key","Red Mask","Oddly Smooth Stone"],"acts_visited":["Exordium","TheCity"],"potions_floor_usage":[20,29],"damage_taken":[{"damage":0.0,"enemies":"Small Slimes","floor":1.0,"turns":2.0},{"damage":0.0,"enemies":"3 Sentries","floor":6.0,"turns":2.0},{"damage":0.0,"enemies":"Gremlin Nob","floor":8.0,"turns":1.0},{"damage":0.0,"enemies":"Jaw Worm","floor":11.0,"turns":3.0},{"damage":1.0,"enemies":"2 Louse","floor":13.0,"turns":2.0},{"damage":0.0,"enemies":"3 Sentries","floor":14.0,"turns":4.0},{"damage":18.0,"enemies":"The Guardian","floor":16.0,"turns":11.0},{"damage":19.0,"enemies":"3 Byrds","floor":18.0,"turns":4.0},{"damage":26,"enemies":"Masked Bandits","floor":20,"turns":5},{"damage":17,"enemies":"2 Thieves","floor":21,"turns":3},{"damage":12,"enemies":"3 Cultists","floor":24,"turns":4},{"damage":19,"enemies":"Snake Plant","floor":28,"turns":4},{"damage":17,"enemies":"Slavers","floor":29,"turns":5}],"seed_played":"3220463719910151059","potions_obtained":[{"floor":8.0,"key":"DuplicationPotion"},{"floor":11.0,"key":"Dexterity Potion"},{"floor":16.0,"key":"SkillPotion"},{"floor":20,"key":"LiquidBronze"},{"floor":28,"key":"FearPotion"}],"is_trial":false,"path_per_floor":["M","$","?","$","?","E","R","E","T","R","M","R","M","E","R","B",null,"M","$","?","M","?","R","M","R","T","R","M","E"],"character_chosen":"WATCHER","items_purchased":["Tantrum","BattleHymn"],"campfire_rested":1,"item_purchase_floors":[2,19],"current_hp_per_floor":[61,61,66,66,59,66,66,66,66,66,66,66,65,65,65,47,72,53,53,27,10,26,50,38,38,38,38,19,2,2],"gold":203,"neow_bonus":"THREE_ENEMY_KILL","is_daily":false,"chose_seed":false,"campfire_upgraded":6,"win_rate":0.0,"timestamp":1613839245,"path_taken":["M","$","?","$","?","E","R","E","T","R","M","R","M","E","R","BOSS","M","$","?","M","?","R","M","R","T","R","M","E"],"items_purchased_type":["Card","Card"],"build_version":"2020-12-22","purchased_purges":1,"victory":false,"max_hp_per_floor":[68,68,73,73,73,80,80,80,80,80,80,80,80,80,80,80,80,80,80,80,80,80,80,80,80,80,80,80,80,80],"card_choices":[{"not_picked":["EmptyBody","Fasting2"],"picked":"Evaluate","floor":1.0},{"not_picked":["Wallop","CutThroughFate"],"picked":"EmptyMind","floor":6.0},{"not_picked":["ClearTheMind","CrushJoints"],"picked":"Meditate","floor":8.0},{"not_picked":["Consecrate","LikeWater"],"picked":"WindmillStrike","floor":11.0},{"not_picked":["BowlingBash","Evaluate","Fasting2"],"picked":"SKIP","floor":13.0},{"not_picked":["Omniscience","FollowUp"],"picked":"Sanctity","floor":14.0},{"not_picked":["Judgement","ConjureBlade"],"picked":"DeusExMachina","floor":16.0},{"not_picked":["FearNoEvil","JustLucky","Evaluate"],"picked":"SKIP","floor":18.0},{"not_picked":["SashWhip","Prostrate"],"picked":"Study+1","floor":20},{"not_picked":["BowlingBash+1","FollowUp","Brilliance"],"picked":"SKIP","floor":21},{"not_picked":["Wireheading","Worship","JustLucky"],"picked":"SKIP","floor":24},{"not_picked":["Nirvana","BowlingBash","CarveReality"],"picked":"SKIP","floor":28}],"player_experience":980295,"relics_obtained":[{"floor":6.0,"key":"Strawberry"},{"floor":8.0,"key":"Juzu Bracelet"},{"floor":14.0,"key":"InkBottle"},{"floor":20,"key":"Red Mask"},{"floor":26,"key":"Oddly Smooth Stone"}],"event_choices":[{"damage_healed":0.0,"max_hp_gain":5.0,"max_hp_loss":0.0,"gold_gain":0.0,"event_name":"Big Fish","player_choice":"Donut","floor":3.0,"gold_loss":0.0,"damage_taken":0.0},{"cards_removed":["Defend_P"],"damage_healed":0.0,"max_hp_gain":0.0,"max_hp_loss":0.0,"gold_gain":0.0,"event_name":"Golden Wing","player_choice":"Card Removal","floor":5.0,"gold_loss":0.0,"damage_taken":7.0},{"damage_healed":0,"gold_gain":0,"player_choice":"Fought Bandits","damage_taken":0,"max_hp_gain":0,"max_hp_loss":0,"event_name":"Masked Bandits","floor":20,"gold_loss":0},{"damage_healed":16,"gold_gain":0,"player_choice":"Heal","damage_taken":0,"max_hp_gain":0,"max_hp_loss":0,"event_name":"The Library","floor":22,"gold_loss":0}],"is_beta":false,"boss_relics":[{"not_picked":["Coffee Dripper","Fusion Hammer"],"picked":"Cursed Key"}],"items_purged_floors":[19],"is_endless":false,"potions_floor_spawned":[8,11,13,16,20,28],"killed_by":"Slavers","ascension_level":20}}