{"host":"rg29p8m4aqjozpzt","time":1613819209,"event":{"mods":["100% Spire Juice","Aspiration","Bartender","BaseMod","Beaked The Cultist","Better Altar","Better Match","Better Sensory Stone","Better Skull","Better Third Choice","BetterRewards","Chen","Colored Powertips","Conspire","Downfall","Friendly Minions","Hermit","Hubris","JesterMod","Magitek Elite","Minty Spire (QoL Compilation)","Permanent Neow","Prisma Mod","QueenMod","Quick Restart","Relic Filter","Reorder Act Four","Shade Mod","StSLib","SuperFastMode","The Alterego","The Marked","The Runesmith","Unceasing Turn Reminder"],"gold_per_floor":[109,122,2,16,16,16,34,60,60,60,60,60,86,106,106,202,202,214,214,214,237,36,36,65,75,98,23,23,41,41,60,60,165,165,177,137,19,33,33,33,67,81,104,124,124,156,36,62,62,62,62,4,4,37,37,37],"floor_reached":55,"language":"ENG","playtime":3515,"items_purged":["Moonworks:Strike","Moonworks:Strike"],"score":861,"play_id":"abc9e93f-2e04-44c0-b0ea-8128ba9cbc55","local_time":"20210220120649","is_ascension_mode":true,"campfire_choices":[{"data":"Moonworks:AnotherUltimateWeapon","floor":6,"key":"SMITH"},{"data":"Moonworks:Ambush","floor":10,"key":"SMITH"},{"data":"Moonworks:IndiscriminateFireSupport","floor":12,"key":"SMITH"},{"data":"Moonworks:ForcedRevival","floor":15,"key":"SMITH"},{"data":"Moonworks:StiffCrystal","floor":23,"key":"SMITH"},{"data":"Moonworks:AwakeningOfTalent","floor":28,"key":"SMITH"},{"data":"Moonworks:ScrambledEve","floor":30,"key":"SMITH"},{"data":"Moonworks:ForcedRevival","floor":32,"key":"SMITH"},{"data":"Deep Breath","floor":40,"key":"SMITH"},{"floor":45,"key":"RECALL"},{"data":"Moonworks:AccelHyper","floor":49,"key":"SMITH"},{"data":"Moonworks:EvilSpyWorkPreparation","floor":53,"key":"SMITH"}],"circlet_count":0,"master_deck":["Moonworks:Strike","Moonworks:Defend","Moonworks:Defend","Moonworks:Defend","Moonworks:Defend+1","Moonworks:Ambush+1","Moonworks:LongDistanceShot","Moonworks:DevilHand","Moonworks:StiffCrystal+1","Moonworks:IndiscriminateFireSupport+1","Moonworks:AnotherUltimateWeapon+1","Moonworks:ScrambledEve+1","Moonworks:FullSpeedAlicianrone","Moonworks:ForcedRevival+1","Moonworks:NicePresent","Moonworks:RocketCannon","Moonworks:LulusLuckyEgg","Deep Breath+1","Finesse","Moonworks:AwakeningOfTalent+1","Moonworks:NicePresent","Moonworks:ForcedRevival+1","Moonworks:ShieldCounter","Moonworks:x16BigRocket+2","Moonworks:SakisCookie+1","Madness","Madness+1","Moonworks:LulusLuckyEgg+1","Moonworks:EvilSpyWorkPreparation+1","Moonworks:BackdoorTrade+1","Moonworks:AccelHyper+1","Moonworks:MiracleWalker+1","Moonworks:EvilSpyWorkPreparation"],"relics":["Moonworks:BrokenBomb","Moonworks:Homemark","Pen Nib","The Courier","Guardian:GemstoneGun","Odd Mushroom","aspiration:SecretTechniqueScroll","Bloody Idol","Blood Vial","PreservedInsect","Lee\u0027s Waffle","aspiration:PoetsPen_weak","Medical Kit","War Paint","Happy Flower","Mercury Hourglass","Letter Opener","conspire:Flyswatter"],"acts_visited":["Exordium","TheCity","TheBeyond","TheEnding"],"potions_floor_usage":[8,14,16,24,50,50,50,54,55],"damage_taken":[{"damage":0,"enemies":"Cultist","floor":1,"turns":4},{"damage":0,"enemies":"2 Louse","floor":2,"turns":2},{"damage":6,"enemies":"Jaw Worm","floor":4,"turns":3},{"damage":1,"enemies":"3 Louse","floor":7,"turns":2},{"damage":26,"enemies":"Gremlin Nob","floor":8,"turns":4},{"damage":0,"enemies":"The Mushroom Lair","floor":13,"turns":1},{"damage":0,"enemies":"2 Fungi Beasts","floor":14,"turns":1},{"damage":7,"enemies":"Slime Boss","floor":16,"turns":6},{"damage":2,"enemies":"Shell Parasite","floor":18,"turns":3},{"damage":2,"enemies":"conspire:SneckoGhost","floor":24,"turns":4},{"damage":15,"enemies":"2 Thieves","floor":25,"turns":3},{"damage":0,"enemies":"conspire:HollyBat","floor":29,"turns":5},{"damage":0,"enemies":"Snake Plant","floor":31,"turns":4},{"damage":2,"enemies":"Automaton","floor":33,"turns":8},{"damage":0,"enemies":"Orb Walker","floor":35,"turns":3},{"damage":9,"enemies":"3 Shapes","floor":38,"turns":3},{"damage":6,"enemies":"Giant Head","floor":41,"turns":5},{"damage":6,"enemies":"3 Darklings","floor":42,"turns":3},{"damage":0,"enemies":"4 Shapes","floor":44,"turns":3},{"damage":0,"enemies":"Reptomancer","floor":46,"turns":4},{"damage":0,"enemies":"Giant Head","floor":48,"turns":2},{"damage":62,"enemies":"conspire:OrnateMirror","floor":50,"turns":6},{"damage":0,"enemies":"Shield and Spear","floor":54,"turns":3},{"damage":109,"enemies":"The Heart","floor":55,"turns":6}],"seed_played":"6909266577981335690","potions_obtained":[{"floor":4,"key":"GamblersBrew"},{"floor":13,"key":"GamblersBrew"},{"floor":14,"key":"Fruit Juice"},{"floor":16,"key":"ColorlessPotion"},{"floor":29,"key":"Block Potion"},{"floor":33,"key":"ColorlessPotion"},{"floor":38,"key":"GamblersBrew"},{"floor":54,"key":"Fruit Juice"}],"is_trial":false,"path_per_floor":["M","M","$","M","?","R","M","E","T","R","$","R","?","M","R","B",null,"M","?","?","T","$","R","E","M","T","?","R","M","R","M","R","B",null,"M","?","$","M","?","R","E","M","T","M","R","E","$","E","R","B",null,"$","R","E","B"],"character_chosen":"THE_STARBREAKER","items_purchased":["Moonworks:IndiscriminateFireSupport","Lee\u0027s Waffle","Medical Kit","LiquidMemories"],"campfire_rested":0,"item_purchase_floors":[3,22,37,52],"current_hp_per_floor":[60,60,60,54,54,54,53,27,27,27,27,27,27,37,37,38,65,63,63,13,18,72,72,72,72,72,72,72,72,72,72,72,72,72,72,72,72,72,63,63,71,71,72,72,72,72,72,72,72,27,72,72,72,72,0,0],"gold":37,"neow_bonus":"RANDOM_COMMON_RELIC","is_daily":false,"chose_seed":false,"campfire_upgraded":11,"win_rate":0.0,"timestamp":1613819209,"path_taken":["M","?","$","M","?","R","M","E","T","R","?","R","?","M","R","BOSS","M","?","?","?","$","R","E","?","T","?","R","M","R","M","R","BOSS","M","?","$","?","?","R","E","M","T","M","R","E","$","E","R","BOSS","$","R","E","BOSS"],"items_purchased_type":["Card","Relic","Relic","Potion"],"build_version":"2020-12-22","purchased_purges":2,"victory":false,"max_hp_per_floor":[60,60,60,60,60,60,60,60,60,60,60,60,60,65,65,65,65,65,65,65,65,72,72,72,72,72,72,72,72,72,72,72,72,72,72,72,72,72,72,72,72,72,72,72,72,72,72,72,72,72,72,72,72,72,77,77],"card_choices":[{"not_picked":["Moonworks:Assault","Moonworks:CloudOfSeagulls"],"picked":"Moonworks:DevilHand","floor":1},{"not_picked":["Moonworks:ExtendedPhotonRifle","Moonworks:SakisCookie"],"picked":"Moonworks:StiffCrystal","floor":2},{"not_picked":["Moonworks:IndiscriminateFireSupport","Moonworks:CloudOfSeagulls"],"picked":"Moonworks:AnotherUltimateWeapon","floor":4},{"not_picked":["Moonworks:SakisCookie","Moonworks:CloudOfSeagulls"],"picked":"Moonworks:ScrambledEve","floor":7},{"not_picked":["Moonworks:IndiscriminateFireSupport","Moonworks:DeployBits"],"picked":"Moonworks:FullSpeedAlicianrone","floor":8},{"not_picked":["Moonworks:MixPhenomenon","Moonworks:FinalSurgery"],"picked":"Moonworks:ForcedRevival","floor":13},{"not_picked":["Moonworks:CookingTime","Moonworks:BigMagnum"],"picked":"Moonworks:NicePresent","floor":14},{"not_picked":["Moonworks:HolyNight","Moonworks:OutOfAmmo"],"picked":"Moonworks:RocketCannon","floor":16},{"not_picked":["Moonworks:BindingChains","Moonworks:BeyondHell"],"picked":"Moonworks:LulusLuckyEgg","floor":18},{"not_picked":["Madness","Panacea"],"picked":"Deep Breath","floor":19},{"not_picked":["Trip","Dark Shackles"],"picked":"Finesse","floor":19},{"not_picked":["Moonworks:IndiscriminateFireSupport+1","Moonworks:BigMagnum+1"],"picked":"Moonworks:AwakeningOfTalent","floor":24},{"not_picked":["Moonworks:LulusLuckyEgg+1","Moonworks:DeployBits","Moonworks:BigMagnum"],"picked":"SKIP","floor":25},{"not_picked":["Moonworks:MixPhenomenon","Moonworks:Assault+1"],"picked":"Moonworks:NicePresent","floor":29},{"not_picked":["Moonworks:SweetBattle","Moonworks:StiffCrystal"],"picked":"Moonworks:ForcedRevival","floor":31},{"not_picked":["Moonworks:Wanted","Moonworks:HolyNight"],"picked":"Moonworks:ShieldCounter","floor":33},{"not_picked":["Moonworks:MiracleWalker","Moonworks:IntelligenceOfficer"],"picked":"Moonworks:x16BigRocket+1","floor":35},{"not_picked":["Moonworks:RedAndBlue+1","Moonworks:Assault+1"],"picked":"Moonworks:SakisCookie+1","floor":38},{"not_picked":["Moonworks:MixPhenomenon+1","Moonworks:IndiscriminateFireSupport+1"],"picked":"Moonworks:LulusLuckyEgg+1","floor":41},{"not_picked":["Moonworks:JonathanRush+1","Moonworks:ReproductionOfRecords+1"],"picked":"Moonworks:EvilSpyWorkPreparation","floor":42},{"not_picked":["Moonworks:LulusLuckyEgg+1","Moonworks:CloudOfSeagulls+1"],"picked":"Moonworks:BackdoorTrade+1","floor":44},{"not_picked":["Moonworks:UnpaidWork+1","Moonworks:SakisCookie"],"picked":"Moonworks:AccelHyper","floor":46},{"not_picked":["Moonworks:ScrambledEve+1","Moonworks:DeployBits+1"],"picked":"Moonworks:MiracleWalker+1","floor":48},{"not_picked":["Moonworks:ScrambledEve+1","Moonworks:Heat300Percent"],"picked":"Moonworks:EvilSpyWorkPreparation","floor":54}],"player_experience":1554714,"relics_obtained":[{"floor":8,"key":"The Courier"},{"floor":9,"key":"Guardian:GemstoneGun"},{"floor":13,"key":"Odd Mushroom"},{"floor":21,"key":"PreservedInsect"},{"floor":41,"key":"War Paint"},{"floor":43,"key":"Happy Flower"},{"floor":46,"key":"Mercury Hourglass"},{"floor":48,"key":"Letter Opener"},{"floor":54,"key":"conspire:Flyswatter"}],"event_choices":[{"damage_healed":0,"gold_gain":0,"player_choice":"Fought Mushrooms","damage_taken":0,"max_hp_gain":0,"max_hp_loss":0,"event_name":"Mushrooms","floor":13,"gold_loss":0},{"damage_healed":0,"gold_gain":2,"player_choice":"1","damage_taken":0,"max_hp_gain":0,"max_hp_loss":0,"event_name":"betterStone:BetterStone","floor":19,"gold_loss":0},{"damage_healed":0,"gold_gain":0,"player_choice":" Idol Vial ","damage_taken":50,"relics_obtained":["Bloody Idol","Blood Vial"],"max_hp_gain":63,"max_hp_loss":13,"event_name":"betterAltar:BetterAltar","floor":20,"potions_obtained":[],"relics_lost":[],"gold_loss":0},{"cards_removed":["Moonworks:Strike"],"damage_healed":0,"gold_gain":0,"player_choice":"Gave Gold","damage_taken":0,"max_hp_gain":0,"max_hp_loss":0,"event_name":"Beggar","floor":27,"gold_loss":75},{"damage_healed":0,"gold_gain":0,"player_choice":"Upgrade","damage_taken":0,"max_hp_gain":0,"max_hp_loss":0,"event_name":"Designer","floor":36,"gold_loss":40,"cards_upgraded":["Moonworks:x16BigRocket"]},{"damage_healed":0,"gold_gain":0,"player_choice":"Embrace Madness","damage_taken":9,"max_hp_gain":0,"max_hp_loss":0,"event_name":"Winding Halls","floor":39,"gold_loss":0,"cards_obtained":["Madness","Madness"]}],"is_beta":false,"boss_relics":[{"not_picked":["conspire:RunicOctahedron","Runic Pyramid"],"picked":"aspiration:SecretTechniqueScroll"},{"not_picked":["conspire:SeveredTorchhead","hubris:VirtuousBlindfold"],"picked":"aspiration:PoetsPen_weak"}],"items_purged_floors":[3,22],"is_endless":false,"potions_floor_spawned":[4,13,14,16,29,33,38,41,54],"killed_by":"The Heart","ascension_level":1}}