{"host":"t6r1isv2bex5ovch","time":1613804233,"event":{"mods":["AchievementEnabler","Act Like it!","Aspiration","BaseMod","Better Altar","Better Match","Better Note","Better Sensory Stone","Better Skull","Better Third Choice","Better Vampires","Colored Powertips","Displayed Cursed Tome","Evolution","Fox Events","Hallownest","Hubris","Minty Spire (QoL Compilation)","StSLib","The Bug Knight"],"gold_per_floor":[118,134,134,151,151,151,76,95,95,105,232,162,196,121,121,220,220,236,236,236,255,10,36,36,200,252,252,281,298,315,315,315,417,417,434,349,359,90,109,144,162,188,213,225,257,268,296,296,296,296,296,296,17,42,42,42],"floor_reached":55,"language":"ENG","playtime":5597,"items_purged":["Defend_P","Defend_P","Hallownest:curseDreamersLament","BowlingBash+1"],"score":1114,"play_id":"3d78a318-3890-4fd2-bef7-f6d3841432e4","local_time":"20210220175713","is_ascension_mode":true,"campfire_choices":[{"floor":6.0,"key":"RECALL"},{"data":"LessonLearned","floor":15.0,"key":"SMITH"},{"data":"DevaForm","floor":24.0,"key":"SMITH"},{"data":"Crescendo","floor":27.0,"key":"SMITH"},{"data":"Evaluate","floor":32.0,"key":"SMITH"},{"floor":49.0,"key":"REST"},{"floor":52.0,"key":"REST"}],"circlet_count":0,"master_deck":["FlyingSleeves+1","FlyingSleeves+1","FlyingSleeves+1","FlyingSleeves+1","Evaluate+1","Evaluate+1","Eruption+1","Vigilance+1","Consecrate+1","Consecrate+1","Crescendo+1","Wireheading+1","LessonLearned+1","Hallownest:skillGreenpathMap+1","DevaForm+1","FollowUp+1","Omniscience+1","Hallownest:skillKingdomsEdgeMap+1","Perseverance+1","ClearTheMind+1"],"relics":["PureWater","EVO:Axolotl","aspiration:Nostalgia","Cracked Core","Pen Nib","MealTicket","hubris:Icosahedron","aspiration:Lifesprig","Hallownest:StagBellRelic1","Calipers","hubris:Backtick","Singing Bowl","Hallownest:WatcherSealRelic","Strawberry","Vajra","Sling","hubris:FunFungus","Omamori","Akabeko","hubris:TerracottaHorce","PreservedInsect","War Paint","Ancient Tea Set","Regal Pillow","Damaru","hubris:BottledRain","Hallownest:BeastSealRelic","hubris:ToyBattleship"],"acts_visited":["Hallownest:Greenpath","Hallownest:CityofTears","Hallownest:KingdomsEdge","TheEnding"],"potions_floor_usage":[55,55,55],"damage_taken":[{"damage":0.0,"enemies":"Hallownest:monsterHuskWarrior","floor":1.0,"turns":2.0},{"damage":0.0,"enemies":"Hallownest:2_MossCreeps","floor":2.0,"turns":2.0},{"damage":4.0,"enemies":"Hallownest:2_Tiktiks_and_1_Crawlid","floor":4.0,"turns":3.0},{"damage":1.0,"enemies":"Hallownest:Wandering_and_Horned","floor":8.0,"turns":3.0},{"damage":1.0,"enemies":"Hallownest:2_Tiktiks_1_Baldur_1_Crawlid","floor":10.0,"turns":2.0},{"damage":4.0,"enemies":"Hallownest:eliteMossKnight","floor":11.0,"turns":3.0},{"damage":8.0,"enemies":"Hallownest:eliteCrystalGuardian","floor":13.0,"turns":3.0},{"damage":0.0,"enemies":"Hallownest:BossBrokenVessel","floor":16.0,"turns":4.0},{"damage":10.0,"enemies":"Hallownest:Flukemon_and_Top","floor":18.0,"turns":4.0},{"damage":14.0,"enemies":"Hallownest:Guard_and_Sentry","floor":21.0,"turns":3.0},{"damage":20.0,"enemies":"Hallownest:eliteWatcherKnight","floor":23.0,"turns":7.0},{"damage":16.0,"enemies":"Hallownest:Glutton_and_Coward","floor":25.0,"turns":3.0},{"damage":0.0,"enemies":"Hallownest:Nosk","floor":28.0,"turns":3.0},{"damage":1.0,"enemies":"Hallownest:3_Mistakes","floor":29.0,"turns":3.0},{"damage":0.0,"enemies":"Hallownest:monsterShrumalOgre","floor":30.0,"turns":1.0},{"damage":40.0,"enemies":"Hallownest:BossMantisLord","floor":33.0,"turns":4.0},{"damage":0.0,"enemies":"Hallownest:Shield_Heavy","floor":35.0,"turns":3.0},{"damage":0.0,"enemies":"Hallownest:3_Siblings","floor":37.0,"turns":4.0},{"damage":37.0,"enemies":"Hallownest:monsterPrimalAspid","floor":39.0,"turns":3.0},{"damage":2.0,"enemies":"Hallownest:StalkingDevout","floor":40.0,"turns":4.0},{"damage":0.0,"enemies":"Hallownest:2_Soldiers_and_1_Guardian","floor":41.0,"turns":6.0},{"damage":23.0,"enemies":"Hallownest:eliteHiveKnight","floor":42.0,"turns":4.0},{"damage":0.0,"enemies":"Hallownest:Shield_Sturdy","floor":44.0,"turns":4.0},{"damage":14.0,"enemies":"Hallownest:eliteCollector","floor":45.0,"turns":4.0},{"damage":12.0,"enemies":"Hallownest:monsterPrimalAspid","floor":46.0,"turns":3.0},{"damage":17.0,"enemies":"Hallownest:eliteHiveKnight","floor":47.0,"turns":3.0},{"damage":65.0,"enemies":"Hallownest:Radiance","floor":50.0,"turns":7.0},{"damage":38.0,"enemies":"Shield and Spear","floor":54.0,"turns":6.0},{"damage":172,"enemies":"The Heart","floor":55,"turns":6}],"seed_played":"-890179358609698265","potions_obtained":[{"floor":2.0,"key":"SteroidPotion"},{"floor":8.0,"key":"PowerPotion"},{"floor":10.0,"key":"EntropicBrew"},{"floor":11.0,"key":"SkillPotion"},{"floor":23.0,"key":"PowerPotion"},{"floor":25.0,"key":"DistilledChaos"},{"floor":29.0,"key":"SkillPotion"},{"floor":41.0,"key":"Explosive Potion"},{"floor":42.0,"key":"DuplicationPotion"},{"floor":44.0,"key":"SpeedPotion"},{"floor":54.0,"key":"LiquidBronze"}],"is_trial":false,"path_per_floor":["M","M","?","M","?","R","$","M","T","M","E","?","E","?","R","B",null,"M","?","?","M","$","E","R","M","T","R","E","M","M","?","R","B",null,"M","?","M","$","M","E","M","E","T","M","E","M","E","?","R","B",null,"R","$","E","B"],"character_chosen":"WATCHER","items_purchased":["Sling","PreservedInsect","PowerPotion","LiquidMemories"],"campfire_rested":2,"item_purchase_floors":[22,38,53,53],"current_hp_per_floor":[72,72,44,40,40,40,55,54,54,53,49,49,41,41,41,41,72,64,64,40,28,43,65,65,50,50,50,55,59,61,61,61,22,74,77,77,81,93,65,74,97,81,81,87,88,82,70,70,107,83,101,107,107,108,0,0],"gold":42,"neow_bonus":"NOSTALGIA","is_daily":false,"chose_seed":false,"campfire_upgraded":4,"win_rate":0.0,"timestamp":1613804233,"path_taken":["M","?","?","M","?","R","$","M","T","M","E","?","E","?","R","BOSS","M","?","?","M","$","E","R","M","T","R","E","?","M","?","R","BOSS","M","?","M","$","M","E","M","E","T","M","E","M","E","?","R","BOSS","R","$","E","BOSS"],"items_purchased_type":["Relic","Relic","Potion","Potion"],"build_version":"2020-12-22","purchased_purges":4,"victory":false,"max_hp_per_floor":[72,72,72,72,72,72,72,72,72,72,72,72,72,72,72,72,72,74,74,81,83,83,85,85,85,85,85,87,89,91,91,91,91,91,93,93,93,93,95,95,97,99,99,101,103,105,107,107,107,107,107,107,107,109,109,109],"card_choices":[{"not_picked":["Indignation","EmptyBody"],"picked":"Consecrate","floor":1.0},{"not_picked":["Weave","WaveOfTheHand","SashWhip"],"picked":"SKIP","floor":2.0},{"not_picked":["Adaptation","Collect"],"picked":"Consecrate","floor":4.0},{"not_picked":["Swivel","WaveOfTheHand"],"picked":"BowlingBash","floor":8.0},{"not_picked":["ThirdEye","FlyingSleeves"],"picked":"Crescendo","floor":10.0},{"not_picked":["Prostrate","CrushJoints"],"picked":"Wireheading","floor":11.0},{"not_picked":["JustLucky","Crescendo"],"picked":"LessonLearned","floor":13.0},{"not_picked":["Devotion","Vault"],"picked":"DevaForm","floor":16.0},{"not_picked":["Indignation","Protect+1","FlyingSleeves+1"],"picked":"Singing Bowl","floor":18.0},{"not_picked":["Meditate","Evaluate+1","Prostrate"],"picked":"Singing Bowl","floor":21.0},{"not_picked":["Evaluate","SashWhip","EmptyMind"],"picked":"Singing Bowl","floor":23.0},{"not_picked":["FlyingSleeves+1","Prostrate"],"picked":"FollowUp","floor":25.0},{"not_picked":["InnerPeace","EmptyFist","Blasphemy"],"picked":"Singing Bowl","floor":28.0},{"not_picked":["Sanctity","CarveReality","Tantrum"],"picked":"Singing Bowl","floor":29.0},{"not_picked":["Crescendo","Study+1","Halt+1"],"picked":"Singing Bowl","floor":30.0},{"not_picked":["LessonLearned","SpiritShield"],"picked":"Omniscience","floor":33.0},{"not_picked":["Vengeance","Consecrate","SashWhip"],"picked":"Singing Bowl","floor":35.0},{"not_picked":["FollowUp","SashWhip"],"picked":"Perseverance+1","floor":37.0},{"not_picked":["JustLucky","Sanctity+1","CutThroughFate+1"],"picked":"Singing Bowl","floor":39.0},{"not_picked":["Meditate","Worship+1"],"picked":"ClearTheMind+1","floor":40.0},{"not_picked":["Alpha","EmptyBody+1","BowlingBash+1"],"picked":"Singing Bowl","floor":41.0},{"not_picked":["Prostrate+1","PathToVictory+1","Alpha"],"picked":"Singing Bowl","floor":42.0},{"not_picked":["Conclude+1","CrushJoints","Crescendo+1"],"picked":"Singing Bowl","floor":44.0},{"not_picked":["Fasting2+1","Scrawl","ForeignInfluence+1"],"picked":"Singing Bowl","floor":45.0},{"not_picked":["Conclude+1","Collect+1","FlurryOfBlows"],"picked":"Singing Bowl","floor":46.0},{"not_picked":["Crescendo","Consecrate","WindmillStrike"],"picked":"Singing Bowl","floor":47.0},{"not_picked":["FlyingSleeves+1","CarveReality","Blasphemy"],"picked":"Singing Bowl","floor":54.0}],"player_experience":481662,"relics_obtained":[{"floor":11.0,"key":"aspiration:Lifesprig"},{"floor":13.0,"key":"Calipers"},{"floor":23.0,"key":"hubris:FunFungus"},{"floor":26.0,"key":"Omamori"},{"floor":28.0,"key":"Akabeko"},{"floor":40.0,"key":"War Paint"},{"floor":42.0,"key":"Ancient Tea Set"},{"floor":43.0,"key":"Regal Pillow"},{"floor":45.0,"key":"Damaru"},{"floor":47.0,"key":"hubris:BottledRain"},{"floor":54.0,"key":"hubris:ToyBattleship"}],"event_choices":[{"damage_healed":0.0,"max_hp_gain":0.0,"max_hp_loss":0.0,"gold_gain":0.0,"event_name":"betterSkull:BetterSkull","player_choice":"RE RE ","floor":20.0,"gold_loss":0.0,"damage_taken":35.0,"cards_upgraded":[],"relics_obtained":["Strawberry","Vajra"]}],"is_beta":false,"boss_relics":[{"not_picked":["Cursed Key","aspiration:SilentSkillbook"],"picked":"hubris:Backtick"},{"not_picked":["SlaversCollar","Runic Dome"],"picked":"hubris:TerracottaHorce"}],"items_purged_floors":[7,22,38,53],"is_endless":false,"potions_floor_spawned":[2,8,10,11,23,25,29,41,42,44,54],"killed_by":"The Heart","ascension_level":3}}