{"host":"zlryddw6xv0ljf8b","time":1613836333,"event":{"mods":["AchievementEnabler","BaseMod","Colored Map","Colored Powertips","Highlight Path","Minty Spire (QoL Compilation)","Permanent Neow","Quick Restart","StSLib"],"gold_per_floor":[361,379,329,93,93,125,125,125,150,162,162,177,177,190,190,319,319,344,229,252,252,252,287,310,328,328,368,94,109,190,265,265,396,396,416,265,329,229,229,229,245,245,317,340,340,356,374,399,399,399,399,399,121,160,160],"floor_reached":56,"language":"ENG","playtime":3919,"items_purged":["Strike_G","Strike_G+1"],"score":1187,"play_id":"5b7d1be4-5795-40f4-b5fb-1b4e79cea9df","local_time":"20210220095213","is_ascension_mode":false,"campfire_choices":[{"data":"Venomology","floor":8.0,"key":"SMITH"},{"data":"Blade Dance","floor":13.0,"key":"SMITH"},{"data":"Accuracy","floor":15.0,"key":"SMITH"},{"floor":32.0,"key":"REST"},{"floor":40.0,"key":"RECALL"},{"floor":45.0,"key":"REST"},{"floor":49.0,"key":"REST"},{"floor":52.0,"key":"REST"}],"circlet_count":0,"master_deck":["Strike_G+1","Strike_G+1","Defend_G+1","Defend_G+1","Defend_G+1","Defend_G+1","Defend_G+1","Survivor","Neutralize","Dodge and Roll","Infinite Blades+1","Cloak And Dagger","Night Terror","Backflip","Noxious Fumes","Poisoned Stab","Outmaneuver","Venomology+1","Blade Dance+1","Accuracy+1","Adrenaline","Blur","Accuracy","Caltrops+1","Blade Dance","Well Laid Plans","Cloak And Dagger+1","Accuracy","Wraith Form v2","Setup+1","Thinking Ahead+1","Purity+1","Envenom"],"relics":["Ring of the Snake","Orrery","MealTicket","Sundial","Tiny Chest","Golden Idol","Fusion Hammer","Kunai","Strawberry","Anchor","Toxic Egg 2","Pantograph","SacredBark","TwistedFunnel","TungstenRod","Oddly Smooth Stone","White Beast Statue"],"acts_visited":["Exordium","TheCity","TheBeyond","TheEnding"],"potions_floor_usage":[55,55,55],"damage_taken":[{"damage":0.0,"enemies":"Small Slimes","floor":1.0,"turns":3.0},{"damage":0.0,"enemies":"2 Louse","floor":2.0,"turns":4.0},{"damage":17.0,"enemies":"3 Sentries","floor":6.0,"turns":7.0},{"damage":2.0,"enemies":"Jaw Worm","floor":10.0,"turns":4.0},{"damage":1.0,"enemies":"Looter","floor":12.0,"turns":3.0},{"damage":0.0,"enemies":"3 Louse","floor":14.0,"turns":4.0},{"damage":0.0,"enemies":"Slime Boss","floor":16.0,"turns":3.0},{"damage":21.0,"enemies":"2 Thieves","floor":18.0,"turns":3.0},{"damage":0.0,"enemies":"Spheric Guardian","floor":20.0,"turns":4.0},{"damage":8.0,"enemies":"Book of Stabbing","floor":23.0,"turns":5.0},{"damage":13.0,"enemies":"Chosen and Byrds","floor":24.0,"turns":5.0},{"damage":13.0,"enemies":"Snake Plant","floor":25.0,"turns":3.0},{"damage":12.0,"enemies":"Gremlin Leader","floor":27.0,"turns":7.0},{"damage":0.0,"enemies":"Snecko","floor":29.0,"turns":3.0},{"damage":12.0,"enemies":"Automaton","floor":33.0,"turns":7.0},{"damage":0.0,"enemies":"3 Shapes","floor":35.0,"turns":4.0},{"damage":5.0,"enemies":"2 Orb Walkers","floor":37.0,"turns":4.0},{"damage":0.0,"enemies":"Orb Walker","floor":41.0,"turns":3.0},{"damage":14.0,"enemies":"Maw","floor":44.0,"turns":7.0},{"damage":21.0,"enemies":"Spire Growth","floor":46.0,"turns":4.0},{"damage":25.0,"enemies":"Jaw Worm Horde","floor":47.0,"turns":4.0},{"damage":2.0,"enemies":"Writhing Mass","floor":48.0,"turns":5.0},{"damage":49.0,"enemies":"Time Eater","floor":50.0,"turns":13.0},{"damage":13.0,"enemies":"Shield and Spear","floor":54.0,"turns":8.0},{"damage":144,"enemies":"The Heart","floor":55,"turns":8}],"seed_played":"-5433024094907916584","potions_obtained":[{"floor":1.0,"key":"FairyPotion"},{"floor":2.0,"key":"SkillPotion"},{"floor":18.0,"key":"PowerPotion"},{"floor":20.0,"key":"PowerPotion"},{"floor":25.0,"key":"SteroidPotion"},{"floor":37.0,"key":"Fire Potion"},{"floor":41.0,"key":"Fruit Juice"},{"floor":47.0,"key":"Strength Potion"},{"floor":54.0,"key":"CultistPotion"}],"is_trial":false,"path_per_floor":["M","M","?","$","?","E","?","R","T","M","?","M","R","M","R","B",null,"M","$","M","?","?","E","M","M","T","E","$","M","T","?","R","B",null,"M","$","?","$","?","R","M","T","T","M","R","M","M","M","R","B",null,"R","$","E","B",null],"character_chosen":"THE_SILENT","items_purchased":["Infinite Blades","Cloak And Dagger","Orrery","Accuracy","Toxic Egg 2","Accuracy","TwistedFunnel","Thinking Ahead+1","Purity+1"],"campfire_rested":4,"item_purchase_floors":[4,4,4,19,28,28,36,53,53],"current_hp_per_floor":[70,70,70,70,56,39,32,32,32,30,30,29,29,29,29,29,65,44,59,59,59,59,51,38,25,32,20,35,35,35,28,49,60,72,72,72,67,72,72,72,82,82,82,68,82,61,36,34,58,33,82,82,82,69,2],"gold":160,"neow_bonus":"TWO_FIFTY_GOLD","is_daily":false,"chose_seed":false,"campfire_upgraded":3,"win_rate":0.0,"timestamp":1613836333,"path_taken":["M","M","?","$","?","E","?","R","T","M","?","M","R","M","R","BOSS","M","$","M","?","?","E","M","M","T","E","$","M","?","?","R","BOSS","M","$","?","$","?","R","M","?","T","M","R","M","M","M","R","BOSS","R","$","E","BOSS"],"items_purchased_type":["Card","Card","Relic","Card","Relic","Card","Relic","Card","Card"],"build_version":"2020-12-22","purchased_purges":2,"victory":true,"max_hp_per_floor":[70,70,70,70,70,70,70,70,70,70,65,65,65,65,65,65,65,65,65,65,65,65,65,65,65,72,72,72,72,72,72,72,72,72,72,72,72,72,72,72,82,82,82,82,82,82,82,82,82,82,82,82,82,82,82],"card_choices":[{"not_picked":["Reflex","Escape Plan"],"picked":"Dodge and Roll","floor":1.0},{"not_picked":["Underhanded Strike","Flechettes","Concentrate"],"picked":"SKIP","floor":2.0},{"not_picked":["Eviscerate","Masterful Stab"],"picked":"Night Terror","floor":4.0},{"not_picked":["PiercingWail","Outmaneuver"],"picked":"Backflip","floor":4.0},{"not_picked":["Dodge and Roll","Riddle With Holes"],"picked":"Noxious Fumes","floor":4.0},{"not_picked":["Quick Slash","Reflex"],"picked":"Poisoned Stab","floor":4.0},{"not_picked":["Dagger Throw","Slice"],"picked":"Outmaneuver","floor":4.0},{"not_picked":["Slice","Dodge and Roll"],"picked":"Venomology","floor":6.0},{"not_picked":["Terror","All Out Attack","Predator"],"picked":"SKIP","floor":10.0},{"not_picked":["Escape Plan","Dodge and Roll"],"picked":"Blade Dance","floor":12.0},{"not_picked":["Eviscerate","Dagger Spray"],"picked":"Accuracy","floor":14.0},{"not_picked":["Bullet Time","Phantasmal Killer"],"picked":"Adrenaline","floor":16.0},{"not_picked":["Catalyst+1","Prepared"],"picked":"Blur","floor":18.0},{"not_picked":["Quick Slash","Tactician","Sucker Punch+1"],"picked":"SKIP","floor":20.0},{"not_picked":["Backflip","Doppelganger"],"picked":"Caltrops+1","floor":23.0},{"not_picked":["PiercingWail","Deflect+1"],"picked":"Blade Dance","floor":24.0},{"not_picked":["Sucker Punch","Escape Plan+1"],"picked":"Well Laid Plans","floor":25.0},{"not_picked":["Calculated Gamble+1","Acrobatics+1"],"picked":"Cloak And Dagger+1","floor":27.0},{"not_picked":["Masterful Stab","Outmaneuver+1","Flying Knee"],"picked":"SKIP","floor":29.0},{"not_picked":["Adrenaline+1","Burst+1"],"picked":"Wraith Form v2","floor":33.0},{"not_picked":["Dodge and Roll+1","Underhanded Strike+1","Cloak And Dagger+1"],"picked":"SKIP","floor":35.0},{"not_picked":["Dagger Spray","Dodge and Roll+1"],"picked":"Setup+1","floor":41.0},{"not_picked":["Backflip+1","Catalyst+1","Reflex+1"],"picked":"SKIP","floor":44.0},{"not_picked":["Poisoned Stab+1","Sucker Punch","Underhanded Strike"],"picked":"SKIP","floor":46.0},{"not_picked":["Flechettes","Crippling Poison+1","Bane+1"],"picked":"SKIP","floor":47.0},{"not_picked":["Masterful Stab+1","Dash+1","Sucker Punch+1"],"picked":"SKIP","floor":48.0},{"not_picked":["Concentrate+1","Terror+1"],"picked":"Envenom","floor":54.0}],"player_experience":104866,"relics_obtained":[{"floor":6.0,"key":"MealTicket"},{"floor":9.0,"key":"Tiny Chest"},{"floor":23.0,"key":"Kunai"},{"floor":26.0,"key":"Strawberry"},{"floor":27.0,"key":"Anchor"},{"floor":30.0,"key":"Pantograph"},{"floor":37.0,"key":"TungstenRod"},{"floor":42.0,"key":"Oddly Smooth Stone"},{"floor":54.0,"key":"White Beast Statue"}],"event_choices":[{"cards_removed":["Clumsy"],"damage_healed":0.0,"max_hp_gain":0.0,"max_hp_loss":0.0,"gold_gain":0.0,"event_name":"The Cleric","player_choice":"Card Removal","floor":3.0,"gold_loss":50.0,"damage_taken":0.0},{"damage_healed":0.0,"max_hp_gain":0.0,"max_hp_loss":0.0,"gold_gain":0.0,"event_name":"Shining Light","player_choice":"Entered Light","floor":5.0,"gold_loss":0.0,"damage_taken":14.0,"cards_upgraded":["Defend_G","Infinite Blades"]},{"damage_healed":0.0,"max_hp_gain":0.0,"max_hp_loss":0.0,"gold_gain":0.0,"event_name":"Scrap Ooze","player_choice":"Success","floor":7.0,"gold_loss":0.0,"damage_taken":7.0,"relics_obtained":["Sundial"]},{"damage_healed":0.0,"max_hp_gain":0.0,"max_hp_loss":5.0,"gold_gain":0.0,"event_name":"Golden Idol","player_choice":"Lose Max HP","floor":11.0,"gold_loss":0.0,"damage_taken":0.0,"relics_obtained":["Golden Idol"]},{"damage_healed":0.0,"max_hp_gain":0.0,"max_hp_loss":0.0,"gold_gain":0.0,"event_name":"Back to Basics","player_choice":"Simplicity","floor":21.0,"gold_loss":0.0,"damage_taken":0.0,"cards_upgraded":["Strike_G","Strike_G","Strike_G","Strike_G","Defend_G","Defend_G","Defend_G","Defend_G"]},{"damage_healed":0.0,"max_hp_gain":0.0,"max_hp_loss":0.0,"gold_gain":0.0,"event_name":"Cursed Tome","player_choice":"Ignored","floor":22.0,"gold_loss":0.0,"damage_taken":0.0},{"damage_healed":0.0,"max_hp_gain":0.0,"max_hp_loss":0.0,"gold_gain":75.0,"event_name":"FaceTrader","player_choice":"Touch","floor":31.0,"gold_loss":0.0,"damage_taken":7.0},{"damage_healed":0.0,"max_hp_gain":0.0,"max_hp_loss":0.0,"gold_gain":0.0,"event_name":"Mysterious Sphere","player_choice":"Fight","floor":37.0,"gold_loss":0.0,"damage_taken":0.0},{"cards_removed":["Strike_G"],"damage_healed":0.0,"max_hp_gain":0.0,"max_hp_loss":0.0,"gold_gain":0.0,"event_name":"Purifier","player_choice":"Purged","floor":39.0,"gold_loss":0.0,"damage_taken":0.0}],"is_beta":false,"boss_relics":[{"not_picked":["SlaversCollar","Snecko Eye"],"picked":"Fusion Hammer"},{"not_picked":["Calling Bell","Sozu"],"picked":"SacredBark"}],"items_purged_floors":[19,38],"is_endless":false,"potions_floor_spawned":[1,2,18,20,25,27,33,37,41,47,54],"ascension_level":0}}