{"host":"ga4s3hj9m6nkn6gp","time":1613785996,"event":{"mods":["AchievementEnabler","BaseMod","Bestiary","Colored Powertips","Highlight Path","Minty Spire (QoL Compilation)","Relic Stats","everything is the same but u backflip on backflip"],"gold_per_floor":[19,19,38,38,52,85,85,85,85,135,161,176,188,216,216,216,216],"floor_reached":16,"language":"ENG","playtime":562,"items_purged":[],"score":340,"play_id":"a11dd781-e584-4b2c-b96e-df7958409178","local_time":"20210220025316","is_ascension_mode":true,"campfire_choices":[{"data":"All Out Attack","floor":7.0,"key":"SMITH"},{"floor":15,"key":"REST"}],"circlet_count":0,"master_deck":["AscendersBane","Strike_G","Strike_G","Strike_G+1","Strike_G","Defend_G","Defend_G","Defend_G+1","Defend_G","Defend_G","Survivor","Neutralize","All Out Attack+1","Outmaneuver","Riddle With Holes","Backstab","Slice","Backstab","Well Laid Plans","Malaise"],"relics":["Ring of the Snake","Thread and Needle","Question Card","Shuriken","White Beast Statue","Orichalcum","Sundial"],"acts_visited":["Exordium"],"potions_floor_usage":[11,16,16],"damage_taken":[{"damage":0.0,"enemies":"2 Louse","floor":1.0,"turns":4.0},{"damage":0.0,"enemies":"Small Slimes","floor":3.0,"turns":4.0},{"damage":0.0,"enemies":"Cultist","floor":5.0,"turns":4.0},{"damage":23.0,"enemies":"Gremlin Nob","floor":6.0,"turns":4.0},{"damage":0,"enemies":"3 Sentries","floor":11,"turns":5},{"damage":0,"enemies":"Large Slime","floor":12,"turns":3},{"damage":0,"enemies":"2 Fungi Beasts","floor":13,"turns":2},{"damage":0,"enemies":"Gremlin Nob","floor":14,"turns":3},{"damage":25,"enemies":"The Guardian","floor":16,"turns":7}],"seed_played":"-6363429616987220003","potions_obtained":[{"floor":1.0,"key":"DuplicationPotion"},{"floor":6.0,"key":"ColorlessPotion"},{"floor":11,"key":"Strength Potion"},{"floor":12,"key":"Ancient Potion"},{"floor":13,"key":"SpeedPotion"}],"is_trial":false,"path_per_floor":["M","?","M","?","M","E","R","?","T","?","E","M","M","E","R","B"],"character_chosen":"THE_SILENT","items_purchased":[],"campfire_rested":1,"item_purchase_floors":[],"current_hp_per_floor":[59,59,59,48,48,25,25,5,5,5,5,5,5,5,24,0,0],"gold":216,"neow_bonus":"ONE_RARE_RELIC","is_daily":false,"chose_seed":false,"campfire_upgraded":1,"win_rate":0.0,"timestamp":1613785996,"path_taken":["M","?","M","?","M","E","R","?","T","?","E","?","M","E","R","BOSS"],"items_purchased_type":[],"build_version":"2020-12-22","purchased_purges":0,"victory":false,"max_hp_per_floor":[66,66,66,66,66,66,66,66,66,66,66,66,66,66,66,66,66],"relic_stats":{"counters":[9,36],"Shuriken":[10],"Sundial":[0],"Orichalcum":[48],"Question Card":6,"obtain_stats":[{"Shuriken":6,"Sundial":14,"Thread and Needle":0,"Orichalcum":11,"Question Card":4,"White Beast Statue":9,"Ring of the Snake":0},{"Shuriken":4,"Sundial":8,"Thread and Needle":0,"Orichalcum":5,"Question Card":2,"White Beast Statue":4,"Ring of the Snake":0},{"Shuriken":16,"Sundial":29,"Thread and Needle":0,"Orichalcum":21,"Question Card":8,"White Beast Statue":16,"Ring of the Snake":0}],"Ring of the Snake":[18]},"card_choices":[{"not_picked":["Prepared","Dagger Throw"],"picked":"All Out Attack","floor":1.0},{"not_picked":["Cloak And Dagger","Bullet Time"],"picked":"Riddle With Holes","floor":3.0},{"not_picked":["Sucker Punch","Reflex","Quick Slash"],"picked":"Backstab","floor":5.0},{"not_picked":["Expertise","Dagger Throw","Doppelganger","Deflect"],"picked":"SKIP","floor":6.0},{"not_picked":["Expertise","Envenom","Quick Slash"],"picked":"Slice","floor":11},{"not_picked":["Flying Knee","Outmaneuver","Skewer"],"picked":"Backstab","floor":12},{"not_picked":["Noxious Fumes","Dodge and Roll","Riddle With Holes"],"picked":"Well Laid Plans","floor":13},{"not_picked":["Infinite Blades","Endless Agony","Flying Knee"],"picked":"Malaise","floor":14}],"player_experience":785885,"relics_obtained":[{"floor":6.0,"key":"Shuriken"},{"floor":9.0,"key":"White Beast Statue"},{"floor":11,"key":"Orichalcum"},{"floor":14,"key":"Sundial"}],"event_choices":[{"damage_healed":0.0,"max_hp_gain":0.0,"max_hp_loss":0.0,"gold_gain":0.0,"cards_transformed":["Strike_G"],"event_name":"Living Wall","player_choice":"Change","floor":2.0,"gold_loss":0.0,"damage_taken":0.0,"cards_obtained":["Outmaneuver"]},{"damage_healed":0.0,"max_hp_gain":0.0,"max_hp_loss":0.0,"gold_gain":0.0,"event_name":"Scrap Ooze","player_choice":"Success","floor":4.0,"gold_loss":0.0,"damage_taken":11.0,"relics_obtained":["Question Card"]},{"damage_healed":0.0,"max_hp_gain":0.0,"max_hp_loss":0.0,"gold_gain":0.0,"event_name":"Shining Light","player_choice":"Entered Light","floor":8.0,"gold_loss":0.0,"damage_taken":20.0,"cards_upgraded":["Strike_G","Defend_G"]},{"damage_healed":0.0,"max_hp_gain":0.0,"max_hp_loss":0.0,"gold_gain":50.0,"event_name":"Golden Shrine","player_choice":"Pray","floor":10.0,"gold_loss":0.0,"damage_taken":0.0}],"is_beta":false,"boss_relics":[],"items_purged_floors":[],"is_endless":false,"potions_floor_spawned":[1,6,11,12,13,14],"killed_by":"The Guardian","ascension_level":20}}