{"host":"u6f15rvcj4nca0wu","time":1613826137,"event":{"mods":["BaseMod","Bestiary","Colored Map","Highlight Path","Minty Spire (Améliorations d\u0027érgonomie)","Relic Stats"],"gold_per_floor":[12,12,29,41,53,53,78,78,156,171,171,184,215,215,215,314,314,328,339,352,372,372,372,45,74,127,127,227,227,237,267,267,363,363,379,393,411,66,1065,1065,764,135,205,223,242,290,290,308,308,308],"floor_reached":51,"language":"FRA","playtime":12041,"items_purged":["Strike_P","Strike_P","Normality","Normality"],"score":654,"play_id":"50a034ce-354c-4368-92f8-579203f188f6","local_time":"20210220140217","is_ascension_mode":false,"campfire_choices":[{"data":"Eruption","floor":6.0,"key":"SMITH"},{"floor":8.0,"key":"REST"},{"floor":15.0,"key":"REST"},{"data":"Collect","floor":23.0,"key":"SMITH"},{"floor":27.0,"key":"REST"},{"floor":29.0,"key":"REST"},{"floor":32.0,"key":"REST"},{"floor":40.0,"key":"REST"},{"floor":47.0,"key":"REST"},{"floor":49.0,"key":"REST"}],"circlet_count":0,"master_deck":["Defend_P","Defend_P","Defend_P","Eruption+1","Vigilance","InnerPeace","CutThroughFate","EmptyFist","WaveOfTheHand","Pray+1","CrushJoints","FearNoEvil","EmptyMind","DeusExMachina","Ragnarok+1","LikeWater+1","Brilliance+1","PathToVictory","Crescendo+1","Collect+1","DeceiveReality+1","CrushJoints","CutThroughFate+1","ClearTheMind+1","Perseverance","DeusExMachina","CutThroughFate+1","Consecrate+1","Indignation+1","Prostrate","ForeignInfluence+1","BowlingBash","Evaluate+1"],"relics":["PureWater","Ginger","Torii","Bottled Lightning","Oddly Smooth Stone","Bronze Scales","Astrolabe","Toy Ornithopter","Unceasing Top","Nunchaku","WingedGreaves","Letter Opener","Red Mask","Runic Pyramid","Strange Spoon","War Paint","Omamori","Ornamental Fan","Mummified Hand","FossilizedHelix"],"acts_visited":["Exordium","TheCity","TheBeyond"],"potions_floor_usage":[50,50],"damage_taken":[{"damage":0.0,"enemies":"Cultist","floor":1.0,"turns":4.0},{"damage":1.0,"enemies":"Jaw Worm","floor":3.0,"turns":4.0},{"damage":0.0,"enemies":"Small Slimes","floor":4.0,"turns":2.0},{"damage":7.0,"enemies":"Exordium Wildlife","floor":5.0,"turns":8.0},{"damage":22.0,"enemies":"3 Sentries","floor":7.0,"turns":8.0},{"damage":8.0,"enemies":"Blue Slaver","floor":10.0,"turns":3.0},{"damage":9.0,"enemies":"2 Fungi Beasts","floor":12.0,"turns":4.0},{"damage":18.0,"enemies":"Lagavulin","floor":13.0,"turns":5.0},{"damage":38.0,"enemies":"The Guardian","floor":16.0,"turns":10.0},{"damage":0.0,"enemies":"Spheric Guardian","floor":18.0,"turns":1.0},{"damage":21.0,"enemies":"2 Thieves","floor":19.0,"turns":3.0},{"damage":0.0,"enemies":"Snake Plant","floor":20.0,"turns":1.0},{"damage":17.0,"enemies":"Sentry and Sphere","floor":21.0,"turns":4.0},{"damage":33.0,"enemies":"Book of Stabbing","floor":25.0,"turns":4.0},{"damage":11.0,"enemies":"Colosseum Slavers","floor":28.0,"turns":3.0},{"damage":6.0,"enemies":"Colosseum Nobs","floor":28.0,"turns":3.0},{"damage":1.0,"enemies":"Snecko","floor":30.0,"turns":4.0},{"damage":9.0,"enemies":"Masked Bandits","floor":31.0,"turns":3.0},{"damage":72.0,"enemies":"Collector","floor":33.0,"turns":9.0},{"damage":0.0,"enemies":"Orb Walker","floor":35.0,"turns":1.0},{"damage":13.0,"enemies":"3 Darklings","floor":36.0,"turns":4.0},{"damage":45.0,"enemies":"Maw","floor":37.0,"turns":6.0},{"damage":1.0,"enemies":"Transient","floor":44.0,"turns":5.0},{"damage":2.0,"enemies":"Jaw Worm Horde","floor":45.0,"turns":4.0},{"damage":17.0,"enemies":"2 Orb Walkers","floor":46.0,"turns":2.0},{"damage":30.0,"enemies":"Writhing Mass","floor":48.0,"turns":3.0},{"damage":32,"enemies":"Awakened One","floor":50,"turns":8}],"seed_played":"-3848680970210194028","potions_obtained":[{"floor":1.0,"key":"SkillPotion"},{"floor":3.0,"key":"ColorlessPotion"},{"floor":5.0,"key":"BottledMiracle"},{"floor":12.0,"key":"Regen Potion"},{"floor":19.0,"key":"Fire Potion"},{"floor":25.0,"key":"Energy Potion"},{"floor":30.0,"key":"Weak Potion"},{"floor":37.0,"key":"AttackPotion"},{"floor":48.0,"key":"SteroidPotion"}],"is_trial":false,"path_per_floor":["M","$","M","M","M","R","E","R","T","M","?","M","E","?","R","B",null,"M","M","M","M","?","R","$","E","T","R","?","R","M","?","R","B",null,"M","M","M","$","?","R","$","$","T","M","M","?","R","M","R","B",null],"character_chosen":"WATCHER","items_purchased":["Toy Ornithopter","Explosive Potion","SteroidPotion","Strange Spoon","Strength Potion","SteroidPotion","Prostrate","War Paint","Omamori","Regen Potion","Ornamental Fan"],"campfire_rested":8,"item_purchase_floors":[24,24,24,38,38,38,41,41,42,42,42],"current_hp_per_floor":[72,72,71,71,64,64,42,63,63,55,55,46,40,37,58,20,72,72,51,51,34,58,58,58,25,25,46,44,65,64,55,72,5,72,72,59,14,14,14,35,35,35,35,34,32,30,51,21,42,20],"gold":308,"neow_bonus":"ONE_RARE_RELIC","is_daily":false,"chose_seed":false,"campfire_upgraded":2,"win_rate":0.0,"timestamp":1613826137,"path_taken":["M","$","M","M","?","R","E","R","T","M","?","M","E","?","R","BOSS","M","M","M","M","?","R","$","E","T","R","?","R","M","?","R","BOSS","M","M","M","$","?","R","$","$","T","M","M","?","R","M","R","BOSS"],"items_purchased_type":["Relic","Potion","Potion","Relic","Potion","Potion","Card","Relic","Relic","Potion","Relic"],"build_version":"2020-12-13","purchased_purges":4,"victory":true,"max_hp_per_floor":[72,72,72,72,72,72,72,72,72,72,72,72,72,72,72,72,72,72,72,72,72,72,72,72,72,72,72,72,72,72,72,72,72,72,72,72,72,72,72,72,72,72,72,72,72,72,72,72,72,72],"relic_stats":{"Torii":45,"counters":[27,116],"Astrolabe":["Ragnarok","LikeWater","Brilliance"],"Ginger":[9],"Letter Opener":[233],"War Paint":["ClearTheMind","Pray"],"Strange Spoon":[20],"Nunchaku":[11],"Ornamental Fan":[36],"Mummified Hand":[1],"Bronze Scales":[231],"obtain_stats":[{"Torii":7,"Astrolabe":17,"Oddly Smooth Stone":13,"Omamori":42,"Ginger":0,"Letter Opener":28,"War Paint":41,"Strange Spoon":38,"Nunchaku":26,"Ornamental Fan":42,"Mummified Hand":43,"Bronze Scales":14,"WingedGreaves":28,"Red Mask":31,"Bottled Lightning":9,"PureWater":0,"Toy Ornithopter":24,"Unceasing Top":25,"FossilizedHelix":46,"Runic Pyramid":34},{"Torii":5,"Astrolabe":9,"Oddly Smooth Stone":8,"Omamori":22,"Ginger":0,"Letter Opener":16,"War Paint":22,"Strange Spoon":22,"Nunchaku":14,"Ornamental Fan":22,"Mummified Hand":22,"Bronze Scales":8,"WingedGreaves":16,"Red Mask":18,"Bottled Lightning":5,"PureWater":0,"Toy Ornithopter":13,"Unceasing Top":14,"FossilizedHelix":25,"Runic Pyramid":19},{"Torii":26,"Astrolabe":48,"Oddly Smooth Stone":38,"Omamori":94,"Ginger":0,"Letter Opener":67,"War Paint":94,"Strange Spoon":94,"Nunchaku":61,"Ornamental Fan":94,"Mummified Hand":94,"Bronze Scales":38,"WingedGreaves":67,"Red Mask":74,"Bottled Lightning":26,"PureWater":0,"Toy Ornithopter":57,"Unceasing Top":61,"FossilizedHelix":105,"Runic Pyramid":83}],"Toy Ornithopter":40,"Unceasing Top":[1]},"card_choices":[{"not_picked":["Nirvana","EmptyBody"],"picked":"InnerPeace","floor":1.0},{"not_picked":["JustLucky","FollowUp"],"picked":"CutThroughFate","floor":3.0},{"not_picked":["EmptyBody","Weave"],"picked":"EmptyFist","floor":4.0},{"not_picked":["Tantrum","Weave"],"picked":"WaveOfTheHand","floor":5.0},{"not_picked":["CrushJoints","ClearTheMind"],"picked":"Pray","floor":7.0},{"not_picked":["Wireheading","Adaptation"],"picked":"CrushJoints","floor":10.0},{"not_picked":["Halt","SignatureMove"],"picked":"FearNoEvil","floor":12.0},{"not_picked":["Tantrum","PathToVictory"],"picked":"EmptyMind","floor":13.0},{"not_picked":["Wish","Vault"],"picked":"DeusExMachina","floor":16.0},{"not_picked":["SignatureMove","CutThroughFate"],"picked":"PathToVictory","floor":18.0},{"not_picked":["FlyingSleeves","ThirdEye"],"picked":"Crescendo+1","floor":19.0},{"not_picked":["CutThroughFate","TalkToTheHand+1"],"picked":"Collect","floor":20.0},{"not_picked":["Vengeance","WreathOfFlame+1"],"picked":"DeceiveReality+1","floor":21.0},{"not_picked":["Collect","Tantrum"],"picked":"CrushJoints","floor":25.0},{"not_picked":["BowlingBash","SandsOfTime+1"],"picked":"CutThroughFate+1","floor":28.0},{"not_picked":["Prostrate","Indignation+1"],"picked":"ClearTheMind","floor":30.0},{"not_picked":["Wallop","EmptyBody"],"picked":"Perseverance","floor":31.0},{"not_picked":["Wish","Blasphemy"],"picked":"DeusExMachina","floor":33.0},{"not_picked":["Vengeance","SashWhip"],"picked":"CutThroughFate+1","floor":35.0},{"not_picked":["Indignation+1","DeceiveReality+1"],"picked":"Consecrate+1","floor":36.0},{"not_picked":["FollowUp+1","Protect+1"],"picked":"Indignation+1","floor":37.0},{"not_picked":["Vengeance","LikeWater","TalkToTheHand"],"picked":"SKIP","floor":44.0},{"not_picked":["CutThroughFate","JustLucky"],"picked":"ForeignInfluence+1","floor":45.0},{"not_picked":["Evaluate","CutThroughFate+1"],"picked":"BowlingBash","floor":46.0},{"not_picked":["Consecrate","Nirvana"],"picked":"Evaluate+1","floor":48.0}],"player_experience":280235,"relics_obtained":[{"floor":7.0,"key":"Torii"},{"floor":9.0,"key":"Bottled Lightning"},{"floor":13.0,"key":"Oddly Smooth Stone"},{"floor":25.0,"key":"Unceasing Top"},{"floor":26.0,"key":"Nunchaku"},{"floor":28.0,"key":"WingedGreaves"},{"floor":28.0,"key":"Letter Opener"},{"floor":31.0,"key":"Red Mask"},{"floor":43.0,"key":"Mummified Hand"},{"floor":46.0,"key":"FossilizedHelix"}],"event_choices":[{"damage_healed":0.0,"max_hp_gain":0.0,"max_hp_loss":0.0,"gold_gain":0.0,"event_name":"Dead Adventurer","player_choice":"Searched \u00270\u0027 times","floor":11.0,"gold_loss":0.0,"damage_taken":0.0},{"damage_healed":0.0,"max_hp_gain":0.0,"max_hp_loss":0.0,"gold_gain":0.0,"event_name":"Scrap Ooze","player_choice":"Success","floor":14.0,"gold_loss":0.0,"damage_taken":3.0,"relics_obtained":["Bronze Scales"]},{"damage_healed":24.0,"max_hp_gain":0.0,"max_hp_loss":0.0,"gold_gain":0.0,"event_name":"The Library","player_choice":"Heal","floor":22.0,"gold_loss":0.0,"damage_taken":0.0},{"damage_healed":0.0,"max_hp_gain":0.0,"max_hp_loss":0.0,"gold_gain":0.0,"event_name":"Colosseum","player_choice":"Fight","floor":28.0,"gold_loss":0.0,"damage_taken":0.0},{"damage_healed":0.0,"max_hp_gain":0.0,"max_hp_loss":0.0,"gold_gain":0.0,"event_name":"Colosseum","player_choice":"Fought Nobs","floor":28.0,"gold_loss":0.0,"damage_taken":0.0},{"damage_healed":0.0,"max_hp_gain":0.0,"max_hp_loss":0.0,"gold_gain":0.0,"event_name":"Masked Bandits","player_choice":"Fought Bandits","floor":31.0,"gold_loss":0.0,"damage_taken":0.0},{"damage_healed":0.0,"max_hp_gain":0.0,"max_hp_loss":0.0,"gold_gain":999.0,"event_name":"MindBloom","player_choice":"Gold","floor":39.0,"gold_loss":0.0,"damage_taken":0.0,"cards_obtained":["Normality","Normality"]},{"damage_healed":0.0,"max_hp_gain":0.0,"max_hp_loss":0.0,"gold_gain":0.0,"event_name":"Mysterious Sphere","player_choice":"Fight","floor":46.0,"gold_loss":0.0,"damage_taken":0.0}],"is_beta":false,"boss_relics":[{"not_picked":["Runic Dome","Black Star"],"picked":"Astrolabe"},{"not_picked":["VioletLotus","Fusion Hammer"],"picked":"Runic Pyramid"}],"items_purged_floors":[24,38,41,42],"is_endless":false,"potions_floor_spawned":[1,3,5,12,19,25,30,37,48],"ascension_level":0}}