{"host":"hemqwg9ve6welna9","time":1613813196,"event":{"mods":["2.2 Compatiblity","AchievementEnabler","Act Like it!","BaseMod","Beaked The Cultist","Bestiary","Better Match","Better Note","Better Third Choice","BetterRewards","Conspire","Curses Come First","Dio Mod","Downfall","Gremlin Mod","Hermit","Highlight Path","Hubris","Melee Mod","Minty Spire (QoL Compilation)","Permanent Neow","Potionbrewer","Quick Restart","Rare Cards Sparkle","Relic Stats","Reliquary","Robot Space Explorer","Ruina","SOS???????","Shop Mod","StSLib","SuperFastMode","Td1madao Mod","The Bug Knight","The Cursed","The Disciple","The Forsaken","The Hierophant","The Jungle","The Marked","The Runesmith","The Senshi","The Servant 0.9.4","The Wild Card","TheBandit","TheVacant","UnlockEverythingMod","everything is the same but u backflip on backflip"],"gold_per_floor":[115,115,390,406,90,117,117,46,46,11,0,0,12,47,47,47,47],"floor_reached":16,"language":"ENG","playtime":802,"items_purged":[],"score":156,"play_id":"d0110081-b74a-48e8-99da-7596fa039cde","local_time":"20210220032636","is_ascension_mode":false,"campfire_choices":[{"data":"Light Attack","floor":7.0,"key":"SMITH"},{"data":"Enlightenment","floor":12.0,"key":"SMITH"},{"floor":15.0,"key":"REST"}],"circlet_count":0,"master_deck":["Strike_C","Strike_C","Strike_C","Strike_C","Defend_C","Defend_C","Defend_C","Defend_C","Knight Kick","Chip","New Defend Magic+1","Fire Up","Regret","Light Attack+1","Weapon Shift","Provocative","Judgment","RobotSpaceExplorer:FreezingShield","Sub Weapons","Load Balancing","Enlightenment+1","TheCursedMod:CircleOfCorruption","meleeMod_AmsahTech"],"relics":["Apod","reliquary:FingerTrap","PrismaticShard","reliquary:TatteredRug","Tiny Chest","Lsj Skin"],"acts_visited":["Exordium"],"potions_floor_usage":[],"damage_taken":[{"damage":2.0,"enemies":"Cultist","floor":1.0,"turns":4.0},{"damage":1.0,"enemies":"Jaw Worm","floor":4.0,"turns":3.0},{"damage":16.0,"enemies":"Gremlin Nob","floor":6.0,"turns":3.0},{"damage":0.0,"enemies":"Small Slimes","floor":13.0,"turns":3.0},{"damage":52.0,"enemies":"3 Sentries","floor":14.0,"turns":9.0},{"damage":40,"enemies":"The Guardian","floor":16,"turns":5}],"seed_played":"3297839494118377180","potions_obtained":[{"floor":1.0,"key":"PowerPotion"},{"floor":4.0,"key":"FearPotion"}],"is_trial":false,"path_per_floor":["M","?","?","M","$","E","R","$","T","?","?","R","M","E","R","B"],"character_chosen":"TD1MADAO_CLASS","items_purchased":["reliquary:FingerTrap","New Defend Magic","Weapon Shift","PrismaticShard","Provocative","Judgment","Sub Weapons","Load Balancing"],"campfire_rested":1,"item_purchase_floors":[0,0,5,5,5,5,8,8],"current_hp_per_floor":[63,63,63,62,62,46,46,46,46,63,69,69,69,17,39,0,0],"gold":47,"neow_bonus":"","is_daily":false,"chose_seed":false,"campfire_upgraded":2,"win_rate":0.0,"timestamp":1613813196,"path_taken":["M","?","?","?","$","E","R","$","T","?","?","R","M","E","R","BOSS"],"items_purchased_type":["Relic","Card","Card","Relic","Card","Card","Card","Card"],"build_version":"2020-12-22","purchased_purges":0,"victory":false,"max_hp_per_floor":[70,70,70,70,70,70,70,70,70,70,76,76,76,76,76,76,76],"relic_stats":{"counters":[69,320],"Tiny Chest":0,"obtain_stats":[{"reliquary:SilkGlove":22,"Gremlin Horn":26,"reliquary:Aerogel":12,"potionbrewer:AlchemistFlask":6,"Vajra":0,"theSenshi:FeatherClipsRelic":23,"hubris:RunicObelisk":17,"PrismaticShard":5,"conspire:TopHat":3,"conspire:InfiniteJournal":17,"Blood Vial":26,"Frozen Eye":18,"Nunchaku":17,"Dream Catcher":9,"conspire:GlowingRock":6,"hubris:Icosahedron":7,"reliquary:NewFriend":2,"Tiny Chest":9,"WingedGreaves":6,"reliquary:FingerTrap":0,"Potion Belt":8,"conspire:TreasureMap":28,"Runesmith:Nanobots":12,"hubris:DuctTape":27,"Golden Idol":7,"reliquary:TatteredRug":6,"reliquary:WeakTea":9,"Lsj Skin":14,"hubris:Towel":9,"Akabeko":24,"potionbrewer:Torch":0,"Calling Bell":17,"reliquary:RedPaperclip":17,"hubris:Spice":14,"betterThird:SlimedRelic":12,"Pandora\u0027s Box":17,"Molten Egg 2":9,"hubris:BundleOfHerbs":7,"reliquary:Stiletto":0,"Bag of Marbles":0,"hubris:TenFootPole":2,"conspire:BottledYoYo":17,"Apod":0,"Bottled Lightning":10,"potionbrewer:SlideRule":31,"hubris:OldNail":11},{"reliquary:SilkGlove":45,"Gremlin Horn":20,"reliquary:Aerogel":15,"potionbrewer:AlchemistFlask":4,"Vajra":47,"theSenshi:FeatherClipsRelic":46,"hubris:RunicObelisk":43,"PrismaticShard":65,"conspire:TopHat":12,"conspire:InfiniteJournal":28,"Blood Vial":32,"Frozen Eye":17,"Nunchaku":28,"Dream Catcher":39,"conspire:GlowingRock":51,"hubris:Icosahedron":38,"reliquary:NewFriend":54,"Tiny Chest":66,"WingedGreaves":38,"reliquary:FingerTrap":63,"Potion Belt":8,"conspire:TreasureMap":21,"Runesmith:Nanobots":40,"hubris:DuctTape":21,"Golden Idol":7,"reliquary:TatteredRug":66,"reliquary:WeakTea":8,"Lsj Skin":68,"hubris:Towel":4,"Akabeko":20,"potionbrewer:Torch":22,"Calling Bell":28,"reliquary:RedPaperclip":60,"hubris:Spice":16,"betterThird:SlimedRelic":27,"Pandora\u0027s Box":17,"Molten Egg 2":26,"hubris:BundleOfHerbs":4,"reliquary:Stiletto":35,"Bag of Marbles":0,"hubris:TenFootPole":6,"conspire:BottledYoYo":28,"Apod":0,"Bottled Lightning":8,"potionbrewer:SlideRule":34,"hubris:OldNail":14},{"reliquary:SilkGlove":220,"Gremlin Horn":105,"reliquary:Aerogel":75,"potionbrewer:AlchemistFlask":21,"Vajra":227,"theSenshi:FeatherClipsRelic":225,"hubris:RunicObelisk":214,"PrismaticShard":300,"conspire:TopHat":59,"conspire:InfiniteJournal":137,"Blood Vial":169,"Frozen Eye":89,"Nunchaku":137,"Dream Catcher":200,"conspire:GlowingRock":244,"hubris:Icosahedron":197,"reliquary:NewFriend":254,"Tiny Chest":303,"WingedGreaves":197,"reliquary:FingerTrap":294,"Potion Belt":40,"conspire:TreasureMap":111,"Runesmith:Nanobots":204,"hubris:DuctTape":111,"Golden Idol":32,"reliquary:TatteredRug":303,"reliquary:WeakTea":40,"Lsj Skin":315,"hubris:Towel":21,"Akabeko":105,"potionbrewer:Torch":112,"Calling Bell":137,"reliquary:RedPaperclip":276,"hubris:Spice":81,"betterThird:SlimedRelic":128,"Pandora\u0027s Box":89,"Molten Egg 2":125,"hubris:BundleOfHerbs":21,"reliquary:Stiletto":183,"Bag of Marbles":0,"hubris:TenFootPole":28,"conspire:BottledYoYo":137,"Apod":0,"Bottled Lightning":40,"potionbrewer:SlideRule":177,"hubris:OldNail":70}]},"card_choices":[{"not_picked":["Floating Even","Resistance"],"picked":"Fire Up","floor":1.0},{"not_picked":["Here Defend Chip","Bugfix"],"picked":"Light Attack","floor":4.0},{"not_picked":["TheCursedMod:Hemoplague","theVacant:Anguish"],"picked":"RobotSpaceExplorer:FreezingShield","floor":6.0},{"not_picked":["hermit:HighCaliber","Gremlin:FeelTheAudience"],"picked":"TheCursedMod:CircleOfCorruption","floor":13.0},{"not_picked":["ClearTheMind","Shuttle"],"picked":"meleeMod_AmsahTech","floor":14.0}],"player_experience":31043,"relics_obtained":[{"floor":6.0,"key":"reliquary:TatteredRug"},{"floor":9.0,"key":"Tiny Chest"},{"floor":14.0,"key":"Lsj Skin"}],"event_choices":[{"damage_healed":0.0,"max_hp_gain":0.0,"max_hp_loss":0.0,"gold_gain":0.0,"event_name":"Living Wall","player_choice":"Grow","floor":2.0,"gold_loss":0.0,"damage_taken":0.0,"cards_upgraded":["New Defend Magic"]},{"damage_healed":0.0,"max_hp_gain":0.0,"max_hp_loss":0.0,"gold_gain":275.0,"event_name":"Golden Shrine","player_choice":"Desecrate","floor":3.0,"gold_loss":0.0,"damage_taken":0.0,"cards_obtained":["Regret"]},{"damage_healed":17.0,"max_hp_gain":0.0,"max_hp_loss":0.0,"gold_gain":0.0,"event_name":"The Cleric","player_choice":"Healed","floor":10.0,"gold_loss":35.0,"damage_taken":0.0},{"damage_healed":0.0,"max_hp_gain":0.0,"max_hp_loss":0.0,"gold_gain":0.0,"event_name":"betterThird:BetterSerpent","player_choice":"RENOUNCE","floor":11.0,"gold_loss":11.0,"damage_taken":11.0,"cards_obtained":["Enlightenment"]}],"is_beta":false,"boss_relics":[],"items_purged_floors":[],"is_endless":false,"potions_floor_spawned":[1,4],"killed_by":"The Guardian","ascension_level":0}}