{"host":"gk9qdtkqd8dwfeg2","time":1613832447,"event":{"mods":["ATMod(°¢èªMod)","Act Like it!","Aspiration","BaseMod","Colored Powertips","Gensokyo","Minty Spire (QoL Compilation)","Quick Restart","Reimu£¨²©ÀöÁéÃÎ£©","Remilia£¨ÀÙÃ×ÀòÑÇ£©","Shop Mod","StSLib","TestMod","The Servant 0.9.4","Waifu the Spire","Youmu£¨»êÆÇÑýÃÎ£©"],"gold_per_floor":[117,217,217,117,117,144,158,186,237,237,250,262,287,18,18,111,111,135,150,150,165,490,523,523,555,600,53,83,110,149,29,29,123,123,141,141,141,158,158,197,235,272,272,318,718,718,742,585,585,598,614,614,614,10,49,82],"floor_reached":57,"language":"ZHS","playtime":2040,"items_purged":["Pain","Strike_R","Bash"],"score":3540,"play_id":"df759947-a797-43b6-be78-c4eeff216448","local_time":"20210220224727","is_ascension_mode":true,"campfire_choices":[{"data":"AT_BodySlamDance","floor":10.0,"key":"SMITH"},{"data":"AT_MachinaRedman","floor":15.0,"key":"SMITH"},{"data":"Bloodletting","floor":24.0,"key":"SMITH"},{"data":"Dual Wield","floor":32.0,"key":"SMITH"},{"floor":46,"key":"RECALL"},{"data":"Evolve","floor":49,"key":"SMITH"},{"data":"Gensokyo:AllTheWorldsEvil","floor":53,"key":"PURGE"}],"circlet_count":0,"master_deck":["AscendersBane","AT_MachinaRedman+1","AT_BodySlamDance+1","AT_Dispersion+1","Shockwave","Impervious","Pommel Strike+1","Escape Plan","Bloodletting+1","True Grit+1","Dual Wield+1","Feel No Pain","Offering","AT_ShrugMaster","Second Wind","Power Through+1","Gensokyo:ImpossibleRequest","Evolve+1","AT_IchimonjiDouble+1","Offering"],"relics":["Black Blood","AT_ATBox","testmod-Alchemist","NeowsBlessing","Gensokyo:LunaticRedEyes","Shuriken","Ancient Tea Set","AT_BellDemon","Bag of Preparation","Oddly Smooth Stone","testmod-Acrobat","MealTicket","MerchantsRug","WingedGreaves","testmod-Temperance","AT_ForceNature","testmod-IndustrialRevolution","Darkstone Periapt","Boot","Mango","Centennial Puzzle","Matryoshka","aspiration:ChemicalBlood","Lantern","Molten Egg 2","testmod-LifeArmor","HornCleat","Letter Opener","testmod-EqualTreatment","Gensokyo:SpiderMask","Art of War","RuthlessExorcism:ReiMu","AT_ArchangelStaff","testmod-Laevatain","aspiration:Lifesprig","Toy Ornithopter","testmod-Antiphasic","testmod-AssaultLearning","Nunchaku","Orichalcum","CeramicFish","Peace Pipe","AntiCross","Vajra","AT_EbonyIvory","ClockworkSouvenir","aspiration:SeaSaltIceCream","aspiration:Nostalgia","HalfPhantom","AT_SilvercatRing","AT_ChloranthyRing","Eternal Feather"],"acts_visited":["Exordium","Gensokyo:Gensokyo","Gensokyo:Gensokyoer","TheEnding"],"potions_floor_usage":[56,56],"damage_taken":[{"damage":0.0,"enemies":"Gensokyo:3_Fairies","floor":1.0,"turns":1.0},{"damage":0.0,"enemies":"Gensokyo:Aya","floor":6.0,"turns":1.0},{"damage":0.0,"enemies":"Gensokyo:2_Kodama","floor":7.0,"turns":1.0},{"damage":14.0,"enemies":"Gensokyo:Cirno","floor":8.0,"turns":7.0},{"damage":0.0,"enemies":"Gensokyo:Gryphon","floor":11.0,"turns":1.0},{"damage":0.0,"enemies":"Gensokyo:5_Fairies","floor":12.0,"turns":3.0},{"damage":29.0,"enemies":"Gensokyo:Mamizou","floor":13.0,"turns":5.0},{"damage":74.0,"enemies":"Gensokyo:Yukari","floor":16.0,"turns":9.0},{"damage":34.0,"enemies":"Gensokyo:CosmicMonolith","floor":18.0,"turns":3.0},{"damage":0.0,"enemies":"Gensokyo:2_Gloops","floor":19.0,"turns":2.0},{"damage":0.0,"enemies":"Gensokyo:Slime_Group","floor":21.0,"turns":2.0},{"damage":1.0,"enemies":"Gensokyo:Tenshi","floor":23.0,"turns":2.0},{"damage":1.0,"enemies":"Gensokyo:Reisen","floor":25.0,"turns":3.0},{"damage":4.0,"enemies":"Gensokyo:Koishi","floor":28.0,"turns":2.0},{"damage":4.0,"enemies":"Gensokyo:Monolith_and_Dog","floor":29.0,"turns":2.0},{"damage":1.0,"enemies":"Gensokyo:Tenshi","floor":30.0,"turns":1.0},{"damage":33.0,"enemies":"Gensokyo:Kaguya","floor":33.0,"turns":5.0},{"damage":1.0,"enemies":"Gensokyo:3_Boulders","floor":35.0,"turns":1.0},{"damage":3,"enemies":"Gensokyo:AncientGuardian","floor":38,"turns":1},{"damage":4,"enemies":"Gensokyo:Marisa","floor":40,"turns":2},{"damage":4,"enemies":"Gensokyo:Doremy","floor":41,"turns":3},{"damage":0,"enemies":"Gensokyo:Kasen","floor":42,"turns":1},{"damage":4,"enemies":"Gensokyo:Doremy","floor":44,"turns":2},{"damage":17,"enemies":"Gensokyo:Shinki","floor":50,"turns":4},{"damage":6,"enemies":"Gensokyo:Scarlet_Devils","floor":51,"turns":3},{"damage":3,"enemies":"Shield and Spear","floor":55,"turns":2},{"damage":10,"enemies":"The Heart","floor":56,"turns":4}],"seed_played":"7197872681992689442","potions_obtained":[{"floor":1.0,"key":"BloodPotion"},{"floor":7.0,"key":"DuplicationPotion"},{"floor":13.0,"key":"ZuzhouPotion:ReiMu"},{"floor":16.0,"key":"Energy Potion"},{"floor":28.0,"key":"Weak Potion"},{"floor":33.0,"key":"Fire Potion"},{"floor":35.0,"key":"ColorlessPotion"},{"floor":56,"key":"SkillPotion"}],"is_trial":false,"path_per_floor":["M","?","?","$","T","E","M","E","T","R","M","M","E","$","R","B",null,"M","M","?","M","?","E","R","E","T","$","E","M","E","?","R","B",null,"M","?","?","M","$","E","E","E","T","E","?","R","T","$","R","B","B",null,"R","$","E","B",null],"character_chosen":"IRONCLAD","items_purchased":["AT_BodySlamDance","MerchantsRug","Feel No Pain","Offering","Lantern","ClockworkSouvenir","aspiration:SeaSaltIceCream","AT_SilvercatRing","Offering"],"campfire_rested":0,"item_purchase_floors":[4,14,27,27,27,48,54,54,54],"current_hp_per_floor":[74,74,74,74,74,75,75,75,75,75,75,75,67,75,75,22,62,49,55,55,75,75,89,89,89,89,89,89,89,89,89,89,62,82,89,89,89,107,107,107,107,107,107,107,107,107,107,107,107,102,107,107,107,107,107,107],"gold":82,"neow_bonus":"THREE_ENEMY_KILL","is_daily":false,"chose_seed":false,"campfire_upgraded":5,"win_rate":0.0,"timestamp":1613832447,"path_taken":["M","?","?","$","?","E","M","E","T","R","M","M","E","$","R","BOSS","M","M","?","?","?","E","R","E","T","$","E","M","E","?","R","BOSS","M","?","?","M","$","E","E","E","T","E","?","R","?","$","R","BOSS","BOSS","R","$","E","BOSS"],"items_purchased_type":["Card","Relic","Card","Card","Relic","Relic","Relic","Relic","Card"],"build_version":"2020-12-22","purchased_purges":3,"victory":true,"max_hp_per_floor":[75,75,75,75,75,75,75,75,75,75,75,75,75,75,75,75,75,75,75,75,75,75,89,89,89,89,89,89,89,89,89,89,89,89,89,89,89,107,107,107,107,107,107,107,107,107,107,107,107,107,107,107,107,107,107,107],"card_choices":[{"not_picked":["Searing Blow","Heavy Blade"],"picked":"Whirlwind","floor":1.0},{"not_picked":["Entrench","Body Slam"],"picked":"AT_Dispersion","floor":6.0},{"not_picked":["Warcry","Thunderclap"],"picked":"AT_IchimonjiDouble","floor":7.0},{"not_picked":["Pommel Strike","Heavy Blade","Uppercut"],"picked":"SKIP","floor":8.0},{"not_picked":["Clothesline","Heavy Blade","Anger"],"picked":"SKIP","floor":11.0},{"not_picked":["Havoc","Clash","Pommel Strike"],"picked":"SKIP","floor":12.0},{"not_picked":["Clash","Flame Barrier"],"picked":"Shockwave","floor":13.0},{"not_picked":["Double Tap","Feed"],"picked":"Impervious","floor":16.0},{"not_picked":["Dropkick","Searing Blow","Flex"],"picked":"SKIP","floor":18.0},{"not_picked":["Clothesline+1","Warcry"],"picked":"Pommel Strike+1","floor":19.0},{"not_picked":["Body Slam","Whirlwind"],"picked":"Bloodletting","floor":21.0},{"not_picked":["Cleave","Infernal Blade"],"picked":"True Grit+1","floor":23.0},{"not_picked":["Twin Strike","Battle Trance"],"picked":"Dual Wield","floor":25.0},{"not_picked":["Battle Trance","Blood for Blood+1"],"picked":"AT_ShrugMaster","floor":28.0},{"not_picked":["Flex","Reaper+1","Sword Boomerang+1"],"picked":"SKIP","floor":29.0},{"not_picked":["Body Slam+1","Headbutt+1"],"picked":"Second Wind","floor":30.0},{"not_picked":["Shrug It Off","Clash+1"],"picked":"Power Through+1","floor":35.0},{"not_picked":["Perfected Strike+1","Headbutt+1","Spot Weakness"],"picked":"SKIP","floor":38},{"not_picked":["AT_ShrugMaster","Havoc","Shrug It Off"],"picked":"SKIP","floor":40},{"not_picked":["Immolate+1","Armaments+1","Spot Weakness"],"picked":"SKIP","floor":41},{"not_picked":["Power Through","Carnage+1"],"picked":"Evolve","floor":42},{"not_picked":["Clash+1","Warcry"],"picked":"AT_IchimonjiDouble+1","floor":44},{"not_picked":["Sever Soul+1","Rampage+1","Havoc"],"picked":"SKIP","floor":55}],"player_experience":800569,"relics_obtained":[{"floor":5.0,"key":"Shuriken"},{"floor":6.0,"key":"InkBottle"},{"floor":8.0,"key":"Ancient Tea Set"},{"floor":9.0,"key":"AT_BellDemon"},{"floor":11.0,"key":"Bag of Preparation"},{"floor":12.0,"key":"Oddly Smooth Stone"},{"floor":13.0,"key":"testmod-Acrobat"},{"floor":13.0,"key":"MealTicket"},{"floor":16.0,"key":"WingedGreaves"},{"floor":18.0,"key":"AT_ForceNature"},{"floor":19.0,"key":"testmod-IndustrialRevolution"},{"floor":21.0,"key":"Darkstone Periapt"},{"floor":23.0,"key":"Boot"},{"floor":23.0,"key":"Mango"},{"floor":25.0,"key":"Centennial Puzzle"},{"floor":25.0,"key":"Matryoshka"},{"floor":26.0,"key":"aspiration:ChemicalBlood"},{"floor":28.0,"key":"Molten Egg 2"},{"floor":28.0,"key":"testmod-LifeArmor"},{"floor":29.0,"key":"HornCleat"},{"floor":30.0,"key":"Letter Opener"},{"floor":30.0,"key":"testmod-EqualTreatment"},{"floor":33.0,"key":"Art of War"},{"floor":35.0,"key":"RuthlessExorcism:ReiMu"},{"floor":38,"key":"testmod-Laevatain"},{"floor":40,"key":"aspiration:Lifesprig"},{"floor":40,"key":"Toy Ornithopter"},{"floor":41,"key":"testmod-Antiphasic"},{"floor":41,"key":"testmod-AssaultLearning"},{"floor":42,"key":"Nunchaku"},{"floor":42,"key":"Orichalcum"},{"floor":43,"key":"CeramicFish"},{"floor":43,"key":"Peace Pipe"},{"floor":44,"key":"AntiCross"},{"floor":44,"key":"Vajra"},{"floor":47,"key":"AT_EbonyIvory"},{"floor":55,"key":"AT_ChloranthyRing"},{"floor":55,"key":"Eternal Feather"}],"event_choices":[{"damage_healed":0,"gold_gain":400,"player_choice":"Sell","damage_taken":0,"max_hp_gain":0,"max_hp_loss":0,"event_name":"¶÷ÂåË¹µÄÅÌ×Ó","floor":45,"relics_lost":["testmod-TestBox"],"gold_loss":0}],"is_beta":false,"boss_relics":[{"not_picked":["Calling Bell","Snecko Eye"],"picked":"testmod-Temperance"},{"not_picked":["testmod-DeterminationOfClimber","Runic Cube"],"picked":"Black Blood"}],"items_purged_floors":[4,14,27],"is_endless":false,"potions_floor_spawned":[1,7,13,16,28,29,30,35,38,41],"ascension_level":20}}