{"host":"ipcfr4ajj2jkxvg7","time":1613811346,"event":{"mods":["BaseMod","Colored Powertips","GifTheSpireLib","Marisa（F雨　魔理沙）","Minty Spire (QoL Compilation)","Quick Restart","Remilia（蕾米莉亚）","Replay The Spire","RumiaBox-露米娅的神秘盒子","StSLib"],"gold_per_floor":[110,110,110,24,36,36,67,67,90,102,127,137,4,18,18,96,96,115,115,125,137,19,19,19,51,51,51,71,90,40,56,56,130,130,146,157,173,184,184,184],"floor_reached":39,"language":"ZHS","playtime":884,"items_purged":["Strike_MRS"],"score":861,"play_id":"9e3eeeec-9b2b-4dfc-96ff-c80e58ac7466","local_time":"20210220165546","is_ascension_mode":true,"campfire_choices":[{"data":"MachineGunSpark","floor":6.0,"key":"SMITH"},{"floor":15.0,"key":"REST"},{"data":"PropBag","floor":23.0,"key":"SMITH"},{"floor":27.0,"key":"REST"},{"floor":32.0,"key":"REST"}],"circlet_count":0,"master_deck":["AscendersBane","Strike_MRS","Strike_MRS","Strike_MRS+1","Defend_MRS+1","Defend_MRS","MasterSpark","UpSweep","GalacticHalo","MachineGunSpark+1","Acceleration","StarBarrage","PowerUp","PowerUp","MagicAbsorber","DeepEcoloBomb","PowerUp","ManaConvection","PowerUp","PropBag+1","MagicAbsorber","MilkyWay","MilkyWay","PropBag","PulseMagic","MilkyWay","PulseMagic"],"relics":["MiniHakkero","NeowsBlessing","AddBug","SecretRecord","SecretRecord","SecretRecord","SecretRecord","SecretRecord","SecretRecord","SecretRecord"],"acts_visited":["Exordium","TheCity","TheBeyond"],"potions_floor_usage":[],"damage_taken":[{"damage":0.0,"enemies":"Jaw Worm","floor":1.0,"turns":1.0},{"damage":0.0,"enemies":"2 Louse","floor":5.0,"turns":1.0},{"damage":0.0,"enemies":"Gremlin Nob","floor":7.0,"turns":1.0},{"damage":0.0,"enemies":"Cultist","floor":10.0,"turns":3.0},{"damage":15.0,"enemies":"3 Sentries","floor":11.0,"turns":6.0},{"damage":0.0,"enemies":"2 Fungi Beasts","floor":12.0,"turns":2.0},{"damage":12.0,"enemies":"Lots of Slimes","floor":14.0,"turns":3.0},{"damage":4.0,"enemies":"The Guardian","floor":16.0,"turns":4.0},{"damage":3.0,"enemies":"2 Thieves","floor":18.0,"turns":3.0},{"damage":27.0,"enemies":"Shell Parasite","floor":20.0,"turns":3.0},{"damage":9.0,"enemies":"3 Cultists","floor":21.0,"turns":4.0},{"damage":10.0,"enemies":"Book of Stabbing","floor":25.0,"turns":3.0},{"damage":2.0,"enemies":"Snecko","floor":28.0,"turns":3.0},{"damage":10.0,"enemies":"Chosen and Byrds","floor":29.0,"turns":4.0},{"damage":11.0,"enemies":"Snake Plant","floor":31.0,"turns":2.0},{"damage":20.0,"enemies":"Automaton","floor":33.0,"turns":3.0},{"damage":0.0,"enemies":"Orb Walker","floor":35.0,"turns":1.0},{"damage":0.0,"enemies":"3 Darklings","floor":36.0,"turns":2.0},{"damage":6.0,"enemies":"Writhing Mass","floor":37.0,"turns":3.0},{"damage":29.0,"enemies":"Spire Growth","floor":38.0,"turns":3.0},{"damage":12,"enemies":"Jaw Worm Horde","floor":39,"turns":2}],"seed_played":"-4935922947426000904","potions_obtained":[{"floor":7.0,"key":"BottledSpark"},{"floor":10.0,"key":"Block Potion"},{"floor":12.0,"key":"ColorlessPotion"},{"floor":20.0,"key":"LiquidMemories"},{"floor":29.0,"key":"Weak Potion"},{"floor":31.0,"key":"Weak Potion"},{"floor":33.0,"key":"GamblersBrew"}],"is_trial":false,"path_per_floor":["M","?","?","$","M","R","E","?","T","M","E","M","$","M","R","B",null,"M","?","M","M","$","R","T","E","T","R","M","M","$","M","R","B",null,"M","M","M","M","M"],"character_chosen":"MARISA","items_purchased":["MachineGunSpark","DeepEcoloBomb","PowerUp","PropBag","MilkyWay"],"campfire_rested":3,"item_purchase_floors":[4,13,13,22,30],"current_hp_per_floor":[63,42,42,42,42,42,42,42,42,42,27,27,27,15,36,32,61,58,58,31,22,22,22,22,12,12,33,31,21,21,10,31,11,55,55,55,49,20,8,8],"gold":184,"neow_bonus":"THREE_ENEMY_KILL","is_daily":false,"chose_seed":false,"campfire_upgraded":2,"win_rate":0.0,"timestamp":1613811346,"path_taken":["M","?","?","?","?","R","E","?","T","M","E","?","$","M","R","BOSS","M","?","?","?","$","R","?","E","T","R","M","M","?","M","R","BOSS","M","M","M","M","M"],"items_purchased_type":["Card","Card","Card","Card","Card"],"build_version":"2020-12-22","purchased_purges":1,"victory":false,"max_hp_per_floor":[70,70,70,70,70,70,70,70,70,70,70,70,70,70,70,70,70,70,70,70,70,70,70,70,70,70,70,70,70,70,70,70,70,70,70,70,70,70,70,70],"card_choices":[{"not_picked":["WitchLeyline","StarlightTyphoon"],"picked":"GalacticHalo","floor":1.0},{"not_picked":["WitchOfGreed","AsteroidBelt"],"picked":"Acceleration","floor":5.0},{"not_picked":["DoubleSpark","MeteoricShower"],"picked":"StarBarrage","floor":7.0},{"not_picked":["OortCloud","DeepEcoloBomb"],"picked":"PowerUp","floor":10.0},{"not_picked":["ChargeUpSpray","ChargingUp"],"picked":"PowerUp","floor":11.0},{"not_picked":["DragonMeteor","DarkMatter"],"picked":"MagicAbsorber","floor":12.0},{"not_picked":["GrandCross","DC","AsteroidBelt"],"picked":"SKIP","floor":14.0},{"not_picked":["GravityBeat","SporeBomb"],"picked":"ManaConvection","floor":18.0},{"not_picked":["SporeBomb","Singularity+1","ShootingEcho"],"picked":"SKIP","floor":20.0},{"not_picked":["LuminesStrike","MeteoricShower"],"picked":"PowerUp","floor":21.0},{"not_picked":["GalacticHalo","WitchLeyline+1","DarkMatter"],"picked":"SKIP","floor":25.0},{"not_picked":["GalacticHalo","DoubleSpark+1","PropBag+1"],"picked":"SKIP","floor":28.0},{"not_picked":["DoubleSpark+1","OneTimeOff+1"],"picked":"MagicAbsorber","floor":29.0},{"not_picked":["DarkSpark","OneTimeOff"],"picked":"MilkyWay","floor":31.0},{"not_picked":["OortCloud+1","DarkSpark"],"picked":"PropBag","floor":35.0},{"not_picked":["UnstableBomb","DoubleSpark"],"picked":"PulseMagic","floor":36.0},{"not_picked":["6A","IllusionStar"],"picked":"MilkyWay","floor":37.0},{"not_picked":["PowerUp","WitchLeyline"],"picked":"PulseMagic","floor":38.0}],"player_experience":481959,"relics_obtained":[{"floor":1.0,"key":"AddBug"},{"floor":3.0,"key":"Ring of Peace"},{"floor":3.0,"key":"Ring of Panic"},{"floor":7.0,"key":"Juzu Bracelet"},{"floor":9.0,"key":"PreservedInsect"},{"floor":11.0,"key":"Ice Cream"},{"floor":14.0,"key":"SecretRecord"},{"floor":21.0,"key":"SecretRecord"},{"floor":24.0,"key":"War Paint"},{"floor":25.0,"key":"Replay:Rubber Ducky"},{"floor":26.0,"key":"The Courier"},{"floor":29.0,"key":"SecretRecord"},{"floor":33.0,"key":"SecretRecord"},{"floor":36.0,"key":"SecretRecord"},{"floor":38.0,"key":"SecretRecord"}],"event_choices":[{"damage_healed":0.0,"max_hp_gain":0.0,"max_hp_loss":0.0,"gold_gain":0.0,"event_name":"Shining Light","player_choice":"Entered Light","floor":2.0,"gold_loss":0.0,"damage_taken":21.0,"cards_upgraded":["Defend_MRS","Strike_MRS"]},{"cards_removed":["Defend_MRS"],"damage_healed":0.0,"max_hp_gain":0.0,"max_hp_loss":0.0,"gold_gain":0.0,"event_name":"Purifier","player_choice":"Purged","floor":8.0,"gold_loss":0.0,"damage_taken":0.0},{"cards_removed":["Defend_MRS"],"damage_healed":0.0,"max_hp_gain":0.0,"max_hp_loss":0.0,"gold_gain":0.0,"event_name":"Bonfire Elementals","player_choice":"Offered Basic","floor":19.0,"gold_loss":0.0,"damage_taken":0.0}],"is_beta":false,"boss_relics":[{"not_picked":["Sozu","RampagingMagicTools"],"picked":"Replay:Bronze Core"},{"not_picked":["Tiny House","Runic Dome"],"picked":"SacredBark"}],"items_purged_floors":[22],"is_endless":false,"potions_floor_spawned":[7,10,12,20,29,31,33],"killed_by":"Jaw Worm Horde","ascension_level":18}}