{"host":"g7uq9uzahx9e0kti","time":1613831642,"event":{"mods":["100% Spire Juice","AchievementEnabler","Act Like it!","Arknights","BaseMod","CapriCore","Hermit","Koishi","Minty Spire (QoL Compilation)","Permanent Neow","Quick Restart","StSLib","SuperFastMode","The Bug Knight","The Cursed","The Hierophant","The Poker Player","Together in Spire","WarShipGirlsR/??á´Ò³R mod"],"gold_per_floor":[109,109,121,121,132,132,149,163,241,275,61,61,72,88,88,193,193,213,213,230,130,130,166,166,166,166],"floor_reached":25,"language":"KOR","playtime":1282,"items_purged":["hermit:Strike_Hermit","hermit:Strike_Hermit"],"score":223,"play_id":"6ce0ada2-456b-49ee-871c-afc698686bb3","local_time":"20210220233402","is_ascension_mode":false,"campfire_choices":[{"data":"hermit:GoldenBullet","floor":6,"key":"SMITH"},{"data":"hermit:CalledShot","floor":12,"key":"SMITH"},{"data":"hermit:Headshot","floor":15,"key":"SMITH"},{"data":"hermit:Scavenge","floor":24,"key":"SMITH"}],"circlet_count":0,"master_deck":["hermit:Strike_Hermit","hermit:Strike_Hermit","hermit:Defend_Hermit","hermit:Defend_Hermit","hermit:Defend_Hermit","hermit:Snapshot","hermit:Covet","hermit:HighCaliber+1","hermit:GoldenBullet+1","Regret","hermit:Scavenge+1","hermit:CalledShot+1","hermit:Ricochet","hermit:SprayPray","hermit:FinalCanter","hermit:BodyArmor","hermit:Headshot+1","hermit:Gambit","hermit:Manifest","hermit:GoldenBullet","hermit:Scavenge","hermit:LuckOfTheDraw"],"relics":["hermit:Momento","Thread and Needle","Du-Vu Doll","Toy Ornithopter","SlaversCollar","hermit:CharredGlove"],"acts_visited":["Exordium","TheCity"],"potions_floor_usage":[8,16,16],"damage_taken":[{"damage":0,"enemies":"2 Louse","floor":1,"turns":3},{"damage":0,"enemies":"Cultist","floor":3,"turns":2},{"damage":0,"enemies":"Small Slimes","floor":5,"turns":2},{"damage":0,"enemies":"Exordium Thugs","floor":7,"turns":5},{"damage":0,"enemies":"Looter","floor":8,"turns":1},{"damage":5,"enemies":"3 Sentries","floor":10,"turns":6},{"damage":0,"enemies":"Large Slime","floor":13,"turns":3},{"damage":4,"enemies":"Exordium Wildlife","floor":14,"turns":2},{"damage":40,"enemies":"The Guardian","floor":16,"turns":9},{"damage":0,"enemies":"Chosen","floor":18,"turns":2},{"damage":0,"enemies":"Shell Parasite","floor":20,"turns":4},{"damage":63,"enemies":"Book of Stabbing","floor":23,"turns":6},{"damage":12,"enemies":"Snake Plant","floor":25,"turns":1}],"seed_played":"2783093825383049784","potions_obtained":[{"floor":1,"key":"ColorlessPotion"},{"floor":3,"key":"Strength Potion"},{"floor":10,"key":"LiquidMemories"},{"floor":14,"key":"SneckoOil"}],"is_trial":false,"path_per_floor":["M","?","M","?","M","R","M","M","T","E","$","R","M","M","R","B",null,"M","?","M","$","?","E","R","M"],"character_chosen":"HERMIT","items_purchased":["hermit:FinalCanter"],"campfire_rested":0,"item_purchase_floors":[11],"current_hp_per_floor":[54,54,54,54,54,54,54,54,54,49,49,49,49,45,45,15,75,75,75,75,75,75,12,12,0,0],"gold":166,"neow_bonus":"ONE_RARE_RELIC","is_daily":false,"chose_seed":false,"campfire_upgraded":4,"win_rate":0.0,"timestamp":1613831642,"path_taken":["M","?","?","?","M","R","M","M","T","E","$","R","M","M","R","BOSS","M","?","M","?","?","E","R","M"],"items_purchased_type":["Card"],"build_version":"2020-12-22","purchased_purges":2,"victory":false,"max_hp_per_floor":[75,75,75,75,75,75,75,75,75,75,75,75,75,75,75,75,75,75,75,75,75,75,75,75,75,75],"card_choices":[{"not_picked":["hermit:Maintenance","hermit:Showdown"],"picked":"hermit:HighCaliber","floor":1},{"not_picked":["hermit:Headshot","hermit:FullyLoaded"],"picked":"hermit:GoldenBullet","floor":3},{"not_picked":["hermit:CalledShot","hermit:Gambit"],"picked":"hermit:Scavenge","floor":5},{"not_picked":["hermit:ItchyTrigger","hermit:HoleUp"],"picked":"hermit:CalledShot","floor":7},{"not_picked":["hermit:TakeCover","hermit:Roulette"],"picked":"hermit:Ricochet","floor":8},{"not_picked":["hermit:Cheat","hermit:Feint"],"picked":"hermit:SprayPray","floor":10},{"not_picked":["hermit:RoundhouseKick","hermit:Quickdraw"],"picked":"hermit:BodyArmor","floor":13},{"not_picked":["hermit:Vantage","hermit:BodyArmor"],"picked":"hermit:Headshot","floor":14},{"not_picked":["hermit:HeroicBravado","hermit:Magnum"],"picked":"hermit:Gambit","floor":16},{"not_picked":["hermit:Coalescence","hermit:Combo","hermit:Maintenance+1"],"picked":"SKIP","floor":18},{"not_picked":["hermit:Manifest","hermit:PistolWhip"],"picked":"hermit:GoldenBullet","floor":20},{"not_picked":["hermit:NoHoldsBarred","hermit:Determination"],"picked":"hermit:LuckOfTheDraw","floor":23}],"player_experience":146834,"relics_obtained":[{"floor":10,"key":"Toy Ornithopter"},{"floor":23,"key":"hermit:CharredGlove"}],"event_choices":[{"damage_healed":0,"gold_gain":0,"player_choice":"Upgraded","damage_taken":0,"max_hp_gain":0,"max_hp_loss":0,"event_name":"Upgrade Shrine","floor":2,"gold_loss":0,"cards_upgraded":["hermit:HighCaliber"]},{"damage_healed":0,"gold_gain":0,"player_choice":"Box","damage_taken":0,"relics_obtained":["Du-Vu Doll"],"max_hp_gain":0,"max_hp_loss":0,"event_name":"Big Fish","floor":4,"gold_loss":0,"cards_obtained":["Regret"]},{"damage_healed":0,"gold_gain":0,"cards_transformed":["hermit:Defend_Hermit"],"player_choice":"Transformed","damage_taken":0,"max_hp_gain":0,"max_hp_loss":0,"event_name":"Transmorgrifier","floor":19,"gold_loss":0,"cards_obtained":["hermit:Manifest"]},{"damage_healed":0,"gold_gain":0,"player_choice":"Read","damage_taken":0,"max_hp_gain":0,"max_hp_loss":0,"event_name":"The Library","floor":22,"gold_loss":0,"cards_obtained":["hermit:Scavenge"]}],"is_beta":false,"boss_relics":[{"not_picked":["Fusion Hammer","SacredBark"],"picked":"SlaversCollar"}],"items_purged_floors":[11,21],"is_endless":false,"potions_floor_spawned":[1,3,10,14],"killed_by":"Snake Plant","ascension_level":0}}