{"host":"1ftto2vaskemldx8","time":1613846643,"event":{"mods":["BaseMod","Downfall","Minty Spire (QoL Compilation)","Replay The Spire","StSLib","Together in Spire","[功能]功能增强和修复MOD"],"gold_per_floor":[99,119,138,152,1,14,66,76,86,96,96,130,140,150,169,269,269,269,284,284,131,181,181,206,206,428,445,474,474,361,393,414,533,533,533,533,598,623,662,576,610,619,487,487,514,575,613,650,700,724],"floor_reached":51,"language":"ZHS","playtime":3445,"items_purged":["Slimebound:Strike_Slimebound","Slimebound:Defend_Slimebound","Slimebound:Strike_Slimebound","Slimebound:Defend_Slimebound","Slimebound:Strike_Slimebound","Slimebound:Defend_Slimebound","Languid","Spreading Infection","ReplayTheSpireMod:Restless Dread","Delirium","Voices","Voices"],"score":850,"play_id":"de1d659d-c5c1-4465-9aa8-31a1baf30d68","local_time":"20210221024403","is_ascension_mode":true,"campfire_choices":[{"data":"Slimebound:Split","floor":1,"key":"SMITH"},{"data":"Slimebound:SlimeBrawl","floor":11,"key":"SMITH"},{"data":"Slimebound:FormOfPuddle","floor":18,"key":"SMITH"},{"data":"Slimebound:DisruptingSlam","floor":23,"key":"SMITH"},{"data":"Slimebound:GoopSpray","floor":25,"key":"SMITH"},{"floor":35,"key":"DIG"},{"data":"Slimebound:RollThrough","floor":44,"key":"SMITH"}],"circlet_count":0,"master_deck":["Slimebound:Tackle","Slimebound:Split+1","Slimebound:CorrosiveSpit","Slimebound:RollThrough+1","Slimebound:SlimeBrawl+1","Slimebound:GoopSpray+1","Slimebound:SlimeSpikes","Slimebound:SamplingLick+1","Slimebound:MegaLick+1","Slimebound:AcidTongue+1","Slimebound:SlimeSlap+1","Slimebound:LeechingTouch","Slimebound:FormOfPuddle+1","Slimebound:DisruptingSlam+1","Slimebound:SplitAcid","Slimebound:MassRepurpose+1","Slimebound:Nibble","Slimebound:OozeBath+1","expansioncontent:QuickStudy+1","Slimebound:Schlurp+1","Slimebound:SplitBruiser+1","Slimebound:ProtectTheBoss","expansioncontent:DashGenerateEvil+1","Slimebound:RejuvenatingLick","Slimebound:PrepareCrush+1","Slimebound:SelfFormingGoo+1","Slimebound:HauntingLick","Slimebound:MegaLick+1","Slimebound:RallyTheTroops+1","Slimebound:SlimeTap+1","Slimebound:CheckThePlaybook+1","Slimebound:LevelUp+1","Slimebound:Repurpose+1","Slimebound:ForwardTackle+1","Slimebound:GoopSpray","Looming Evil","Slimebound:ServeAndProtect+1","Slimebound:RallyTheTroops+1","Voices"],"relics":["Coffee Dripper","Golden Egg","Nunchaku","Chemical X","Omamori","Akabeko","Slimebound:TarBlob","Boot","Oddly Smooth Stone","Guide Book","Ring of Greed","MealTicket","Replay:Bandana","Ring of Panic","Bag of Marbles","Frozen Eye","Slimebound:MaxSlimesRelic","Tiny Chest","Slimebound:AggressiveSlimeRelic","Bottled Tornado","Replay:Grab Bag","SlaversCollar","Cursed Key","SacredBark","CeramicFish","Turnip","Replay:Bottled Snecko","Question Card","Orrery","Strawberry","Snack Pack","Vajra","Replay:Bottled Eggs","BargainBundle","HornCleat","The Courier"],"acts_visited":["Exordium","TheCity","TheBeyond"],"potions_floor_usage":[12,12,16,16,16,33,33,33,47,50,50],"damage_taken":[{"damage":0,"enemies":"Cultist","floor":2,"turns":3},{"damage":5,"enemies":"2 Louse","floor":3,"turns":3},{"damage":0,"enemies":"Jaw Worm","floor":4,"turns":3},{"damage":0,"enemies":"downfall:FleeingMerchant","floor":5,"turns":4},{"damage":0,"enemies":"2 Fungi Beasts","floor":6,"turns":2},{"damage":0,"enemies":"3 Louse","floor":8,"turns":1},{"damage":0,"enemies":"Exordium Wildlife","floor":9,"turns":4},{"damage":0,"enemies":"Large Slime","floor":10,"turns":3},{"damage":3,"enemies":"Gremlin Nob","floor":12,"turns":3},{"damage":0,"enemies":"3 Louse","floor":13,"turns":2},{"damage":2,"enemies":"Blue Slaver","floor":14,"turns":4},{"damage":0,"enemies":"2 Fungi Beasts","floor":15,"turns":2},{"damage":2,"enemies":"IC_STATUS_ARCHETYPE","floor":16,"turns":6},{"damage":3,"enemies":"Shell Parasite","floor":19,"turns":5},{"damage":0,"enemies":"downfall:FleeingMerchant","floor":21,"turns":4},{"damage":5,"enemies":"downfall:FleeingMerchant","floor":26,"turns":4},{"damage":0,"enemies":"Spheric Guardian","floor":27,"turns":2},{"damage":0,"enemies":"Cultist and Chosen","floor":28,"turns":3},{"damage":18,"enemies":"Shelled Parasite and Fungi","floor":31,"turns":2},{"damage":0,"enemies":"Snake Plant","floor":32,"turns":3},{"damage":16,"enemies":"SI_MIRROR_ARCHETYPE","floor":33,"turns":8},{"damage":0,"enemies":"SI_MIRROR_ARCHETYPE","floor":37,"turns":4},{"damage":0,"enemies":"3 Darklings","floor":38,"turns":4},{"damage":0,"enemies":"Orb Walker","floor":39,"turns":2},{"damage":19,"enemies":"Writhing Mass","floor":45,"turns":2},{"damage":0,"enemies":"R_Hoarder","floor":46,"turns":4},{"damage":0,"enemies":"Jaw Worm Horde","floor":47,"turns":1},{"damage":2,"enemies":"Giant Head","floor":48,"turns":5},{"damage":12,"enemies":"Maw","floor":49,"turns":4},{"damage":33,"enemies":"DF_ARCHETYPE_ORBS","floor":50,"turns":5}],"seed_played":"2412071612276359954","potions_obtained":[{"floor":2,"key":"Fire Potion"},{"floor":2,"key":"AttackPotion"},{"floor":4,"key":"champ:CounterPotion"},{"floor":8,"key":"Strength Potion"},{"floor":9,"key":"Regen Potion"},{"floor":13,"key":"Swift Potion"},{"floor":13,"key":"Regen Potion"},{"floor":16,"key":"EssenceOfSteel"},{"floor":19,"key":"SpeedPotion"},{"floor":27,"key":"bronze:BurnAndBuffPotion"},{"floor":27,"key":"SkillPotion"},{"floor":31,"key":"Strength Potion"},{"floor":33,"key":"Milkshake"},{"floor":38,"key":"Explosive Potion"},{"floor":39,"key":"Dexterity Potion"},{"floor":46,"key":"SkillPotion"},{"floor":48,"key":"SteroidPotion"}],"is_trial":false,"path_per_floor":["R","M","M","M","$","M","T","M","M","M","R","E","M","M","M","B",null,"R","M","?","$","?","R","T","R","$","M","M","?","$","M","M","B",null,"R","?","?","M","M","$","T","T","$","R","M","E","M","E","M","B",null],"character_chosen":"SLIMEBOUND","items_purchased":["Golden Egg","Nunchaku","Chemical X","Slimebound:SamplingLick","Boot","Oddly Smooth Stone","Guide Book","expansioncontent:QuickStudy","Frozen Eye","Slimebound:MaxSlimesRelic","Tiny Chest","Slimebound:SplitBruiser","Slimebound:AggressiveSlimeRelic","Bottled Tornado","expansioncontent:DashGenerateEvil","Replay:Bottled Snecko","Question Card","Orrery","Vajra","Replay:Bottled Eggs","BargainBundle","Slimebound:ForwardTackle+1"],"campfire_rested":0,"item_purchase_floors":[5,5,5,5,21,21,21,21,26,26,26,26,30,30,30,40,40,40,43,43,43,43],"current_hp_per_floor":[65,65,60,60,60,60,60,60,60,60,60,62,62,60,60,65,65,65,62,62,62,62,62,62,62,60,60,60,49,64,46,46,30,70,70,70,70,70,70,70,77,77,77,77,58,62,66,66,58,29],"gold":724,"neow_bonus":"BOSS_RELIC","is_daily":false,"chose_seed":false,"campfire_upgraded":6,"win_rate":0.0,"timestamp":1613846643,"path_taken":["R","M","M","M","$","M","T","M","M","M","R","E","?","M","M","BOSS","R","M","?","$","?","R","T","R","$","M","M","?","$","M","M","BOSS","R","?","?","M","M","$","T","?","$","R","?","E","M","E","M","BOSS"],"items_purchased_type":["Relic","Relic","Relic","Card","Relic","Relic","Relic","Card","Relic","Relic","Relic","Card","Relic","Relic","Card","Relic","Relic","Relic","Relic","Relic","Relic","Card"],"build_version":"2020-12-22","purchased_purges":12,"victory":true,"max_hp_per_floor":[65,65,65,65,65,65,65,65,65,65,65,65,65,65,65,65,65,65,65,65,65,65,65,65,65,65,65,65,70,70,70,70,70,70,70,70,70,70,70,70,77,77,77,77,77,77,77,77,77,77],"card_choices":[{"not_picked":["Slimebound:HauntingLick","Slimebound:LeechEnergy"],"picked":"Slimebound:RollThrough","floor":2},{"not_picked":["Slimebound:Schlurp","Slimebound:SplitBruiser"],"picked":"Slimebound:SlimeBrawl","floor":3},{"not_picked":["Slimebound:LivingWall","Slimebound:Replication"],"picked":"Slimebound:GoopSpray","floor":4},{"not_picked":["Slimebound:ComboTackle","Slimebound:GoopTackle"],"picked":"Slimebound:SlimeSpikes","floor":5},{"not_picked":["Slimebound:ProtectTheBoss","Slimebound:LeechingTouch"],"picked":"Slimebound:MegaLick","floor":6},{"not_picked":["Slimebound:Prepare","Slimebound:ComboTackle"],"picked":"Slimebound:AcidTongue","floor":8},{"not_picked":["Slimebound:SplitAcid","Slimebound:GoopTackle"],"picked":"Slimebound:SlimeSlap","floor":9},{"not_picked":["Slimebound:FinishingTackle","Slimebound:LeechEnergy"],"picked":"Slimebound:LeechingTouch","floor":10},{"not_picked":["Slimebound:HauntingLick","Slimebound:SamplingLick","Slimebound:TongueLash"],"picked":"SKIP","floor":12},{"not_picked":["Slimebound:SplitBruiser","Slimebound:SlimeSpikes"],"picked":"Slimebound:FormOfPuddle","floor":13},{"not_picked":["Slimebound:AcidTongue","Slimebound:Dissolve"],"picked":"Slimebound:DisruptingSlam","floor":14},{"not_picked":["Slimebound:GoopSpray","Slimebound:SlimeBarrage"],"picked":"Slimebound:SplitAcid","floor":15},{"not_picked":["Slimebound:DuplicatedForm","Slimebound:DouseInSlime"],"picked":"Slimebound:MassRepurpose","floor":16},{"not_picked":["Slimebound:SlimeBarrage","Slimebound:SplitBruiser"],"picked":"Slimebound:Nibble","floor":19},{"not_picked":["Slimebound:ComboTackle","Slimebound:SamplingLick+1"],"picked":"Slimebound:OozeBath","floor":21},{"not_picked":["Slimebound:Chomp+1","Slimebound:Gluttony"],"picked":"Slimebound:Schlurp","floor":26},{"not_picked":["Slimebound:FinishingTackle+1","Slimebound:BestDefense"],"picked":"Slimebound:ProtectTheBoss","floor":27},{"not_picked":["Slimebound:SplitBruiser+1","Slimebound:RollThrough"],"picked":"Slimebound:LevelUp","floor":28},{"not_picked":["Slimebound:ItLooksTasty","Slimebound:SamplingLick"],"picked":"Slimebound:RejuvenatingLick","floor":31},{"not_picked":["Slimebound:AcidTongue","Slimebound:LeadByExample"],"picked":"Slimebound:PrepareCrush","floor":32},{"not_picked":["Slimebound:Overexert","Slimebound:CheckThePlaybook"],"picked":"Slimebound:SelfFormingGoo","floor":33},{"not_picked":["Slimebound:SplitBruiser","Slimebound:LeechingTouch"],"picked":"Slimebound:HauntingLick","floor":37},{"not_picked":["Slimebound:BestDefense+1","Slimebound:ServeAndProtect","Slimebound:GoopTackle"],"picked":"SKIP","floor":38},{"not_picked":["Slimebound:LivingWall+1","Slimebound:RainOfGoop"],"picked":"Slimebound:MegaLick","floor":39},{"not_picked":["Slimebound:LeadByExample+1","Slimebound:SplitMire+1","Slimebound:GrowthPunch"],"picked":"Slimebound:RallyTheTroops","floor":40},{"not_picked":["Slimebound:GoopTackle","Slimebound:LeadByExample","Slimebound:GoopSpray+1"],"picked":"Slimebound:SlimeTap+1","floor":40},{"not_picked":["Slimebound:PrepareCrush","Slimebound:ViciousTackle+1","Slimebound:Prepare"],"picked":"Slimebound:CheckThePlaybook","floor":40},{"not_picked":["Slimebound:Dissolve+1","Slimebound:ComboTackle","Slimebound:SplitAcid"],"picked":"Slimebound:LevelUp+1","floor":40},{"not_picked":["Slimebound:AcidTongue","Slimebound:GoopTackle+1","Slimebound:LivingWall+1"],"picked":"Slimebound:Repurpose","floor":40},{"not_picked":["Slimebound:SplitBruiser","Slimebound:FinishingTackle+1","Slimebound:ItLooksTasty+1"],"picked":"Slimebound:GoopSpray","floor":45},{"not_picked":["Slimebound:SplitBruiser+1","Slimebound:TongueLash","Slimebound:GoopSpray"],"picked":"Slimebound:ServeAndProtect+1","floor":46},{"not_picked":["Slimebound:LeechingTouch+1","Slimebound:SplitMire+1","Slimebound:FinishingTackle"],"picked":"Slimebound:RallyTheTroops","floor":47},{"not_picked":["Slimebound:MegaLick+1","Slimebound:ItLooksTasty","Slimebound:TongueLash+1","Slimebound:ForwardTackle+1"],"picked":"SKIP","floor":48},{"not_picked":["Slimebound:ItLooksTasty+1","Slimebound:Nibble","Slimebound:GoopSpray+1","Slimebound:SamplingLick+1"],"picked":"SKIP","floor":49}],"player_experience":183404,"relics_obtained":[{"floor":7,"key":"Omamori"},{"floor":12,"key":"Akabeko"},{"floor":22,"key":"Ring of Greed"},{"floor":22,"key":"MealTicket"},{"floor":22,"key":"Replay:Bandana"},{"floor":22,"key":"Ring of Panic"},{"floor":24,"key":"Bag of Marbles"},{"floor":35,"key":"CeramicFish"},{"floor":37,"key":"Turnip"},{"floor":41,"key":"Strawberry"},{"floor":42,"key":"Snack Pack"},{"floor":46,"key":"HornCleat"},{"floor":48,"key":"The Courier"}],"event_choices":[{"cards_removed":["Slimebound:LevelUp"],"damage_healed":0,"gold_gain":0,"player_choice":"Removed Power","damage_taken":0,"max_hp_gain":0,"max_hp_loss":0,"event_name":"Falling","floor":36,"gold_loss":0}],"is_beta":false,"boss_relics":[{"not_picked":["Empty Cage","Runic Pyramid"],"picked":"Slimebound:TarBlob"},{"not_picked":["Black Star","Astrolabe"],"picked":"Replay:Grab Bag"},{"not_picked":["Busted Crown","Velvet Choker"],"picked":"SlaversCollar"},{"not_picked":["Fusion Hammer","ChewingGum"],"picked":"Cursed Key"},{"not_picked":["Honey Jar","Ring of Chaos"],"picked":"SacredBark"}],"items_purged_floors":[5,5,5,5,21,21,26,43,43,43,43,43],"is_endless":false,"potions_floor_spawned":[2,2,4,4,8,9,10,10,13,13,14,16,19,27,27,27,28,31,33,38,39,45,46,46,48,48,49],"ascension_level":1}}