{"host":"onfdonezo2qmaex3","time":1613822096,"event":{"mods":["2.2 Compatiblity","AchievementEnabler","Act Like it!","Aspiration","BaseMod","Colored Powertips","Downfall","Friendly Minions","Gensokyo","Hallownest","Hermit","Highlight Path","Jorbs\u0027s Wanderer Trilogy","Marisa????????","Marked Mod","Minty Spire (QoL Compilation)","Quick Restart","Reliquary","Shop Mod","StSLib","The Disciple","The Hayseed","The Hierophant","The Marked","The Runesmith"],"gold_per_floor":[115,115,115,27,42,67,67,67,67,77,112,130,155,155,155,155,155],"floor_reached":16,"language":"ENG","playtime":435,"items_purged":[],"score":166,"play_id":"170ef04c-cc49-4706-b6f5-36b95de4ee3c","local_time":"20210220125456","is_ascension_mode":true,"campfire_choices":[{"data":"Accuracy","floor":8,"key":"SMITH"},{"data":"Cloak And Dagger","floor":15,"key":"SMITH"}],"circlet_count":0,"master_deck":["Strike_G","Strike_G","Strike_G","Strike_G","Defend_G","Defend_G","Defend_G","Survivor","Cloak And Dagger+1","Accuracy+1","Blade Dance","Backflip"],"relics":["Ring of the Snake","NeowsBlessing","Happy Flower","Pear","Ornamental Fan","Shovel","reliquary:Aerogel"],"acts_visited":["Gensokyo:Gensokyo"],"potions_floor_usage":[11],"damage_taken":[{"damage":0,"enemies":"Gensokyo:Python","floor":1,"turns":1},{"damage":0,"enemies":"Gensokyo:2_Kodama","floor":5,"turns":1},{"damage":0,"enemies":"Gensokyo:Aya","floor":6,"turns":1},{"damage":3,"enemies":"Gensokyo:Gryphon","floor":10,"turns":4},{"damage":10,"enemies":"Gensokyo:Cirno","floor":11,"turns":5},{"damage":0,"enemies":"Gensokyo:Python_and_Kodama","floor":12,"turns":4},{"damage":4,"enemies":"Gensokyo:Mamizou","floor":13,"turns":7},{"damage":22,"enemies":"Gensokyo:Yukari","floor":16,"turns":2}],"seed_played":"6428332197566700424","potions_obtained":[{"floor":5,"key":"AttackPotion"},{"floor":11,"key":"bronze:BurnAndBuffPotion"},{"floor":13,"key":"DuplicationPotion"}],"is_trial":false,"path_per_floor":["M","?","?","COS","M","E","?","R","T","M","E","M","E","?","R","B"],"character_chosen":"THE_SILENT","items_purchased":[],"campfire_rested":0,"item_purchase_floors":[],"current_hp_per_floor":[70,70,65,65,65,65,33,33,33,30,20,20,16,16,16,0,0],"gold":155,"neow_bonus":"THREE_ENEMY_KILL","is_daily":false,"chose_seed":false,"campfire_upgraded":2,"win_rate":0.0,"timestamp":1613822096,"path_taken":["M","?","?","COS","?","E","?","R","T","M","E","M","E","?","R","BOSS"],"items_purchased_type":[],"build_version":"2020-12-22","purchased_purges":0,"victory":false,"max_hp_per_floor":[70,70,80,80,80,80,80,80,80,80,80,80,80,80,80,80,80],"card_choices":[{"not_picked":["Prepared","Bane"],"picked":"Cloak And Dagger","floor":1},{"not_picked":["Sucker Punch","Bouncing Flask"],"picked":"Accuracy","floor":5},{"not_picked":["Calculated Gamble","Poisoned Stab","Flechettes"],"picked":"SKIP","floor":6},{"not_picked":["Eviscerate","Calculated Gamble"],"picked":"Blade Dance","floor":10},{"not_picked":["Underhanded Strike","Riddle With Holes","Skewer"],"picked":"SKIP","floor":11},{"not_picked":["Slice","Tactician"],"picked":"Backflip","floor":12},{"not_picked":["Outmaneuver","Prepared","PiercingWail"],"picked":"SKIP","floor":13}],"player_experience":221363,"relics_obtained":[{"floor":6,"key":"Ornamental Fan"},{"floor":13,"key":"reliquary:Aerogel"}],"event_choices":[],"is_beta":false,"boss_relics":[],"items_purged_floors":[],"is_endless":false,"potions_floor_spawned":[5,11,13],"killed_by":"Gensokyo:Yukari","ascension_level":4}}