{"host":"jsd6g3c2vo13e69c","time":1613788017,"event":{"mods":["2.2 Compatiblity","Act Like it!","BaseMod","Better Note","Better Third Choice","BetterRewards","Colored Map","Colored Powertips","Conspire","DeckTracker","Downfall","Friendly Minions","GifTheSpireLib","Googly Eyes","Hermit","Highlight Path","Hubris","Infinite Spire","Lobotomy","LobotomyExtend","Minty Spire (QoL Compilation)","Quick Restart","Random Character Button","Rare Cards Sparkle","Relic Sorter","Relic Stats","Replay The Spire","Ruina","Shop Mod","Spire Arcade","StSLib","SuperFastMode","The Cursed","The Disciple","The Forsaken","The Jungle"],"gold_per_floor":[116,116,116,136,4,4,24,24,24,24,24,40,53,53,113,213,213,153,153],"floor_reached":18,"language":"ENG","playtime":2932,"items_purged":[],"score":150,"play_id":"62e3b738-aa1e-46cb-8cd7-d0de8ea78475","local_time":"20210219212657","is_ascension_mode":false,"campfire_choices":[{"data":"BeatsPerMinute","floor":6,"key":"SMITH"},{"data":"DaylightSavings","floor":8,"key":"SMITH"},{"data":"ReplayTheSpireMod:Private Reserves","floor":10,"key":"SMITH"}],"circlet_count":0,"master_deck":["Moderato+1","Allegro+1","Allegretto+1","Strike_Br","Strike_Br","Strike_Br","Strike_Br","Defend_Br","Defend_Br","Defend_Br","Defend_Br","SecondHand","Funeral","Regret","Backstab","Scarecrow","ReapSow","BeatsPerMinute+1","ReplayTheSpireMod:Private Reserves+1","GreedKing","OSAHOGD","PrimeTime","QueenOfHatred","LockedOrichalcum","BigBird","OldTimer"],"relics":["Chronometer","CogitoBucket","LetterFromLob","Mirror","SpringShield","Eternal Feather","hubris:64BitClover","hubris:HollowSoul"],"acts_visited":["Exordium","TheCity"],"potions_floor_usage":[12,18,18],"damage_taken":[{"damage":6,"enemies":"2 Louse","floor":1,"turns":2},{"damage":1,"enemies":"Small Slimes","floor":4,"turns":4},{"damage":6,"enemies":"Jaw Worm","floor":7,"turns":3},{"damage":4,"enemies":"Lots of Slimes","floor":12,"turns":3},{"damage":4,"enemies":"2 Fungi Beasts","floor":13,"turns":3},{"damage":67,"enemies":"Hexaghost","floor":16,"turns":10},{"damage":16,"enemies":"2 Thieves","floor":18,"turns":2}],"seed_played":"7520704150976189711","potions_obtained":[{"floor":1,"key":"Fire Potion"},{"floor":12,"key":"Ancient Potion"},{"floor":16,"key":"Guardian:BlockOnCardUsePotion"}],"is_trial":false,"path_per_floor":["M","?","?","M","$","R","M","R","T","R","T","M","M","?","R_BF","B",null,"M"],"character_chosen":"CHRONO_CLASS","items_purchased":["BeatsPerMinute","ReplayTheSpireMod:Private Reserves"],"campfire_rested":0,"item_purchase_floors":[5,5],"current_hp_per_floor":[59,59,51,52,52,52,47,47,47,59,59,56,53,57,65,12,65,0,0],"gold":153,"neow_bonus":"","is_daily":false,"chose_seed":false,"campfire_upgraded":3,"win_rate":0.0,"timestamp":1613788017,"path_taken":["M","?","?","M","$","R","M","R","T","R","?","M","?","?","R_BF","BOSS","M"],"items_purchased_type":["Card","Card"],"build_version":"2020-12-22","purchased_purges":0,"victory":false,"max_hp_per_floor":[65,65,65,65,65,65,65,65,65,65,65,65,65,65,65,65,65,65,65],"relic_stats":{"counters":[15,64],"Eternal Feather":20,"obtain_stats":[{"CogitoBucket":0,"FaceOfCleric":3,"Chronometer":0,"hubris:64BitClover":11,"Eternal Feather":9,"hubris:HollowSoul":17,"LetterFromLob":1,"SpringShield":3,"Mirror":2},{"CogitoBucket":1,"FaceOfCleric":3,"Chronometer":0,"hubris:64BitClover":11,"Eternal Feather":11,"hubris:HollowSoul":14,"LetterFromLob":1,"SpringShield":9,"Mirror":9},{"CogitoBucket":5,"FaceOfCleric":15,"Chronometer":0,"hubris:64BitClover":43,"Eternal Feather":43,"hubris:HollowSoul":59,"LetterFromLob":5,"SpringShield":36,"Mirror":36}]},"card_choices":[{"not_picked":["Wellcheers","UniverseFragment"],"picked":"Funeral","floor":1},{"not_picked":["HandsUpB","ExoVibe"],"picked":"LockedMedicine","floor":1},{"not_picked":["LaLuna","LittleHelper"],"picked":"Scarecrow","floor":4},{"not_picked":["Break","LockedMedicine"],"picked":"ReapSow","floor":4},{"not_picked":["VoidDream","BeautyBeast"],"picked":"GreedKing","floor":7},{"not_picked":["Engulf","LockedAnchor"],"picked":"DaylightSavings","floor":7},{"not_picked":["HappyTeddy","Rudolta"],"picked":"OSAHOGD","floor":12},{"not_picked":["LockedUrn","WindUp"],"picked":"PrimeTime","floor":12},{"not_picked":["CrumblingArmor","BeautyBeast"],"picked":"QueenOfHatred","floor":13},{"not_picked":["CrunchTime","HandsUpB"],"picked":"LockedOrichalcum","floor":13},{"not_picked":["SpiderBud","DreamingCurrent"],"picked":"BigBird","floor":16},{"not_picked":["MasterKey","Chronoelasticity"],"picked":"OldTimer","floor":16}],"player_experience":376384,"relics_obtained":[{"floor":1,"key":"LetterFromLob"},{"floor":9,"key":"Eternal Feather"},{"floor":11,"key":"hubris:64BitClover"}],"event_choices":[{"damage_healed":0,"gold_gain":0,"player_choice":"Box","damage_taken":0,"relics_obtained":["Mirror"],"max_hp_gain":0,"max_hp_loss":0,"event_name":"Big Fish","floor":2,"gold_loss":0,"cards_obtained":["Regret"]}],"is_beta":false,"boss_relics":[{"not_picked":["hubris:VirtuousBlindfold","Chronograph"],"picked":"hubris:HollowSoul"}],"items_purged_floors":[],"is_endless":false,"potions_floor_spawned":[1,12,16],"killed_by":"2 Thieves","ascension_level":0}}