{"host":"yvlk1m4foro8gl4v","time":1613793461,"event":{"mods":["AchievementEnabler","Act Like it!","BaseMod","Minty Spire (QoL Compilation)","Relic Stats","StSLib","The Servant 0.9.4","Uncapped"],"gold_per_floor":[115,115,129,147,222,222,26,26,76,92,118,118,131,162,162,258,308,320,320,97,117,133,133,133,133,133,146,146,161,161,186,186,288,288,300,312,12,12,12,27,27,27,27,27,37,37,55,73,73,73],"floor_reached":51,"language":"ENG","playtime":2856,"items_purged":["Regret"],"score":915,"play_id":"f92d1662-d508-4bde-b4d5-63c5cd8be918","local_time":"20210220035741","is_ascension_mode":true,"campfire_choices":[{"data":"EmptyFist","floor":6.0,"key":"SMITH"},{"floor":12.0,"key":"REST"},{"floor":15.0,"key":"REST"},{"data":"SandsOfTime","floor":23.0,"key":"SMITH"},{"data":"MentalFortress","floor":25.0,"key":"SMITH"},{"floor":28.0,"key":"REST"},{"data":"Vigilance","floor":32.0,"key":"SMITH"},{"floor":44.0,"key":"REST"},{"floor":46.0,"key":"REST"},{"data":"Fasting2","floor":49,"key":"SMITH"}],"circlet_count":0,"master_deck":["Strike_P+1","Strike_P+1","Strike_P+1","Strike_P+1","Defend_P+1","Defend_P+1","Defend_P+1","Defend_P+1","Eruption","Vigilance+1","EmptyFist+1","ClearTheMind","Crescendo","FlyingSleeves+1","Sanctity","MentalFortress+1","Establishment+1","DevaForm","SandsOfTime+1","Adaptation","FlurryOfBlows","BowlingBash","Consecrate+1","Fasting2+1","RealityMarble+1","Protect+1","Parasite"],"relics":["PureWater","Pen Nib","Bird Faced Urn","Strange Spoon","Smiling Mask","Ancient Tea Set","Tiny Chest","Tiny House","PrismaticShard","Dream Catcher","Snecko Eye","TeardropLocket","Molten Egg 2","Blue Candle","Centennial Puzzle"],"acts_visited":["Exordium","TheCity","TheBeyond"],"potions_floor_usage":[50],"damage_taken":[{"damage":4.0,"enemies":"Jaw Worm","floor":1.0,"turns":3.0},{"damage":3.0,"enemies":"2 Louse","floor":3.0,"turns":2.0},{"damage":0.0,"enemies":"Small Slimes","floor":4.0,"turns":2.0},{"damage":3.0,"enemies":"Exordium Thugs","floor":10.0,"turns":2.0},{"damage":14.0,"enemies":"Lagavulin","floor":11.0,"turns":5.0},{"damage":5.0,"enemies":"2 Fungi Beasts","floor":13.0,"turns":3.0},{"damage":23.0,"enemies":"Gremlin Nob","floor":14.0,"turns":4.0},{"damage":51.0,"enemies":"Slime Boss","floor":16.0,"turns":9.0},{"damage":5.0,"enemies":"Chosen","floor":18.0,"turns":4.0},{"damage":0.0,"enemies":"3 Byrds","floor":21.0,"turns":4.0},{"damage":5.0,"enemies":"Snecko","floor":22.0,"turns":3.0},{"damage":27.0,"enemies":"Shelled Parasite and Fungi","floor":27.0,"turns":3.0},{"damage":2.0,"enemies":"Sentry and Sphere","floor":29.0,"turns":3.0},{"damage":48.0,"enemies":"Automaton","floor":33.0,"turns":8.0},{"damage":8.0,"enemies":"3 Shapes","floor":35.0,"turns":3.0},{"damage":33.0,"enemies":"3 Darklings","floor":36.0,"turns":5.0},{"damage":41.0,"enemies":"Spire Growth","floor":40.0,"turns":4.0},{"damage":10.0,"enemies":"Maw","floor":45.0,"turns":6.0},{"damage":20,"enemies":"4 Shapes","floor":47,"turns":4},{"damage":6,"enemies":"Writhing Mass","floor":48,"turns":5},{"damage":43,"enemies":"Time Eater","floor":50,"turns":9}],"seed_played":"-850185066771057831","potions_obtained":[{"floor":1.0,"key":"DistilledChaos"},{"floor":4.0,"key":"Explosive Potion"},{"floor":14.0,"key":"Regen Potion"},{"floor":17.0,"key":"ColorlessPotion"},{"floor":29.0,"key":"SpeedPotion"},{"floor":33.0,"key":"PowerPotion"},{"floor":36.0,"key":"Weak Potion"},{"floor":40.0,"key":"Weak Potion"},{"floor":45.0,"key":"SkillPotion"}],"is_trial":false,"path_per_floor":["M","?","M","M","?","R","$","?","T","M","E","R","M","E","R","B",null,"M","?","$","M","M","R","?","R","T","M","R","M","?","T","R","B",null,"M","M","$","?","$","M","?","T","T","R","M","R","M","M","R","B",null],"character_chosen":"WATCHER","items_purchased":["Strange Spoon","FlyingSleeves","PrismaticShard","BowlingBash","TeardropLocket","Fasting2"],"campfire_rested":5,"item_purchase_floors":[7,7,20,20,37,37],"current_hp_per_floor":[68,68,65,65,54,54,54,54,54,51,37,58,53,30,51,18,64,65,65,65,71,70,70,70,70,70,49,72,74,74,74,74,29,65,61,34,34,34,34,1,1,1,1,24,26,49,39,45,45,14],"gold":73,"neow_bonus":"RANDOM_COMMON_RELIC","is_daily":false,"chose_seed":false,"campfire_upgraded":5,"win_rate":0.0,"timestamp":1613793461,"path_taken":["M","?","M","M","?","R","$","?","T","M","E","R","M","E","R","BOSS","M","?","$","M","M","R","?","R","T","M","R","M","?","?","R","BOSS","M","M","$","?","?","M","?","?","T","R","?","R","M","M","R","BOSS"],"items_purchased_type":["Relic","Card","Relic","Card","Relic","Card"],"build_version":"2020-12-22","purchased_purges":1,"victory":true,"max_hp_per_floor":[72,72,72,72,72,72,72,72,72,72,72,72,72,72,72,72,77,77,77,77,77,77,77,77,77,77,77,77,77,77,77,77,77,77,77,77,77,77,77,77,77,77,77,77,77,77,77,77,77,77],"relic_stats":{"Strange Spoon":[17],"Dream Catcher":2,"Centennial Puzzle":[12],"counters":[21,91],"Bird Faced Urn":[97],"Blue Candle":[1],"Snecko Eye":[50,54,59,65],"Tiny Chest":2,"Pen Nib":[17],"Smiling Mask":25,"obtain_stats":[{"Tiny House":17,"Blue Candle":42,"Pen Nib":0,"TeardropLocket":37,"Smiling Mask":9,"Ancient Tea Set":11,"PrismaticShard":20,"Strange Spoon":7,"Dream Catcher":31,"Centennial Puzzle":43,"Bird Faced Urn":2,"Snecko Eye":34,"Tiny Chest":14,"Molten Egg 2":41,"PureWater":0},{"Tiny House":8,"Blue Candle":17,"Pen Nib":0,"TeardropLocket":16,"Smiling Mask":3,"Ancient Tea Set":5,"PrismaticShard":9,"Strange Spoon":3,"Dream Catcher":13,"Centennial Puzzle":17,"Bird Faced Urn":1,"Snecko Eye":14,"Tiny Chest":7,"Molten Egg 2":17,"PureWater":0},{"Tiny House":30,"Blue Candle":67,"Pen Nib":0,"TeardropLocket":63,"Smiling Mask":7,"Ancient Tea Set":14,"PrismaticShard":34,"Strange Spoon":7,"Dream Catcher":47,"Centennial Puzzle":67,"Bird Faced Urn":3,"Snecko Eye":55,"Tiny Chest":21,"Molten Egg 2":67,"PureWater":0}]},"card_choices":[{"not_picked":["Vengeance","WaveOfTheHand"],"picked":"EmptyFist","floor":1.0},{"not_picked":["SashWhip","Consecrate"],"picked":"ClearTheMind","floor":3.0},{"not_picked":["Halt","Study"],"picked":"Crescendo","floor":4.0},{"not_picked":["DeceiveReality","PathToVictory"],"picked":"Sanctity","floor":10.0},{"not_picked":["CrushJoints","BowlingBash"],"picked":"MentalFortress","floor":11.0},{"not_picked":["LikeWater","ClearTheMind","Prostrate"],"picked":"SKIP","floor":13.0},{"not_picked":["WheelKick","Indignation"],"picked":"Establishment","floor":14.0},{"not_picked":["DeusExMachina","Devotion"],"picked":"DevaForm","floor":16.0},{"not_picked":["CarveReality","WaveOfTheHand"],"picked":"SandsOfTime","floor":17.0},{"not_picked":["ClearTheMind","Vengeance+1"],"picked":"Adaptation","floor":18.0},{"not_picked":["Turbo","EmptyFist","Moonlight"],"picked":"SKIP","floor":21.0},{"not_picked":["Hello World","Cleave"],"picked":"Consecrate+1","floor":22.0},{"not_picked":["Redo","SpecialFormula","BowlingBash"],"picked":"SKIP","floor":27.0},{"not_picked":["Dramatic Entrance+1","FTL","Thunderclap"],"picked":"SKIP","floor":29.0},{"not_picked":["ForeignInfluence","Cloak And Dagger+1","Dagger Spray"],"picked":"SKIP","floor":35.0},{"not_picked":["Unruled+1","Second Wind+1","Dodge and Roll"],"picked":"SKIP","floor":36.0},{"not_picked":["Collect","SashWhip"],"picked":"RealityMarble+1","floor":40.0},{"not_picked":["Shockwave","FloweringNight"],"picked":"Protect+1","floor":45.0},{"not_picked":["Eviscerate+1","Beam Cell+1","Hologram"],"picked":"SKIP","floor":47},{"not_picked":["FollowUp+1","Panacea+1","LikeWater"],"picked":"SKIP","floor":48}],"player_experience":786234,"relics_obtained":[{"floor":9.0,"key":"Smiling Mask"},{"floor":11.0,"key":"Ancient Tea Set"},{"floor":14.0,"key":"Tiny Chest"},{"floor":31.0,"key":"Dream Catcher"},{"floor":42.0,"key":"Blue Candle"},{"floor":43.0,"key":"Centennial Puzzle"}],"event_choices":[{"damage_healed":0.0,"max_hp_gain":0.0,"max_hp_loss":0.0,"gold_gain":0.0,"event_name":"Big Fish","player_choice":"Box","floor":2.0,"gold_loss":0.0,"damage_taken":0.0,"relics_obtained":["Bird Faced Urn"],"cards_obtained":["Regret"]},{"damage_healed":0.0,"max_hp_gain":0.0,"max_hp_loss":0.0,"gold_gain":75.0,"event_name":"World of Goop","player_choice":"Gather Gold","floor":5.0,"gold_loss":0.0,"damage_taken":11.0},{"damage_healed":0.0,"max_hp_gain":0.0,"max_hp_loss":0.0,"gold_gain":0.0,"event_name":"Upgrade Shrine","player_choice":"Upgraded","floor":8.0,"gold_loss":0.0,"damage_taken":0.0,"cards_upgraded":["FlyingSleeves"]},{"damage_healed":0.0,"max_hp_gain":0.0,"max_hp_loss":0.0,"gold_gain":0.0,"event_name":"The Library","player_choice":"Read","floor":19.0,"gold_loss":0.0,"damage_taken":0.0,"cards_obtained":["FlurryOfBlows"]},{"damage_healed":0.0,"max_hp_gain":0.0,"max_hp_loss":0.0,"gold_gain":0.0,"event_name":"Ghosts","player_choice":"Ignored","floor":24.0,"gold_loss":0.0,"damage_taken":0.0},{"damage_healed":0.0,"max_hp_gain":0.0,"max_hp_loss":0.0,"gold_gain":0.0,"event_name":"Back to Basics","player_choice":"Simplicity","floor":30.0,"gold_loss":0.0,"damage_taken":0.0,"cards_upgraded":["Strike_P","Strike_P","Strike_P","Strike_P","Defend_P","Defend_P","Defend_P","Defend_P"]},{"damage_healed":0.0,"max_hp_gain":0.0,"max_hp_loss":0.0,"gold_gain":0.0,"event_name":"Transmorgrifier","player_choice":"Ignored","floor":38.0,"gold_loss":0.0,"damage_taken":0.0},{"damage_healed":0.0,"max_hp_gain":0.0,"max_hp_loss":0.0,"gold_gain":0.0,"event_name":"WeMeetAgain","player_choice":"Gave Potion","floor":41.0,"gold_loss":0.0,"damage_taken":0.0,"relics_obtained":["Molten Egg 2"]}],"is_beta":false,"boss_relics":[{"not_picked":["Black Star","Ectoplasm"],"picked":"Tiny House"},{"not_picked":["Empty Cage","Astrolabe"],"picked":"Snecko Eye"}],"items_purged_floors":[20],"is_endless":false,"potions_floor_spawned":[1,4,14,29,33,36,40,45],"ascension_level":5}}