{"host":"mithrandi","time":1613848316,"event":{"mods":["BaseMod","Colored Map","Highlight Path","Minty Spire (QoL Compilation)","SuperFastMode"],"gold_per_floor":[115,125,141,152,1,27,41,41,41],"floor_reached":8,"language":"ENG","playtime":565,"items_purged":["Strike_R"],"score":120,"play_id":"fba02d96-5964-4c07-8370-141390841bc4","local_time":"20210220211156","is_ascension_mode":true,"campfire_choices":[],"circlet_count":0,"master_deck":["AscendersBane","Strike_R","Strike_R","Defend_R","Defend_R","Defend_R","Defend_R","Bash","Carnage","Warcry","Shrug It Off","Dropkick","Offering","Disarm","Flame Barrier"],"relics":["Burning Blood","Pen Nib"],"acts_visited":["Exordium"],"potions_floor_usage":[],"damage_taken":[{"damage":9.0,"enemies":"Small Slimes","floor":1.0,"turns":5.0},{"damage":0.0,"enemies":"Cultist","floor":2.0,"turns":2.0},{"damage":7.0,"enemies":"Jaw Worm","floor":3.0,"turns":4.0},{"damage":17.0,"enemies":"Lots of Slimes","floor":4.0,"turns":5.0},{"damage":18.0,"enemies":"Lagavulin","floor":6.0,"turns":7.0},{"damage":6.0,"enemies":"3 Louse","floor":7.0,"turns":3.0},{"damage":48,"enemies":"Gremlin Nob","floor":8,"turns":4}],"seed_played":"-4543932964846550523","potions_obtained":[{"floor":1.0,"key":"SpeedPotion"},{"floor":2.0,"key":"Dexterity Potion"}],"is_trial":false,"path_per_floor":["M","M","M","M","$","E","M","E"],"character_chosen":"IRONCLAD","items_purchased":["Offering"],"campfire_rested":0,"item_purchase_floors":[5],"current_hp_per_floor":[47,53,52,41,41,29,29,0,0],"gold":41,"neow_bonus":"REMOVE_TWO","is_daily":false,"chose_seed":false,"campfire_upgraded":0,"win_rate":0.0,"timestamp":1613848316,"path_taken":["M","M","M","M","$","E","M","E"],"items_purchased_type":["Card"],"build_version":"2020-12-18","purchased_purges":1,"victory":false,"max_hp_per_floor":[75,75,75,75,75,75,75,75,75],"card_choices":[{"not_picked":["Shrug It Off","Shockwave"],"picked":"Carnage","floor":1.0},{"not_picked":["Intimidate","Carnage"],"picked":"Warcry","floor":2.0},{"not_picked":["Thunderclap","Pummel"],"picked":"Shrug It Off","floor":3.0},{"not_picked":["Headbutt","Sword Boomerang"],"picked":"Dropkick","floor":4.0},{"not_picked":["Blood for Blood","Pommel Strike"],"picked":"Disarm","floor":6.0},{"not_picked":["Wild Strike","Perfected Strike"],"picked":"Flame Barrier","floor":7.0}],"player_experience":3032704,"relics_obtained":[{"floor":6.0,"key":"Pen Nib"}],"event_choices":[],"is_beta":true,"boss_relics":[],"items_purged_floors":[5],"is_endless":false,"potions_floor_spawned":[1,2,3],"killed_by":"Gremlin Nob","ascension_level":20}}