{"host":"eaiphzh066bwqdh7","time":1613826953,"event":{"mods":["AchievementEnabler","Aspiration","BaseMod","Better Note","Colored Powertips","Halation","Highlight Path","Hubris","Infinite Spire","Minty Spire (QoL Compilation)","Quick Restart","Reliquary","Replay The Spire","StSLib"],"gold_per_floor":[118,152,152,171,25,25,40,40,88,115,115,65,65,80,80,80,80],"floor_reached":16,"language":"ENG","playtime":325,"items_purged":[],"score":106,"play_id":"973784ef-ecb5-4104-a02c-39cb084a7547","local_time":"20210220081553","is_ascension_mode":true,"campfire_choices":[{"floor":6,"key":"REST"},{"data":"Survivor","floor":8,"key":"SMITH"},{"data":"Pot Of Greed","floor":11,"key":"SMITH"},{"floor":15,"key":"REST"}],"circlet_count":0,"master_deck":["Strike_G","Strike_G","Strike_G","Strike_G","Defend_G","Defend_G","Defend_G","Defend_G","Defend_G","Survivor+1","Neutralize","Slice","Blade Dance","Pot Of Greed+1","Pot Of Greed"],"relics":["Ring of the Snake","NeowsBlessing","Turnip","hubris:OldNail","Grinning Jar","Pet Ghost"],"acts_visited":["Exordium"],"potions_floor_usage":[14,16],"damage_taken":[{"damage":0,"enemies":"2 Louse","floor":1,"turns":1},{"damage":0,"enemies":"Small Slimes","floor":4,"turns":1},{"damage":0,"enemies":"Jaw Worm","floor":7,"turns":1},{"damage":7,"enemies":"3 Louse","floor":14,"turns":3},{"damage":76,"enemies":"Hexaghost","floor":16,"turns":14}],"seed_played":"-270354020050240037","potions_obtained":[{"floor":4,"key":"LiquidMemories"},{"floor":14,"key":"CunningPotion"}],"is_trial":false,"path_per_floor":["M","?","?","M","$","R","M","R","T","T","R","?","$","M","R","B"],"character_chosen":"THE_SILENT","items_purchased":["hubris:OldNail"],"campfire_rested":2,"item_purchase_floors":[5],"current_hp_per_floor":[70,42,45,45,45,66,66,66,66,66,66,66,66,59,73,0,0],"gold":80,"neow_bonus":"THREE_ENEMY_KILL","is_daily":false,"chose_seed":false,"campfire_upgraded":2,"win_rate":0.0,"timestamp":1613826953,"path_taken":["M","?","?","M","$","R","M","R","T","?","R","?","$","M","R","BOSS"],"items_purchased_type":["Relic"],"build_version":"2020-12-22","purchased_purges":0,"victory":false,"max_hp_per_floor":[70,70,73,73,73,73,73,73,73,73,73,73,73,73,73,73,73],"card_choices":[{"not_picked":["Sucker Punch","Dash","hubris:SlightOfHand"],"picked":"SKIP","floor":1},{"not_picked":["PiercingWail","hubris:SlightOfHand"],"picked":"Slice","floor":2},{"not_picked":["hubris:Counter","Bane"],"picked":"Blade Dance","floor":4},{"not_picked":["Replay:Bag of Tricks","Prepared","ReplayTheSpireMod:The Works"],"picked":"SKIP","floor":7},{"not_picked":["Dodge and Roll","PiercingWail","Sucker Punch"],"picked":"SKIP","floor":14}],"player_experience":331219,"relics_obtained":[{"floor":2,"key":"Turnip"},{"floor":9,"key":"Grinning Jar"},{"floor":10,"key":"Pet Ghost"}],"event_choices":[{"cards_removed":["Strike_G"],"damage_healed":0,"gold_gain":0,"player_choice":"Card Removal","damage_taken":0,"max_hp_gain":0,"max_hp_loss":0,"event_name":"The Cleric","floor":12,"gold_loss":50}],"is_beta":false,"boss_relics":[],"items_purged_floors":[],"is_endless":false,"potions_floor_spawned":[4,14],"killed_by":"Hexaghost","ascension_level":4}}