{"host":"xxi53rn2ndafw16n","time":1613833478,"event":{"mods":["Act Like it!","BaseMod","Colored Map","Dota2Spire","Downfall","Gensokyo","Gold Saver","Marisa£®ÏF”Í°°ƒß¿Ì…≥£©","Minty Spire (QoL Compilation)","MostiFishMod","Reimu£®≤©¿ˆ¡È√Œ£©","Remilia£®¿Ÿ√◊¿Ú—«£©","Remove Card Discount Mod","Replay The Spire","RumiaBox-¬∂√◊Ê´µƒ…Ò√ÿ∫–◊”","StSLib","The Bug Knight","Waifu the Spire","WarShipGirlsR/’ΩΩ¢…Ÿ≈ÆR mod","Yakumo Yukari mod","Youmu£®ªÍ∆«—˝√Œ£©","°æπ¶ƒ‹Mod°øªÏ„Á÷Æª∑–ﬁ∏¥≤π∂°","°æ“≈ŒÔø®≈∆°øREMEMod","ÛÙª÷∏ƒœ"],"gold_per_floor":[848,848,1223,1236,-164,-164,-137,-137,-83,-83,-73,-62,-44,-30,-30,69,269,337,366,390,412,412,170,219,219,291,322,322,322,354,371,56,176,176,204,221,235,265,281,323,323,74,74,74,74,108,130,185,185,200],"floor_reached":51,"language":"ZHS","playtime":2219,"items_purged":["Strike_R","Strike_R","Strike_R","Strike_R","Strike_R","Doubt","Defend_R","Defend_R","Defend_R","Bludgeon","Defend_R"],"score":1562,"play_id":"3c694f19-e7df-402d-8a69-1983a144fcf0","local_time":"20210220230438","is_ascension_mode":true,"campfire_choices":[{"data":"Rage","floor":6,"key":"SMITH"},{"floor":8,"key":"REST"},{"floor":15,"key":"REST"},{"data":"Heavy Blade","floor":25,"key":"SMITH"},{"data":"REME_ACTH","floor":28,"key":"SMITH"},{"data":"MostiFishMod:RacingGame","floor":44,"key":"SMITH"},{"floor":49,"key":"REST"}],"circlet_count":0,"master_deck":["Bash","Rage+1","Heavy Blade+1","Feed","Flex","Seeing Red","Iron Wave","Pommel Strike","REME_ACTH+1","CurseOfTheBell","Flex","Sword Boomerang","Iron Wave+1","REME_Cut","Warcry+1","Inflame+1","Sword Boomerang+1","Armaments+1","Infernal Blade+1","Demon Form","Flex+1","Thunderclap+1","MostiFishMod:RacingGame+1"],"relics":["DaveBox","REME_ComplimentaryCards","REME_DemonsWealth","HaiYi:Twilight","SynthV:TestCard","SynthV:MejaisSoulstealer","Eternal Feather","ReplayTheSpireMod:Lightbulb","Pantograph","Replay:Grab Bag","Ooze Armor","Philosopher\u0027s Stone","Calling Bell","ReplayFunnel","REME_ArchaeologicalTools","MoreBug","Dota2Spire:DrumOfEndurance","Centennial Puzzle","GodSword5","Prayer Wheel","Dota2Spire:MagicBottle","MagicDraw2","Runic Cube","Bag of Marbles","ReplayTheSpireMod:Ninjato","REME_HourglassOfDeath","Akabeko"],"acts_visited":["Exordium","TheCity","TheBeyond"],"potions_floor_usage":[39,50,50],"damage_taken":[{"damage":7,"enemies":"Small Slimes","floor":1,"turns":4},{"damage":2,"enemies":"2 Louse","floor":4,"turns":3},{"damage":61,"enemies":"Gremlin Nob","floor":7,"turns":6},{"damage":12,"enemies":"Jaw Worm","floor":11,"turns":2},{"damage":0,"enemies":"2 Fungi Beasts","floor":12,"turns":3},{"damage":7,"enemies":"Exordium Thugs","floor":13,"turns":3},{"damage":20,"enemies":"Gremlin Gang","floor":14,"turns":4},{"damage":0,"enemies":"Slime Boss","floor":16,"turns":3},{"damage":0,"enemies":"Shell Parasite","floor":18,"turns":2},{"damage":0,"enemies":"Chosen","floor":19,"turns":3},{"damage":0,"enemies":"Shelled Parasite and Fungi","floor":20,"turns":3},{"damage":11,"enemies":"Centurion and Healer","floor":21,"turns":2},{"damage":5,"enemies":"Gremlin Leader","floor":24,"turns":4},{"damage":1,"enemies":"Book of Stabbing","floor":27,"turns":2},{"damage":0,"enemies":"REME_1_Revenger","floor":30,"turns":2},{"damage":0,"enemies":"Snake Plant","floor":31,"turns":2},{"damage":2,"enemies":"Champ","floor":33,"turns":3},{"damage":0,"enemies":"Orb Walker","floor":35,"turns":1},{"damage":0,"enemies":"3 Shapes","floor":36,"turns":2},{"damage":40,"enemies":"Writhing Mass","floor":37,"turns":2},{"damage":29,"enemies":"4 Shapes","floor":38,"turns":3},{"damage":3,"enemies":"3 Darklings","floor":39,"turns":2},{"damage":0,"enemies":"Nemesis","floor":40,"turns":3},{"damage":0,"enemies":"Reptomancer","floor":46,"turns":1},{"damage":0,"enemies":"Maw","floor":47,"turns":2},{"damage":15,"enemies":"Nemesis","floor":48,"turns":3},{"damage":35,"enemies":"Time Eater","floor":50,"turns":2}],"seed_played":"-5657908939673979076","potions_obtained":[{"floor":11,"key":"Dota2Spire:Clarity"},{"floor":13,"key":"Adrenaline Potion"},{"floor":20,"key":"SteroidPotion"},{"floor":21,"key":"Block Potion"},{"floor":48,"key":"ColorlessPotion"}],"is_trial":false,"path_per_floor":["M","?","?","M","$","R","E","R","T","?","M","M","M","M","R_BF","B",null,"M","M","M","M","?","R","E","R","T","E","R","?","E","M","R","B",null,"M","M","M","M","M","E","?","R","T","R","$","E","M","E","R","B",null],"character_chosen":"IRONCLAD","items_purchased":["SynthV:MejaisSoulstealer","Dota2Spire:DrumOfEndurance","REME_Cut","MagicDraw2","Infernal Blade+1","ReplayTheSpireMod:Ninjato"],"campfire_rested":3,"item_purchase_floors":[5,23,23,32,32,42],"current_hp_per_floor":[65,65,65,63,63,63,2,32,32,32,20,23,19,2,37,62,82,85,88,91,80,80,92,89,98,98,98,98,78,79,85,100,106,106,106,109,69,40,39,39,39,57,57,72,72,72,72,57,109,74],"gold":200,"neow_bonus":"BOSS_RELIC","is_daily":false,"chose_seed":false,"campfire_upgraded":4,"win_rate":0.0,"timestamp":1613833478,"path_taken":["M","?","?","M","$","R","E","R","T","?","M","M","M","M","R_BF","BOSS","M","M","M","M","?","R","E","R","T","E","R","?","E","M","R","BOSS","M","M","M","M","M","E","?","R","T","R","?","E","M","E","R","BOSS"],"items_purchased_type":["Relic","Relic","Card","Relic","Card","Relic"],"build_version":"2020-12-22","purchased_purges":11,"victory":true,"max_hp_per_floor":[80,80,80,80,80,80,80,80,80,80,80,83,86,89,89,89,89,92,95,98,98,98,98,98,98,98,98,98,103,103,106,106,106,106,106,109,109,109,109,109,109,109,109,109,109,109,109,109,109,109],"card_choices":[{"not_picked":["Headbutt","ReplayTheSpireMod:Limb From Limb","Spreading Infection"],"picked":"Rage","floor":1},{"not_picked":["Wild Strike","Warcry","Headbutt","Shrug It Off","ReplayTheSpireMod:Splinters"],"picked":"Heavy Blade","floor":4},{"not_picked":["Dual Wield","Body Slam","Clothesline","Pommel Strike","Looming Evil"],"picked":"Feed","floor":7},{"not_picked":["ReplayTheSpireMod:Stacked","Headbutt","Replay:Undeath\u0027s Touch","Body Slam","Writhe"],"picked":"Flex","floor":11},{"not_picked":["Perfected Strike","Flex","Sword Boomerang","True Grit","Clumsy"],"picked":"Seeing Red","floor":12},{"not_picked":["Shrug It Off","Dual Wield","MostiFishMod:FlyOverUtopia","Pommel Strike","Looming Evil"],"picked":"Iron Wave","floor":13},{"not_picked":["Blood for Blood","Reckless Charge","Twin Strike","Warcry","Decay"],"picked":"Pommel Strike","floor":14},{"not_picked":["Immolate","MostiFishMod:FireWorks","MostiFishMod:RainCloud","MostiFishMod:ChineseTea","Shame"],"picked":"REME_ACTH","floor":16},{"not_picked":["Perfected Strike+1","Exhume","Combust+1","Uppercut","Sickly"],"picked":"Flex","floor":18},{"not_picked":["Shrug It Off","ReplayTheSpireMod:Limb From Limb+1","Headbutt","True Grit","Hallucinations"],"picked":"Sword Boomerang","floor":19},{"not_picked":["Battle Trance","Burning Pact","Replay:Undeath\u0027s Touch","Havoc","Seeing Red+1","downfall:Haunted"],"picked":"SKIP","floor":20},{"not_picked":["Perfected Strike+1","Headbutt","Searing Blow","Anger","ReplayTheSpireMod:IOU"],"picked":"Iron Wave+1","floor":21},{"not_picked":["MostiFishMod:BrandingRite","Combust","Blood for Blood","Flex","Writhe"],"picked":"Warcry+1","floor":24},{"not_picked":["Reckless Charge","Flame Barrier","Juggernaut","Flex","downfall:Malfunctioning"],"picked":"Inflame+1","floor":27},{"not_picked":["REME_SingleHolding","Clothesline+1","Rage","Infernal Blade","Voices"],"picked":"Sword Boomerang+1","floor":30},{"not_picked":["Havoc+1","REME_Fury","Flex","Pummel+1","ReplayTheSpireMod:IOU"],"picked":"Armaments+1","floor":31},{"not_picked":["REME_SingleHolding","ReplayTheSpireMod:Strike From Hell","Pommel Strike","Uppercut","Shrug It Off","Parasite"],"picked":"SKIP","floor":31},{"not_picked":["MostiFishMod:Mania","Double Tap","MostiFishMod:OrdinaryWorld","MostiFishMod:DarkDeal","downfall:Bewildered"],"picked":"Demon Form","floor":33},{"not_picked":["Sword Boomerang","Twin Strike","Reckless Charge","Iron Wave+1","ReplayTheSpireMod:Faulty Equipment+1"],"picked":"Flex+1","floor":35},{"not_picked":["Perfected Strike+1","Cleave","Intimidate","Dark Embrace+1","Body Slam","ReplayTheSpireMod:Restless Dread"],"picked":"SKIP","floor":35},{"not_picked":["Body Slam","Fire Breathing+1","Armaments","Impervious","ReplayTheSpireMod:Strike From Hell+1","Normality"],"picked":"SKIP","floor":36},{"not_picked":["Body Slam","Armaments","Havoc+1","Anger+1","ReplayTheSpireMod:Strike From Hell+1","Parasite"],"picked":"SKIP","floor":36},{"not_picked":["Havoc","Rage","Battle Trance+1","Wild Strike+1","True Grit+1","downfall:Bewildered"],"picked":"SKIP","floor":37},{"not_picked":["Abandon+1","Sword Boomerang","Cleave","Double Tap","Clash+1","Replay:Hysterical Blindness"],"picked":"SKIP","floor":37},{"not_picked":["Headbutt","Body Slam","Rampage","ReplayReversal","Replay:Undeath\u0027s Touch","downfall:Aged"],"picked":"SKIP","floor":38},{"not_picked":["Armaments","Sever Soul+1","True Grit+1","Cleave","Clothesline+1","Overencumbered"],"picked":"SKIP","floor":38},{"not_picked":["Massacre+1","Headbutt+1","MostiFishMod:BrandingRite+1","Pommel Strike","Gensokyo:AllTheWorldsEvil"],"picked":"Thunderclap+1","floor":39},{"not_picked":["Defy Death","ReplayTheSpireMod:Limb From Limb","Flex","ReplayTheSpireMod:Corrosion Curse+1","ReplayTheSpireMod:Stacked+1","Hallucinations"],"picked":"SKIP","floor":39},{"not_picked":["Twin Strike+1","Havoc","Headbutt","Run Through","Poor:ReiMu"],"picked":"MostiFishMod:RacingGame","floor":40},{"not_picked":["Ghostly Armor","Heavy Blade","Thunderclap","True Grit","Havoc+1","downfall:Bewildered"],"picked":"SKIP","floor":46},{"not_picked":["Feel No Pain+1","Clothesline+1","Pommel Strike","Intimidate+1","Clash+1","Regret"],"picked":"SKIP","floor":47},{"not_picked":["Hemogenesis","Iron Wave+1","REME_Cut","Heavy Blade","Evolve+1","Doubt"],"picked":"SKIP","floor":47},{"not_picked":["Flame Barrier","Body Slam","ReplayTheSpireMod:Stacked+1","REME_Scribble+1","Pommel Strike","Voices"],"picked":"SKIP","floor":48}],"player_experience":190005,"relics_obtained":[{"floor":1,"key":"SynthV:TestCard"},{"floor":7,"key":"Eternal Feather"},{"floor":9,"key":"ReplayTheSpireMod:Lightbulb"},{"floor":17,"key":"ReplayFunnel"},{"floor":17,"key":"REME_ArchaeologicalTools"},{"floor":17,"key":"MoreBug"},{"floor":24,"key":"Centennial Puzzle"},{"floor":26,"key":"GodSword5"},{"floor":27,"key":"Prayer Wheel"},{"floor":30,"key":"Dota2Spire:MagicBottle"},{"floor":40,"key":"Bag of Marbles"},{"floor":43,"key":"REME_HourglassOfDeath"},{"floor":48,"key":"Akabeko"}],"event_choices":[{"damage_healed":0,"gold_gain":0,"player_choice":"Leave","damage_taken":0,"max_hp_gain":0,"max_hp_loss":0,"event_name":"The Cleric","floor":2,"gold_loss":0},{"damage_healed":0,"gold_gain":175,"player_choice":"AGREE","damage_taken":0,"max_hp_gain":0,"max_hp_loss":0,"event_name":"Liars Game","floor":3,"gold_loss":0,"cards_obtained":["Doubt"]},{"damage_healed":0,"gold_gain":0,"player_choice":"Searched \u00272\u0027 times","damage_taken":0,"relics_obtained":["Pantograph"],"max_hp_gain":0,"max_hp_loss":0,"event_name":"Dead Adventurer","floor":10,"gold_loss":0},{"damage_healed":0,"gold_gain":0,"player_choice":"Shed Blood","damage_taken":25,"max_hp_gain":5,"max_hp_loss":0,"event_name":"Forgotten Altar","floor":29,"gold_loss":0},{"damage_healed":0,"gold_gain":0,"player_choice":"1 cards matched","damage_taken":0,"max_hp_gain":0,"max_hp_loss":0,"event_name":"Match and Keep!","floor":41,"gold_loss":0,"cards_obtained":["Bludgeon"]}],"is_beta":false,"boss_relics":[{"not_picked":["Transparent","Kintsugi"],"picked":"Replay:Grab Bag"},{"not_picked":["Fusion Hammer","SlaversCollar"],"picked":"Ooze Armor"},{"not_picked":["Runic Dome","Cursed Key"],"picked":"Philosopher\u0027s Stone"},{"not_picked":["Astrolabe","EasyGame_NEW"],"picked":"Calling Bell"},{"not_picked":["Replay:Drink Me","Empty Cage"],"picked":"Runic Cube"}],"items_purged_floors":[23,23,23,23,23,23,42,42,42,42,42],"is_endless":false,"potions_floor_spawned":[11,12,13,20,21,31,38,47,48],"ascension_level":9}}