{"host":"fuszjwm6fqgjjp4d","time":1613793250,"event":{"mods":["BaseMod","Colored Map","Minty Spire (QoL Compilation)","Permanent Neow","Relic Sorter","Relic Stats","StSLib"],"gold_per_floor":[17,28,28,178,22,22,50,50,50,50,97,145,164,212,212,242,242],"floor_reached":16,"language":"ENG","playtime":374,"items_purged":["Doubt"],"score":204,"play_id":"aef2061e-b6d1-4eeb-b1a5-5e42988d6a80","local_time":"20210219215410","is_ascension_mode":true,"campfire_choices":[{"data":"FearNoEvil","floor":6.0,"key":"SMITH"},{"data":"Wish","floor":10.0,"key":"SMITH"},{"data":"Conclude","floor":15.0,"key":"SMITH"}],"circlet_count":0,"master_deck":["AscendersBane","Strike_P","Strike_P","Strike_P","Strike_P","Defend_P","Defend_P","Defend_P","Defend_P","Eruption+1","Vigilance","Conclude+1","Prostrate","FearNoEvil+1","Wish+1","CutThroughFate"],"relics":["PureWater","Bird Faced Urn","Matryoshka","Singing Bowl","Strawberry"],"acts_visited":["Exordium"],"potions_floor_usage":[],"damage_taken":[{"damage":2.0,"enemies":"Jaw Worm","floor":1.0,"turns":3.0},{"damage":0.0,"enemies":"Small Slimes","floor":2.0,"turns":1.0},{"damage":25.0,"enemies":"3 Sentries","floor":7.0,"turns":7.0},{"damage":3.0,"enemies":"Cultist","floor":11.0,"turns":3.0},{"damage":8.0,"enemies":"Large Slime","floor":12.0,"turns":8.0},{"damage":1.0,"enemies":"3 Louse","floor":13.0,"turns":2.0},{"damage":2.0,"enemies":"2 Fungi Beasts","floor":14.0,"turns":5.0},{"damage":51,"enemies":"Slime Boss","floor":16,"turns":8}],"seed_played":"-6006771850810414462","potions_obtained":[{"floor":1.0,"key":"Regen Potion"},{"floor":7.0,"key":"Weak Potion"},{"floor":12.0,"key":"ColorlessPotion"}],"is_trial":false,"path_per_floor":["M","M","?","?","$","R","E","$","T","R","M","M","M","M","R","B"],"character_chosen":"WATCHER","items_purchased":["FearNoEvil"],"campfire_rested":0,"item_purchase_floors":[5],"current_hp_per_floor":[59,59,59,59,59,59,34,34,41,41,40,34,38,38,38,0,0],"gold":242,"neow_bonus":"ONE_RARE_RELIC","is_daily":false,"chose_seed":false,"campfire_upgraded":3,"win_rate":0.0,"timestamp":1613793250,"path_taken":["M","M","?","?","?","R","E","$","T","R","M","?","M","M","R","BOSS"],"items_purchased_type":["Card"],"build_version":"2020-12-22","purchased_purges":1,"victory":false,"max_hp_per_floor":[68,68,68,68,68,68,68,68,75,75,77,79,79,81,81,81,81],"relic_stats":{"Singing Bowl":6,"counters":[8,37],"Bird Faced Urn":[0],"obtain_stats":[{"Matryoshka":7,"Singing Bowl":9,"Bird Faced Urn":0,"Strawberry":9,"PureWater":0},{"Matryoshka":3,"Singing Bowl":3,"Bird Faced Urn":0,"Strawberry":3,"PureWater":0},{"Matryoshka":11,"Singing Bowl":11,"Bird Faced Urn":0,"Strawberry":11,"PureWater":0}]},"card_choices":[{"not_picked":["FlyingSleeves","CutThroughFate"],"picked":"Conclude","floor":1.0},{"not_picked":["PathToVictory","ThirdEye"],"picked":"Prostrate","floor":2.0},{"not_picked":["JustLucky","FlyingSleeves"],"picked":"Wish","floor":7.0},{"not_picked":["Evaluate","EmptyFist","DeceiveReality"],"picked":"Singing Bowl","floor":11.0},{"not_picked":["Consecrate","Prostrate","MentalFortress"],"picked":"Singing Bowl","floor":12.0},{"not_picked":["EmptyBody","Protect"],"picked":"CutThroughFate","floor":13.0},{"not_picked":["Scrawl","ThirdEye","Wallop"],"picked":"Singing Bowl","floor":14.0}],"player_experience":1505390,"relics_obtained":[{"floor":7.0,"key":"Matryoshka"},{"floor":9.0,"key":"Singing Bowl"},{"floor":9.0,"key":"Strawberry"}],"event_choices":[{"damage_healed":0.0,"max_hp_gain":0.0,"max_hp_loss":0.0,"gold_gain":0.0,"event_name":"Living Wall","player_choice":"Grow","floor":3.0,"gold_loss":0.0,"damage_taken":0.0,"cards_upgraded":["Eruption"]},{"damage_healed":0.0,"max_hp_gain":0.0,"max_hp_loss":0.0,"gold_gain":150.0,"event_name":"Liars Game","player_choice":"AGREE","floor":4.0,"gold_loss":0.0,"damage_taken":0.0,"cards_obtained":["Doubt"]}],"is_beta":false,"boss_relics":[],"items_purged_floors":[5],"is_endless":false,"potions_floor_spawned":[1,7,12],"killed_by":"Slime Boss","ascension_level":20}}