{"host":"2l5k2wp87eek7qja","time":1613784371,"event":{"mods":["BaseMod","Colored Map","Minty Spire (QoL Compilation)","Relic Stats"],"gold_per_floor":[111,124,124,137,150,150,170,170,218,250,250,268,286,286,286],"floor_reached":14,"language":"ENG","playtime":418,"items_purged":[],"score":188,"play_id":"5bc0f64f-6187-4f06-8902-e9ee01dac28e","local_time":"20210220032611","is_ascension_mode":true,"campfire_choices":[{"data":"Blade Dance","floor":6,"key":"SMITH"},{"data":"All Out Attack","floor":8,"key":"SMITH"},{"data":"Cloak And Dagger","floor":11,"key":"SMITH"}],"circlet_count":0,"master_deck":["AscendersBane","Strike_G","Strike_G","Strike_G","Strike_G","Defend_G","Defend_G","Defend_G","Defend_G","Defend_G","Survivor","Neutralize","Blade Dance+1","Flying Knee","Bouncing Flask","Cloak And Dagger+1","All Out Attack+1","Infinite Blades","Leg Sweep","Finisher"],"relics":["Ring of the Snake","Turnip","Blood Vial","Blue Candle"],"acts_visited":["Exordium"],"potions_floor_usage":[10,13],"damage_taken":[{"damage":1,"enemies":"Jaw Worm","floor":1,"turns":4},{"damage":0,"enemies":"Cultist","floor":2,"turns":3},{"damage":6,"enemies":"2 Louse","floor":4,"turns":3},{"damage":3,"enemies":"Large Slime","floor":5,"turns":7},{"damage":0,"enemies":"Blue Slaver","floor":7,"turns":4},{"damage":17,"enemies":"Gremlin Nob","floor":10,"turns":4},{"damage":8,"enemies":"Exordium Thugs","floor":12,"turns":4},{"damage":2,"enemies":"Large Slime","floor":13,"turns":5},{"damage":16,"enemies":"3 Sentries","floor":14,"turns":5}],"seed_played":"-4330296013033795627","potions_obtained":[{"floor":4,"key":"Weak Potion"},{"floor":7,"key":"Block Potion"},{"floor":12,"key":"Fire Potion"}],"is_trial":false,"path_per_floor":["M","M","?","M","M","R","M","R","T","E","R","M","M","E"],"character_chosen":"THE_SILENT","items_purchased":[],"campfire_rested":0,"item_purchase_floors":[],"current_hp_per_floor":[43,43,43,37,34,34,34,34,34,19,19,13,13,0,0],"gold":286,"neow_bonus":"ONE_RARE_RELIC","is_daily":false,"chose_seed":false,"campfire_upgraded":3,"win_rate":0.0,"timestamp":1613784371,"path_taken":["M","M","?","M","M","R","M","R","T","E","R","M","?","E"],"items_purchased_type":[],"build_version":"2020-12-22","purchased_purges":0,"victory":false,"max_hp_per_floor":[66,66,66,66,66,66,66,66,66,66,66,66,66,66,66],"relic_stats":{"Blood Vial":8,"counters":[9,39],"Blue Candle":[0],"Turnip":[5],"obtain_stats":[{"Blood Vial":9,"Blue Candle":10,"Turnip":0,"Ring of the Snake":0},{"Blood Vial":5,"Blue Candle":6,"Turnip":0,"Ring of the Snake":0},{"Blood Vial":21,"Blue Candle":25,"Turnip":0,"Ring of the Snake":0}],"Ring of the Snake":[18]},"card_choices":[{"not_picked":["Backflip","Expertise"],"picked":"Blade Dance","floor":1},{"not_picked":["Flechettes","Riddle With Holes"],"picked":"Flying Knee","floor":2},{"not_picked":["PiercingWail","Endless Agony"],"picked":"Bouncing Flask","floor":4},{"not_picked":["Deflect","Quick Slash"],"picked":"Cloak And Dagger","floor":5},{"not_picked":["Deadly Poison","Tactician"],"picked":"All Out Attack","floor":7},{"not_picked":["Quick Slash","Cloak And Dagger"],"picked":"Infinite Blades","floor":10},{"not_picked":["Backflip","Venomology"],"picked":"Leg Sweep","floor":12},{"not_picked":["Choke","Dagger Throw"],"picked":"Finisher","floor":13}],"player_experience":828275,"relics_obtained":[{"floor":9,"key":"Blood Vial"},{"floor":10,"key":"Blue Candle"}],"event_choices":[{"cards_removed":["Strike_G"],"damage_healed":0,"gold_gain":0,"player_choice":"Purged","damage_taken":0,"max_hp_gain":0,"max_hp_loss":0,"event_name":"Purifier","floor":3,"gold_loss":0}],"is_beta":false,"boss_relics":[],"items_purged_floors":[],"is_endless":false,"potions_floor_spawned":[4,7,12],"killed_by":"3 Sentries","ascension_level":20}}