{"host":"wha9hktbkslqvblg","time":1613814545,"event":{"mods":["BaseMod","Colored Map","Minty Spire (QoL Compilation)","Relic Stats","SuperFastMode","everything is the same but u backflip on backflip"],"gold_per_floor":[119,0,0,0,21,65,84,99,123,166,91,135,35,85,85,190,199,250,72,72,96,105,105,105,58,58,58,82,82,207,227,227,227,227],"floor_reached":33,"language":"KOR","playtime":908,"items_purged":["Strike_R","Strike_R","Strike_R"],"score":722,"play_id":"1f8b32f7-3d3f-4ca8-9b05-98662da8eb55","local_time":"20210220184905","is_ascension_mode":true,"campfire_choices":[{"data":"Blood for Blood","floor":15.0,"key":"SMITH"},{"data":"Offering","floor":24.0,"key":"SMITH"},{"data":"Body Slam","floor":27.0,"key":"SMITH"},{"data":"Battle Trance","floor":29.0,"key":"SMITH"},{"data":"Feel No Pain","floor":32.0,"key":"SMITH"}],"circlet_count":0,"master_deck":["AscendersBane","Strike_R+1","Defend_R+1","Defend_R","Defend_R","Defend_R","Bash","Second Wind","Sentinel","Blood for Blood+1","Impervious","Battle Trance+1","Bloodletting","Hemokinesis","Immolate","CurseOfTheBell","Seeing Red+1","Power Through","Feel No Pain+1","Offering+1","Body Slam+1"],"relics":["Burning Blood","NeowsBlessing","Golden Idol","Boot","Nunchaku","Juzu Bracelet","CeramicFish","Calling Bell","MawBank","Kunai","Prayer Wheel","Thread and Needle","Frozen Egg 2"],"acts_visited":["Exordium","TheCity"],"potions_floor_usage":[33,33],"damage_taken":[{"damage":0.0,"enemies":"Jaw Worm","floor":1.0,"turns":1.0},{"damage":0.0,"enemies":"2 Louse","floor":5.0,"turns":1.0},{"damage":0.0,"enemies":"Gremlin Nob","floor":6.0,"turns":1.0},{"damage":9.0,"enemies":"Small Slimes","floor":7.0,"turns":4.0},{"damage":6.0,"enemies":"Red Slaver","floor":8.0,"turns":4.0},{"damage":24.0,"enemies":"Lagavulin","floor":10.0,"turns":7.0},{"damage":28.0,"enemies":"3 Sentries","floor":12.0,"turns":13.0},{"damage":10.0,"enemies":"Slime Boss","floor":16.0,"turns":6.0},{"damage":7.0,"enemies":"Spheric Guardian","floor":18.0,"turns":5.0},{"damage":21.0,"enemies":"Shell Parasite","floor":21.0,"turns":4.0},{"damage":12.0,"enemies":"Shelled Parasite and Fungi","floor":28.0,"turns":3.0},{"damage":4.0,"enemies":"Colosseum Slavers","floor":30.0,"turns":6.0},{"damage":14.0,"enemies":"Colosseum Nobs","floor":30.0,"turns":4.0},{"damage":11.0,"enemies":"Snecko","floor":31.0,"turns":6.0},{"damage":22,"enemies":"Automaton","floor":33,"turns":6}],"seed_played":"-3296586047825193027","potions_obtained":[{"floor":1.0,"key":"ElixirPotion"},{"floor":5.0,"key":"HeartOfIron"},{"floor":10.0,"key":"EntropicBrew"},{"floor":16.0,"key":"GamblersBrew"},{"floor":21.0,"key":"ElixirPotion"},{"floor":23.0,"key":"Fruit Juice"},{"floor":23.0,"key":"Strength Potion"},{"floor":31.0,"key":"SkillPotion"}],"is_trial":false,"path_per_floor":["M","$","?","?","M","E","M","M","T","E","?","E","$","?","R","B",null,"M","$","?","M","?","?","R","$","T","R","M","R","?","M","R","B"],"character_chosen":"IRONCLAD","items_purchased":["Sentinel","Feel No Pain","Body Slam"],"campfire_rested":0,"item_purchase_floors":[2,19,25],"current_hp_per_floor":[74,74,51,51,57,63,60,60,60,42,42,20,20,20,20,16,55,54,54,54,39,39,44,44,44,44,44,38,38,32,27,27,5,5],"gold":227,"neow_bonus":"THREE_ENEMY_KILL","is_daily":false,"chose_seed":false,"campfire_upgraded":5,"win_rate":0.0,"timestamp":1613814545,"path_taken":["M","$","?","?","M","E","M","M","T","E","?","E","$","?","R","BOSS","M","$","?","M","?","?","R","$","T","R","M","R","?","M","R","BOSS"],"items_purchased_type":["Card","Card","Card"],"build_version":"2020-12-22","purchased_purges":3,"victory":false,"max_hp_per_floor":[75,75,75,68,68,68,68,68,68,68,68,68,68,68,68,68,68,68,68,68,68,68,73,73,73,73,73,73,73,73,73,73,73,73],"relic_stats":{"Nunchaku":[8],"counters":[15,71],"Golden Idol":98,"CeramicFish":72,"Prayer Wheel":4,"Juzu Bracelet":1,"Kunai":[4],"Boot":[0],"MawBank":24,"obtain_stats":[{"NeowsBlessing":0,"Golden Idol":4,"CeramicFish":12,"Thread and Needle":30,"Juzu Bracelet":10,"Frozen Egg 2":30,"Boot":6,"MawBank":17,"Burning Blood":0,"Calling Bell":17,"Nunchaku":9,"Prayer Wheel":17,"Kunai":17},{"NeowsBlessing":0,"Golden Idol":1,"CeramicFish":7,"Thread and Needle":13,"Juzu Bracelet":6,"Frozen Egg 2":13,"Boot":3,"MawBank":8,"Burning Blood":0,"Calling Bell":8,"Nunchaku":5,"Prayer Wheel":8,"Kunai":8},{"NeowsBlessing":0,"Golden Idol":1,"CeramicFish":31,"Thread and Needle":59,"Juzu Bracelet":18,"Frozen Egg 2":59,"Boot":3,"MawBank":37,"Burning Blood":0,"Calling Bell":37,"Nunchaku":11,"Prayer Wheel":37,"Kunai":37}],"Burning Blood":84},"card_choices":[{"not_picked":["Armaments","Inflame"],"picked":"Second Wind","floor":1.0},{"not_picked":["Perfected Strike","Clothesline"],"picked":"Blood for Blood","floor":5.0},{"not_picked":["Rampage","Battle Trance"],"picked":"Impervious","floor":6.0},{"not_picked":["Reckless Charge","Wild Strike"],"picked":"Battle Trance","floor":7.0},{"not_picked":["True Grit","Body Slam"],"picked":"Bloodletting","floor":8.0},{"not_picked":["Whirlwind","Sword Boomerang","Burning Pact"],"picked":"SKIP","floor":10.0},{"not_picked":["Carnage","Anger"],"picked":"Hemokinesis","floor":12.0},{"not_picked":["Limit Break","Corruption"],"picked":"Immolate","floor":16.0},{"not_picked":["Dual Wield","Hemokinesis"],"picked":"Seeing Red+1","floor":18.0},{"not_picked":["Shrug It Off","Flex+1"],"picked":"Power Through","floor":18.0},{"not_picked":["Flex","Power Through","Inflame"],"picked":"SKIP","floor":21.0},{"not_picked":["Twin Strike","Burning Pact","Armaments"],"picked":"SKIP","floor":21.0},{"not_picked":["Combust","Iron Wave","Anger"],"picked":"SKIP","floor":28.0},{"not_picked":["Combust","Clash","Perfected Strike"],"picked":"SKIP","floor":28.0},{"not_picked":["Entrench","Flex+1","Bloodletting"],"picked":"SKIP","floor":31.0},{"not_picked":["Shrug It Off","Blood for Blood+1","Anger"],"picked":"SKIP","floor":31.0}],"player_experience":999458,"relics_obtained":[{"floor":6.0,"key":"Boot"},{"floor":9.0,"key":"Nunchaku"},{"floor":10.0,"key":"Juzu Bracelet"},{"floor":12.0,"key":"CeramicFish"},{"floor":17.0,"key":"MawBank"},{"floor":17.0,"key":"Kunai"},{"floor":17.0,"key":"Prayer Wheel"},{"floor":30.0,"key":"Thread and Needle"},{"floor":30.0,"key":"Frozen Egg 2"}],"event_choices":[{"damage_healed":0.0,"max_hp_gain":0.0,"max_hp_loss":0.0,"gold_gain":0.0,"event_name":"Shining Light","player_choice":"Entered Light","floor":3.0,"gold_loss":0.0,"damage_taken":23.0,"cards_upgraded":["Defend_R","Strike_R"]},{"damage_healed":0.0,"max_hp_gain":0.0,"max_hp_loss":7.0,"gold_gain":0.0,"event_name":"Golden Idol","player_choice":"Lose Max HP","floor":4.0,"gold_loss":0.0,"damage_taken":0.0,"relics_obtained":["Golden Idol"]},{"cards_removed":["Strike_R"],"damage_healed":0.0,"max_hp_gain":0.0,"max_hp_loss":0.0,"gold_gain":0.0,"event_name":"The Cleric","player_choice":"Card Removal","floor":11.0,"gold_loss":75.0,"damage_taken":0.0},{"damage_healed":0.0,"max_hp_gain":0.0,"max_hp_loss":0.0,"gold_gain":50.0,"event_name":"Golden Shrine","player_choice":"Pray","floor":14.0,"gold_loss":0.0,"damage_taken":0.0},{"damage_healed":0.0,"max_hp_gain":0.0,"max_hp_loss":0.0,"gold_gain":0.0,"event_name":"The Mausoleum","player_choice":"Ignored","floor":20.0,"gold_loss":0.0,"damage_taken":0.0},{"damage_healed":0.0,"max_hp_gain":0.0,"max_hp_loss":0.0,"gold_gain":0.0,"event_name":"The Library","player_choice":"Read","floor":22.0,"gold_loss":0.0,"damage_taken":0.0,"cards_obtained":["Offering"]},{"damage_healed":0.0,"max_hp_gain":0.0,"max_hp_loss":0.0,"gold_gain":0.0,"event_name":"Lab","player_choice":"Got Potions","floor":23.0,"gold_loss":0.0,"damage_taken":0.0},{"damage_healed":0.0,"max_hp_gain":0.0,"max_hp_loss":0.0,"gold_gain":0.0,"event_name":"Colosseum","player_choice":"Fight","floor":30.0,"gold_loss":0.0,"damage_taken":0.0},{"damage_healed":0.0,"max_hp_gain":0.0,"max_hp_loss":0.0,"gold_gain":0.0,"event_name":"Colosseum","player_choice":"Fought Nobs","floor":30.0,"gold_loss":0.0,"damage_taken":0.0}],"is_beta":false,"boss_relics":[{"not_picked":["SacredBark","Runic Pyramid"],"picked":"Calling Bell"}],"items_purged_floors":[2,13,19],"is_endless":false,"potions_floor_spawned":[1,5,10,16,21,28,31],"killed_by":"Automaton","ascension_level":20}}