{"host":"7gquyva492f4udta","time":1613781410,"event":{"mods":["BaseMod","Minty Spire (QoL Compilation)"],"gold_per_floor":[19,39,55,68,85,117,135,165,165,340,340,352,84,84,84],"floor_reached":14,"language":"ENG","playtime":910,"items_purged":["Doubt"],"score":161,"play_id":"de5901bc-8b28-4c7f-a35e-47d20e66370a","local_time":"20210219183650","is_ascension_mode":true,"campfire_choices":[{"floor":11,"key":"REST"}],"circlet_count":0,"master_deck":["Strike_P","Strike_P","Strike_P","Strike_P","Defend_P","Defend_P","Defend_P","Defend_P","Eruption","Vigilance","Transmutation","FollowUp","EmptyFist","SpiritShield","Evaluate","CutThroughFate","Vault","Wallop","ThirdEye","BattleHymn"],"relics":["PureWater","Blood Vial","MealTicket","Girya","Chemical X"],"acts_visited":["Exordium"],"potions_floor_usage":[5,7,14,14],"damage_taken":[{"damage":2,"enemies":"2 Louse","floor":1,"turns":3},{"damage":0,"enemies":"Small Slimes","floor":2,"turns":3},{"damage":0,"enemies":"Jaw Worm","floor":3,"turns":4},{"damage":18,"enemies":"2 Fungi Beasts","floor":4,"turns":3},{"damage":4,"enemies":"Exordium Wildlife","floor":5,"turns":4},{"damage":0,"enemies":"Gremlin Nob","floor":6,"turns":2},{"damage":23,"enemies":"Gremlin Gang","floor":7,"turns":6},{"damage":18,"enemies":"Lagavulin","floor":8,"turns":8},{"damage":7,"enemies":"3 Louse","floor":12,"turns":3},{"damage":51,"enemies":"3 Sentries","floor":14,"turns":6}],"seed_played":"1320699982656750305","potions_obtained":[{"floor":4,"key":"Fire Potion"},{"floor":5,"key":"ColorlessPotion"},{"floor":7,"key":"EssenceOfSteel"},{"floor":12,"key":"Swift Potion"}],"is_trial":false,"path_per_floor":["M","M","M","M","M","E","M","E","T","?","R","M","$","E"],"character_chosen":"WATCHER","items_purchased":["Chemical X","BattleHymn"],"campfire_rested":1,"item_purchase_floors":[13,13],"current_hp_per_floor":[70,70,70,52,48,48,27,11,11,11,32,27,42,0,0],"gold":84,"neow_bonus":"RANDOM_COLORLESS_2","is_daily":false,"chose_seed":false,"campfire_upgraded":0,"win_rate":0.0,"timestamp":1613781410,"path_taken":["M","M","M","M","M","E","M","E","T","?","R","M","$","E"],"items_purchased_type":["Relic","Card"],"build_version":"2020-12-22","purchased_purges":1,"victory":false,"max_hp_per_floor":[72,72,72,72,72,72,72,72,72,72,72,72,72,72,72],"card_choices":[{"not_picked":["The Bomb","Chrysalis"],"picked":"Transmutation","floor":0},{"not_picked":["Indignation","Consecrate"],"picked":"FollowUp","floor":1},{"not_picked":["Indignation","LikeWater"],"picked":"EmptyFist","floor":2},{"not_picked":["Prostrate","Protect"],"picked":"SpiritShield","floor":3},{"not_picked":["FlyingSleeves","ClearTheMind"],"picked":"Evaluate","floor":4},{"not_picked":["DeceiveReality","ReachHeaven"],"picked":"CutThroughFate","floor":5},{"not_picked":["SandsOfTime","FlurryOfBlows"],"picked":"Vault","floor":6},{"not_picked":["JustLucky","CrushJoints","Collect"],"picked":"SKIP","floor":7},{"not_picked":["Protect","Consecrate"],"picked":"Wallop","floor":8},{"not_picked":["SignatureMove","WaveOfTheHand"],"picked":"ThirdEye","floor":12}],"player_experience":291386,"relics_obtained":[{"floor":6,"key":"Blood Vial"},{"floor":8,"key":"MealTicket"},{"floor":9,"key":"Girya"}],"event_choices":[{"damage_healed":0,"gold_gain":175,"player_choice":"AGREE","damage_taken":0,"max_hp_gain":0,"max_hp_loss":0,"event_name":"Liars Game","floor":10,"gold_loss":0,"cards_obtained":["Doubt"]}],"is_beta":false,"boss_relics":[],"items_purged_floors":[13],"is_endless":false,"potions_floor_spawned":[4,5,7,12],"killed_by":"3 Sentries","ascension_level":5}}