{"host":"6r341r9cz00j2qc1","time":1613787360,"event":{"mods":["BaseMod","Better Third Choice","Downfall","Hermit","Lobotomy","LobotomyExtend","Minty Spire (QoL Compilation)","Replay The Spire","Shop Mod","StSLib"],"gold_per_floor":[115,115,115,89,108,121,121,136,136,161,5,21,21,44,44,175,175,193,193,217,217,217,217],"floor_reached":22,"language":"ENG","playtime":1551,"items_purged":[],"score":178,"play_id":"bf685678-185f-466a-be26-b6a0b16e38e2","local_time":"20210220031600","is_ascension_mode":false,"campfire_choices":[{"data":"DevaForm","floor":7,"key":"SMITH"},{"floor":15,"key":"REST"}],"circlet_count":0,"master_deck":["Strike_P","Strike_P","Strike_P","Strike_P","Defend_P","Defend_P","Defend_P","Eruption","Vigilance","BowlingBash","Replay:Hum","SashWhip","DevaForm+1","SignatureMove","BowlingBash","JustLucky","CutThroughFate","JustLucky","Devotion","Replay:Hum","FollowUp+1"],"relics":["PureWater","LetterFromLob","Golden Idol","Replay:Baseball","ReplayTheSpireMod:TigerMarble","SlaversCollar"],"acts_visited":["Exordium","TheCity"],"potions_floor_usage":[14,16,16,22],"damage_taken":[{"damage":5,"enemies":"Jaw Worm","floor":1,"turns":4},{"damage":0,"enemies":"2 Louse","floor":5,"turns":2},{"damage":0,"enemies":"Cultist","floor":6,"turns":2},{"damage":7,"enemies":"Blue Slaver","floor":8,"turns":2},{"damage":14,"enemies":"Exordium Thugs","floor":10,"turns":2},{"damage":5,"enemies":"3 Louse","floor":12,"turns":2},{"damage":2,"enemies":"Exordium Wildlife","floor":14,"turns":2},{"damage":33,"enemies":"The Guardian","floor":16,"turns":6},{"damage":8,"enemies":"3 Byrds","floor":18,"turns":4},{"damage":21,"enemies":"Spheric Guardian","floor":20,"turns":4},{"damage":45,"enemies":"Cultist and Chosen","floor":22,"turns":6}],"seed_played":"-4070374751023188058","potions_obtained":[{"floor":1,"key":"BlessingOfTheForge"},{"floor":6,"key":"Strength Potion"},{"floor":10,"key":"BottledMiracle"},{"floor":18,"key":"Languid Potion"}],"is_trial":false,"path_per_floor":["M","?","?","$","M","M","R","M","T","M","$","M","?","M","R","B",null,"M","$","M","?","M"],"character_chosen":"WATCHER","items_purchased":["SashWhip","ReplayTheSpireMod:TigerMarble"],"campfire_rested":1,"item_purchase_floors":[4,11],"current_hp_per_floor":[67,67,67,67,67,67,67,60,60,46,46,41,41,39,60,27,72,64,64,43,43,0,0],"gold":217,"neow_bonus":"THREE_CARDS","is_daily":false,"chose_seed":false,"campfire_upgraded":1,"win_rate":0.0,"timestamp":1613787360,"path_taken":["M","?","?","?","M","M","R","M","T","M","$","?","?","M","R","BOSS","M","$","M","?","M"],"items_purchased_type":["Card","Relic"],"build_version":"2020-12-22","purchased_purges":0,"victory":false,"max_hp_per_floor":[72,72,72,72,72,72,72,72,72,72,72,72,72,72,72,72,72,72,72,72,72,72,72],"card_choices":[{"not_picked":["CutThroughFate","FlurryOfBlows"],"picked":"BowlingBash","floor":0},{"not_picked":["SashWhip","Study"],"picked":"Replay:Hum","floor":1},{"not_picked":["CutThroughFate","PathToVictory"],"picked":"DevaForm","floor":5},{"not_picked":["SandsOfTime","Consecrate"],"picked":"SignatureMove","floor":6},{"not_picked":["EmptyBody","Nirvana"],"picked":"BowlingBash","floor":8},{"not_picked":["Crescendo","Evaluate"],"picked":"JustLucky","floor":10},{"not_picked":["EmptyBody","BowlingBash"],"picked":"CutThroughFate","floor":12},{"not_picked":["Swivel","BowlingBash"],"picked":"JustLucky","floor":14},{"not_picked":["Scrawl","DevaForm"],"picked":"Devotion","floor":16},{"not_picked":["Wallop","BowlingBash"],"picked":"Replay:Hum","floor":18},{"not_picked":["Consecrate","BowlingBash"],"picked":"FollowUp+1","floor":20}],"player_experience":527891,"relics_obtained":[{"floor":1,"key":"LetterFromLob"},{"floor":9,"key":"Replay:Baseball"}],"event_choices":[{"damage_healed":0,"gold_gain":0,"player_choice":"Take Wound","damage_taken":0,"relics_obtained":["Golden Idol"],"max_hp_gain":0,"max_hp_loss":0,"event_name":"Golden Idol","floor":2,"gold_loss":0,"cards_obtained":["Injury"]},{"cards_removed":["Injury"],"damage_healed":0,"gold_gain":0,"player_choice":"Removed Curses","damage_taken":0,"max_hp_gain":0,"max_hp_loss":0,"event_name":"Fountain of Cleansing","floor":13,"gold_loss":0},{"damage_healed":0,"gold_gain":0,"player_choice":"Ignored","damage_taken":0,"max_hp_gain":0,"max_hp_loss":0,"event_name":"Ghosts","floor":21,"gold_loss":0}],"is_beta":false,"boss_relics":[{"not_picked":["Sozu","Astrolabe"],"picked":"SlaversCollar"}],"items_purged_floors":[],"is_endless":false,"potions_floor_spawned":[1,6,10,12,18],"killed_by":"Cultist and Chosen","ascension_level":0}}