{"host":"y9jgkjnf95sujozk","time":1613856911,"event":{"mods":["2.2 Compatiblity","AchievementEnabler","Act Like it!","BaseMod","BetterRewards","Block Reminder","Colored Map","Colored Powertips","Friendly Minions","Gensokyo","GifTheSpireLib","Hallownest","Hermit","Highlight Path","HololiveMod","Hubris","Infinite Spire","Jorbs\u0027s Wanderer Trilogy","Koishi","Marisa（霧雨　魔理沙）","Minty Spire (QoL Compilation)","Quick Restart","Random Character Button","Rare Cards Sparkle","Reimu（博??梦）","Remilia（蕾米莉?）","Replay The Spire","Shop Mod","StSLib","SuperFastMode","The Bug Knight","The Cursed","The Disciple","The Hierophant","The Jungle","The Runesmith","The Senshi","The Servant 0.9.4"],"gold_per_floor":[116,116,127,143,161,161,52,52,52,52,66,83,83,95,95,95,95],"floor_reached":16,"language":"ENG","playtime":368,"items_purged":[],"score":94,"play_id":"9a60958d-5275-4e9c-97c8-8a4c69ebd13e","local_time":"20210220223511","is_ascension_mode":false,"campfire_choices":[{"floor":6,"key":"REST"},{"floor":8,"key":"REST"},{"floor":15,"key":"REST"}],"circlet_count":0,"master_deck":["Strike_Br","Strike_Br","Strike_Br","Strike_Br","Defend_Br","Defend_Br","Defend_Br","Defend_Br","SecondHand","PatternShift","BiteCommand","Facsimile","Accelerando","CrunchTime","RageCommand","RageCommand","Hallownest:curseDreamersLament","Engulf","BiteCommand","BiteCommand","RageCommand"],"relics":["Chronometer","Hallownest:DreamNailRelic","Matryoshka","Hallownest:TeacherSealRelic"],"acts_visited":["Exordium"],"potions_floor_usage":[16,16,16],"damage_taken":[{"damage":6,"enemies":"Hallownest:2_Baldur","floor":1,"turns":6},{"damage":3,"enemies":"Hallownest:monsterHuskWarrior","floor":3,"turns":5},{"damage":8,"enemies":"Hallownest:monsterHuskGuard","floor":4,"turns":7},{"damage":11,"enemies":"Hallownest:monsterFoolEater","floor":5,"turns":6},{"damage":16,"enemies":"Hallownest:monsterMossCharger","floor":11,"turns":7},{"damage":11,"enemies":"Hallownest:Wandering_and_Horned","floor":12,"turns":5},{"damage":18,"enemies":"Hallownest:1_Baldur_1_Crawlid_1_Warrior","floor":14,"turns":4},{"damage":58,"enemies":"Hallownest:BossFalseKnight","floor":16,"turns":9}],"seed_played":"8631645017799591087","potions_obtained":[{"floor":4,"key":"PowerPotion"},{"floor":5,"key":"Regen Potion"},{"floor":12,"key":"LiquidMemories"}],"is_trial":false,"path_per_floor":["M","?","M","M","M","R","$","R","T","?","M","M","?","M","R","B"],"character_chosen":"CHRONO_CLASS","items_purchased":["RageCommand"],"campfire_rested":3,"item_purchase_floors":[7],"current_hp_per_floor":[59,59,56,48,37,56,56,65,65,65,49,38,38,20,39,0,0],"gold":95,"neow_bonus":"","is_daily":false,"chose_seed":false,"campfire_upgraded":0,"win_rate":0.0,"timestamp":1613856911,"path_taken":["M","?","M","M","?","R","$","R","T","?","M","M","?","?","R","BOSS"],"items_purchased_type":["Card"],"build_version":"2020-12-22","purchased_purges":0,"victory":false,"max_hp_per_floor":[65,65,65,65,65,65,65,65,65,65,65,65,65,65,65,65,65],"card_choices":[{"not_picked":["ResonantCall","LockedMedicine"],"picked":"BiteCommand","floor":1},{"not_picked":["LockedUrn","HandsUpC"],"picked":"Facsimile","floor":3},{"not_picked":["LockedScales","LockedMedicine"],"picked":"Tempo","floor":4},{"not_picked":["LockedMercury","Accruing"],"picked":"CrunchTime","floor":5},{"not_picked":["AlternateTimeline","LockedTurtyl"],"picked":"Engulf","floor":11},{"not_picked":["BlueShift","HandsUpB"],"picked":"BiteCommand","floor":12},{"not_picked":["HandsUpC","BlueShift"],"picked":"RageCommand","floor":14}],"player_experience":144833,"relics_obtained":[{"floor":9,"key":"Matryoshka"}],"event_choices":[],"is_beta":false,"boss_relics":[],"items_purged_floors":[],"is_endless":false,"potions_floor_spawned":[4,5,12],"killed_by":"Hallownest:BossFalseKnight","ascension_level":0}}