{"host":"6ra5lt5rtw92upyd","time":1613835243,"event":{"mods":["Act Like it!","BaseMod","Minty Spire (QoL Compilation)","Robot Space Explorer","Shop Mod","Spicy Shops","StSLib","[IsaacMod]ÒÔÈö¼âËþ"],"gold_per_floor":[114,129,304,319,334,389,404,434,434,434,464,89,119,134,134,234,234,249,249,249,99,114,144,144,159,184,199,264,279,309,324,324,449,449,489,504,79,79,94,149,149,189,264,294,309,309,349,349,349,349],"floor_reached":51,"language":"ZHS","playtime":4217,"items_purged":["Corruption"],"score":1008,"play_id":"271b8f72-4faa-4084-8f1a-7352d45dd912","local_time":"20210220233403","daily_mods":["Shiny","Red Cards","DeadlyEvents"],"is_ascension_mode":false,"campfire_choices":[{"data":"Omniscience","floor":10.0,"key":"SMITH"},{"data":"Blasphemy","floor":15.0,"key":"SMITH"},{"data":"Demon Form","floor":32.0,"key":"SMITH"},{"data":"Alpha","floor":41,"key":"SMITH"},{"data":"Omniscience","floor":46,"key":"SMITH"},{"floor":49,"key":"REST"}],"circlet_count":0,"master_deck":["Double Tap","Demon Form+1","Fiend Fire+1","Berserk","Impervious","Brutality","Exhume","Offering","Bludgeon","Feed+1","Limit Break","Barricade","Reaper+1","Immolate","Brilliance","Devotion","LessonLearned","Vault","Alpha+1","Establishment","DeusExMachina","Judgement","ConjureBlade","MasterReality","Blasphemy+1","Ragnarok","Scrawl+1","Wish","Omniscience+1","SpiritShield","DevaForm+1","InnerPeace","ThirdEye","DeusExMachina+1","Omniscience+1","Battle Trance+1","WindmillStrike","Vault","Master of Strategy","Enlightenment"],"relics":["PureWater","HushsDoor","BloodDonationMachine","Whetstone","Blood Vial","Akabeko","UnicornStump","Medical Kit","Tiny Chest","Oddly Smooth Stone","Empty Cage","MutagenicStrength","Potion Belt","GnawedLeaf","Pantograph","Nunchaku","FossilizedHelix","SlaversCollar","Bottled Flame","TungstenRod","Boot","Singing Bowl","Centennial Puzzle","Vajra"],"acts_visited":["Exordium","TheCity","TheBeyond"],"potions_floor_usage":[],"damage_taken":[{"damage":0.0,"enemies":"Cultist","floor":1.0,"turns":1.0},{"damage":5.0,"enemies":"Jaw Worm","floor":2.0,"turns":2.0},{"damage":0.0,"enemies":"Small Slimes","floor":4.0,"turns":2.0},{"damage":1.0,"enemies":"Looter","floor":5.0,"turns":4.0},{"damage":20.0,"enemies":"3 Sentries","floor":6.0,"turns":9.0},{"damage":0.0,"enemies":"2 Fungi Beasts","floor":7.0,"turns":2.0},{"damage":0.0,"enemies":"Gremlin Nob","floor":8.0,"turns":2.0},{"damage":0.0,"enemies":"3 Sentries","floor":11.0,"turns":1.0},{"damage":0.0,"enemies":"Lagavulin","floor":13.0,"turns":4.0},{"damage":0.0,"enemies":"Large Slime","floor":14.0,"turns":3.0},{"damage":2.0,"enemies":"Hexaghost","floor":16.0,"turns":3.0},{"damage":0.0,"enemies":"Spheric Guardian","floor":18.0,"turns":1.0},{"damage":0.0,"enemies":"Chosen","floor":22.0,"turns":4.0},{"damage":0.0,"enemies":"Slavers","floor":23.0,"turns":1.0},{"damage":2.0,"enemies":"Snecko","floor":25.0,"turns":3.0},{"damage":0.0,"enemies":"Snake Plant","floor":27.0,"turns":3.0},{"damage":16.0,"enemies":"Cultist and Chosen","floor":28.0,"turns":4.0},{"damage":0.0,"enemies":"Centurion and Healer","floor":29.0,"turns":5.0},{"damage":0.0,"enemies":"Gremlin Leader","floor":30.0,"turns":2.0},{"damage":0.0,"enemies":"Shelled Parasite and Fungi","floor":31.0,"turns":2.0},{"damage":27.0,"enemies":"Collector","floor":33.0,"turns":6.0},{"damage":1.0,"enemies":"3 Shapes","floor":35.0,"turns":8.0},{"damage":0.0,"enemies":"Orb Walker","floor":36.0,"turns":1.0},{"damage":0.0,"enemies":"Writhing Mass","floor":39.0,"turns":4.0},{"damage":25,"enemies":"Nemesis","floor":40,"turns":4},{"damage":0,"enemies":"Maw","floor":42,"turns":6},{"damage":4,"enemies":"Giant Head","floor":44,"turns":6},{"damage":0,"enemies":"Jaw Worm Horde","floor":45,"turns":1},{"damage":25,"enemies":"3 Darklings","floor":47,"turns":6},{"damage":18,"enemies":"Time Eater","floor":50,"turns":9}],"seed_played":"3618718455484561711","potions_obtained":[{"floor":5.0,"key":"Fire Potion"},{"floor":7.0,"key":"Explosive Potion"},{"floor":8.0,"key":"AttackPotion"},{"floor":29.0,"key":"BottledMiracle"},{"floor":31.0,"key":"Weak Potion"},{"floor":33.0,"key":"LiquidBronze"}],"is_trial":false,"path_per_floor":["M","M","?","M","M","E","M","E","T","R","E","$","E","M","R","B",null,"M","?","?","$","M","E","T","M","T","M","M","M","E","M","R","B",null,"M","M","$","?","M","E","R","M","T","E","M","R","M","T","R","B",null],"character_chosen":"WATCHER","items_purchased":["Medical Kit","Tiny Chest","Potion Belt","Bottled Flame","TungstenRod"],"campfire_rested":1,"item_purchase_floors":[12,12,21,37,37],"current_hp_per_floor":[72,67,67,67,66,53,53,53,53,53,55,55,57,63,63,63,79,79,79,79,79,79,79,79,77,77,79,63,70,79,79,79,52,79,78,79,79,70,72,53,53,83,83,81,85,85,68,68,93,75],"gold":349,"neow_bonus":"","is_daily":true,"chose_seed":false,"campfire_upgraded":5,"win_rate":0.0,"timestamp":1613835243,"path_taken":["M","M","?","M","M","E","M","E","T","R","?","$","?","M","R","BOSS","M","?","?","$","M","E","?","M","T","?","M","M","E","M","R","BOSS","M","M","$","?","M","E","R","?","T","E","M","R","M","?","R","BOSS"],"items_purchased_type":["Relic","Relic","Relic","Relic","Relic"],"build_version":"2020-12-22","purchased_purges":1,"victory":true,"max_hp_per_floor":[72,72,72,72,72,75,75,75,75,75,75,75,75,79,79,79,79,79,79,79,79,79,79,79,79,79,79,79,79,79,79,79,79,79,79,79,79,79,79,83,83,83,83,85,87,87,93,93,93,93],"card_choices":[{"not_picked":["PathToVictory","EmptyBody","CrushJoints"],"picked":"SKIP","floor":1.0},{"not_picked":["Perfected Strike","Limit Break"],"picked":"Shrug It Off","floor":2.0},{"not_picked":["Weave","Conclude","EmptyFist"],"picked":"SKIP","floor":4.0},{"not_picked":["Prostrate","Sanctity"],"picked":"InnerPeace","floor":5.0},{"not_picked":["Clothesline","EmptyFist"],"picked":"ThirdEye","floor":6.0},{"not_picked":["WaveOfTheHand","Evaluate","BowlingBash"],"picked":"SKIP","floor":7.0},{"not_picked":["Shrug It Off","FollowUp","FlurryOfBlows"],"picked":"SKIP","floor":8.0},{"not_picked":["JustLucky","Nirvana"],"picked":"DeusExMachina","floor":11.0},{"not_picked":["CutThroughFate","Pummel","Swivel"],"picked":"SKIP","floor":13.0},{"not_picked":["EmptyBody","Inflame","CrushJoints"],"picked":"SKIP","floor":14.0},{"not_picked":["Vault","Juggernaut"],"picked":"Omniscience","floor":16.0},{"not_picked":["JustLucky","Uppercut","Battle Trance+1"],"picked":"SKIP","floor":18.0},{"not_picked":["JustLucky","Uppercut"],"picked":"Battle Trance+1","floor":18.0},{"not_picked":["FollowUp","BowlingBash+1","Adaptation"],"picked":"SKIP","floor":22.0},{"not_picked":["Havoc","FearNoEvil","Dark Embrace"],"picked":"SKIP","floor":23.0},{"not_picked":["Heavy Blade","CutThroughFate","Twin Strike"],"picked":"SKIP","floor":25.0},{"not_picked":["ThirdEye","Headbutt","WindmillStrike"],"picked":"SKIP","floor":27.0},{"not_picked":["ThirdEye","Headbutt"],"picked":"WindmillStrike","floor":27.0},{"not_picked":["Study","FollowUp","Feel No Pain"],"picked":"SKIP","floor":28.0},{"not_picked":["Halt","Armaments","Crescendo+1"],"picked":"SKIP","floor":29.0},{"not_picked":["BowlingBash+1","DeceiveReality","Halt"],"picked":"SKIP","floor":30.0},{"not_picked":["Berserk","BowlingBash","True Grit"],"picked":"SKIP","floor":31.0},{"not_picked":["Bludgeon","Double Tap"],"picked":"Vault","floor":33.0},{"not_picked":["Evaluate+1","Perseverance","Swivel+1"],"picked":"SKIP","floor":35.0},{"not_picked":["Whirlwind+1","CutThroughFate","ReachHeaven"],"picked":"SKIP","floor":36.0},{"not_picked":["DoctorFetus","Good Instincts"],"picked":"Master of Strategy","floor":38.0},{"not_picked":["Impatience","Jack Of All Trades"],"picked":"Enlightenment","floor":38.0},{"not_picked":["ReachHeaven+1","Vengeance+1","Sword Boomerang+1"],"picked":"SKIP","floor":39.0},{"not_picked":["Fire Breathing","WindmillStrike","SashWhip"],"picked":"SKIP","floor":40},{"not_picked":["Indignation","Study+1","Havoc"],"picked":"SKIP","floor":42},{"not_picked":["Meditate","Bloodletting","BattleHymn"],"picked":"Singing Bowl","floor":44},{"not_picked":["Collect","Inflame","Shrug It Off+1"],"picked":"Singing Bowl","floor":45},{"not_picked":["Metallicize","Seeing Red+1","EmptyBody"],"picked":"Singing Bowl","floor":47}],"player_experience":282659,"relics_obtained":[{"floor":6.0,"key":"Whetstone"},{"floor":8.0,"key":"Blood Vial"},{"floor":9.0,"key":"Akabeko"},{"floor":11.0,"key":"UnicornStump"},{"floor":13.0,"key":"Oddly Smooth Stone"},{"floor":23.0,"key":"GnawedLeaf"},{"floor":24.0,"key":"Pantograph"},{"floor":26.0,"key":"Nunchaku"},{"floor":30.0,"key":"FossilizedHelix"},{"floor":40,"key":"Boot"},{"floor":43,"key":"Singing Bowl"},{"floor":44,"key":"Centennial Puzzle"},{"floor":48,"key":"Vajra"}],"event_choices":[{"damage_healed":0.0,"max_hp_gain":0.0,"max_hp_loss":0.0,"gold_gain":175.0,"event_name":"Liars Game","player_choice":"AGREE","floor":3.0,"gold_loss":0.0,"damage_taken":0.0,"cards_obtained":["Doubt"]},{"cards_removed":["Juggernaut"],"damage_healed":0.0,"max_hp_gain":0.0,"max_hp_loss":0.0,"gold_gain":0.0,"event_name":"Back to Basics","player_choice":"Elegance","floor":19.0,"gold_loss":0.0,"damage_taken":0.0},{"damage_healed":0.0,"max_hp_gain":0.0,"max_hp_loss":0.0,"gold_gain":0.0,"event_name":"Drug Dealer","player_choice":"Inject Mutagens","floor":20.0,"gold_loss":0.0,"damage_taken":0.0,"relics_obtained":["MutagenicStrength"]},{"damage_healed":0.0,"max_hp_gain":0.0,"max_hp_loss":0.0,"gold_gain":0.0,"event_name":"SensoryStone","player_choice":"Memory 3","floor":38.0,"gold_loss":0.0,"damage_taken":10.0}],"is_beta":false,"boss_relics":[{"not_picked":["Coffee Dripper","Astrolabe"],"picked":"Empty Cage"},{"not_picked":[]},{"not_picked":["Fusion Hammer","Cursed Key"],"picked":"SlaversCollar"},{"not_picked":[]}],"items_purged_floors":[12],"is_endless":false,"potions_floor_spawned":[5,7,8,11,13,18,29,31,33,36,47],"ascension_level":0}}