{"host":"7vsti54a9aip3o1e","time":1613802686,"event":{"mods":["AchievementEnabler","BaseMod","Colored Map","Colored Powertips","Highlight Path","Minty Spire (QoL Compilation)","Quick Restart","Rare Cards Sparkle","SuperFastMode"],"gold_per_floor":[114,114,126,136,136,170,170,170,197,226,226,243,257,257,257],"floor_reached":14,"language":"ENG","playtime":346,"items_purged":[],"score":153,"play_id":"566f0ea5-150d-441e-b1ce-4a6ea13a48b0","local_time":"20210220013126","is_ascension_mode":true,"campfire_choices":[{"floor":8,"key":"REST"}],"circlet_count":0,"master_deck":["AscendersBane","Strike_B","Strike_B","Strike_B","Strike_B","Defend_B","Defend_B","Defend_B","Defend_B","Zap","Dualcast","Rebound","Gash","Genetic Algorithm","Gash","Reprogram"],"relics":["Cracked Core","NeowsBlessing","Eternal Feather","Anchor","Blood Vial","Potion Belt","Odd Mushroom"],"acts_visited":[],"potions_floor_usage":[10,10,12,14,14,14],"damage_taken":[{"damage":0,"enemies":"Small Slimes","floor":1,"turns":1},{"damage":0,"enemies":"Cultist","floor":3,"turns":1},{"damage":0,"enemies":"2 Louse","floor":4,"turns":1},{"damage":51,"enemies":"Gremlin Nob","floor":6,"turns":5},{"damage":10,"enemies":"The Mushroom Lair","floor":10,"turns":3},{"damage":11,"enemies":"Lots of Slimes","floor":12,"turns":4},{"damage":4,"enemies":"2 Fungi Beasts","floor":13,"turns":3},{"damage":23,"enemies":"3 Sentries","floor":14,"turns":3}],"seed_played":"4080050627668689640","potions_obtained":[{"floor":1,"key":"FocusPotion"},{"floor":2,"key":"EntropicBrew"},{"floor":2,"key":"SmokeBomb"},{"floor":13,"key":"SneckoOil"}],"is_trial":false,"path_per_floor":["M","?","M","M","T","E","?","R","T","?","?","M","M","E"],"character_chosen":"DEFECT","items_purchased":[],"campfire_rested":1,"item_purchase_floors":[],"current_hp_per_floor":[64,64,64,64,64,13,6,33,33,25,25,16,14,0,0],"gold":257,"neow_bonus":"THREE_ENEMY_KILL","is_daily":false,"chose_seed":false,"campfire_upgraded":0,"win_rate":0.0,"timestamp":1613802686,"path_taken":["M","?","?","M","?","E","?","R","T","?","?","M","M","E"],"items_purchased_type":[],"build_version":"2020-12-22","purchased_purges":0,"victory":false,"max_hp_per_floor":[71,71,71,71,71,71,71,71,71,71,71,71,71,71,71],"card_choices":[{"not_picked":["Chill","Darkness"],"picked":"Rebound","floor":1},{"not_picked":["Redo","Barrage"],"picked":"Gash","floor":3},{"not_picked":["Heatsinks","Steam"],"picked":"Genetic Algorithm","floor":4},{"not_picked":["Sunder","Force Field","Reinforced Body"],"picked":"SKIP","floor":6},{"not_picked":["Scrape","Ball Lightning"],"picked":"Gash","floor":10},{"not_picked":["Steam","Stack"],"picked":"Reprogram","floor":12},{"not_picked":["Redo","Barrage","White Noise"],"picked":"SKIP","floor":13}],"player_experience":568079,"relics_obtained":[{"floor":5,"key":"Eternal Feather"},{"floor":6,"key":"Anchor"},{"floor":9,"key":"Potion Belt"},{"floor":10,"key":"Odd Mushroom"}],"event_choices":[{"damage_healed":0,"gold_gain":0,"player_choice":"Got Potions","damage_taken":0,"max_hp_gain":0,"max_hp_loss":0,"event_name":"Lab","floor":2,"gold_loss":0},{"damage_healed":0,"gold_gain":0,"player_choice":"Success","damage_taken":7,"relics_obtained":["Blood Vial"],"max_hp_gain":0,"max_hp_loss":0,"event_name":"Scrap Ooze","floor":7,"gold_loss":0},{"damage_healed":0,"gold_gain":0,"player_choice":"Fought Mushrooms","damage_taken":0,"max_hp_gain":0,"max_hp_loss":0,"event_name":"Mushrooms","floor":10,"gold_loss":0},{"damage_healed":0,"gold_gain":0,"player_choice":"Ignored","damage_taken":0,"max_hp_gain":0,"max_hp_loss":0,"event_name":"Liars Game","floor":11,"gold_loss":0}],"is_beta":false,"boss_relics":[],"items_purged_floors":[],"is_endless":false,"potions_floor_spawned":[1,6,13],"killed_by":"3 Sentries","ascension_level":14}}