{"host":"t6r1isv2bex5ovch","time":1613798058,"event":{"mods":["AchievementEnabler","Act Like it!","Aspiration","BaseMod","Better Altar","Better Match","Better Note","Better Sensory Stone","Better Skull","Better Third Choice","Better Vampires","Colored Powertips","Displayed Cursed Tome","Evolution","Fox Events","Hallownest","Hubris","Minty Spire (QoL Compilation)","StSLib","The Bug Knight"],"gold_per_floor":[119,44,54,54,67,93,93,121,121,81,6,6,6,35,35,35,35],"floor_reached":16,"language":"ENG","playtime":1367,"items_purged":["HollowMod:NailStrikeStart"],"score":154,"play_id":"4c74a4c2-d1fd-4122-a9d9-d1e9b9ef26c5","local_time":"20210220161418","is_ascension_mode":true,"campfire_choices":[{"floor":7,"key":"RECALL"},{"data":"HollowMod:SoulEater","floor":15,"key":"SMITH"}],"circlet_count":0,"master_deck":["HollowMod:NailStrikeStart","HollowMod:NailStrikeStart","HollowMod:NailStrikeStart","HollowMod:QuickDashStart","HollowMod:QuickDashStart","HollowMod:QuickDashStart","HollowMod:QuickDashStart","HollowMod:FocusHealStart","HollowMod:PogoStrike","HollowMod:DesolateDive","HollowMod:SoulEater+1","HollowMod:DashSlash"],"relics":["HollowMod:VesselMask","EVO:Axolotl","NeowsBlessing","Potion Belt","Strawberry","hubris:Towel","Incense Burner"],"acts_visited":["Hallownest:Greenpath"],"potions_floor_usage":[14,16],"damage_taken":[{"damage":0,"enemies":"Hallownest:monsterHuskGuard","floor":1,"turns":1},{"damage":0,"enemies":"2_ Uuma","floor":3,"turns":2},{"damage":0,"enemies":"Hallownest:monsterHuskWarrior","floor":5,"turns":1},{"damage":30,"enemies":"Hallownest:eliteCrystalGuardian","floor":6,"turns":8},{"damage":45,"enemies":"Hallownest:eliteMossKnight","floor":8,"turns":9},{"damage":5,"enemies":"Hallownest:eliteVengeflyKing","floor":14,"turns":7},{"damage":69,"enemies":"Hallownest:BossBrokenVessel","floor":16,"turns":17}],"seed_played":"-3082208325487505398","potions_obtained":[{"floor":8,"key":"PowerPotion"},{"floor":14,"key":"FearPotion"}],"is_trial":false,"path_per_floor":["M","?","M","$","M","E","R","E","T","?","$","?","?","E","R","B"],"character_chosen":"THE_BUGKNIGHT","items_purchased":[],"campfire_rested":0,"item_purchase_floors":[],"current_hp_per_floor":[75,80,80,80,80,50,50,12,12,49,49,52,52,57,57,0,0],"gold":35,"neow_bonus":"THREE_ENEMY_KILL","is_daily":false,"chose_seed":false,"campfire_upgraded":1,"win_rate":0.0,"timestamp":1613798058,"path_taken":["M","?","M","$","M","E","R","E","T","?","$","?","?","E","R","BOSS"],"items_purchased_type":[],"build_version":"2020-12-22","purchased_purges":1,"victory":false,"max_hp_per_floor":[75,80,80,80,80,80,80,87,87,87,87,90,90,90,90,90,90],"card_choices":[{"not_picked":["HollowMod:NewJinnsSoul","HollowMod:DoubleDash","HollowMod:TaintedHusks"],"picked":"SKIP","floor":1},{"not_picked":["HollowMod:TaintedHusks","HollowMod:MonomonsArchive","HollowMod:CoiledNail"],"picked":"SKIP","floor":3},{"not_picked":["HollowMod:BrokenVessel","HollowMod:NewLittleFool","HollowMod:SiblingsSouls"],"picked":"SKIP","floor":5},{"not_picked":["HollowMod:CoiledNail","HollowMod:HowlingWraiths"],"picked":"HollowMod:DesolateDive","floor":6},{"not_picked":["HollowMod:PerfectDash","HollowMod:SoulShaman"],"picked":"HollowMod:SoulEater","floor":8},{"not_picked":["HollowMod:TaintedHusks","HollowMod:VengefulVoid"],"picked":"HollowMod:DashSlash","floor":14}],"player_experience":480295,"relics_obtained":[{"floor":6,"key":"Potion Belt"},{"floor":8,"key":"Strawberry"},{"floor":14,"key":"Incense Burner"}],"event_choices":[],"is_beta":false,"boss_relics":[],"items_purged_floors":[11],"is_endless":false,"potions_floor_spawned":[8,14],"killed_by":"Hallownest:BossBrokenVessel","ascension_level":3}}