{"host":"vxxgntm1odai56nh","time":1613846947,"event":{"mods":["AchievementEnabler","BaseMod","Colored Map","Colored Powertips","Highlight Path","Minty Spire (QoL Compilation)","Permanent Neow","Rare Cards Sparkle","Relic Stats","StSLib"],"gold_per_floor":[112,72,26,26,26,60,22,55,55,71,98,98,98,15,15,116,116,130,80,96,110,143,143,143,143],"floor_reached":24,"language":"ENG","playtime":695,"items_purged":[],"score":314,"play_id":"b499a84d-650a-40c9-a1de-745d56bbd089","local_time":"20210220134907","is_ascension_mode":true,"campfire_choices":[{"data":"Defend_P","floor":15,"key":"PURGE"},{"floor":23,"key":"REST"}],"circlet_count":0,"master_deck":["Strike_P","Strike_P","Strike_P","Strike_P","Defend_P","Defend_P","Defend_P","Eruption","Vigilance","Prostrate","Prostrate","WheelKick+1","Wallop","Tantrum","Adaptation","EmptyMind","Evaluate","Brilliance","CutThroughFate","Vault"],"relics":["PureWater","NeowsBlessing","Singing Bowl","NlothsMask","Centennial Puzzle","Peace Pipe","Turnip","VioletLotus"],"acts_visited":["Exordium","TheCity"],"potions_floor_usage":[16,22,22],"damage_taken":[{"damage":0,"enemies":"2 Louse","floor":1,"turns":2},{"damage":0,"enemies":"3 Sentries","floor":6,"turns":2},{"damage":0,"enemies":"Gremlin Nob","floor":8,"turns":1},{"damage":0,"enemies":"Cultist","floor":10,"turns":2},{"damage":26,"enemies":"Lagavulin","floor":11,"turns":4},{"damage":17,"enemies":"Hexaghost","floor":16,"turns":8},{"damage":32,"enemies":"Shell Parasite","floor":18,"turns":9},{"damage":0,"enemies":"Chosen","floor":20,"turns":3},{"damage":27,"enemies":"Snecko","floor":21,"turns":5},{"damage":4,"enemies":"Sentry and Sphere","floor":22,"turns":5},{"damage":51,"enemies":"Slavers","floor":24,"turns":2}],"seed_played":"1771937904235534291","potions_obtained":[{"floor":2,"key":"FearPotion"},{"floor":2,"key":"Strength Potion"},{"floor":2,"key":"Ancient Potion"},{"floor":6,"key":"BottledMiracle"},{"floor":8,"key":"ColorlessPotion"},{"floor":18,"key":"Block Potion"}],"is_trial":false,"path_per_floor":["M","?","$","T","?","E","$","E","T","M","E","?","?","$","R","B",null,"M","?","M","M","M","R","E"],"character_chosen":"WATCHER","items_purchased":["Prostrate","Wallop","EmptyMind","Evaluate"],"campfire_rested":1,"item_purchase_floors":[3,7,14,14],"current_hp_per_floor":[72,72,72,72,72,72,72,72,72,74,48,72,72,72,72,55,74,42,42,44,19,15,38,0,0],"gold":143,"neow_bonus":"THREE_ENEMY_KILL","is_daily":false,"chose_seed":false,"campfire_upgraded":0,"win_rate":0.0,"timestamp":1613846947,"path_taken":["M","?","$","?","?","E","$","E","T","?","E","?","?","?","R","BOSS","M","?","M","M","M","R","E"],"items_purchased_type":["Card","Card","Card","Card"],"build_version":"2020-12-22","purchased_purges":0,"victory":false,"max_hp_per_floor":[72,72,72,72,72,72,72,72,72,74,74,74,74,74,74,74,74,74,74,76,78,78,78,78,78],"relic_stats":{"Peace Pipe":1,"Centennial Puzzle":[18],"Singing Bowl":6,"counters":[11,43],"Turnip":[5],"VioletLotus":[3],"obtain_stats":[{"Peace Pipe":8,"Centennial Puzzle":6,"NeowsBlessing":0,"Singing Bowl":4,"Turnip":11,"VioletLotus":17,"PureWater":0,"NlothsMask":5},{"Peace Pipe":3,"Centennial Puzzle":2,"NeowsBlessing":0,"Singing Bowl":1,"Turnip":5,"VioletLotus":6,"PureWater":0,"NlothsMask":1},{"Peace Pipe":5,"Centennial Puzzle":4,"NeowsBlessing":0,"Singing Bowl":2,"Turnip":11,"VioletLotus":19,"PureWater":0,"NlothsMask":2}]},"card_choices":[{"not_picked":["FlyingSleeves","FlurryOfBlows"],"picked":"Prostrate","floor":1},{"not_picked":["Indignation","Worship"],"picked":"WheelKick","floor":6},{"not_picked":["Alpha","Prostrate"],"picked":"Tantrum","floor":8},{"not_picked":["FlyingSleeves","ClearTheMind","Crescendo"],"picked":"Singing Bowl","floor":10},{"not_picked":["SashWhip","EmptyBody"],"picked":"Adaptation","floor":11},{"not_picked":["Alpha","Blasphemy"],"picked":"Brilliance","floor":16},{"not_picked":["Evaluate","Tantrum+1"],"picked":"CutThroughFate","floor":18},{"not_picked":["PathToVictory","BattleHymn","FlyingSleeves"],"picked":"Singing Bowl","floor":20},{"not_picked":["SashWhip","MentalFortress","Nirvana+1"],"picked":"Singing Bowl","floor":21},{"not_picked":["Weave","Halt"],"picked":"Vault","floor":22}],"player_experience":154781,"relics_obtained":[{"floor":4,"key":"Singing Bowl"},{"floor":6,"key":"Centennial Puzzle"},{"floor":8,"key":"Peace Pipe"},{"floor":11,"key":"Turnip"}],"event_choices":[{"damage_healed":0,"gold_gain":0,"player_choice":"Bought 3 Potions","damage_taken":0,"max_hp_gain":0,"max_hp_loss":0,"event_name":"The Woman in Blue","floor":2,"gold_loss":0},{"damage_healed":0,"gold_gain":0,"player_choice":"Trade","damage_taken":0,"relics_obtained":["NlothsMask"],"max_hp_gain":0,"max_hp_loss":0,"event_name":"FaceTrader","floor":5,"gold_loss":0},{"damage_healed":24,"gold_gain":0,"player_choice":"Banana","damage_taken":0,"max_hp_gain":0,"max_hp_loss":0,"event_name":"Big Fish","floor":12,"gold_loss":0},{"damage_healed":0,"gold_gain":0,"player_choice":"Grow","damage_taken":0,"max_hp_gain":0,"max_hp_loss":0,"event_name":"Living Wall","floor":13,"gold_loss":0,"cards_upgraded":["WheelKick"]},{"damage_healed":0,"gold_gain":0,"player_choice":"Bet on Murderer","damage_taken":0,"max_hp_gain":0,"max_hp_loss":0,"event_name":"The Joust","floor":19,"gold_loss":50}],"is_beta":false,"boss_relics":[{"not_picked":["Cursed Key","Fusion Hammer"],"picked":"VioletLotus"}],"items_purged_floors":[],"is_endless":false,"potions_floor_spawned":[6,8,11,18],"killed_by":"Slavers","ascension_level":4}}