{"host":"ia6vzboaxs0e83w2","time":1613812401,"event":{"mods":["2.2 Compatiblity","BaseMod","Colored Map","DeckTracker","Downfall","Highlight Path","Minty Spire (QoL Compilation)","Random Character Button","StSLib"],"gold_per_floor":[99,99,274,289,28,128,128,145,245,260,275,11,11,11,30,126,126,126,140,151,163,163,163,188,225,237,262,303,315,327,339,363,472,484,496,177,177,196,181,181,181,181],"floor_reached":40,"language":"POL","playtime":3364,"items_purged":["downfall:Malfunctioning","Doubt","downfall:Bewildered"],"score":437,"play_id":"80bdb94a-0ae4-4142-b58b-c4a639156352","local_time":"20210220101321","is_ascension_mode":false,"campfire_choices":[{"data":"bronze:Goto","floor":1.0,"key":"SMITH"},{"data":"bronze:Iterate","floor":13.0,"key":"SMITH"},{"data":"bronze:Optimize","floor":18.0,"key":"SMITH"},{"floor":26.0,"key":"REST"},{"data":"bronze:HardenedForm","floor":29.0,"key":"SMITH"},{"data":"bronze:GetLatest","floor":35.0,"key":"SMITH"}],"circlet_count":0,"master_deck":["bronze:Strike+1","bronze:Strike+1","bronze:Strike","bronze:Strike","bronze:Defend+1","bronze:Defend","bronze:Defend","bronze:Defend","bronze:Replicate","bronze:Goto+1","bronze:WhirlingStrike","bronze:Iterate+1","bronze:Optimize+1","Blind","bronze:Iterate+1","bronze:Frontload","bronze:GetLatest+1","bronze:WhirlingStrike+1","bronze:DelayedGuard","bronze:Repair+1","bronze:BitShift","bronze:Shell+1","bronze:ThunderWave","bronze:WildBeam","bronze:HardenedForm+1","bronze:OilSpill+1","bronze:AlphaBuild","bronze:OilSpill+1","bronze:DelayedSlice","bronze:OilSpill","Cloak And Dagger+1"],"relics":["bronze:BronzeCore","Pear","Whetstone","SlaversCollar","MawBank","bronze:ProtectiveGoggles","downfall:RedIOU","sneckomod:BabySnecko","SacredBark","PrismaticShard"],"acts_visited":["Exordium","TheCity","TheBeyond"],"potions_floor_usage":[],"damage_taken":[{"damage":0.0,"enemies":"2 Louse","floor":4.0,"turns":3.0},{"damage":0.0,"enemies":"downfall:FleeingMerchant","floor":5.0,"turns":4.0},{"damage":0.0,"enemies":"Small Slimes","floor":8.0,"turns":3.0},{"damage":0.0,"enemies":"Cultist","floor":10.0,"turns":3.0},{"damage":5.0,"enemies":"Red Slaver","floor":11.0,"turns":4.0},{"damage":10.0,"enemies":"downfall:FleeingMerchant","floor":12.0,"turns":4.0},{"damage":3.0,"enemies":"Large Slime","floor":15.0,"turns":3.0},{"damage":13.0,"enemies":"WA_ARCHETYPE_RETAIN","floor":16.0,"turns":4.0},{"damage":0.0,"enemies":"3 Byrds","floor":19.0,"turns":5.0},{"damage":6.0,"enemies":"Spheric Guardian","floor":20.0,"turns":5.0},{"damage":21.0,"enemies":"Snake Plant","floor":21.0,"turns":7.0},{"damage":10.0,"enemies":"Slavers","floor":25.0,"turns":7.0},{"damage":15.0,"enemies":"Sentry and Sphere","floor":27.0,"turns":8.0},{"damage":10.0,"enemies":"Gremlin Leader","floor":28.0,"turns":7.0},{"damage":2.0,"enemies":"3 Cultists","floor":32.0,"turns":6.0},{"damage":87.0,"enemies":"DF_ARCHETYPE_CLAW","floor":33.0,"turns":9.0},{"damage":16,"enemies":"downfall:FleeingMerchant","floor":36,"turns":4},{"damage":31,"enemies":"3 Shapes","floor":38,"turns":5},{"damage":0,"enemies":"downfall:FleeingMerchant","floor":39,"turns":4},{"damage":70,"enemies":"Giant Head","floor":40,"turns":8}],"seed_played":"4474283462059235179","potions_obtained":[{"floor":10.0,"key":"Weak Potion"},{"floor":14.0,"key":"SkillPotion"},{"floor":14.0,"key":"Energy Potion"},{"floor":21.0,"key":"Weak Potion"},{"floor":28.0,"key":"GamblersBrew"}],"is_trial":false,"path_per_floor":["R","?","?","M","$","?","T","M","?","M","M","$","R","?","M","B",null,"R","M","M","M","?","?","T","E","R","M","E","R","?","?","M","B",null,"R","$","?","M","$","E"],"character_chosen":"THE_AUTOMATON","items_purchased":["bronze:Optimize","Blind","Whetstone","PrismaticShard","bronze:DelayedSlice"],"campfire_rested":1,"item_purchase_floors":[5,5,12,36,36],"current_hp_per_floor":[77,77,77,77,77,77,87,87,87,87,82,72,72,72,69,56,87,87,87,81,60,60,60,60,60,86,80,70,70,70,70,78,1,87,87,71,71,50,60,0,0,0],"gold":181,"neow_bonus":"TEN_PERCENT_HP_BONUS","is_daily":false,"chose_seed":false,"campfire_upgraded":5,"win_rate":0.0,"timestamp":1613812401,"path_taken":["R","?","?","M","$","?","T","M","?","?","M","?","R","?","M","BOSS","R","M","M","M","?","?","T","E","R","M","E","R","?","?","M","BOSS","R","$","?","M","$","E"],"items_purchased_type":["Card","Card","Relic","Relic","Card"],"build_version":"2020-12-22","purchased_purges":3,"victory":false,"max_hp_per_floor":[77,77,77,77,77,77,87,87,87,87,87,87,87,87,87,87,87,87,87,87,87,87,87,87,87,87,87,87,87,87,87,87,87,87,87,87,87,87,87,87,87,87],"card_choices":[{"not_picked":["bronze:Branch","bronze:BitShift"],"picked":"bronze:WhirlingStrike","floor":4.0},{"not_picked":["bronze:BugBarrage","bronze:Invalidate"],"picked":"bronze:Iterate","floor":5.0},{"not_picked":["bronze:DelayedGuard","bronze:Overload"],"picked":"bronze:Iterate","floor":8.0},{"not_picked":["bronze:BronzeArmor","bronze:Iterate"],"picked":"bronze:Frontload","floor":10.0},{"not_picked":["bronze:Safeguard","bronze:Frontload"],"picked":"bronze:GetLatest","floor":11.0},{"not_picked":["bronze:BuggyMess","bronze:CleanCode"],"picked":"bronze:WhirlingStrike","floor":12.0},{"not_picked":["bronze:Invalidate","bronze:WildBeam"],"picked":"bronze:DelayedGuard","floor":15.0},{"not_picked":["bronze:HyperBeam","bronze:Break"],"picked":"bronze:ShipIt","floor":16.0},{"not_picked":["bronze:DarkDash","bronze:Return"],"picked":"bronze:Repair+1","floor":19.0},{"not_picked":["bronze:Return","bronze:WhirlingStrike"],"picked":"bronze:BitShift","floor":20.0},{"not_picked":["bronze:Iterate+1","bronze:Overheat"],"picked":"bronze:Shell+1","floor":21.0},{"not_picked":["bronze:Branch","bronze:Safeguard"],"picked":"bronze:ThunderWave","floor":25.0},{"not_picked":["bronze:BugBarrage","bronze:FineTuning+1"],"picked":"bronze:WildBeam","floor":27.0},{"not_picked":["bronze:ShipIt","bronze:CutThrough+1"],"picked":"bronze:HardenedForm","floor":28.0},{"not_picked":["bronze:Iterate","bronze:FineTuning"],"picked":"bronze:OilSpill+1","floor":32.0},{"not_picked":["bronze:HardenedForm","bronze:Verify"],"picked":"bronze:AlphaBuild","floor":33.0},{"not_picked":["bronze:WildBeam","bronze:CutThrough+1"],"picked":"bronze:OilSpill+1","floor":36},{"not_picked":["EmptyFist","Searing Blow","Shrug It Off"],"picked":"SKIP","floor":38},{"not_picked":["hexamod:HauntingEcho","Slimebound:ViciousTackle+1"],"picked":"Cloak And Dagger+1","floor":39}],"player_experience":447227,"relics_obtained":[{"floor":7.0,"key":"Pear"},{"floor":24.0,"key":"MawBank"},{"floor":25.0,"key":"bronze:SilverBullet"},{"floor":28.0,"key":"bronze:ProtectiveGoggles"}],"event_choices":[{"damage_healed":0.0,"max_hp_gain":0.0,"max_hp_loss":0.0,"gold_gain":0.0,"event_name":"Lab","player_choice":"Got Potions","floor":14.0,"gold_loss":0.0,"damage_taken":0.0}],"is_beta":false,"boss_relics":[{"not_picked":["Philosopher\u0027s Stone","Tiny House"],"picked":"SlaversCollar"},{"not_picked":["Sozu","Cursed Key"],"picked":"SacredBark"}],"items_purged_floors":[5,12,36],"is_endless":false,"potions_floor_spawned":[10,15,16,21,28,32],"killed_by":"Giant Head","ascension_level":0}}