{"host":"lz4xqhdipxskteyg","time":1613835399,"event":{"mods":["2.2 Compatiblity","BaseMod","Bestiary","Colored Map","Colored Powertips","Curses Come First","Highlight Path","Keyboard Shortcuts","Minty Spire (QoL Compilation)","Relic Stats","Slay the Relics Exporter","StSLib","SuperFastMode"],"gold_per_floor":[119,20,30,50,70,104,123,134,158,170,182,209,221,207,207,305,305,324,350,370,370,370,370,404,404,483,493,493,35,49,68,68,173,173,185,204,8,18,36,36,70,70,70,70,84,134,144,10,10,10,10],"floor_reached":50,"language":"TUR","playtime":3451,"items_purged":["Defend_G","Defend_G"],"score":548,"play_id":"8b1f57b4-2ffa-411b-aa30-75fd95b38f9d","local_time":"20210220183639","is_ascension_mode":false,"campfire_choices":[{"floor":11,"key":"REST"},{"floor":13,"key":"REST"},{"data":"Dagger Spray","floor":15,"key":"SMITH"},{"floor":23,"key":"REST"},{"floor":28,"key":"REST"},{"floor":32,"key":"REST"},{"data":"Die Die Die","floor":40,"key":"SMITH"},{"floor":42,"key":"REST"},{"data":"Terror","floor":49,"key":"SMITH"}],"circlet_count":0,"master_deck":["Defend_G","Defend_G","Defend_G+1","Survivor+1","Neutralize","Backflip","Sucker Punch","Flying Knee","Deadly Poison","Dagger Spray+1","Cloak And Dagger","Masterful Stab","PiercingWail","Dodge and Roll","Envenom","CurseOfTheBell","Slice+1","Backflip+1","Bane","Bite","Bite","Bite","Bite","Bite","Poisoned Stab","Bouncing Flask","Backstab","Bandage Up","Dash","Die Die Die+1","Blade Dance","Noxious Fumes+1","Trip","Parasite","Outmaneuver","Underhanded Strike+1","Sucker Punch+1","Dagger Throw+1","Terror+1","Eviscerate+1","Slice","Dramatic Entrance","Deadly Poison"],"relics":["Ring of the Snake","Vajra","MawBank","Calling Bell","War Paint","Paper Crane","Tough Bandages","Red Mask","Bag of Preparation","Oddly Smooth Stone","Shuriken","Gambling Chip","WristBlade","Dream Catcher","Darkstone Periapt","FossilizedHelix"],"acts_visited":["Exordium","TheCity","TheBeyond"],"potions_floor_usage":[16,16,25,27,41,41,46,50],"damage_taken":[{"damage":1,"enemies":"Cultist","floor":1,"turns":5},{"damage":0,"enemies":"Jaw Worm","floor":3,"turns":4},{"damage":0,"enemies":"2 Louse","floor":4,"turns":2},{"damage":5,"enemies":"2 Fungi Beasts","floor":5,"turns":5},{"damage":27,"enemies":"Lagavulin","floor":6,"turns":8},{"damage":0,"enemies":"Exordium Wildlife","floor":7,"turns":2},{"damage":3,"enemies":"Large Slime","floor":8,"turns":6},{"damage":8,"enemies":"3 Louse","floor":12,"turns":2},{"damage":23,"enemies":"Slime Boss","floor":16,"turns":6},{"damage":40,"enemies":"Spheric Guardian","floor":18,"turns":10},{"damage":21,"enemies":"Masked Bandits","floor":19,"turns":5},{"damage":0,"enemies":"Chosen","floor":20,"turns":4},{"damage":23,"enemies":"Slavers","floor":24,"turns":8},{"damage":0,"enemies":"Shelled Parasite and Fungi","floor":25,"turns":2},{"damage":3,"enemies":"Snecko","floor":27,"turns":3},{"damage":1,"enemies":"Snake Plant","floor":30,"turns":3},{"damage":27,"enemies":"Cultist and Chosen","floor":31,"turns":7},{"damage":64,"enemies":"Automaton","floor":33,"turns":11},{"damage":7,"enemies":"3 Darklings","floor":35,"turns":4},{"damage":12,"enemies":"3 Shapes","floor":36,"turns":4},{"damage":10,"enemies":"Writhing Mass","floor":38,"turns":6},{"damage":0,"enemies":"Jaw Worm Horde","floor":39,"turns":3},{"damage":18,"enemies":"Reptomancer","floor":41,"turns":5},{"damage":20,"enemies":"Maw","floor":45,"turns":7},{"damage":6,"enemies":"Mind Bloom Boss Battle","floor":46,"turns":6},{"damage":0,"enemies":"Spire Growth","floor":47,"turns":3},{"damage":73,"enemies":"Donu and Deca","floor":50,"turns":6}],"seed_played":"-4597261539089966189","potions_obtained":[{"floor":1,"key":"Swift Potion"},{"floor":4,"key":"SmokeBomb"},{"floor":8,"key":"SmokeBomb"},{"floor":12,"key":"ColorlessPotion"},{"floor":20,"key":"SteroidPotion"},{"floor":27,"key":"FairyPotion"},{"floor":33,"key":"Swift Potion"},{"floor":35,"key":"Energy Potion"},{"floor":45,"key":"LiquidBronze"},{"floor":47,"key":"GamblersBrew"}],"is_trial":false,"path_per_floor":["M","$","M","M","M","E","M","M","T","?","R","M","R","$","R","B",null,"M","?","M","?","?","R","E","M","T","M","R","$","M","M","R","B",null,"M","M","$","M","M","R","E","R","T","?","M","?","M","$","R","B"],"character_chosen":"THE_SILENT","items_purchased":["Sucker Punch","Dodge and Roll","Gambling Chip","Backstab","Bandage Up","Trip","Dramatic Entrance","Deadly Poison"],"campfire_rested":6,"item_purchase_floors":[2,14,29,29,29,37,48,48],"current_hp_per_floor":[76,76,76,76,71,44,44,41,41,41,64,56,77,77,77,54,77,37,16,16,16,16,31,20,24,24,23,38,38,41,28,43,25,53,52,44,44,48,52,52,37,52,52,52,39,45,51,51,51,0,0],"gold":10,"neow_bonus":"TEN_PERCENT_HP_BONUS","is_daily":false,"chose_seed":false,"campfire_upgraded":3,"win_rate":0.0,"timestamp":1613835399,"path_taken":["M","$","?","M","M","E","M","M","T","?","R","M","R","$","R","BOSS","M","?","M","?","?","R","E","M","T","M","R","$","?","M","R","BOSS","M","M","$","M","M","R","E","R","T","?","M","?","?","$","R","BOSS"],"items_purchased_type":["Card","Card","Relic","Card","Card","Card","Card","Card"],"build_version":"2020-12-22","purchased_purges":2,"victory":false,"max_hp_per_floor":[77,77,77,77,77,77,77,77,77,77,77,77,77,77,77,77,77,77,77,77,77,53,53,53,53,53,53,53,53,53,53,53,53,53,53,53,53,53,53,53,53,53,53,53,53,53,53,53,53,53,53],"relic_stats":{"Darkstone Periapt":0,"Tough Bandages":[174],"Dream Catcher":1,"counters":[27,137],"Shuriken":[32],"Gambling Chip":[43],"Bag of Preparation":[30],"War Paint":["Survivor","Defend_G"],"MawBank":60,"obtain_stats":[{"Darkstone Periapt":43,"Vajra":6,"Oddly Smooth Stone":24,"Bag of Preparation":21,"War Paint":17,"Paper Crane":17,"MawBank":9,"Calling Bell":17,"Tough Bandages":17,"Dream Catcher":41,"WristBlade":34,"Shuriken":26,"Gambling Chip":29,"Red Mask":19,"FossilizedHelix":46,"Ring of the Snake":0},{"Darkstone Periapt":23,"Vajra":5,"Oddly Smooth Stone":13,"Bag of Preparation":12,"War Paint":9,"Paper Crane":9,"MawBank":7,"Calling Bell":9,"Tough Bandages":9,"Dream Catcher":23,"WristBlade":18,"Shuriken":14,"Gambling Chip":15,"Red Mask":11,"FossilizedHelix":25,"Ring of the Snake":0},{"Darkstone Periapt":115,"Vajra":24,"Oddly Smooth Stone":67,"Bag of Preparation":59,"War Paint":40,"Paper Crane":40,"MawBank":32,"Calling Bell":40,"Tough Bandages":40,"Dream Catcher":115,"WristBlade":93,"Shuriken":69,"Gambling Chip":72,"Red Mask":55,"FossilizedHelix":128,"Ring of the Snake":0}],"Ring of the Snake":[54]},"card_choices":[{"not_picked":["Endless Agony","Acrobatics"],"picked":"Backflip","floor":1},{"not_picked":["Prepared","Backflip"],"picked":"Flying Knee","floor":3},{"not_picked":["PiercingWail","Malaise"],"picked":"Deadly Poison","floor":4},{"not_picked":["Sucker Punch","Dodge and Roll"],"picked":"Dagger Spray","floor":5},{"not_picked":["Acrobatics","Dagger Throw"],"picked":"Cloak And Dagger","floor":6},{"not_picked":["Backflip","Dagger Spray","Flying Knee"],"picked":"SKIP","floor":7},{"not_picked":["Deflect","Choke"],"picked":"Masterful Stab","floor":8},{"not_picked":["Flying Knee","Well Laid Plans"],"picked":"PiercingWail","floor":12},{"not_picked":["Venomology","Phantasmal Killer"],"picked":"Envenom","floor":16},{"not_picked":["Bane","Backflip"],"picked":"Slice+1","floor":18},{"not_picked":["Dagger Throw","Finisher"],"picked":"Backflip+1","floor":19},{"not_picked":["Endless Agony","Finisher"],"picked":"Bane","floor":20},{"not_picked":["Distraction","Deadly Poison"],"picked":"Poisoned Stab","floor":24},{"not_picked":["Flying Knee","Burst"],"picked":"Bouncing Flask","floor":27},{"not_picked":["Flying Knee","Dagger Spray"],"picked":"Dash","floor":30},{"not_picked":["Dagger Spray","Backflip"],"picked":"Footwork","floor":31},{"not_picked":["Night Terror","Burst"],"picked":"Die Die Die","floor":33},{"not_picked":["Eviscerate","Underhanded Strike"],"picked":"Blade Dance","floor":35},{"not_picked":["Expertise+1","All Out Attack"],"picked":"Noxious Fumes+1","floor":36},{"not_picked":["Deadly Poison","Quick Slash"],"picked":"Outmaneuver","floor":38},{"not_picked":["Escape Plan","Eviscerate"],"picked":"Underhanded Strike+1","floor":39},{"not_picked":["Bouncing Flask","Footwork"],"picked":"Sucker Punch+1","floor":41},{"not_picked":["Leg Sweep","Escape Plan"],"picked":"Dagger Throw+1","floor":42},{"not_picked":["Sucker Punch","Bullet Time"],"picked":"Terror","floor":45},{"not_picked":["Acrobatics","Blade Dance"],"picked":"Eviscerate+1","floor":46},{"not_picked":["Skewer","Acrobatics"],"picked":"Slice","floor":47}],"player_experience":50429,"relics_obtained":[{"floor":6,"key":"Vajra"},{"floor":9,"key":"MawBank"},{"floor":17,"key":"War Paint"},{"floor":17,"key":"Paper Crane"},{"floor":17,"key":"Tough Bandages"},{"floor":19,"key":"Red Mask"},{"floor":24,"key":"Oddly Smooth Stone"},{"floor":26,"key":"Shuriken"},{"floor":41,"key":"Dream Catcher"},{"floor":43,"key":"Darkstone Periapt"},{"floor":46,"key":"FossilizedHelix"}],"event_choices":[{"damage_healed":0,"gold_gain":0,"player_choice":"Bought 0 Potions","damage_taken":0,"max_hp_gain":0,"max_hp_loss":0,"event_name":"The Woman in Blue","floor":10,"gold_loss":0},{"damage_healed":0,"gold_gain":0,"player_choice":"Fought Bandits","damage_taken":0,"max_hp_gain":0,"max_hp_loss":0,"event_name":"Masked Bandits","floor":19,"gold_loss":0},{"damage_healed":0,"gold_gain":0,"player_choice":"Opened","damage_taken":0,"relics_obtained":["Bag of Preparation"],"max_hp_gain":0,"max_hp_loss":0,"event_name":"The Mausoleum","floor":21,"gold_loss":0},{"damage_healed":0,"gold_gain":0,"player_choice":"Became a vampire","damage_taken":0,"max_hp_gain":0,"max_hp_loss":24,"event_name":"Vampires","floor":22,"gold_loss":0,"cards_obtained":["Bite","Bite","Bite","Bite","Bite"]},{"cards_removed":["Footwork"],"damage_healed":0,"gold_gain":0,"player_choice":"Removed Power","damage_taken":0,"max_hp_gain":0,"max_hp_loss":0,"event_name":"Falling","floor":44,"gold_loss":0},{"damage_healed":0,"gold_gain":0,"player_choice":"Fight","damage_taken":0,"max_hp_gain":0,"max_hp_loss":0,"event_name":"MindBloom","floor":46,"gold_loss":0}],"is_beta":false,"boss_relics":[{"not_picked":["Velvet Choker","Busted Crown"],"picked":"Calling Bell"},{"not_picked":["Philosopher\u0027s Stone","Astrolabe"],"picked":"WristBlade"}],"items_purged_floors":[2,37],"is_endless":false,"potions_floor_spawned":[1,4,8,12,20,27,33,35,45,47],"killed_by":"Donu and Deca","ascension_level":0}}