{"host":"dw8ij7emqco3quom","time":1613864233,"event":{"mods":["BaseMod","Minty Spire (QoL Compilation)"],"gold_per_floor":[217,217,96,196,212,212,212,223,248,248,277,277,307,322,322,418,418,435,534,547,547,143,143,143],"floor_reached":23,"language":"FRA","playtime":1233,"items_purged":["Defend_R"],"score":291,"play_id":"63333272-1d2f-45dc-9215-69db5d080970","local_time":"20210221003713","is_ascension_mode":true,"campfire_choices":[{"floor":6.0,"key":"RECALL"},{"data":"Thunderclap","floor":10.0,"key":"SMITH"},{"floor":12.0,"key":"REST"},{"floor":15.0,"key":"REST"}],"circlet_count":0,"master_deck":["Strike_R","Strike_R","Strike_R","Strike_R","Strike_R","Defend_R","Defend_R","Defend_R","Bash","Ghostly Armor","Cleave","Thunderclap+1","Thunderclap","Armaments","Pommel Strike","Reaper","Carnage","Heavy Blade","Decay","Flame Barrier","Spot Weakness","Reaper"],"relics":["Burning Blood","Vajra","Lantern","Pear","Philosopher\u0027s Stone","Question Card","Orrery"],"acts_visited":["Exordium","TheCity"],"potions_floor_usage":[16,16],"damage_taken":[{"damage":6.0,"enemies":"Cultist","floor":1.0,"turns":4.0},{"damage":9.0,"enemies":"Jaw Worm","floor":5.0,"turns":4.0},{"damage":6.0,"enemies":"2 Louse","floor":8.0,"turns":3.0},{"damage":45.0,"enemies":"3 Sentries","floor":11.0,"turns":9.0},{"damage":20.0,"enemies":"Lagavulin","floor":13.0,"turns":5.0},{"damage":8.0,"enemies":"Blue Slaver","floor":14.0,"turns":3.0},{"damage":62,"enemies":"The Guardian","floor":16,"turns":15},{"damage":9,"enemies":"Chosen","floor":18,"turns":4},{"damage":19,"enemies":"Spheric Guardian","floor":20,"turns":4},{"damage":81,"enemies":"Book of Stabbing","floor":23,"turns":5}],"seed_played":"-8104928649156933843","potions_obtained":[{"floor":13.0,"key":"SkillPotion"},{"floor":14.0,"key":"ColorlessPotion"},{"floor":20,"key":"SneckoOil"}],"is_trial":false,"path_per_floor":["M","?","$","?","M","R","?","M","T","R","E","R","E","M","R","B",null,"M","?","M","?","$","E"],"character_chosen":"IRONCLAD","items_purchased":["Cleave","Question Card","Orrery"],"campfire_rested":2,"item_purchase_floors":[3,22,22],"current_hp_per_floor":[72,77,77,77,74,74,74,74,74,74,35,60,56,54,82,26,78,82,82,69,69,69,0,0],"gold":143,"neow_bonus":"HUNDRED_GOLD","is_daily":false,"chose_seed":false,"campfire_upgraded":1,"win_rate":0.0,"timestamp":1613864233,"path_taken":["M","?","$","?","?","R","?","M","T","R","E","R","E","M","R","BOSS","M","?","M","?","$","E"],"items_purchased_type":["Card","Relic","Relic"],"build_version":"2020-12-22","purchased_purges":1,"victory":false,"max_hp_per_floor":[80,85,85,85,85,85,85,85,85,85,85,85,95,95,95,95,95,95,95,95,95,95,95,95],"card_choices":[{"not_picked":["Sword Boomerang","Shockwave"],"picked":"Ghostly Armor","floor":1.0},{"not_picked":["Flex","Heavy Blade","Clothesline"],"picked":"SKIP","floor":5.0},{"not_picked":["Rupture","Seeing Red"],"picked":"Thunderclap","floor":8.0},{"not_picked":["Wild Strike","Brutality"],"picked":"Thunderclap","floor":11.0},{"not_picked":["Thunderclap","Pommel Strike"],"picked":"Armaments","floor":13.0},{"not_picked":["Armaments","Cleave"],"picked":"Pommel Strike","floor":14.0},{"not_picked":["Offering","Limit Break"],"picked":"Reaper","floor":16},{"not_picked":["Iron Wave","Battle Trance"],"picked":"Carnage","floor":18},{"not_picked":["Havoc+1","Clash"],"picked":"Heavy Blade","floor":20},{"not_picked":["Burning Pact+1","Brutality","Battle Trance"],"picked":"Flame Barrier","floor":22},{"not_picked":["Havoc","Inflame","Iron Wave"],"picked":"Spot Weakness","floor":22},{"not_picked":["Thunderclap","Pommel Strike","Havoc"],"picked":"Reaper","floor":22}],"player_experience":747950,"relics_obtained":[{"floor":9.0,"key":"Vajra"},{"floor":11.0,"key":"Lantern"},{"floor":13.0,"key":"Pear"}],"event_choices":[{"damage_healed":0.0,"max_hp_gain":5.0,"max_hp_loss":0.0,"gold_gain":0.0,"event_name":"Big Fish","player_choice":"Donut","floor":2.0,"gold_loss":0.0,"damage_taken":0.0},{"damage_healed":0.0,"max_hp_gain":0.0,"max_hp_loss":0.0,"gold_gain":100.0,"event_name":"Golden Shrine","player_choice":"Pray","floor":4.0,"gold_loss":0.0,"damage_taken":0.0},{"damage_healed":0.0,"max_hp_gain":0.0,"max_hp_loss":0.0,"gold_gain":0.0,"event_name":"Shining Light","player_choice":"Ignored","floor":7.0,"gold_loss":0.0,"damage_taken":0.0},{"damage_healed":0,"gold_gain":99,"player_choice":"Stole From Cult","damage_taken":0,"max_hp_gain":0,"max_hp_loss":0,"event_name":"Nest","floor":19,"gold_loss":0},{"damage_healed":0,"gold_gain":0,"player_choice":"Smashed Altar","damage_taken":0,"max_hp_gain":0,"max_hp_loss":0,"event_name":"Forgotten Altar","floor":21,"gold_loss":0,"cards_obtained":["Decay"]}],"is_beta":false,"boss_relics":[{"not_picked":["Runic Dome","Ectoplasm"],"picked":"Philosopher\u0027s Stone"}],"items_purged_floors":[3],"is_endless":false,"potions_floor_spawned":[13,14,20],"killed_by":"Book of Stabbing","ascension_level":7}}