{"host":"t5kis9necmbui802","time":1613845569,"event":{"mods":["100% Spire Juice","Act Like it!","BaseMod","CapriCore","Chen","Colored Powertips","Downfall","Gensokyo","Hermit","HololiveMod","Koishi","KomeijiMod","Lobotomy","LobotomyExtend","Minty Spire (QoL Compilation)","MostiFishMod","Prisma Mod","Replay The Spire","Robot Space Explorer","Shop Mod","Spicy Shops","StSLib","The Alterego","The Immortal","TheWitcher","Uncapped","Yuri Mod","Yuyuko","noobMod"],"gold_per_floor":[99,120,120,131,157,193,219,219,19,19,41,72,72,84,98,208,208,208,224,234,234,36,36,60,60,30,30,60,60,115,168,237,341,341,241,334,434,534,118,214,239,336,427,427,88,88,188,61,161,241,241,241,562,-1396,-1396,-1316,-1316],"floor_reached":56,"language":"ZHS","playtime":3328,"items_purged":["Doubt"],"score":1013,"play_id":"4cc54e36-2f7c-4521-9fff-351eb0fe4324","local_time":"20210221022609","is_ascension_mode":false,"campfire_choices":[{"floor":1,"key":"RECALL"},{"data":"MostiFishMod:NightSea","floor":9,"key":"SMITH"},{"data":"SnafuTest:PowerTrialOfGrasses","floor":13,"key":"SMITH"},{"data":"SnafuTest:PowerContactIsContract","floor":18,"key":"SMITH"},{"data":"SnafuTest:PowerEquilibrium","floor":25,"key":"SMITH"},{"floor":44,"key":"REST"},{"floor":55,"key":"REST"}],"circlet_count":0,"master_deck":["SnafuTest:DefaultCommonAttack+1","SnafuTest:DefaultCommonAttack","SnafuTest:BountyHunt+1","SnafuTest:DefaultCommonSkill","SnafuTest:DefaultCommonSkill","SnafuTest:DefaultCommonSkill","SnafuTest:SignQuen+1","MostiFishMod:Neptune+1","MostiFishMod:TheEndOfMoonlight","MostiFishMod:SparklingWater+1","MostiFishMod:FantasySummer","MostiFishMod:NightSea+1","SnafuTest:SpellIncendiaryShower","MostiFishMod:SparklingWater","SnafuTest:BattleCry","SnafuTest:FlashingEvasion","downfall:Malfunctioning","SnafuTest:CareTaker+1","SnafuTest:PowerTrialOfGrasses+1","SnafuTest:BombNorthernWind","SnafuTest:PowerContactIsContract+1","SnafuTest:PowerHangmenTree+1","SnafuTest:PowerTrialOfGrasses","SnafuTest:PowerEquilibrium+1","SnafuTest:PowerMartialMagical","SnafuTest:SmashingSlash+1","SnafuTest:BloodForBlood+1","SnafuTest:TrackingSense","SnafuTest:PowerAlwaysAWay","SnafuTest:SpellArcaneDomain","SnafuTest:PowerMahakam","SnafuTest:FullCover+1","SnafuTest:BlueWhale","SnafuTest:SwiftAssault+1","Gensokyo:BlemishedSteel","Gensokyo:ReactiveArmor","Gensokyo:Taser","SnafuTest:MercilessReaper+1","SnafuTest:MCSuccubusSeduction","SnafuTest:PowerTrialOfGrasses","SnafuTest:PowerMartialMagical+1","SnafuTest:FlashingRaid+1","SnafuTest:BlueWhale","SnafuTest:PayWeaponSmith+1","SnafuTest:WeddingDance+1","SnafuTest:PowerAlwaysOnRoads","expansioncontent:AwakenDeath"],"relics":["SnafuTest:UnstableMutagenRelic","DaveBox","ice","MoonlightInvasionPlan","LetterFromLob","Tiny Chest","downfall:HeartBlessingRed","downfall:HeartBlessingBlue","Toy Ornithopter","SlaversCollar","HandDrill","SnafuTest:AardRelic","Hololive_LightStick","Enchiridion","downfall:KnowingSkull","FeatherPendant","downfall:HeartBlessingGreen","Blue Doll","SnafuTest:IgniRelic","Bag of Marbles","Prayer Wheel","SynthV","SnafuTest:BearRelic","MerchantsRug","Replay:Baseball","RedMistMask","Potion Belt","ThornShield","ArrowTower","Toolbox","SynthV:MejaisSoulstealer"],"acts_visited":["Exordium","TheCity","Gensokyo:Gensokyoest","TheEnding"],"potions_floor_usage":[16,22,33,33,33,33,45,49,53],"damage_taken":[{"damage":5,"enemies":"Small Slimes","floor":2,"turns":2},{"damage":0,"enemies":"Cultist","floor":4,"turns":1},{"damage":0,"enemies":"2 Louse","floor":5,"turns":1},{"damage":1,"enemies":"3 Sentries","floor":6,"turns":4},{"damage":0,"enemies":"2 Fungi Beasts","floor":11,"turns":2},{"damage":0,"enemies":"Lagavulin","floor":12,"turns":2},{"damage":0,"enemies":"Red Slaver","floor":14,"turns":1},{"damage":8,"enemies":"3 Louse","floor":15,"turns":2},{"damage":0,"enemies":"WA_ARCHETYPE_RETAIN","floor":16,"turns":2},{"damage":0,"enemies":"Spheric Guardian","floor":19,"turns":2},{"damage":5,"enemies":"Shell Parasite","floor":20,"turns":2},{"damage":20,"enemies":"downfall:FleeingMerchant","floor":22,"turns":6},{"damage":6,"enemies":"Snecko","floor":26,"turns":3},{"damage":7,"enemies":"Slavers","floor":28,"turns":8},{"damage":11,"enemies":"Shelled Parasite and Fungi","floor":30,"turns":2},{"damage":2,"enemies":"Chosen and Byrds","floor":31,"turns":4},{"damage":36,"enemies":"Centurion and Healer","floor":32,"turns":5},{"damage":17,"enemies":"SI_MIRROR_ARCHETYPE","floor":33,"turns":6},{"damage":9,"enemies":"Gensokyo:3_Bats","floor":36,"turns":3},{"damage":3,"enemies":"Gensokyo:3_Boulders","floor":37,"turns":2},{"damage":0,"enemies":"Gensokyo:Sharpion","floor":38,"turns":2},{"damage":0,"enemies":"Gensokyo:Rafflesia","floor":40,"turns":8},{"damage":48,"enemies":"Gensokyo:Marisa","floor":42,"turns":2},{"damage":10,"enemies":"Gensokyo:4_Bats","floor":43,"turns":2},{"damage":0,"enemies":"downfall:FleeingMerchant","floor":45,"turns":2},{"damage":7,"enemies":"Gensokyo:SeedOfUnknown","floor":47,"turns":4},{"damage":19,"enemies":"Gensokyo:Dusk_and_Dawn","floor":49,"turns":4},{"damage":18,"enemies":"DF_ARCHETYPE_ORBS","floor":50,"turns":5},{"damage":72,"enemies":"downfall:CharBossMerchant","floor":53,"turns":6},{"damage":0,"enemies":"downfall:NeowBoss","floor":56,"turns":4}],"seed_played":"5143971201277172357","potions_obtained":[{"floor":2,"key":"Milkshake"},{"floor":4,"key":"FearPotion"},{"floor":14,"key":"Dexterity Potion"},{"floor":16,"key":"Elixir"},{"floor":21,"key":"EntropicBrew"},{"floor":21,"key":"Regen Potion"},{"floor":28,"key":"Venom Potion"},{"floor":37,"key":"FearPotion"},{"floor":38,"key":"Energy Potion"},{"floor":40,"key":"Strength Potion"},{"floor":47,"key":"Block Potion"},{"floor":49,"key":"Languid Potion"}],"is_trial":false,"path_per_floor":["R","M","?","M","M","E","T","?","R","?","M","E","R","M","M","B",null,"R","M","M","?","$","T","T","R","M","?","E","?","M","M","M","B",null,"R","M","M","M","COS","M","T","E","M","R","$","T","M","$","M","B",null,null,"E","$","R","B"],"character_chosen":"THE_WITCHER","items_purchased":["HandDrill","SnafuTest:PowerMartialMagical","SnafuTest:PaySmithWorkshop","Prayer Wheel","SynthV","SnafuTest:BearRelic","MerchantsRug","Replay:Baseball","Potion Belt","ArrowTower","expansioncontent:AwakenDeath","Toolbox","SynthV:MejaisSoulstealer"],"campfire_rested":2,"item_purchase_floors":[22,22,22,45,45,45,45,45,48,54,54,54,54],"current_hp_per_floor":[82,77,77,77,77,76,76,76,86,86,86,86,86,86,78,83,92,92,92,87,87,78,78,78,78,72,56,63,63,52,50,14,17,106,91,82,79,79,79,79,79,31,21,52,57,57,50,50,36,88,88,106,34,34,65,65,65],"gold":-1316,"neow_bonus":"TEN_PERCENT_HP_BONUS","is_daily":false,"chose_seed":false,"campfire_upgraded":4,"win_rate":0.0,"timestamp":1613845569,"path_taken":["R","M","?","?","M","E","T","?","R","?","M","E","R","M","M","BOSS","R","M","M","?","$","?","T","R","M","?","E","?","?","M","M","BOSS","R","M","M","M","COS","M","T","E","M","R","$","?","M","$","M","BOSS","E","$","R","BOSS"],"items_purchased_type":["Relic","Card","Card","Relic","Relic","Relic","Relic","Relic","Relic","Relic","Card","Relic","Relic"],"build_version":"2020-12-22","purchased_purges":1,"victory":false,"max_hp_per_floor":[82,82,82,82,82,82,82,82,92,92,92,92,92,92,92,92,92,92,92,92,92,92,92,92,92,92,92,106,106,106,106,106,106,106,106,106,106,106,106,106,106,106,106,106,106,106,106,106,106,106,106,106,106,106,106,106,106],"card_choices":[{"not_picked":["SnafuTest:SignAxii","SnafuTest:BombMoonDust"],"picked":"SnafuTest:SpellIncendiaryShower","floor":2},{"not_picked":["SnafuTest:FlashingEvasion","SnafuTest:Portal"],"picked":"SnafuTest:BattleCry","floor":4},{"not_picked":["SnafuTest:SignAard","SnafuTest:SpellBitingFrost"],"picked":"SnafuTest:FlashingEvasion","floor":5},{"not_picked":["SnafuTest:CalculatingAmbition","SnafuTest:Shooting","SnafuTest:PayArmorSmith"],"picked":"SKIP","floor":6},{"not_picked":["SnafuTest:SignAxii","SnafuTest:TrackingSense"],"picked":"SnafuTest:CareTaker","floor":11},{"not_picked":["SnafuTest:BlackSunReturn","SnafuTest:SpellMagicScry"],"picked":"SnafuTest:PowerTrialOfGrasses","floor":12},{"not_picked":["SnafuTest:ScholarsIntrigue","SnafuTest:BombDancingStar"],"picked":"SnafuTest:BombNorthernWind","floor":14},{"not_picked":["SnafuTest:WitchHunt","SnafuTest:ShieldUp","SnafuTest:Oriole"],"picked":"SKIP","floor":15},{"not_picked":["SnafuTest:MilitaryReview","SnafuTest:WhiteWolfRise"],"picked":"SnafuTest:PowerContactIsContract","floor":16},{"not_picked":["SnafuTest:PaySaddlery","SnafuTest:ArmoredSortie"],"picked":"SnafuTest:PowerHangmenTree","floor":19},{"not_picked":["SnafuTest:PaySmithWorkshop+1","SnafuTest:NoPass"],"picked":"SnafuTest:PowerTrialOfGrasses","floor":20},{"not_picked":["SnafuTest:SignAxii","SnafuTest:DesperateRemediation"],"picked":"SnafuTest:PowerEquilibrium","floor":22},{"not_picked":["SnafuTest:MCSongOfPeace","SnafuTest:ShoulderSlam+1"],"picked":"SnafuTest:SmashingSlash+1","floor":26},{"not_picked":["SnafuTest:ShieldUp","SnafuTest:MercilessReaper"],"picked":"SnafuTest:BloodForBlood+1","floor":28},{"not_picked":["SnafuTest:SpellMagicScry+1","SnafuTest:Shooting"],"picked":"SnafuTest:TrackingSense","floor":30},{"not_picked":["SnafuTest:Portal","SnafuTest:ArmoredSortie"],"picked":"SnafuTest:PowerAlwaysAWay","floor":31},{"not_picked":["SnafuTest:Meditation","SnafuTest:LeadingCharge"],"picked":"SnafuTest:SpellArcaneDomain","floor":32},{"not_picked":["SnafuTest:OtherWorld","SnafuTest:MilitaryReview"],"picked":"SnafuTest:PowerMahakam","floor":33},{"not_picked":["SnafuTest:BombMoonDust+1","SnafuTest:SpellArcaneDomain+1"],"picked":"SnafuTest:FullCover+1","floor":36},{"not_picked":["SnafuTest:PayBank","SnafuTest:SpellDarkMirror+1"],"picked":"SnafuTest:BlueWhale","floor":37},{"not_picked":["SnafuTest:SpellHellfire","SnafuTest:SpellChainLightning+1"],"picked":"SnafuTest:SwiftAssault+1","floor":38},{"not_picked":["SnafuTest:QueensGuard+1","SnafuTest:SpellTortoise+1"],"picked":"SnafuTest:MercilessReaper+1","floor":40},{"not_picked":["SnafuTest:ExcessiveLevies+1","SnafuTest:BombDimeritium"],"picked":"SnafuTest:PayWeaponShop","floor":40},{"not_picked":["SnafuTest:LastWish","SnafuTest:SignAard"],"picked":"SnafuTest:PowerTrialOfGrasses","floor":42},{"not_picked":["SnafuTest:SwiftAssault+1","SnafuTest:GetPaid+1"],"picked":"SnafuTest:PowerMartialMagical+1","floor":43},{"not_picked":["SnafuTest:PaySmithWorkshop","SnafuTest:BombDevilsPuffball"],"picked":"SnafuTest:FlashingRaid+1","floor":45},{"not_picked":["SnafuTest:SpellMagicScry+1","SnafuTest:SignQuen"],"picked":"SnafuTest:BlueWhale","floor":47},{"not_picked":["SnafuTest:ExcessiveLevies","SnafuTest:SpellTortoise+1","SnafuTest:AncestralRitual"],"picked":"SKIP","floor":47},{"not_picked":["SnafuTest:SpellIncendiaryShower","SnafuTest:CareTaker"],"picked":"SnafuTest:PayWeaponSmith+1","floor":49},{"not_picked":["SnafuTest:BombDancingStar+1","SnafuTest:SpellTortoise"],"picked":"SnafuTest:WeddingDance+1","floor":49},{"not_picked":["SnafuTest:MercilessReaper+1","SnafuTest:SpellCalcinedMetamorphism"],"picked":"SnafuTest:PowerAlwaysOnRoads","floor":53}],"player_experience":411004,"relics_obtained":[{"floor":2,"key":"LetterFromLob"},{"floor":6,"key":"Tiny Chest"},{"floor":12,"key":"Toy Ornithopter"},{"floor":23,"key":"SnafuTest:AardRelic"},{"floor":24,"key":"Hololive_LightStick"},{"floor":27,"key":"Enchiridion"},{"floor":28,"key":"Mango"},{"floor":41,"key":"Blue Doll"},{"floor":42,"key":"SnafuTest:IgniRelic"},{"floor":46,"key":"Whetstone"},{"floor":47,"key":"RedMistMask"},{"floor":53,"key":"ThornShield"}],"event_choices":[{"damage_healed":0,"gold_gain":0,"player_choice":"Got Potions","damage_taken":0,"max_hp_gain":0,"max_hp_loss":0,"event_name":"Lab","floor":21,"gold_loss":0}],"is_beta":false,"boss_relics":[{"not_picked":["HereWithMe","JellyFishMachine"],"picked":"SlaversCollar"},{"not_picked":["Honey Jar","SnafuTest:EnergyMutagenRelic"],"picked":"FeatherPendant"}],"items_purged_floors":[48],"is_endless":false,"potions_floor_spawned":[2,4,14,15,16,20,28,37,38,40,43,47,49],"killed_by":"downfall:NeowBoss","ascension_level":0}}