{"host":"mb4cisebr17g8vuz","time":1613788941,"event":{"mods":["AchievementEnabler","BaseMod","Colored Map","Colored Powertips","Minty Spire (QoL Compilation)","SuperFastMode","everything is the same but u backflip on backflip"],"gold_per_floor":[109,128,140,140,155,155,58,87,87,100,100,100,129,139,139,215,215,230,8,24,24,35,35,35,35,58,89,89,89,104,119,119,119,119],"floor_reached":33,"language":"KOR","playtime":1031,"items_purged":["PanicButton"],"score":540,"play_id":"58deda81-415e-4eee-863a-a77b485b6221","local_time":"20210219214221","is_ascension_mode":true,"campfire_choices":[{"data":"Perfected Strike","floor":6,"key":"SMITH"},{"data":"Perfected Strike","floor":12,"key":"SMITH"},{"data":"Shockwave","floor":15,"key":"SMITH"},{"data":"Corruption","floor":23,"key":"SMITH"},{"data":"Dropkick","floor":28,"key":"PURGE"},{"data":"Intimidate","floor":32,"key":"PURGE"}],"circlet_count":0,"master_deck":["AscendersBane","Strike_R","Strike_R","Strike_R","Strike_R+1","Strike_R","Defend_R","Defend_R","Defend_R","Bash+1","Perfected Strike+1","Perfected Strike+1","Impervious","Shockwave+1","Pommel Strike","Corruption+1","Power Through+1","Evolve","Perfected Strike","Warcry","Pommel Strike","Exhume"],"relics":["Burning Blood","Bag of Preparation","Dream Catcher","White Beast Statue","Coffee Dripper","Membership Card","Enchiridion","Meat on the Bone","Whetstone","Peace Pipe"],"acts_visited":["Exordium","TheCity"],"potions_floor_usage":[8,13,16,18,20,20,20,27,30,33,33],"damage_taken":[{"damage":17,"enemies":"2 Louse","floor":1,"turns":3},{"damage":2,"enemies":"Cultist","floor":2,"turns":4},{"damage":0,"enemies":"Small Slimes","floor":3,"turns":2},{"damage":6,"enemies":"2 Fungi Beasts","floor":5,"turns":3},{"damage":20,"enemies":"Lagavulin","floor":8,"turns":6},{"damage":12,"enemies":"Exordium Wildlife","floor":10,"turns":5},{"damage":5,"enemies":"3 Sentries","floor":13,"turns":4},{"damage":4,"enemies":"Blue Slaver","floor":14,"turns":3},{"damage":16,"enemies":"Slime Boss","floor":16,"turns":8},{"damage":9,"enemies":"Chosen","floor":18,"turns":4},{"damage":7,"enemies":"3 Byrds","floor":20,"turns":4},{"damage":0,"enemies":"Centurion and Healer","floor":22,"turns":4},{"damage":34,"enemies":"Gremlin Leader","floor":27,"turns":3},{"damage":0,"enemies":"Chosen and Byrds","floor":30,"turns":3},{"damage":5,"enemies":"Snecko","floor":31,"turns":4},{"damage":57,"enemies":"Automaton","floor":33,"turns":8}],"seed_played":"-6257391905927535531","potions_obtained":[{"floor":1,"key":"Dexterity Potion"},{"floor":2,"key":"PowerPotion"},{"floor":10,"key":"AttackPotion"},{"floor":13,"key":"ColorlessPotion"},{"floor":14,"key":"Strength Potion"},{"floor":16,"key":"EntropicBrew"},{"floor":18,"key":"DuplicationPotion"},{"floor":20,"key":"Swift Potion"},{"floor":27,"key":"Energy Potion"},{"floor":30,"key":"Block Potion"}],"is_trial":false,"path_per_floor":["M","M","M","?","M","R","$","E","T","M","?","R","E","M","R","B",null,"M","$","M","?","M","R","?","T","T","E","R","?","M","M","R","B"],"character_chosen":"IRONCLAD","items_purchased":["PanicButton","Membership Card","Evolve"],"campfire_rested":0,"item_purchase_floors":[7,19,19],"current_hp_per_floor":[64,68,74,74,74,74,74,60,60,54,47,47,48,50,50,40,72,69,69,68,47,53,53,53,53,53,37,37,13,31,44,44,0,0],"gold":119,"neow_bonus":"TEN_PERCENT_HP_BONUS","is_daily":false,"chose_seed":false,"campfire_upgraded":4,"win_rate":0.0,"timestamp":1613788941,"path_taken":["M","M","M","?","?","R","$","E","T","M","?","R","E","M","R","BOSS","M","$","M","?","M","R","?","?","T","E","R","?","M","M","R","BOSS"],"items_purchased_type":["Card","Relic","Card"],"build_version":"2020-12-22","purchased_purges":1,"victory":false,"max_hp_per_floor":[82,82,82,82,82,82,82,82,82,82,82,82,82,82,82,82,82,82,82,82,82,82,82,82,82,82,82,82,87,87,87,87,87,87],"card_choices":[{"not_picked":["Searing Blow","Clash"],"picked":"Cleave","floor":1},{"not_picked":["Anger","Clash"],"picked":"Perfected Strike","floor":2},{"not_picked":["Havoc","Body Slam","Entrench"],"picked":"SKIP","floor":3},{"not_picked":["Sword Boomerang","Impervious"],"picked":"Perfected Strike","floor":5},{"not_picked":["Juggernaut","Bloodletting"],"picked":"Impervious","floor":8},{"not_picked":["Headbutt","Metallicize"],"picked":"Intimidate","floor":10},{"not_picked":["Ghostly Armor","Headbutt"],"picked":"Shockwave","floor":13},{"not_picked":["Headbutt","Infernal Blade"],"picked":"Pommel Strike","floor":14},{"not_picked":["Juggernaut","Barricade"],"picked":"Corruption","floor":16},{"not_picked":["Armaments","Iron Wave"],"picked":"Power Through+1","floor":18},{"not_picked":["Flex","Wild Strike"],"picked":"Second Wind","floor":20},{"not_picked":["Cleave","Inflame"],"picked":"Perfected Strike","floor":22},{"not_picked":["Flex","Body Slam"],"picked":"Pommel Strike","floor":27},{"not_picked":["Headbutt","True Grit"],"picked":"Exhume","floor":30},{"not_picked":["Thunderclap+1","Rage","True Grit"],"picked":"SKIP","floor":31}],"player_experience":258398,"relics_obtained":[{"floor":8,"key":"Bag of Preparation"},{"floor":9,"key":"Dream Catcher"},{"floor":13,"key":"White Beast Statue"},{"floor":21,"key":"Enchiridion"},{"floor":25,"key":"Meat on the Bone"},{"floor":26,"key":"Whetstone"},{"floor":27,"key":"Peace Pipe"}],"event_choices":[{"damage_healed":0,"gold_gain":0,"cards_transformed":["Defend_R"],"player_choice":"Transformed","damage_taken":0,"max_hp_gain":0,"max_hp_loss":0,"event_name":"Transmorgrifier","floor":4,"gold_loss":0,"cards_obtained":["Heavy Blade"]},{"cards_removed":["Heavy Blade"],"damage_healed":0,"gold_gain":0,"player_choice":"Card Removal","damage_taken":7,"max_hp_gain":0,"max_hp_loss":0,"event_name":"Golden Wing","floor":11,"gold_loss":0},{"damage_healed":0,"gold_gain":0,"player_choice":"Obtained Book","damage_taken":21,"max_hp_gain":0,"max_hp_loss":0,"event_name":"Cursed Tome","floor":21,"gold_loss":0},{"damage_healed":0,"gold_gain":0,"cards_transformed":["Second Wind","Cleave"],"player_choice":"Became Test Subject","damage_taken":0,"max_hp_gain":0,"max_hp_loss":0,"event_name":"Drug Dealer","floor":24,"gold_loss":0,"cards_obtained":["Dropkick","Warcry"]},{"damage_healed":0,"gold_gain":0,"player_choice":"Shed Blood","damage_taken":29,"max_hp_gain":5,"max_hp_loss":0,"event_name":"Forgotten Altar","floor":29,"gold_loss":0}],"is_beta":false,"boss_relics":[{"not_picked":["Fusion Hammer","Busted Crown"],"picked":"Coffee Dripper"}],"items_purged_floors":[19],"is_endless":false,"potions_floor_spawned":[1,2,10,13,14,16,18,20,22,27,30,31],"killed_by":"Automaton","ascension_level":19}}