{"host":"lxihx0b6awoz2w1j","time":1613846200,"event":{"mods":["BaseMod","Better Third Choice","BetterRewards","CapriCore","Colored Powertips","Conspire","Downfall","Fox Events","Hubris","Infinite Spire","Melee Mod","Minty Spire (QoL Compilation)","Permanent Neow","Quick Restart","Relic Stats","Reliquary","Replay The Spire","Spicy Shops","StSLib","The Alterego","The Blue Laboratory","The Death Knight","The Forsaken","The Jungle","Waifu the Spire"],"gold_per_floor":[114,149,160,160,172,172,207,207,284,318,318,335,353,384,384,485,562,581,5,16,30,40,50,50,50,176,106,183,195,195,195,195,195,195],"floor_reached":33,"language":"ENG","playtime":1535,"items_purged":["theForsaken:PlagueCurse"],"score":321,"play_id":"7024ef5a-c2b6-454b-979e-52d9cdb45a3b","local_time":"20210220193640","is_ascension_mode":true,"campfire_choices":[{"floor":6.0,"key":"REST"},{"data":"Juggernaut","floor":8.0,"key":"SMITH"},{"floor":15.0,"key":"REST"},{"floor":24,"key":"REST"},{"floor":30,"key":"REST"}],"circlet_count":0,"master_deck":["DeathKnight:Strike_DeathKnight","DeathKnight:Strike_DeathKnight","DeathKnight:Strike_DeathKnight","DeathKnight:Strike_DeathKnight","DeathKnight:Strike_DeathKnight","DeathKnight:Defend_DeathKnight","DeathKnight:Defend_DeathKnight","DeathKnight:Defend_DeathKnight","DeathKnight:Defend_DeathKnight+1","DeathKnight:Defend_DeathKnight+1","DeathKnight:RuneTap","DeathKnight:RuneStrike","DeathKnight:FrosPresence","DeathKnight:RaiseAlly+1","DeathKnight:IceboundArmor","DeathKnight:GargoyleSkin+1","DeathKnight:HowlingBlast","Juggernaut+1","DeathKnight:BludPresence+1","DeathKnight:IcyTouch","DeathKnight:BludPresence+1","DeathKnight:BloodStrike"],"relics":["DeathKnight:BrokenRuneblade","Onion Ring","Regal Pillow","hubris:DisguiseKit","foxEvents:LuckyCharm","PrismaticShard","War Paint","Frozen Egg 2","reliquary:Sideboard","ReplayFunnel","infinitespire:Cupcake","Omamori","reliquary:BoilingFlask","Art of War","Potion Belt","DeathKnight:TomeOfBloodSpecialization"],"acts_visited":["Exordium","TheCity"],"potions_floor_usage":[16,16,21],"damage_taken":[{"damage":0.0,"enemies":"Small Slimes","floor":1.0,"turns":3.0},{"damage":22.0,"enemies":"Colosseum Slavers","floor":2.0,"turns":6.0},{"damage":4.0,"enemies":"2 Louse","floor":3.0,"turns":4.0},{"damage":8.0,"enemies":"Cultist","floor":5.0,"turns":4.0},{"damage":11.0,"enemies":"Lagavulin","floor":7.0,"turns":12.0},{"damage":30.0,"enemies":"Gremlin Nob","floor":10.0,"turns":5.0},{"damage":5.0,"enemies":"Exordium Thugs","floor":12.0,"turns":4.0},{"damage":12.0,"enemies":"Exordium Wildlife","floor":13.0,"turns":5.0},{"damage":15.0,"enemies":"Lagavulin","floor":14.0,"turns":7.0},{"damage":15,"enemies":"Slime Boss","floor":16,"turns":8},{"damage":25,"enemies":"Shell Parasite","floor":18,"turns":9},{"damage":8,"enemies":"Chosen","floor":20,"turns":5},{"damage":14,"enemies":"Sentry and Sphere","floor":21,"turns":6},{"damage":0,"enemies":"conspire:HollyBat","floor":22,"turns":7},{"damage":12,"enemies":"Snecko","floor":23,"turns":5},{"damage":37,"enemies":"Shelled Parasite and Fungi","floor":29,"turns":6},{"damage":76,"enemies":"hubris:MusketHawk","floor":33,"turns":9}],"seed_played":"5713412573868576971","potions_obtained":[{"floor":2.0,"key":"blueLaboratory:LouseDecoction"},{"floor":3.0,"key":"DeathKnight:VirulencePotion"},{"floor":13.0,"key":"Dexterity Potion"},{"floor":14.0,"key":"LiquidMemories"},{"floor":16,"key":"Milkshake"},{"floor":18,"key":"LiquidMemories"},{"floor":21,"key":"blueLaboratory:CorrosionFlask"},{"floor":29,"key":"Cursed Concoction"}],"is_trial":false,"path_per_floor":["M","?","M","?","M","R","E","R","T","E","?","M","M","E","R","B",null,"M","$","M","M","M","M","R","?","T","$","T","M","R","?","R","B"],"character_chosen":"DEATH_KNIGHT","items_purchased":["Onion Ring","Regal Pillow","DeathKnight:FrosPresence","DeathKnight:RaiseAlly+1","hubris:DisguiseKit","DeathKnight:BludPresence+1","DeathKnight:IcyTouch","Omamori","reliquary:BoilingFlask","Art of War","DeathKnight:BludPresence+1","DeathKnight:BloodStrike"],"campfire_rested":4,"item_purchase_floors":[0,0,0,0,0,19,19,19,19,19,27,27],"current_hp_per_floor":[67,45,41,41,33,70,59,59,59,29,47,42,30,15,52,37,75,50,50,42,28,28,16,53,53,53,53,53,16,52,52,72,0,0],"gold":195,"neow_bonus":"","is_daily":false,"chose_seed":false,"campfire_upgraded":1,"win_rate":0.0,"timestamp":1613846200,"path_taken":["M","?","M","?","M","R","E","R","T","E","?","M","M","E","R","BOSS","M","$","M","M","M","M","R","?","T","?","?","?","R","?","R","BOSS"],"items_purchased_type":["Relic","Relic","Card","Card","Relic","Card","Card","Relic","Relic","Relic","Card","Card"],"build_version":"2020-12-22","purchased_purges":1,"victory":false,"max_hp_per_floor":[75,75,75,75,75,75,75,75,75,75,75,75,75,75,75,75,75,75,75,75,75,75,75,75,72,72,72,72,72,72,72,72,72,72],"relic_stats":{"Regal Pillow":60,"counters":[43,208],"Art of War":[8],"War Paint":["DeathKnight:Defend_DeathKnight","DeathKnight:Defend_DeathKnight"],"obtain_stats":[{"ReplayFunnel":14,"Regal Pillow":0,"Calipers":0,"reliquary:PartyBalloon":0,"reliquary:Aerogel":42,"reliquary:BoilingFlask":19,"Replay:Multitool":0,"DeathKnight:PreciousRibbon":13,"PrismaticShard":4,"theForsaken:HumbleEgg":0,"reliquary:HotPoker":47,"Chameleon Ring":51,"Sundial":43,"Red Mask":20,"reliquary:FingerTrap":8,"infinitespire:Eraser":9,"DeathKnight:BrokenRuneblade":0,"Potion Belt":26,"DeathKnight:LanathelsBloodyNail":23,"hubris:DisguiseKit":0,"Lee\u0027s Waffle":22,"reliquary:Sideboard":10,"Oddly Smooth Stone":29,"Omamori":19,"War Paint":7,"Frozen Egg 2":9,"reliquary:IridiumChain":26,"Du-Vu Doll":37,"SlaversCollar":34,"conspire:GiftBox":19,"CaptainsWheel":41,"Ornamental Fan":25,"DeathKnight:TomeOfBloodSpecialization":28,"infinitespire:Satchel":7,"ChewingGum":17,"Onion Ring":0,"foxEvents:LuckyCharm":2,"Art of War":19,"infinitespire:Cupcake":17},{"ReplayFunnel":35,"Regal Pillow":26,"Calipers":26,"reliquary:PartyBalloon":0,"reliquary:Aerogel":23,"reliquary:BoilingFlask":37,"Replay:Multitool":26,"DeathKnight:PreciousRibbon":7,"PrismaticShard":29,"theForsaken:HumbleEgg":0,"reliquary:HotPoker":24,"Chameleon Ring":25,"Sundial":23,"Red Mask":11,"reliquary:FingerTrap":5,"infinitespire:Eraser":5,"DeathKnight:BrokenRuneblade":0,"Potion Belt":41,"DeathKnight:LanathelsBloodyNail":13,"hubris:DisguiseKit":26,"Lee\u0027s Waffle":12,"reliquary:Sideboard":32,"Oddly Smooth Stone":15,"Omamori":37,"War Paint":31,"Frozen Egg 2":31,"reliquary:IridiumChain":14,"Du-Vu Doll":19,"SlaversCollar":18,"conspire:GiftBox":10,"CaptainsWheel":22,"Ornamental Fan":14,"DeathKnight:TomeOfBloodSpecialization":41,"infinitespire:Satchel":5,"ChewingGum":9,"Onion Ring":26,"foxEvents:LuckyCharm":28,"Art of War":37,"infinitespire:Cupcake":36},{"ReplayFunnel":153,"Regal Pillow":103,"Calipers":103,"reliquary:PartyBalloon":0,"reliquary:Aerogel":89,"reliquary:BoilingFlask":170,"Replay:Multitool":103,"DeathKnight:PreciousRibbon":22,"PrismaticShard":116,"theForsaken:HumbleEgg":0,"reliquary:HotPoker":93,"Chameleon Ring":98,"Sundial":89,"Red Mask":39,"reliquary:FingerTrap":14,"infinitespire:Eraser":14,"DeathKnight:BrokenRuneblade":0,"Potion Belt":193,"DeathKnight:LanathelsBloodyNail":46,"hubris:DisguiseKit":103,"Lee\u0027s Waffle":42,"reliquary:Sideboard":137,"Oddly Smooth Stone":52,"Omamori":170,"War Paint":132,"Frozen Egg 2":132,"reliquary:IridiumChain":50,"Du-Vu Doll":71,"SlaversCollar":68,"conspire:GiftBox":34,"CaptainsWheel":84,"Ornamental Fan":50,"DeathKnight:TomeOfBloodSpecialization":193,"infinitespire:Satchel":14,"ChewingGum":31,"Onion Ring":103,"foxEvents:LuckyCharm":112,"Art of War":170,"infinitespire:Cupcake":161}]},"card_choices":[{"not_picked":["DeathKnight:UnholyAssault","DeathKnight:DeathAndDecay","Rage"],"picked":"DeathKnight:IceboundArmor","floor":1.0},{"not_picked":["DeathKnight:Hysteria","DeathKnight:BoneSpear","Anger"],"picked":"DeathKnight:GargoyleSkin","floor":3.0},{"not_picked":["Wireheading","Defy Death","Armaments"],"picked":"DeathKnight:HowlingBlast","floor":5.0},{"not_picked":["champ:EnGarde","meleeMod_Taunt","alterego_mod:Punishment"],"picked":"Juggernaut","floor":7.0},{"not_picked":["Blur","theForsaken:Bolster+1","Cleave"],"picked":"champ:PerfectedStrike","floor":10.0},{"not_picked":["theForsaken:ChargeAttack","expansioncontent:YouAreMine","hexamod:HauntingEcho"],"picked":"Clothesline","floor":12.0},{"not_picked":["theForsaken:ShieldCharge","hexamod:NightmareStrike","Gash","Headbutt"],"picked":"SKIP","floor":13.0},{"not_picked":["bronze:OilSpill","Coolheaded","hubris:ReadiedAction"],"picked":"Judgement","floor":14.0},{"not_picked":["Venomology","Impervious","Immolate"],"picked":"DeathKnight:MarkOfBlood","floor":16},{"not_picked":["Riddle With Holes","sneckomod:ImprovisedAttack","Body Slam"],"picked":"Pummel","floor":18},{"not_picked":["sneckomod:DiceBlock+1","DeathKnight:BladedArmor+1","Cleave"],"picked":"Wallop","floor":20},{"not_picked":["meleeMod_UpAir","sneckomod:UnknownClassTHE_BRONZE_AUTOMATON","Blood for Blood"],"picked":"Combust+1","floor":21},{"not_picked":["Underhanded Strike","theForsaken:StoreUp","Replay:Parry","Clothesline"],"picked":"SKIP","floor":22},{"not_picked":["theForsaken:ScorchingSunlight","Glacier","Guardian:Repulse+1"],"picked":"Ghostly Armor","floor":23},{"not_picked":["meleeMod_NoDI+1","sneckomod:UnknownCommonAttack+1","conspire:Charge"],"picked":"Sweeping Beam","floor":29}],"player_experience":624815,"relics_obtained":[{"floor":2.0,"key":"foxEvents:LuckyCharm"},{"floor":7.0,"key":"War Paint"},{"floor":9.0,"key":"Frozen Egg 2"},{"floor":10.0,"key":"reliquary:Sideboard"},{"floor":14.0,"key":"ReplayFunnel"},{"floor":26,"key":"Potion Belt"},{"floor":28,"key":"DeathKnight:TomeOfBloodSpecialization"}],"event_choices":[{"damage_healed":18.0,"max_hp_gain":0.0,"max_hp_loss":0.0,"gold_gain":0.0,"event_name":"Mushrooms","player_choice":"Healed and dodged fight","floor":11.0,"gold_loss":0.0,"damage_taken":0.0,"cards_obtained":["Parasite"]},{"cards_removed":["Parasite"],"damage_healed":0,"gold_gain":0,"player_choice":"Removed Curses","damage_taken":0,"max_hp_gain":0,"max_hp_loss":0,"event_name":"Fountain of Cleansing","floor":25,"gold_loss":0},{"damage_healed":0,"gold_gain":0,"player_choice":"Ignored","damage_taken":0,"max_hp_gain":0,"max_hp_loss":0,"event_name":"Purifier","floor":31,"gold_loss":0}],"is_beta":false,"boss_relics":[{"not_picked":["Honey Jar","conspire:SpecialSausage"],"picked":"infinitespire:Cupcake"}],"items_purged_floors":[19],"is_endless":false,"potions_floor_spawned":[2,3,13,14,16,18,21,29],"killed_by":"hubris:MusketHawk","ascension_level":2}}