{"host":"c9u2ukdgrcsq736w","time":1613840433,"event":{"mods":["2.2 Compatiblity","Abigail Mod","Act Like it!","Ascension Reborn","Aspiration","BaseMod","Better Altar","Better Match","Better Note","Better Sensory Stone","Better Silent Start","Better Skull","Better Synergies","Better Third Choice","Better Vampires","BetterRewards","CapriCore","Challenge The Spire","Colored Map","Colored Powertips","Conjunction","Conspire","Dark Map","Dio Mod","Displayed Cursed Tome","Ekko","Emptier Cage","Energized Spire","Faster Ascension Climbing","Friendly Minions","Gensokyo","GungeonMod","Hubris","HumanHunterMod(怪物?人mod)","Humility","Infinite Spire","KinomotoSakuraMod(木之本?)","Koishi","KomeijiMod","Marisa（霧雨　魔理沙）","Minty Spire (QoL Compilation)","Pale of the Ancients","Rare Cards Sparkle","Reimu（博??梦）","Relic Sorter","Remilia（蕾米莉?）","Replay The Spire","Shop Mod","Spicy Shops","Spire Birthday Party","StSLib","SuperFastMode","The Alterego","The Blue Laboratory","The Death Knight","The Exalted","The Immortal","TheSwordswoman","Trackpad","Virulent Crown","Wandering Minibosses","Yakumo Yukari mod","Yuyuko","[IsaacMod]以撒尖塔","everything is the same but u backflip on backflip"],"gold_per_floor":[113,306,183,183,201,227,243,58,58,74,0,18,810,810,810,907,907,927,927,927,943,943,963,990,990,990,1042,1059,505,525,544,563,563,663,663,683,683,683,693,693,693,764,775,799,825,873,873,873,892,892,892,892,909,909,909,909,909,909,909],"floor_reached":57,"language":"ENG","playtime":3230,"items_purged":["Confused"],"score":936,"play_id":"a9d3c15b-5fa1-47eb-818b-175683370ca9","local_time":"20210221020033","is_ascension_mode":true,"campfire_choices":[{"data":"infinitespire:Punishment","floor":26.0,"key":"SMITH"},{"floor":33.0,"key":"REST"},{"floor":41.0,"key":"RECALL"},{"data":"MokouMod:PhoenixForm","floor":47.0,"key":"SMITH"},{"data":"MokouMod:Ventilation","floor":50.0,"key":"SMITH"},{"data":"MokouMod:Ventilation","floor":56,"key":"SMITH"}],"circlet_count":0,"master_deck":["MokouMod:HeatSpark","EpicFetus","MokouMod:Scorch","MokouMod:SearingShot","Gensokyo:CrescentMoonSlash","MokouMod:Singe","MokouMod:FlareStarter","MokouMod:FujiyamaVolcano+1","MokouMod:Stoke","MokouMod:IgnitionBlast","MokouMod:RisingSunBarrier","MokouMod:ImperishableFlame","MokouMod:Ventilation+1","MokouMod:Overheat+1","Gensokyo:Doppelganger","MokouMod:RoaringFlare","MokouMod:BlazingComet","MokouMod:BurningDraft+1","ReplayTheSpireMod:IOU","infinitespire:Punishment+1","MokouMod:ControlledCombustion+1","MokouMod:RetainTemperature+1","MokouMod:ScorchedEarth","MokouMod:SearingBlow+4","MokouMod:PhoenixForm+1","MokouMod:BurningDraft","MokouMod:AdaptivePyromancy","MokouMod:BurningDraft","MokouMod:Stoke","MokouMod:GuidingSmoke","MokouMod:Singe","MokouMod:IgnitionBlast","MokouMod:Scorch","MokouMod:UncontrollableSolarReaction","MokouMod:Fireball+1","MokouMod:Rekindle","MokouMod:Ventilation+1","MokouMod:Refresh+1","infinitespire:NeuralNetwork","MokouMod:SacredFire","MokouMod:Refresh+1"],"relics":["MokouMod:PhoenixFeather","HushsDoor","TheBean","aspiration:DSix","GoodDreamPillow","Mirror","BFFS","wanderingMiniBosses:MasterThiefsPresence","RedLine:ReiMu","Centennial Puzzle","DemoMod:MonsterBlood","trackpad:BiPhaseBiplane","aspiration:Nostalgia","Coronal","trackpad:PetRock","Pandora\u0027s Box","Gensokyo:EmptyGrave","Pear","DemoMod:Bottle","Strawberry","Whetstone","paleoftheancients:Timepiece","paleoftheancients:KeyRelic","Orichalcum","Ice Cream","paleoftheancients:SoulOfTheShapes","War Paint"],"acts_visited":["Gensokyo:Gensokyo","Gensokyo:Gensokyoer","Gensokyo:Gensokyoest","paleoftheancients:PaleOfTheAncients"],"potions_floor_usage":[51,51,51,57],"damage_taken":[{"damage":11.0,"enemies":"Gensokyo:Gryphon","floor":1.0,"turns":5.0},{"damage":3.0,"enemies":"Gensokyo:Python","floor":5.0,"turns":2.0},{"damage":18.0,"enemies":"Gensokyo:Mamizou","floor":6.0,"turns":5.0},{"damage":0.0,"enemies":"Gensokyo:3_Fairies","floor":7.0,"turns":4.0},{"damage":7.0,"enemies":"Gensokyo:Kitsune","floor":10.0,"turns":2.0},{"damage":11.0,"enemies":"Gensokyo:Gryphon_and_Rabbit","floor":12.0,"turns":3.0},{"damage":0.0,"enemies":"Gensokyo:LivingMonolith","floor":13.0,"turns":13.0},{"damage":9.0,"enemies":"Gensokyo:Reimu","floor":16.0,"turns":6.0},{"damage":3.0,"enemies":"Gensokyo:CosmicMonolith","floor":18.0,"turns":4.0},{"damage":6.0,"enemies":"Gensokyo:Chomper","floor":21.0,"turns":4.0},{"damage":45.0,"enemies":"Gensokyo:Monolith_and_Dog","floor":23.0,"turns":9.0},{"damage":14.0,"enemies":"Gensokyo:Koishi","floor":24.0,"turns":6.0},{"damage":3.0,"enemies":"Gensokyo:Slime_Group","floor":28.0,"turns":3.0},{"damage":11.0,"enemies":"Gensokyo:Wraith","floor":30.0,"turns":3.0},{"damage":0.0,"enemies":"Gensokyo:Monolith_and_Dog","floor":31.0,"turns":2.0},{"damage":3.0,"enemies":"Gensokyo:Mirror_and_Dog","floor":32.0,"turns":2.0},{"damage":48.0,"enemies":"Gensokyo:Eternal_Rivals","floor":34.0,"turns":9.0},{"damage":0.0,"enemies":"Gensokyo:3_Boulders","floor":36.0,"turns":3.0},{"damage":5.0,"enemies":"Gensokyo:AncientGuardian","floor":39.0,"turns":3.0},{"damage":35.0,"enemies":"Gensokyo:Rafflesia","floor":43.0,"turns":5.0},{"damage":38.0,"enemies":"Nightmare","floor":45.0,"turns":5.0},{"damage":3.0,"enemies":"Gensokyo:4_Bats","floor":49.0,"turns":2.0},{"damage":11,"enemies":"Gensokyo:Yuyuko","floor":51,"turns":4},{"damage":97,"enemies":"Gensokyo:Yuyuko","floor":52,"turns":3},{"damage":102,"enemies":"Gensokyo:Yuyuko","floor":53,"turns":7},{"damage":106,"enemies":"Gensokyo:Yuyuko","floor":57,"turns":6}],"seed_played":"4709983134267738964","potions_obtained":[{"floor":5.0,"key":"Flashbang"},{"floor":6.0,"key":"Conjunction:LightningMarble"},{"floor":10.0,"key":"blueLaboratory:FruitPunch"},{"floor":16.0,"key":"SkillPotion"},{"floor":21.0,"key":"blueLaboratory:LouseDecoction"},{"floor":28.0,"key":"GamblersBrew"},{"floor":31.0,"key":"blueLaboratory:PyrophylliteBrew"},{"floor":36.0,"key":"Elixir"},{"floor":45.0,"key":"blueLaboratory:BubblePotion"},{"floor":53,"key":"SpeedPotion"}],"is_trial":false,"path_per_floor":["M","?","?","?","M","E","M","$","T","M","?","M","M","?","R","B",null,"M","?","?","M","M","M","E","?","R","T","M","$","M","M","M","R","B",null,"M","?","T","M","?","R","T","M","T","NM","T","R","$","M","R","B","M","M","?","T","R","M"],"character_chosen":"MKU","items_purchased":["BFFS","MokouMod:Stoke","MokouMod:IgnitionBlast","trackpad:BiPhaseBiplane","aspiration:Nostalgia","trackpad:PetRock"],"campfire_rested":1,"item_purchase_floors":[8,8,8,29,29,29],"current_hp_per_floor":[64,64,64,53,50,32,32,32,32,25,62,53,53,61,61,52,87,84,84,79,73,73,28,14,14,14,21,18,18,7,7,4,29,4,86,86,80,90,85,90,90,90,55,62,24,24,24,24,21,21,97,97,61,61,61,61,0,0,0],"gold":909,"neow_bonus":"DSIX","is_daily":false,"chose_seed":false,"campfire_upgraded":4,"win_rate":0.0,"timestamp":1613840433,"path_taken":["M","?","?","?","?","E","M","?","T","M","?","M","M","?","R","BOSS","M","?","?","M","M","M","E","?","R","T","?","?","M","?","M","R","BOSS","M","?","?","?","?","R","?","?","T","NM","?","R","?","M","R","BOSS","M","M","?","T","R","M"],"items_purchased_type":["Relic","Card","Card","Relic","Relic","Relic"],"build_version":"2020-12-22","purchased_purges":1,"victory":false,"max_hp_per_floor":[75,75,75,75,75,75,75,75,75,75,75,77,77,77,87,87,87,87,87,79,79,79,79,79,79,79,86,86,86,86,86,86,86,86,86,86,80,90,90,90,90,90,90,97,97,97,97,97,97,97,97,97,97,97,97,97,97,97,97],"card_choices":[{"not_picked":[],"picked":"EpicFetus","floor":0.0},{"not_picked":["MokouMod:Firecracker","MokouMod:UncontrollableSolarReaction"],"picked":"MokouMod:Scorch","floor":1.0},{"not_picked":["MokouMod:Ember","MokouMod:ResonatingAura"],"picked":"MokouMod:SearingShot","floor":2.0},{"not_picked":["MokouMod:AdaptivePyromancy","MokouMod:Firecracker"],"picked":"MokouMod:Singe","floor":5.0},{"not_picked":["MokouMod:TemporalFireSeal","MokouMod:AdaptivePyromancy"],"picked":"MokouMod:FlareStarter","floor":6.0},{"not_picked":["MokouMod:Overheat","MokouMod:IgnitionBarrier"],"picked":"MokouMod:FujiyamaVolcano","floor":7.0},{"not_picked":["MokouMod:IcarusDive","MokouMod:UncontrollableSolarReaction"],"picked":"MokouMod:Singe","floor":10.0},{"not_picked":["MokouMod:ScorchingColumn","MokouMod:FlareStarter"],"picked":"MokouMod:RisingSunBarrier","floor":12.0},{"not_picked":["MokouMod:Cataclysm","MokouMod:Meltdown"],"picked":"MokouMod:ImperishableFlame","floor":13.0},{"not_picked":["MokouMod:ResonatingAura","MokouMod:Rekindle"],"picked":"MokouMod:Ventilation","floor":16.0},{"not_picked":["MokouMod:UncontrollableSolarReaction+1","MokouMod:Stoke"],"picked":"MokouMod:Overheat","floor":18.0},{"not_picked":["Gensokyo:Kunekune","Gensokyo:TurboGranny"],"picked":"Gensokyo:Doppelganger","floor":20.0},{"not_picked":["MokouMod:Ember","MokouMod:Firecracker"],"picked":"MokouMod:RoaringFlare","floor":21.0},{"not_picked":["MokouMod:SubterraneanCore","MokouMod:ImperishableFlame"],"picked":"MokouMod:BlazingComet","floor":23.0},{"not_picked":["MokouMod:EternalBurstReactor+1","MokouMod:Firecracker+1"],"picked":"MokouMod:BurningDraft+1","floor":24.0},{"not_picked":["infinitespire:DeathsTouch","hubris:Fate"],"picked":"infinitespire:Punishment","floor":25.0},{"not_picked":["MokouMod:ScorchingColumn","MokouMod:SearingShot"],"picked":"MokouMod:ControlledCombustion+1","floor":28.0},{"not_picked":["MokouMod:FlareStarter","MokouMod:ProfanedFlare"],"picked":"MokouMod:RetainTemperature+1","floor":30.0},{"not_picked":["MokouMod:RoaringFlare","MokouMod:Singe"],"picked":"MokouMod:ScorchedEarth","floor":31.0},{"not_picked":["MokouMod:Singe","MokouMod:RoaringFlare"],"picked":"MokouMod:SearingBlow","floor":32.0},{"not_picked":["MokouMod:BurningHiddenBullet","MokouMod:HouraiForge"],"picked":"MokouMod:PhoenixForm","floor":34.0},{"not_picked":["MokouMod:TemporalFireSeal","MokouMod:BurningDraft"],"picked":"MokouMod:Fireball+1","floor":36.0},{"not_picked":["MokouMod:FlareStarter+1","MokouMod:CrimsonArmoury"],"picked":"MokouMod:Rekindle","floor":39.0},{"not_picked":["MokouMod:ResoluteFlare+1","MokouMod:ScorchedEarth+1"],"picked":"MokouMod:Refresh","floor":43.0},{"not_picked":["infinitespire:FinalStrike","infinitespire:Menacing"],"picked":"infinitespire:NeuralNetwork","floor":45.0},{"not_picked":["MokouMod:UncontrollableSolarReaction+1","MokouMod:EternalBurstReactor"],"picked":"MokouMod:SacredFire","floor":45.0},{"not_picked":["MokouMod:Firecracker","MokouMod:Stoke","MokouMod:RetainTemperature+1"],"picked":"SKIP","floor":49.0},{"not_picked":["MokouMod:SearingShot","MokouMod:HeatTransfer"],"picked":"MokouMod:Refresh+1","floor":53}],"player_experience":574788,"relics_obtained":[{"floor":6.0,"key":"Mirror"},{"floor":13.0,"key":"wanderingMiniBosses:MasterThiefsPresence"},{"floor":24.0,"key":"Centennial Puzzle"},{"floor":27.0,"key":"DemoMod:MonsterBlood"},{"floor":38.0,"key":"Pear"},{"floor":42.0,"key":"DemoMod:Bottle"},{"floor":44.0,"key":"Strawberry"},{"floor":45.0,"key":"Whetstone"},{"floor":53,"key":"paleoftheancients:SoulOfTheShapes"},{"floor":55,"key":"War Paint"}],"event_choices":[{"damage_healed":0,"gold_gain":0,"player_choice":"Leave","damage_taken":0,"max_hp_gain":0,"max_hp_loss":0,"event_name":"conspire:Investor","floor":54,"gold_loss":0}],"is_beta":false,"boss_relics":[{"not_picked":["Snecko Heart","hubris:HollowSoul"],"picked":"RedLine:ReiMu"},{"not_picked":[]},{"not_picked":["Bromod:ArcaneEnergize","Replay:Wanted Poster"],"picked":"Pandora\u0027s Box"},{"not_picked":[]}],"items_purged_floors":[29],"is_endless":true,"potions_floor_spawned":[5,6,10,16,21,28,31,36,45,53],"killed_by":"Gensokyo:Yuyuko","ascension_level":0,"is_humility":true}}