{"host":"z37g2hkgkh2zjyzk","time":1613791087,"event":{"mods":["2.2 Compatiblity","AchievementEnabler","BaseMod","Bestiary","Colored Map","Colored Powertips","Curses Come First","Keyboard Shortcuts","Minty Spire (QoL Compilation)","Relic Stats","StSLib","SuperFastMode"],"gold_per_floor":[117,129,149,324,324,324,340,340,415,30,94,144,144,158,158,263,263,274,324,244,294,311,311,361,361,361,361,361],"floor_reached":27,"language":"ENG","playtime":1427,"items_purged":["Doubt","Strike_B"],"score":254,"play_id":"5374d69c-a376-4ff5-be35-a0fb35c460ca","local_time":"20210220041807","is_ascension_mode":true,"campfire_choices":[{"data":"Beam Cell","floor":6,"key":"SMITH"},{"floor":8,"key":"REST"},{"data":"Reprogram","floor":13,"key":"SMITH"},{"data":"Reprogram","floor":15,"key":"SMITH"},{"floor":23,"key":"DIG"}],"circlet_count":0,"master_deck":["Defend_B","Defend_B","Defend_B","Defend_B","Zap","Dualcast","Beam Cell+1","Leap","Leap","Reprogram+1","FTL","Reprogram+1","Streamline","Redo","Core Surge","CurseOfTheBell","Gash+1","Scrape","Echo Form","Creative AI","Reinforced Body"],"relics":["Philosopher\u0027s Stone","SsserpentHead","The Courier","Dead Branch","Calling Bell","Happy Flower","Darkstone Periapt","Shovel","Pen Nib","Cables"],"acts_visited":["Exordium","TheCity"],"potions_floor_usage":[16,16,25,25,25],"damage_taken":[{"damage":2,"enemies":"Cultist","floor":1,"turns":3},{"damage":6,"enemies":"Jaw Worm","floor":2,"turns":3},{"damage":3,"enemies":"Small Slimes","floor":3,"turns":3},{"damage":38,"enemies":"Exordium Thugs","floor":7,"turns":5},{"damage":2,"enemies":"2 Fungi Beasts","floor":11,"turns":3},{"damage":5,"enemies":"Looter","floor":14,"turns":3},{"damage":26,"enemies":"Hexaghost","floor":16,"turns":7},{"damage":19,"enemies":"3 Byrds","floor":18,"turns":6},{"damage":14,"enemies":"Chosen","floor":22,"turns":3},{"damage":21,"enemies":"Slavers","floor":25,"turns":6},{"damage":10,"enemies":"Sentry and Sphere","floor":27,"turns":3}],"seed_played":"-2457231827968029654","potions_obtained":[{"floor":7,"key":"SmokeBomb"},{"floor":11,"key":"DuplicationPotion"},{"floor":14,"key":"LiquidMemories"},{"floor":16,"key":"SteroidPotion"},{"floor":22,"key":"AttackPotion"}],"is_trial":false,"path_per_floor":["M","M","M","?","?","R","M","R","T","$","M","?","R","M","R","B",null,"M","?","$","?","M","R","?","E","T","M"],"character_chosen":"DEFECT","items_purchased":["Reprogram","FTL","Dead Branch"],"campfire_rested":1,"item_purchase_floors":[10,10,10],"current_hp_per_floor":[73,67,64,64,64,64,26,48,48,48,46,46,46,41,41,15,75,56,56,56,56,42,42,26,5,5,0,0],"gold":361,"neow_bonus":"BOSS_RELIC","is_daily":false,"chose_seed":false,"campfire_upgraded":3,"win_rate":0.0,"timestamp":1613791087,"path_taken":["M","M","M","?","?","R","M","R","T","$","?","?","R","M","R","BOSS","M","?","$","?","M","R","?","E","T","M"],"items_purchased_type":["Card","Card","Relic"],"build_version":"2020-12-22","purchased_purges":2,"victory":false,"max_hp_per_floor":[75,75,75,75,75,75,75,75,75,75,75,75,75,75,75,75,75,75,75,75,75,75,75,75,75,75,75,75],"relic_stats":{"Darkstone Periapt":0,"SsserpentHead":250,"Shovel":1,"Happy Flower":[6],"counters":[11,45],"Dead Branch":[4],"Pen Nib":[0],"obtain_stats":[{"Calling Bell":17,"Darkstone Periapt":17,"SsserpentHead":5,"Shovel":17,"Happy Flower":17,"Dead Branch":10,"Philosopher\u0027s Stone":0,"The Courier":9,"Pen Nib":23,"Cracked Core":0,"Cables":26},{"Calling Bell":7,"Darkstone Periapt":7,"SsserpentHead":3,"Shovel":7,"Happy Flower":7,"Dead Branch":4,"Philosopher\u0027s Stone":0,"The Courier":4,"Pen Nib":9,"Cracked Core":0,"Cables":10},{"Calling Bell":27,"Darkstone Periapt":27,"SsserpentHead":9,"Shovel":27,"Happy Flower":27,"Dead Branch":14,"Philosopher\u0027s Stone":0,"The Courier":14,"Pen Nib":36,"Cracked Core":0,"Cables":42}],"Cables":[2,2,0,0,0]},"card_choices":[{"not_picked":["Redo","Hologram"],"picked":"Beam Cell","floor":1},{"not_picked":["Static Discharge","Steam"],"picked":"Leap","floor":2},{"not_picked":["Cold Snap","Streamline","Hologram"],"picked":"SKIP","floor":3},{"not_picked":["Turbo","Coolheaded"],"picked":"Leap","floor":7},{"not_picked":["Thunder Strike","Coolheaded"],"picked":"Reprogram","floor":11},{"not_picked":["Storm","Aggregate"],"picked":"Redo","floor":14},{"not_picked":["Meteor Strike","Echo Form"],"picked":"Core Surge","floor":16},{"not_picked":["Chill","Leap+1"],"picked":"Gash+1","floor":18},{"not_picked":["Coolheaded","Hello World+1"],"picked":"Reinforced Body","floor":22}],"player_experience":142013,"relics_obtained":[{"floor":9,"key":"The Courier"},{"floor":17,"key":"Happy Flower"},{"floor":17,"key":"Darkstone Periapt"},{"floor":17,"key":"Shovel"},{"floor":23,"key":"Pen Nib"},{"floor":26,"key":"Cables"}],"event_choices":[{"damage_healed":0,"gold_gain":175,"player_choice":"AGREE","damage_taken":0,"max_hp_gain":0,"max_hp_loss":0,"event_name":"Liars Game","floor":4,"gold_loss":0,"cards_obtained":["Doubt"]},{"damage_healed":0,"gold_gain":0,"player_choice":"Trade","damage_taken":0,"relics_obtained":["SsserpentHead"],"max_hp_gain":0,"max_hp_loss":0,"event_name":"FaceTrader","floor":5,"gold_loss":0},{"damage_healed":0,"gold_gain":0,"cards_transformed":["Strike_B"],"player_choice":"Transformed","damage_taken":0,"max_hp_gain":0,"max_hp_loss":0,"event_name":"Transmorgrifier","floor":12,"gold_loss":0,"cards_obtained":["Streamline"]},{"damage_healed":0,"gold_gain":0,"player_choice":"Read","damage_taken":0,"max_hp_gain":0,"max_hp_loss":0,"event_name":"The Library","floor":19,"gold_loss":0,"cards_obtained":["Scrape"]},{"damage_healed":0,"gold_gain":0,"cards_transformed":["Strike_B","Strike_B"],"player_choice":"Became Test Subject","damage_taken":0,"max_hp_gain":0,"max_hp_loss":0,"event_name":"Drug Dealer","floor":21,"gold_loss":0,"cards_obtained":["Echo Form","Creative AI"]},{"damage_healed":0,"gold_gain":0,"player_choice":"Obtained Book","damage_taken":16,"max_hp_gain":0,"max_hp_loss":0,"event_name":"Cursed Tome","floor":24,"gold_loss":0}],"is_beta":false,"boss_relics":[{"not_picked":["Runic Dome","Cursed Key"],"picked":"Calling Bell"}],"items_purged_floors":[10,20],"is_endless":false,"potions_floor_spawned":[7,11,14,16,22,25],"killed_by":"Sentry and Sphere","ascension_level":3}}