{"host":"bf5upntvbdompq33","time":1613854507,"event":{"mods":["BaseMod","Bestiary","Colored Map","Colored Powertips","Curses Come First","Highlight Path","Minty Spire (QoL Compilation)","StSLib","ojb\u0027s Info Mod"],"gold_per_floor":[118,293,65,83,97,97,131,141,141,172,172,172,185,195,195,298,298,308,112,112,112,122,149,149,149,149,166,198,79,91,91,91],"floor_reached":31,"language":"ENG","playtime":14606,"items_purged":["Doubt","Parasite"],"score":467,"play_id":"14abc91d-6eb7-44ab-874e-c3ad85a2c2a9","local_time":"20210220135507","is_ascension_mode":true,"campfire_choices":[{"floor":6,"key":"REST"},{"floor":12,"key":"REST"},{"floor":15,"key":"REST"},{"floor":24,"key":"REST"}],"circlet_count":0,"master_deck":["AscendersBane","Defend_G","Defend_G","Defend_G","Defend_G","Defend_G","Survivor","Neutralize","Bouncing Flask","Backstab","Slice","Calculated Gamble","All Out Attack","Sucker Punch","Poisoned Stab","Venomology+1","Acrobatics+1","Die Die Die","Crippling Poison+1","Flying Knee+1","Distraction+1","Dagger Throw+1","Dagger Throw","Well Laid Plans","Writhe","Caltrops","Quick Slash","Quick Slash+1","Poisoned Stab","Backflip+1","Terror+1","Burst+1","Reflex+1","Bandage Up+1","Wraith Form v2"],"relics":["Velvet Choker","Bronze Scales","Toxic Egg 2","FossilizedHelix","Astrolabe","Lantern","Mummified Hand","Pantograph","Snake Skull"],"acts_visited":["Exordium","TheCity"],"potions_floor_usage":[7,16,18,22,23,28,30,30,31,31],"damage_taken":[{"damage":12,"enemies":"2 Louse","floor":1,"turns":3},{"damage":8,"enemies":"Small Slimes","floor":4,"turns":2},{"damage":7,"enemies":"Jaw Worm","floor":5,"turns":3},{"damage":34,"enemies":"Gremlin Nob","floor":7,"turns":5},{"damage":3,"enemies":"Looter","floor":8,"turns":3},{"damage":15,"enemies":"3 Sentries","floor":10,"turns":6},{"damage":0,"enemies":"Blue Slaver","floor":13,"turns":2},{"damage":12,"enemies":"Lots of Slimes","floor":14,"turns":3},{"damage":26,"enemies":"Slime Boss","floor":16,"turns":9},{"damage":0,"enemies":"Spheric Guardian","floor":18,"turns":4},{"damage":23,"enemies":"Shell Parasite","floor":22,"turns":4},{"damage":4,"enemies":"Gremlin Leader","floor":23,"turns":4},{"damage":25,"enemies":"Cultist and Chosen","floor":27,"turns":5},{"damage":23,"enemies":"Slavers","floor":28,"turns":4},{"damage":4,"enemies":"Centurion and Healer","floor":30,"turns":4},{"damage":6,"enemies":"Snake Plant","floor":31,"turns":2}],"seed_played":"-2730220456038628540","potions_obtained":[{"floor":1,"key":"Swift Potion"},{"floor":5,"key":"SkillPotion"},{"floor":14,"key":"Energy Potion"},{"floor":18,"key":"AttackPotion"},{"floor":27,"key":"Poison Potion"},{"floor":30,"key":"Poison Potion"}],"is_trial":false,"path_per_floor":["M","?","$","M","M","R","E","M","T","E","?","R","M","M","R","B",null,"M","$","?","?","M","E","R","?","T","M","E","$","M","M"],"character_chosen":"THE_SILENT","items_purchased":["Bouncing Flask","Backstab","Dagger Throw","Well Laid Plans","Reflex+1","Bandage Up+1"],"campfire_rested":4,"item_purchase_floors":[3,3,19,19,29,29],"current_hp_per_floor":[51,51,51,43,36,57,23,20,20,5,22,43,43,31,52,26,59,59,59,59,59,36,32,52,52,52,27,4,4,6,0,0],"gold":91,"neow_bonus":"BOSS_RELIC","is_daily":false,"chose_seed":false,"campfire_upgraded":0,"win_rate":0.0,"timestamp":1613854507,"path_taken":["M","?","$","M","M","R","E","M","T","E","?","R","M","M","R","BOSS","M","$","?","?","M","E","R","?","T","M","E","$","?","M"],"items_purchased_type":["Card","Card","Card","Card","Card","Card"],"build_version":"2020-12-22","purchased_purges":2,"victory":false,"max_hp_per_floor":[70,70,70,70,70,70,70,70,70,70,70,70,70,70,70,70,70,70,67,67,67,67,67,67,67,67,67,67,67,67,67,67],"card_choices":[{"not_picked":["Infinite Blades","Blade Dance","Flechettes"],"picked":"SKIP","floor":1},{"not_picked":["Flying Knee","Infinite Blades"],"picked":"Slice","floor":4},{"not_picked":["Dodge and Roll","Bane"],"picked":"Calculated Gamble","floor":5},{"not_picked":["Skewer","Distraction"],"picked":"All Out Attack","floor":7},{"not_picked":["Expertise","Cloak And Dagger"],"picked":"Sucker Punch","floor":8},{"not_picked":["Cloak And Dagger+1","Outmaneuver+1"],"picked":"Poisoned Stab","floor":10},{"not_picked":["Expertise+1","Dash"],"picked":"Venomology+1","floor":13},{"not_picked":["Sucker Punch","Slice"],"picked":"Acrobatics+1","floor":14},{"not_picked":["Unload","Night Terror+1"],"picked":"Die Die Die","floor":16},{"not_picked":["Quick Slash","Cloak And Dagger+1"],"picked":"Dagger Throw+1","floor":18},{"not_picked":["Dodge and Roll+1","Calculated Gamble+1"],"picked":"Quick Slash+1","floor":22},{"not_picked":["PiercingWail+1","Phantasmal Killer+1"],"picked":"Poisoned Stab","floor":23},{"not_picked":["Backstab+1","PiercingWail+1"],"picked":"Terror+1","floor":27},{"not_picked":["Cloak And Dagger+1","Setup+1"],"picked":"Burst+1","floor":28},{"not_picked":["Outmaneuver+1","Dagger Spray"],"picked":"Wraith Form v2","floor":30}],"player_experience":1660718,"relics_obtained":[{"floor":7,"key":"Bronze Scales"},{"floor":9,"key":"Toxic Egg 2"},{"floor":10,"key":"FossilizedHelix"},{"floor":23,"key":"Mummified Hand"},{"floor":26,"key":"Pantograph"},{"floor":28,"key":"Snake Skull"}],"event_choices":[{"damage_healed":0,"gold_gain":175,"player_choice":"AGREE","damage_taken":0,"max_hp_gain":0,"max_hp_loss":0,"event_name":"Liars Game","floor":2,"gold_loss":0,"cards_obtained":["Doubt"]},{"damage_healed":17,"gold_gain":0,"player_choice":"Healed and dodged fight","damage_taken":0,"max_hp_gain":0,"max_hp_loss":0,"event_name":"Mushrooms","floor":11,"gold_loss":0,"cards_obtained":["Parasite"]},{"damage_healed":0,"gold_gain":0,"player_choice":"Opened","damage_taken":0,"relics_obtained":["Lantern"],"max_hp_gain":0,"max_hp_loss":0,"event_name":"The Mausoleum","floor":20,"gold_loss":0,"cards_obtained":["Writhe"]},{"damage_healed":0,"gold_gain":0,"cards_transformed":["Strike_G","Strike_G"],"player_choice":"Became Test Subject","damage_taken":0,"max_hp_gain":0,"max_hp_loss":0,"event_name":"Drug Dealer","floor":21,"gold_loss":0,"cards_obtained":["Caltrops","Quick Slash"]},{"damage_healed":0,"gold_gain":0,"player_choice":"Read","damage_taken":0,"max_hp_gain":0,"max_hp_loss":0,"event_name":"The Library","floor":25,"gold_loss":0,"cards_obtained":["Backflip"]}],"is_beta":false,"boss_relics":[{"not_picked":["HoveringKite","Empty Cage"],"picked":"Astrolabe"}],"items_purged_floors":[3,19],"is_endless":false,"potions_floor_spawned":[1,5,14,18,27,28,30],"killed_by":"Snake Plant","ascension_level":11}}