{"host":"seujf6kmfn3ctpoe","time":1613842037,"event":{"mods":["BaseMod","Colored Map","Minty Spire (QoL Compilation)","Permanent Neow","Relic Sorter","Relic Stats","StSLib"],"gold_per_floor":[19,34,45,62,62,62,74,92,92,126,126,145,95,123,123,225,225,243,258,258,268,268,268,296,296,296,296,2,2,2,28,28,132,432,442,442,442,459,459,459,489,507,507,522,552,434,450,478,478,478],"floor_reached":51,"language":"ENG","playtime":2758,"items_purged":["Dagger Spray","Strike_G+1"],"score":928,"play_id":"5974f788-d75a-4c9b-8c70-3ec79ce99d8c","local_time":"20210220182717","is_ascension_mode":true,"campfire_choices":[{"data":"Neutralize","floor":6.0,"key":"SMITH"},{"data":"Tactician","floor":11.0,"key":"SMITH"},{"floor":15,"key":"REST"},{"floor":23,"key":"REST"},{"data":"A Thousand Cuts","floor":25,"key":"SMITH"},{"data":"Eviscerate","floor":27,"key":"SMITH"},{"data":"Acrobatics","floor":29,"key":"SMITH"},{"floor":32,"key":"REST"},{"data":"Terror","floor":40,"key":"SMITH"},{"floor":49,"key":"REST"}],"circlet_count":0,"master_deck":["Strike_G+1","Defend_G+1","Defend_G+1","Defend_G+1","Neutralize+1","Tactician+1","Underhanded Strike","Acrobatics+1","Deflect+1","Dagger Throw","A Thousand Cuts+1","Terror+1","Eviscerate+1","Tactician+1","Acrobatics+1","Calculated Gamble+1","Dagger Throw+1","Blade Dance"],"relics":["Ring of the Snake","Omamori","The Courier","Oddly Smooth Stone","Empty Cage","Nilry\u0027s Codex","Pear","Kunai","Tingsha","Toy Ornithopter","Calling Bell","Centennial Puzzle","Shuriken","Old Coin","Prayer Wheel","War Paint","Mummified Hand","Potion Belt","PreservedInsect"],"acts_visited":["Exordium","TheCity","TheBeyond"],"potions_floor_usage":[16,18,33,50,50,50,50,50,50,50],"damage_taken":[{"damage":2.0,"enemies":"2 Louse","floor":1.0,"turns":4.0},{"damage":2.0,"enemies":"Small Slimes","floor":2.0,"turns":4.0},{"damage":1.0,"enemies":"Cultist","floor":3.0,"turns":4.0},{"damage":8.0,"enemies":"Exordium Wildlife","floor":4.0,"turns":4.0},{"damage":6.0,"enemies":"Red Slaver","floor":7.0,"turns":5.0},{"damage":0.0,"enemies":"Exordium Thugs","floor":8.0,"turns":4.0},{"damage":26.0,"enemies":"3 Sentries","floor":10.0,"turns":9.0},{"damage":0,"enemies":"Blue Slaver","floor":12,"turns":4},{"damage":14,"enemies":"Gremlin Nob","floor":14,"turns":4},{"damage":31,"enemies":"The Guardian","floor":16,"turns":17},{"damage":7,"enemies":"Spheric Guardian","floor":18,"turns":5},{"damage":8,"enemies":"Chosen","floor":19,"turns":5},{"damage":12,"enemies":"Snake Plant","floor":21,"turns":6},{"damage":0,"enemies":"Gremlin Leader","floor":24,"turns":8},{"damage":9,"enemies":"Slavers","floor":31,"turns":5},{"damage":5,"enemies":"Automaton","floor":33,"turns":9},{"damage":9,"enemies":"3 Darklings","floor":35,"turns":5},{"damage":0,"enemies":"Orb Walker","floor":38,"turns":3},{"damage":0,"enemies":"Giant Head","floor":41,"turns":5},{"damage":16,"enemies":"Jaw Worm Horde","floor":42,"turns":3},{"damage":0,"enemies":"Sphere and 2 Shapes","floor":44,"turns":3},{"damage":25,"enemies":"Nemesis","floor":45,"turns":5},{"damage":0,"enemies":"3 Darklings","floor":47,"turns":2},{"damage":0,"enemies":"Giant Head","floor":48,"turns":3},{"damage":0,"enemies":"Donu and Deca","floor":50,"turns":6}],"seed_played":"6147140985770849474","potions_obtained":[{"floor":1.0,"key":"GhostInAJar"},{"floor":8.0,"key":"Regen Potion"},{"floor":10.0,"key":"CultistPotion"},{"floor":16,"key":"Fire Potion"},{"floor":21,"key":"Ancient Potion"},{"floor":31,"key":"EntropicBrew"},{"floor":33,"key":"Poison Potion"},{"floor":41,"key":"EssenceOfSteel"},{"floor":45,"key":"EssenceOfSteel"}],"is_trial":false,"path_per_floor":["M","M","M","M","$","R","M","M","T","E","R","M","?","E","R","B",null,"M","M","?","M","?","R","E","R","T","R","$","R","?","E","R","B",null,"M","?","T","M","$","R","E","M","T","M","E","$","M","E","R","B",null],"character_chosen":"THE_SILENT","items_purchased":["Tingsha","Blade Dance"],"campfire_rested":4,"item_purchase_floors":[28,46],"current_hp_per_floor":[68,66,65,57,57,57,51,51,51,25,25,25,25,11,32,16,70,63,55,55,43,27,48,58,58,58,58,58,58,58,49,73,73,80,71,71,71,71,71,71,71,55,55,55,30,30,30,30,54,80],"gold":478,"neow_bonus":"REMOVE_TWO","is_daily":false,"chose_seed":false,"campfire_upgraded":6,"win_rate":0.0,"timestamp":1613842037,"path_taken":["M","M","M","M","$","R","M","M","T","E","R","M","?","E","R","BOSS","M","M","?","M","?","R","E","R","T","R","$","R","?","E","R","BOSS","M","?","?","M","$","R","E","?","T","M","E","?","M","E","R","BOSS"],"items_purchased_type":["Relic","Card"],"build_version":"2020-12-22","purchased_purges":2,"victory":true,"max_hp_per_floor":[70,70,70,70,70,70,70,70,70,70,70,70,70,70,70,70,70,70,70,70,70,70,70,80,80,80,80,80,80,80,80,80,80,80,80,80,80,80,80,80,80,80,80,80,80,80,80,80,80,80],"relic_stats":{"Centennial Puzzle":[9],"counters":[25,132],"Shuriken":[25],"Mummified Hand":[7],"Tingsha":[282],"Prayer Wheel":4,"PreservedInsect":0,"Kunai":[32],"War Paint":["Deflect","Acrobatics"],"obtain_stats":[{"Potion Belt":45,"Pear":24,"Nilry\u0027s Codex":22,"Oddly Smooth Stone":14,"Tingsha":28,"The Courier":10,"PreservedInsect":48,"Omamori":9,"War Paint":41,"Empty Cage":17,"Old Coin":34,"Calling Bell":34,"Centennial Puzzle":34,"Shuriken":34,"Mummified Hand":43,"Prayer Wheel":37,"Kunai":26,"Toy Ornithopter":31,"Ring of the Snake":0},{"Potion Belt":22,"Pear":14,"Nilry\u0027s Codex":13,"Oddly Smooth Stone":9,"Tingsha":14,"The Courier":7,"PreservedInsect":24,"Omamori":6,"War Paint":19,"Empty Cage":10,"Old Coin":16,"Calling Bell":16,"Centennial Puzzle":16,"Shuriken":16,"Mummified Hand":20,"Prayer Wheel":17,"Kunai":14,"Toy Ornithopter":15,"Ring of the Snake":0},{"Potion Belt":121,"Pear":83,"Nilry\u0027s Codex":75,"Oddly Smooth Stone":42,"Tingsha":83,"The Courier":34,"PreservedInsect":126,"Omamori":25,"War Paint":110,"Empty Cage":59,"Old Coin":97,"Calling Bell":97,"Centennial Puzzle":97,"Shuriken":97,"Mummified Hand":113,"Prayer Wheel":102,"Kunai":83,"Toy Ornithopter":88,"Ring of the Snake":0}],"Toy Ornithopter":31,"Ring of the Snake":[50]},"card_choices":[{"not_picked":["Outmaneuver","Quick Slash"],"picked":"Dagger Spray","floor":1.0},{"not_picked":["Choke","Bane"],"picked":"Tactician","floor":2.0},{"not_picked":["Backstab","Backflip"],"picked":"Underhanded Strike","floor":3.0},{"not_picked":["Finisher","Slice","Endless Agony"],"picked":"SKIP","floor":4.0},{"not_picked":["Underhanded Strike","Deadly Poison"],"picked":"Acrobatics","floor":7.0},{"not_picked":["Sucker Punch","Phantasmal Killer"],"picked":"Deflect","floor":8.0},{"not_picked":["Bane","Finisher","Quick Slash"],"picked":"SKIP","floor":10.0},{"not_picked":["Slice","Acrobatics"],"picked":"Dagger Throw","floor":12},{"not_picked":["Concentrate","Noxious Fumes","Flying Knee"],"picked":"SKIP","floor":14},{"not_picked":["Envenom","Venomology"],"picked":"A Thousand Cuts","floor":16},{"not_picked":["Distraction","Heel Hook","Dagger Spray+1"],"picked":"SKIP","floor":18},{"not_picked":["Accuracy","Dash"],"picked":"Terror","floor":19},{"not_picked":["Dash","Heel Hook","Crippling Poison+1"],"picked":"SKIP","floor":21},{"not_picked":["Slice+1","Prepared"],"picked":"Eviscerate","floor":24},{"not_picked":["Quick Slash+1","Bane","A Thousand Cuts"],"picked":"SKIP","floor":31},{"not_picked":["Deflect+1","Concentrate+1"],"picked":"Acrobatics","floor":35},{"not_picked":["Poisoned Stab+1","After Image"],"picked":"Calculated Gamble+1","floor":38},{"not_picked":["Setup","Finisher","Dagger Throw"],"picked":"SKIP","floor":38},{"not_picked":["Malaise","Dagger Spray+1","Outmaneuver+1"],"picked":"SKIP","floor":41},{"not_picked":["Leg Sweep","Outmaneuver"],"picked":"Dagger Throw+1","floor":42},{"not_picked":["Backflip+1","Flying Knee+1","Deflect"],"picked":"SKIP","floor":42},{"not_picked":["Poisoned Stab","Leg Sweep+1","Venomology"],"picked":"SKIP","floor":44},{"not_picked":["Dash","Choke","Prepared"],"picked":"SKIP","floor":44},{"not_picked":["Poisoned Stab","Leg Sweep+1","Venomology"],"picked":"SKIP","floor":44},{"not_picked":["Dash","Choke","Prepared"],"picked":"SKIP","floor":44},{"not_picked":["Poisoned Stab+1","Dagger Spray+1","Outmaneuver"],"picked":"SKIP","floor":45},{"not_picked":["Distraction","Dagger Throw+1","Eviscerate+1"],"picked":"SKIP","floor":47},{"not_picked":["Concentrate","Outmaneuver+1","Cloak And Dagger+1"],"picked":"SKIP","floor":47},{"not_picked":["After Image","Underhanded Strike+1","Well Laid Plans"],"picked":"SKIP","floor":48}],"player_experience":454904,"relics_obtained":[{"floor":9.0,"key":"Omamori"},{"floor":10.0,"key":"The Courier"},{"floor":14,"key":"Oddly Smooth Stone"},{"floor":22,"key":"Nilry\u0027s Codex"},{"floor":24,"key":"Pear"},{"floor":26,"key":"Kunai"},{"floor":31,"key":"Toy Ornithopter"},{"floor":34,"key":"Centennial Puzzle"},{"floor":34,"key":"Shuriken"},{"floor":34,"key":"Old Coin"},{"floor":37,"key":"Prayer Wheel"},{"floor":41,"key":"War Paint"},{"floor":43,"key":"Mummified Hand"},{"floor":45,"key":"Potion Belt"},{"floor":48,"key":"PreservedInsect"}],"event_choices":[{"cards_removed":["Strike_G"],"damage_healed":0,"gold_gain":0,"player_choice":"Card Removal","damage_taken":0,"max_hp_gain":0,"max_hp_loss":0,"event_name":"The Cleric","floor":13,"gold_loss":50},{"damage_healed":0,"gold_gain":0,"player_choice":"Simplicity","damage_taken":0,"max_hp_gain":0,"max_hp_loss":0,"event_name":"Back to Basics","floor":20,"gold_loss":0,"cards_upgraded":["Strike_G","Strike_G","Defend_G","Defend_G","Defend_G"]},{"damage_healed":0,"gold_gain":0,"player_choice":"Obtained Book","damage_taken":16,"max_hp_gain":0,"max_hp_loss":0,"event_name":"Cursed Tome","floor":22,"gold_loss":0},{"damage_healed":0,"gold_gain":0,"player_choice":"Copied","damage_taken":0,"max_hp_gain":0,"max_hp_loss":0,"event_name":"Duplicator","floor":30,"gold_loss":0,"cards_obtained":["Tactician"]},{"cards_removed":["Survivor"],"damage_healed":0,"gold_gain":0,"player_choice":"Removed Skill","damage_taken":0,"max_hp_gain":0,"max_hp_loss":0,"event_name":"Falling","floor":36,"gold_loss":0}],"is_beta":false,"boss_relics":[{"not_picked":["SacredBark","Cursed Key"],"picked":"Empty Cage"},{"not_picked":["Tiny House","SlaversCollar"],"picked":"Calling Bell"}],"items_purged_floors":[28,46],"is_endless":false,"potions_floor_spawned":[1,8,10,12,14,16,21,31,33,41,44,45],"ascension_level":1}}