{"host":"7kgj47jdxgufb548","time":1613830388,"event":{"mods":["Act Like it!","BaseMod","Bossed Relics","CapriCore","Gensokyo","Minty Spire (QoL Compilation)","Remilia¡]Á¢¦Ì²ú?¡^","StSLib","The Immortal","Yakumo Yukari mod","Youmu¡]»î¾z§¯?¡^"],"gold_per_floor":[365,375,340,34,44,76,16,49,49,49,49],"floor_reached":10,"language":"ZHS","playtime":396,"items_purged":[],"score":91,"play_id":"7379e211-eec6-4583-824d-630482b736da","local_time":"20210220221308","is_ascension_mode":true,"campfire_choices":[],"circlet_count":0,"master_deck":["MokouMod:Strike","MokouMod:Strike","MokouMod:Strike","MokouMod:Strike","MokouMod:Strike","MokouMod:Defend+1","MokouMod:Defend","MokouMod:Defend","MokouMod:Defend+1","MokouMod:HeatSpark","MokouMod:FujiyamaVolcano","MokouMod:ResoluteFlare","MokouMod:ResonanceReactor","MokouMod:SearingBlow+1","MokouMod:WarmUp","MokouMod:Sear","MokouMod:IgnitionBarrier"],"relics":["MokouMod:PhoenixFeather","Oddly Smooth Stone","War Paint","Sundial","Centennial Puzzle","Darkstone Periapt"],"acts_visited":["Exordium"],"potions_floor_usage":[10],"damage_taken":[{"damage":18.0,"enemies":"Jaw Worm","floor":1.0,"turns":4.0},{"damage":17.0,"enemies":"Small Slimes","floor":2.0,"turns":3.0},{"damage":10.0,"enemies":"Cultist","floor":5.0,"turns":4.0},{"damage":52.0,"enemies":"3 Sentries","floor":6.0,"turns":8.0},{"damage":44.0,"enemies":"Gremlin Nob","floor":8.0,"turns":5.0},{"damage":0,"enemies":"3 Sentries","floor":10,"turns":1}],"seed_played":"-6485701636843125013","potions_obtained":[{"floor":2.0,"key":"LiquidBronze"},{"floor":8.0,"key":"Regen Potion"}],"is_trial":false,"path_per_floor":["M","M","?","$","M","E","?","E","T","E"],"character_chosen":"MKU","items_purchased":["MokouMod:ResonanceReactor","MokouMod:SearingBlow","Oddly Smooth Stone"],"campfire_rested":0,"item_purchase_floors":[4,4,4],"current_hp_per_floor":[50,33,50,50,40,7,7,9,9,9,9],"gold":49,"neow_bonus":"TWO_FIFTY_GOLD","is_daily":false,"chose_seed":false,"campfire_upgraded":0,"win_rate":0.0,"timestamp":1613830388,"path_taken":["M","M","?","$","M","E","?","E","T","E"],"items_purchased_type":["Card","Card","Relic"],"build_version":"2020-12-22","purchased_purges":0,"victory":false,"max_hp_per_floor":[68,68,68,68,68,68,68,68,68,68,68],"card_choices":[{"not_picked":["MokouMod:Ember","MokouMod:ImperishableFlame"],"picked":"MokouMod:FujiyamaVolcano","floor":1.0},{"not_picked":["MokouMod:IcarusDive","MokouMod:IndiscriminateIgnition"],"picked":"MokouMod:ResoluteFlare","floor":2.0},{"not_picked":["MokouMod:RoaringFlare","MokouMod:HeatCyclone"],"picked":"MokouMod:WarmUp","floor":5.0},{"not_picked":["MokouMod:ImperishableFlame","MokouMod:HeatTransfer"],"picked":"MokouMod:Sear","floor":6.0},{"not_picked":["MokouMod:EnchantingBambooForest","MokouMod:HeatTransfer"],"picked":"MokouMod:IgnitionBarrier","floor":8.0}],"player_experience":206609,"relics_obtained":[{"floor":6.0,"key":"War Paint"},{"floor":8.0,"key":"Centennial Puzzle"},{"floor":9.0,"key":"Darkstone Periapt"}],"event_choices":[{"damage_healed":17.0,"max_hp_gain":0.0,"max_hp_loss":0.0,"gold_gain":0.0,"event_name":"The Cleric","player_choice":"Healed","floor":3.0,"gold_loss":35.0,"damage_taken":0.0},{"damage_healed":0.0,"max_hp_gain":0.0,"max_hp_loss":0.0,"gold_gain":0.0,"event_name":"WeMeetAgain","player_choice":"Paid Gold","floor":7.0,"gold_loss":60.0,"damage_taken":0.0,"relics_obtained":["Sundial"]}],"is_beta":false,"boss_relics":[],"items_purged_floors":[],"is_endless":false,"potions_floor_spawned":[2,8],"killed_by":"3 Sentries","ascension_level":4}}