{"host":"qgrlfjrqk9z96gfi","time":1613785390,"event":{"mods":["BaseMod","Block Reminder","Colored Map","Custom Start","DeckTracker","Minty Spire (QoL Compilation)"],"gold_per_floor":[367,367,267,267,287,287,321,321,321,352,352,382,412,436,448,531,543,571,598,535,44,58,58,87,87,87,87,103,133,151,151,151,228,228,239,287,98,98,116,116,144,144,144,144,155,190,204,79,79,79,79,79,79,37,68,68],"floor_reached":57,"language":"ENG","playtime":2778,"items_purged":["Clumsy","Poisoned Stab","Shame"],"score":2957,"play_id":"ba0bd2be-a2d2-4799-826c-a9db8205dd01","local_time":"20210219154310","is_ascension_mode":true,"campfire_choices":[{"data":"Underhanded Strike","floor":6.0,"key":"SMITH"},{"floor":8.0,"key":"REST"},{"floor":11.0,"key":"REST"},{"data":"Glass Knife","floor":15.0,"key":"SMITH"},{"data":"Leg Sweep","floor":23.0,"key":"SMITH"},{"data":"Bullet Time","floor":25.0,"key":"SMITH"},{"data":"Calculated Gamble","floor":32.0,"key":"SMITH"},{"floor":40.0,"key":"RECALL"},{"data":"Burst","floor":42.0,"key":"SMITH"},{"data":"Well Laid Plans","floor":49.0,"key":"SMITH"},{"data":"After Image","floor":53.0,"key":"SMITH"}],"circlet_count":0,"master_deck":["AscendersBane","Survivor","Neutralize","Underhanded Strike+1","Dagger Throw","Acrobatics","Glass Knife+1","Underhanded Strike","Venomology","Phantasmal Killer","Tactician","All Out Attack","After Image+1","Eviscerate","Backstab","Tactician","Riddle With Holes","Deflect","Sucker Punch+1","Blade Dance","Dodge and Roll","Bullet Time+1","Finisher+1","Leg Sweep+1","PiercingWail","Burst+1","Terror","Calculated Gamble+1","Die Die Die","Dodge and Roll","Well Laid Plans+1","Bandage Up","Backflip","Eviscerate+1","Prepared+1","Terror","Wraith Form v2"],"relics":["Ring of the Snake","Tough Bandages","Shuriken","Lantern","MawBank","Pandora\u0027s Box","Ornamental Fan","Orrery","Question Card","Ninja Scroll","MutagenicStrength","MealTicket","Cursed Key","Dead Branch","Kunai","Meat on the Bone","Bottled Tornado"],"acts_visited":["Exordium","TheCity","TheBeyond","TheEnding"],"potions_floor_usage":[56,56],"damage_taken":[{"damage":1.0,"enemies":"Cultist","floor":1.0,"turns":5.0},{"damage":0.0,"enemies":"2 Louse","floor":5.0,"turns":2.0},{"damage":26.0,"enemies":"Gremlin Nob","floor":7.0,"turns":4.0},{"damage":29.0,"enemies":"Lagavulin","floor":10.0,"turns":6.0},{"damage":15.0,"enemies":"3 Sentries","floor":12.0,"turns":6.0},{"damage":0.0,"enemies":"Jaw Worm","floor":13.0,"turns":3.0},{"damage":0.0,"enemies":"Exordium Thugs","floor":14.0,"turns":5.0},{"damage":10.0,"enemies":"Hexaghost","floor":16.0,"turns":8.0},{"damage":4.0,"enemies":"3 Byrds","floor":18.0,"turns":5.0},{"damage":4.0,"enemies":"2 Thieves","floor":19.0,"turns":3.0},{"damage":0.0,"enemies":"Snake Plant","floor":22.0,"turns":1.0},{"damage":6.0,"enemies":"Slavers","floor":24.0,"turns":3.0},{"damage":0.0,"enemies":"3 Cultists","floor":28.0,"turns":3.0},{"damage":3.0,"enemies":"Book of Stabbing","floor":29.0,"turns":4.0},{"damage":8.0,"enemies":"Shelled Parasite and Fungi","floor":30.0,"turns":2.0},{"damage":32.0,"enemies":"Champ","floor":33.0,"turns":8.0},{"damage":0.0,"enemies":"3 Shapes","floor":35.0,"turns":3.0},{"damage":13.0,"enemies":"2 Orb Walkers","floor":36.0,"turns":4.0},{"damage":1.0,"enemies":"3 Darklings","floor":39.0,"turns":3.0},{"damage":0.0,"enemies":"Giant Head","floor":41.0,"turns":3.0},{"damage":0.0,"enemies":"Jaw Worm Horde","floor":45.0,"turns":2.0},{"damage":0.0,"enemies":"Reptomancer","floor":46.0,"turns":2.0},{"damage":0.0,"enemies":"Maw","floor":47.0,"turns":4.0},{"damage":0.0,"enemies":"Donu and Deca","floor":50.0,"turns":7.0},{"damage":39.0,"enemies":"Time Eater","floor":51.0,"turns":5.0},{"damage":49.0,"enemies":"Shield and Spear","floor":55.0,"turns":8.0},{"damage":35,"enemies":"The Heart","floor":56,"turns":7}],"seed_played":"6826808648832153869","potions_obtained":[{"floor":7.0,"key":"Energy Potion"},{"floor":10.0,"key":"PowerPotion"},{"floor":12.0,"key":"CunningPotion"},{"floor":13.0,"key":"Regen Potion"},{"floor":19.0,"key":"SteroidPotion"},{"floor":30.0,"key":"CultistPotion"},{"floor":39.0,"key":"DuplicationPotion"}],"is_trial":false,"path_per_floor":["M","?","$","?","M","R","E","R","T","E","R","E","M","M","R","B",null,"M","M","?","$","M","R","E","R","T","?","M","E","M","?","R","B",null,"M","?","$","?","M","R","E","R","T","?","M","E","M","$","R","B","B",null,"R","$","E","B",null],"character_chosen":"THE_SILENT","items_purchased":["Dagger Throw","Ornamental Fan","Blade Dance","Orrery","Well Laid Plans","Terror"],"campfire_rested":2,"item_purchase_floors":[3,21,21,21,37,54],"current_hp_per_floor":[58,63,63,63,63,63,37,58,58,29,50,35,35,49,49,39,63,59,55,55,55,55,55,49,49,49,49,49,46,38,38,38,6,55,55,42,57,57,60,60,64,64,64,64,64,68,68,71,71,71,44,64,64,71,34,15],"gold":68,"neow_bonus":"TWO_FIFTY_GOLD","is_daily":false,"chose_seed":false,"campfire_upgraded":8,"win_rate":0.0,"timestamp":1613785390,"path_taken":["M","?","$","?","M","R","E","R","T","E","R","E","M","M","R","BOSS","M","M","?","$","M","R","E","R","T","?","?","E","M","?","R","BOSS","M","?","$","?","M","R","E","R","T","?","M","E","M","$","R","BOSS","BOSS","R","$","E","BOSS"],"items_purchased_type":["Card","Relic","Card","Relic","Card","Card"],"build_version":"2020-12-22","purchased_purges":3,"victory":true,"max_hp_per_floor":[66,71,71,71,71,71,71,71,71,71,71,71,71,71,71,71,71,71,71,71,71,71,71,71,71,71,71,71,71,71,71,71,71,71,71,71,71,71,71,71,71,71,71,71,71,71,71,71,71,71,71,71,71,71,71,71],"card_choices":[{"not_picked":["Bane","Acrobatics"],"picked":"Underhanded Strike","floor":1.0},{"not_picked":["Deflect","Well Laid Plans","Dagger Throw"],"picked":"SKIP","floor":5.0},{"not_picked":["Quick Slash","Escape Plan"],"picked":"Acrobatics","floor":7.0},{"not_picked":["Flechettes","Blur"],"picked":"Glass Knife","floor":10.0},{"not_picked":["Expertise","Quick Slash","Riddle With Holes"],"picked":"SKIP","floor":12.0},{"not_picked":["Quick Slash","Flechettes"],"picked":"Underhanded Strike","floor":13.0},{"not_picked":["Dagger Spray","Flying Knee"],"picked":"Venomology","floor":14.0},{"not_picked":["Die Die Die","A Thousand Cuts"],"picked":"Phantasmal Killer","floor":16.0},{"not_picked":["Dodge and Roll","Dagger Throw"],"picked":"Deflect","floor":18.0},{"not_picked":["Flying Knee","Acrobatics"],"picked":"Sucker Punch+1","floor":19.0},{"not_picked":["Night Terror","Dagger Spray"],"picked":"Dodge and Roll","floor":21.0},{"not_picked":["Deadly Poison","Accuracy"],"picked":"Bullet Time","floor":21.0},{"not_picked":["Acrobatics","Quick Slash"],"picked":"Finisher+1","floor":21.0},{"not_picked":["Noxious Fumes","Backflip"],"picked":"Leg Sweep","floor":22.0},{"not_picked":["Accuracy","Flying Knee"],"picked":"PiercingWail","floor":24.0},{"not_picked":["Acrobatics","Dagger Spray","Bane","Crippling Poison"],"picked":"SKIP","floor":28.0},{"not_picked":["Bane","Deflect","Underhanded Strike"],"picked":"Burst","floor":29.0},{"not_picked":["Poisoned Stab+1","Dagger Spray","Deflect"],"picked":"Terror","floor":30.0},{"not_picked":["Envenom","Unload","A Thousand Cuts"],"picked":"Die Die Die","floor":33.0},{"not_picked":["Deflect","Eviscerate","Flying Knee+1"],"picked":"Dodge and Roll","floor":35.0},{"not_picked":["PanicButton","Trip","Enlightenment"],"picked":"Bandage Up","floor":38.0},{"not_picked":["PiercingWail+1","Tactician","Blade Dance"],"picked":"Backflip","floor":39.0},{"not_picked":["Flechettes","Footwork","Underhanded Strike","Glass Knife"],"picked":"SKIP","floor":41.0},{"not_picked":["Blur","Flechettes","Flying Knee"],"picked":"Eviscerate+1","floor":45.0},{"not_picked":["Riddle With Holes","Finisher","Dagger Spray","Catalyst"],"picked":"SKIP","floor":46.0},{"not_picked":["Well Laid Plans","Calculated Gamble","Sucker Punch"],"picked":"Prepared+1","floor":47.0},{"not_picked":["Deflect","Dash","Blade Dance"],"picked":"Wraith Form v2","floor":55.0}],"player_experience":1165571,"relics_obtained":[{"floor":7.0,"key":"Tough Bandages"},{"floor":9.0,"key":"Shuriken"},{"floor":10.0,"key":"Lantern"},{"floor":12.0,"key":"MawBank"},{"floor":24.0,"key":"Question Card"},{"floor":26.0,"key":"Ninja Scroll"},{"floor":29.0,"key":"MealTicket"},{"floor":36.0,"key":"Dead Branch"},{"floor":41.0,"key":"Kunai"},{"floor":46.0,"key":"Meat on the Bone"},{"floor":55.0,"key":"Bottled Tornado"}],"event_choices":[{"damage_healed":0.0,"max_hp_gain":5.0,"max_hp_loss":0.0,"gold_gain":0.0,"event_name":"Big Fish","player_choice":"Donut","floor":2.0,"gold_loss":0.0,"damage_taken":0.0},{"cards_removed":["Strike_G"],"damage_healed":0.0,"max_hp_gain":0.0,"max_hp_loss":0.0,"gold_gain":0.0,"event_name":"Purifier","player_choice":"Purged","floor":4.0,"gold_loss":0.0,"damage_taken":0.0},{"cards_removed":["Poisoned Stab"],"damage_healed":0.0,"max_hp_gain":0.0,"max_hp_loss":0.0,"gold_gain":0.0,"event_name":"Beggar","player_choice":"Gave Gold","floor":20.0,"gold_loss":75.0,"damage_taken":0.0},{"damage_healed":0.0,"max_hp_gain":0.0,"max_hp_loss":0.0,"gold_gain":0.0,"event_name":"Drug Dealer","player_choice":"Inject Mutagens","floor":27.0,"gold_loss":0.0,"damage_taken":0.0,"relics_obtained":["MutagenicStrength"]},{"damage_healed":0.0,"max_hp_gain":0.0,"max_hp_loss":0.0,"gold_gain":0.0,"event_name":"The Library","player_choice":"Read","floor":31.0,"gold_loss":0.0,"damage_taken":0.0,"cards_obtained":["Calculated Gamble"]},{"damage_healed":0.0,"max_hp_gain":0.0,"max_hp_loss":0.0,"gold_gain":0.0,"event_name":"Mysterious Sphere","player_choice":"Fight","floor":36.0,"gold_loss":0.0,"damage_taken":0.0},{"damage_healed":0.0,"max_hp_gain":0.0,"max_hp_loss":0.0,"gold_gain":0.0,"event_name":"SensoryStone","player_choice":"Memory 1","floor":38.0,"gold_loss":0.0,"damage_taken":0.0},{"damage_healed":0.0,"max_hp_gain":0.0,"max_hp_loss":0.0,"gold_gain":0.0,"event_name":"Tomb of Lord Red Mask","player_choice":"Ignored","floor":44.0,"gold_loss":0.0,"damage_taken":0.0}],"is_beta":false,"boss_relics":[{"not_picked":["Runic Dome","WristBlade"],"picked":"Pandora\u0027s Box"},{"not_picked":["Runic Pyramid","Philosopher\u0027s Stone"],"picked":"Cursed Key"}],"items_purged_floors":[3,37,48],"is_endless":false,"potions_floor_spawned":[7,10,12,13,19,29,30,39,47],"ascension_level":20}}