{"host":"ndpbn7fqb3wjbd7p","time":1613809303,"event":{"mods":["AchievementEnabler","Act Like it!","AlwaysNeverKeys","BaseMod","Better Vampires","Block Reminder","Colored Powertips","DeckTracker","Defuse TimeMaze Blight","Friendly Minions","Highlight Path","MarisaÅiñ∂âJÅ@ñÇóùçπÅj","Minty Spire (QoL Compilation)","Permanent Neow","StSLib","SuperFastMode","Synergy Search","Unceasing Turn Reminder","Wandering Minibosses"],"gold_per_floor":[116,133,83,103,121,121,46,46,46,61,77,77,88,105,105,202,202,221,121,138,152,27,27,27],"floor_reached":23,"language":"ENG","playtime":1851,"items_purged":["Defend_P","Strike_P","Strike_P"],"score":224,"play_id":"419fe5cf-0f75-4748-9c98-8a3f071fb44e","local_time":"20210220092143","is_ascension_mode":true,"campfire_choices":[{"data":"Eruption","floor":6,"key":"SMITH"},{"data":"Pray","floor":8,"key":"SMITH"},{"data":"Study","floor":12,"key":"SMITH"},{"floor":15,"key":"REST"}],"circlet_count":0,"master_deck":["Strike_P","Strike_P+1","Defend_P+1","Eruption+1","Vigilance+1","Evaluate","DeceiveReality","Pray+1","Study+1","Evaluate","CarveReality+1","LessonLearned","Establishment","ThirdEye+1"],"relics":["HolyWater","Bottled Lightning"],"acts_visited":["Exordium","TheCity"],"potions_floor_usage":[5,11,16,18,18,23],"damage_taken":[{"damage":0,"enemies":"2 Louse","floor":1,"turns":4},{"damage":0,"enemies":"Jaw Worm","floor":2,"turns":3},{"damage":0,"enemies":"Cultist","floor":4,"turns":2},{"damage":6,"enemies":"Exordium Wildlife","floor":5,"turns":9},{"damage":0,"enemies":"3 Louse","floor":10,"turns":4},{"damage":7,"enemies":"Gremlin Gang","floor":11,"turns":5},{"damage":7,"enemies":"Blue Slaver","floor":13,"turns":5},{"damage":5,"enemies":"2 Fungi Beasts","floor":14,"turns":4},{"damage":36,"enemies":"Hexaghost","floor":16,"turns":8},{"damage":8,"enemies":"Shell Parasite","floor":18,"turns":5},{"damage":36,"enemies":"3 Byrds","floor":20,"turns":8},{"damage":18,"enemies":"3 Cultists","floor":21,"turns":5},{"damage":10,"enemies":"Gremlin Leader","floor":23,"turns":2}],"seed_played":"-2741705490067067302","potions_obtained":[{"floor":2,"key":"ColorlessPotion"},{"floor":5,"key":"Swift Potion"},{"floor":13,"key":"Energy Potion"},{"floor":14,"key":"BlessingOfTheForge"},{"floor":16,"key":"GamblersBrew"},{"floor":21,"key":"SkillPotion"}],"is_trial":false,"path_per_floor":["M","M","?","M","M","R","$","R","T","M","M","R","M","M","R","B",null,"M","$","M","M","$","E"],"character_chosen":"WATCHER","items_purchased":[],"campfire_rested":1,"item_purchase_floors":[],"current_hp_per_floor":[72,72,72,72,66,66,66,66,66,66,59,59,52,47,68,32,72,64,64,28,10,10,0,0],"gold":27,"neow_bonus":"REMOVE_CARD","is_daily":false,"chose_seed":false,"campfire_upgraded":3,"win_rate":0.0,"timestamp":1613809303,"path_taken":["M","M","?","M","M","R","$","R","T","M","M","R","M","M","R","BOSS","M","$","M","M","$","E"],"items_purchased_type":[],"build_version":"2020-12-22","purchased_purges":3,"victory":false,"max_hp_per_floor":[72,72,72,72,72,72,72,72,72,72,72,72,72,72,72,72,72,72,72,72,72,72,72,72],"card_choices":[{"not_picked":["BowlingBash","CrushJoints"],"picked":"Evaluate","floor":1},{"not_picked":["Evaluate","FollowUp"],"picked":"DeceiveReality","floor":2},{"not_picked":["Protect","Crescendo","Vengeance"],"picked":"SKIP","floor":4},{"not_picked":["ClearTheMind","SandsOfTime"],"picked":"Pray","floor":5},{"not_picked":["SashWhip","Indignation"],"picked":"Study","floor":10},{"not_picked":["Meditate","Adaptation"],"picked":"Evaluate","floor":11},{"not_picked":["PathToVictory","Adaptation"],"picked":"CarveReality","floor":13},{"not_picked":["ClearTheMind","BowlingBash"],"picked":"LessonLearned","floor":14},{"not_picked":["Wish","Scrawl"],"picked":"Establishment","floor":16},{"not_picked":["Swivel","EmptyFist","FlyingSleeves"],"picked":"SKIP","floor":18},{"not_picked":["InnerPeace","WreathOfFlame","FollowUp"],"picked":"SKIP","floor":20},{"not_picked":["TalkToTheHand","EmptyBody"],"picked":"ThirdEye+1","floor":21}],"player_experience":1193360,"relics_obtained":[{"floor":9,"key":"Bottled Lightning"}],"event_choices":[{"cards_removed":["Defend_P"],"damage_healed":0,"gold_gain":0,"player_choice":"Card Removal","damage_taken":0,"max_hp_gain":0,"max_hp_loss":0,"event_name":"The Cleric","floor":3,"gold_loss":50}],"is_beta":false,"boss_relics":[{"not_picked":["Sozu","Cursed Key"],"picked":"HolyWater"}],"items_purged_floors":[7,19,22],"is_endless":false,"potions_floor_spawned":[2,5,13,14,16,21],"killed_by":"Gremlin Leader","ascension_level":4}}