{"host":"y64g3erquapiaw2n","time":1613854320,"event":{"mods":["BaseMod","Bestiary","Colored Map","Colored Powertips","DeckTracker","Downfall","Googly Eyes","Minty Spire (QoL Compilation)","Quick Restart","Rare Cards Sparkle","StSLib"],"gold_per_floor":[99,99,99,99,99,158,158,158,171,21,21,38,57,57,72,72,72,72],"floor_reached":16,"language":"ENG","playtime":837,"items_purged":[],"score":88,"play_id":"b06031f5-99c8-479e-aa11-4836725448a0","local_time":"20210220155200","is_ascension_mode":false,"campfire_choices":[{"data":"Guardian:TwinSlam","floor":1.0,"key":"SMITH"},{"data":"Guardian:Suspension","floor":8.0,"key":"SMITH"},{"data":"Guardian:FloatingOrbs","floor":11.0,"key":"SMITH"}],"circlet_count":0,"master_deck":["Guardian:Strike_Guardian","Guardian:Strike_Guardian","Guardian:Strike_Guardian","Guardian:Strike_Guardian","Guardian:Defend_Guardian","Guardian:Defend_Guardian","Guardian:Defend_Guardian","Guardian:CurlUp","Guardian:TwinSlam+1","Guardian:Suspension+1","Guardian:SpikerProtocol","Guardian:ArmoredProtocol","Guardian:FloatingOrbs+1","Bandage Up","Guardian:WalkerClaw","Guardian:TemporalStrike","Guardian:Gem_Cyan","Guardian:Suspension","Guardian:PolyBeam"],"relics":["Guardian:ModeShifter","downfall:HeartsMalice","Matryoshka","Happy Flower","Boot","Lantern"],"acts_visited":["Exordium"],"potions_floor_usage":[],"damage_taken":[{"damage":0.0,"enemies":"2 Louse","floor":2.0,"turns":1.0},{"damage":0.0,"enemies":"Cultist","floor":4.0,"turns":1.0},{"damage":0.0,"enemies":"3 Sentries","floor":6.0,"turns":1.0},{"damage":0.0,"enemies":"Jaw Worm","floor":9.0,"turns":4.0},{"damage":0.0,"enemies":"downfall:FleeingMerchant","floor":10.0,"turns":4.0},{"damage":11.0,"enemies":"Gremlin Gang","floor":12.0,"turns":4.0},{"damage":11.0,"enemies":"Lots of Slimes","floor":13.0,"turns":4.0},{"damage":12.0,"enemies":"Blue Slaver","floor":15.0,"turns":2.0},{"damage":13,"enemies":"DF_ARCHETYPE_STREAMLINE","floor":16,"turns":4}],"seed_played":"3481255251484508583","potions_obtained":[{"floor":9.0,"key":"Energy Potion"},{"floor":12.0,"key":"SkillPotion"},{"floor":13.0,"key":"Block Potion"}],"is_trial":false,"path_per_floor":["R","M","?","M","?","?","T","R","M","$","R","M","M","?","M","B"],"character_chosen":"GUARDIAN","items_purchased":["Bandage Up","Guardian:WalkerClaw"],"campfire_rested":0,"item_purchase_floors":[10,10],"current_hp_per_floor":[80,80,80,80,62,62,62,62,62,62,62,55,48,48,36,27,27,27],"gold":72,"neow_bonus":"THREE_ENEMY_KILL","is_daily":false,"chose_seed":false,"campfire_upgraded":3,"win_rate":0.0,"timestamp":1613854320,"path_taken":["R","M","?","M","?","?","T","R","M","$","R","M","M","?","M","BOSS"],"items_purchased_type":["Card","Card"],"build_version":"2020-12-22","purchased_purges":0,"victory":false,"max_hp_per_floor":[80,80,80,80,80,80,80,80,80,80,80,80,80,80,80,80,80,80],"card_choices":[{"not_picked":["Guardian:Reroute","Guardian:PrimingBeam"],"picked":"Guardian:Gem_Crimson","floor":2.0},{"not_picked":["Guardian:Incinerate","Guardian:VentSteam"],"picked":"Guardian:Suspension","floor":4.0},{"not_picked":["Guardian:Gem_Crimson","Guardian:VentSteam"],"picked":"Guardian:SpikerProtocol","floor":6.0},{"not_picked":["Guardian:AncientConstruct","Guardian:ChargeCore"],"picked":"Guardian:ArmoredProtocol","floor":9.0},{"not_picked":["Guardian:PrismaticBarrier","Guardian:PrimingBeam"],"picked":"Guardian:FloatingOrbs","floor":10.0},{"not_picked":["Guardian:ChargeCore","Guardian:Planning"],"picked":"Guardian:TemporalStrike","floor":12.0},{"not_picked":["Guardian:ChargeCore","Guardian:Gem_Lightblue"],"picked":"Guardian:Gem_Cyan","floor":13.0},{"not_picked":["Guardian:Suspension","Guardian:TemporalStrike"],"picked":"Guardian:PolyBeam","floor":15.0}],"player_experience":78042,"relics_obtained":[{"floor":6.0,"key":"Happy Flower"},{"floor":7.0,"key":"Boot"},{"floor":7.0,"key":"Lantern"}],"event_choices":[{"damage_healed":0.0,"max_hp_gain":0.0,"max_hp_loss":0.0,"gold_gain":0.0,"event_name":"Scrap Ooze","player_choice":"Success","floor":5.0,"gold_loss":0.0,"damage_taken":18.0,"relics_obtained":["Matryoshka"]}],"is_beta":false,"boss_relics":[],"items_purged_floors":[],"is_endless":false,"potions_floor_spawned":[9,12,13],"killed_by":"DF_ARCHETYPE_STREAMLINE","ascension_level":0}}