{"host":"6qo42zgaknezulyg","time":1613783088,"event":{"mods":["2.2 Compatiblity","BaseMod","Better Altar","Colored Map","Faster Ascension Climbing","Highlight Path","Keyboard Shortcuts","Minty Spire (QoL Compilation)","Permanent Neow","Quick Restart","Shapeshifter Mod","StSLib","SuperFastMode"],"gold_per_floor":[117,135,150,164,164,191,191,266,266,280,280,280,293,323,323,401,401,417,417,332,351,114,114,114],"floor_reached":23,"language":"ENG","playtime":768,"items_purged":["StSShapeShifter:ShapeShifter_Strike"],"score":502,"play_id":"204d0846-ca98-4fcb-926b-e5383279405e","local_time":"20210220100448","is_ascension_mode":true,"campfire_choices":[{"floor":7.0,"key":"REST"},{"data":"StSShapeShifter:Ensconce","floor":12.0,"key":"SMITH"},{"data":"StSShapeShifter:LionForm","floor":15.0,"key":"SMITH"}],"circlet_count":0,"master_deck":["AscendersBane","StSShapeShifter:ShapeShifter_Strike","StSShapeShifter:ShapeShifter_Strike","StSShapeShifter:ShapeShifter_Strike","StSShapeShifter:ShapeShifter_Strike","StSShapeShifter:ShapeShifter_Defend","StSShapeShifter:ShapeShifter_Defend","StSShapeShifter:ShapeShifter_Defend","StSShapeShifter:ShapeShifter_Defend","StSShapeShifter:ShapeShifter_Defend","StSShapeShifter:Tortoise_Form","StSShapeShifter:Lynx_Form","StSShapeShifter:SkullBash+1","StSShapeShifter:Ensconce+1","StSShapeShifter:Consume","StSShapeShifter:Bonk","StSShapeShifter:LionForm+1","StSShapeShifter:FullMoon"],"relics":["StSShapeShifter:AnimalHeart","StSShapeShifter:TheShapeShiftersMagnolia","Mummified Hand","Blue Candle","Sundial","Runic Dome","The Courier","Peace Pipe","Pen Nib"],"acts_visited":["Exordium","TheCity"],"potions_floor_usage":[],"damage_taken":[{"damage":2.0,"enemies":"Small Slimes","floor":1.0,"turns":4.0},{"damage":1.0,"enemies":"Cultist","floor":2.0,"turns":3.0},{"damage":4.0,"enemies":"Jaw Worm","floor":3.0,"turns":3.0},{"damage":1.0,"enemies":"2 Fungi Beasts","floor":4.0,"turns":4.0},{"damage":25.0,"enemies":"Lagavulin","floor":6.0,"turns":5.0},{"damage":5.0,"enemies":"Gremlin Gang","floor":10.0,"turns":4.0},{"damage":4.0,"enemies":"Red Slaver","floor":13.0,"turns":3.0},{"damage":8.0,"enemies":"Gremlin Nob","floor":14.0,"turns":3.0},{"damage":0.0,"enemies":"Slime Boss","floor":16.0,"turns":6.0},{"damage":15,"enemies":"3 Byrds","floor":18,"turns":5},{"damage":41,"enemies":"Chosen","floor":21,"turns":6},{"damage":7,"enemies":"Book of Stabbing","floor":23,"turns":2}],"seed_played":"-7111616476334282037","potions_obtained":[{"floor":1.0,"key":"Weak Potion"},{"floor":2.0,"key":"SkillPotion"},{"floor":6.0,"key":"AttackPotion"}],"is_trial":false,"path_per_floor":["M","M","M","M","?","E","R","?","T","M","?","R","M","E","R","B",null,"M","T","?","M","$","E"],"character_chosen":"SHAPESHIFTER","items_purchased":["Pen Nib","Energy Potion"],"campfire_rested":1,"item_purchase_floors":[22,22],"current_hp_per_floor":[46,45,41,40,40,15,36,26,26,21,21,21,17,9,9,9,57,42,42,42,1,1,0,0],"gold":114,"neow_bonus":"THREE_RARE_CARDS","is_daily":false,"chose_seed":false,"campfire_upgraded":2,"win_rate":0.0,"timestamp":1613783088,"path_taken":["M","M","M","M","?","E","R","?","T","M","?","R","M","E","R","BOSS","M","?","?","M","$","E"],"items_purchased_type":["Relic","Potion"],"build_version":"2020-12-22","purchased_purges":1,"victory":false,"max_hp_per_floor":[73,73,73,73,73,73,73,73,73,73,73,73,73,73,73,73,73,73,73,73,73,73,73,73],"card_choices":[{"not_picked":["StSShapeShifter:MooseForm","StSShapeShifter:Sap_Burst"],"picked":"StSShapeShifter:SkullBash","floor":0.0},{"not_picked":["StSShapeShifter:Flourish","StSShapeShifter:FallingLeaves"],"picked":"StSShapeShifter:Ensconce","floor":1.0},{"not_picked":["StSShapeShifter:TopazSkin","StSShapeShifter:BurstingSpore"],"picked":"StSShapeShifter:Consume","floor":2.0},{"not_picked":["StSShapeShifter:Efflorescence","StSShapeShifter:FlowerShield","StSShapeShifter:ThornToss"],"picked":"SKIP","floor":3.0},{"not_picked":["StSShapeShifter:SquirrelForm","StSShapeShifter:BaskInBloom"],"picked":"StSShapeShifter:Bonk","floor":4.0},{"not_picked":["StSShapeShifter:FruitBasket","StSShapeShifter:Garden"],"picked":"StSShapeShifter:LionForm","floor":6.0},{"not_picked":["StSShapeShifter:AdaptiveStrikes","StSShapeShifter:BladeOfGrass","StSShapeShifter:PoisonIvy"],"picked":"SKIP","floor":10.0},{"not_picked":["StSShapeShifter:OakBlade","StSShapeShifter:Rest","StSShapeShifter:FesteringBite"],"picked":"SKIP","floor":13.0},{"not_picked":["StSShapeShifter:HydraForm","StSShapeShifter:Efflorescence","StSShapeShifter:DeerForm"],"picked":"SKIP","floor":14.0},{"not_picked":["StSShapeShifter:Blossom2","StSShapeShifter:WolfsBane"],"picked":"StSShapeShifter:FullMoon","floor":16.0},{"not_picked":["StSShapeShifter:Guard","StSShapeShifter:BarkSkin","StSShapeShifter:PoisonIvy"],"picked":"SKIP","floor":18},{"not_picked":["StSShapeShifter:Sapling","StSShapeShifter:PoisonIvy","StSShapeShifter:Rest"],"picked":"SKIP","floor":21}],"player_experience":733468,"relics_obtained":[{"floor":6.0,"key":"Mummified Hand"},{"floor":9.0,"key":"Blue Candle"},{"floor":14.0,"key":"Sundial"},{"floor":19,"key":"The Courier"}],"event_choices":[{"damage_healed":0.0,"max_hp_gain":0.0,"max_hp_loss":0.0,"gold_gain":0.0,"event_name":"Liars Game","player_choice":"Ignored","floor":5.0,"gold_loss":0.0,"damage_taken":0.0},{"damage_healed":0.0,"max_hp_gain":0.0,"max_hp_loss":0.0,"gold_gain":0.0,"event_name":"Upgrade Shrine","player_choice":"Upgraded","floor":11.0,"gold_loss":0.0,"damage_taken":0.0,"cards_upgraded":["StSShapeShifter:SkullBash"]},{"damage_healed":0,"gold_gain":0,"player_choice":"Obtained Relic","damage_taken":0,"relics_obtained":["Peace Pipe"],"max_hp_gain":0,"max_hp_loss":0,"event_name":"Addict","floor":20,"gold_loss":85}],"is_beta":false,"boss_relics":[{"not_picked":["Runic Pyramid","Tiny House"],"picked":"Runic Dome"}],"items_purged_floors":[22],"is_endless":false,"potions_floor_spawned":[1,2,6],"killed_by":"Book of Stabbing","ascension_level":20}}