{"host":"wha9hktbkslqvblg","time":1613827410,"event":{"mods":["BaseMod","Colored Map","Minty Spire (QoL Compilation)","Relic Stats","SuperFastMode","everything is the same but u backflip on backflip"],"gold_per_floor":[118,130,55,55,72,107,107,126,126,141,141,202,352,384,384,384,384],"floor_reached":16,"language":"KOR","playtime":310,"items_purged":[],"score":220,"play_id":"d9791bb5-f870-45da-85cc-bde7e491fccf","local_time":"20210220222330","is_ascension_mode":true,"campfire_choices":[{"data":"Armaments","floor":7,"key":"SMITH"},{"floor":15,"key":"REST"}],"circlet_count":0,"master_deck":["AscendersBane","Strike_R","Strike_R","Strike_R+1","Strike_R+1","Defend_R","Defend_R+1","Defend_R","Defend_R+1","Bash","Hemokinesis+1","Shrug It Off","Armaments+1","Spot Weakness","Seeing Red","Battle Trance"],"relics":["Burning Blood","NeowsBlessing","Omamori","War Paint","Letter Opener","Lantern"],"acts_visited":["Exordium"],"potions_floor_usage":[14,14],"damage_taken":[{"damage":0,"enemies":"Small Slimes","floor":1,"turns":1},{"damage":0,"enemies":"2 Louse","floor":2,"turns":1},{"damage":0,"enemies":"Cultist","floor":5,"turns":1},{"damage":33,"enemies":"Lagavulin","floor":6,"turns":7},{"damage":4,"enemies":"3 Louse","floor":8,"turns":4},{"damage":5,"enemies":"Blue Slaver","floor":10,"turns":4},{"damage":18,"enemies":"3 Sentries","floor":12,"turns":7},{"damage":10,"enemies":"Gremlin Nob","floor":14,"turns":3},{"damage":28,"enemies":"Hexaghost","floor":16,"turns":7}],"seed_played":"-3966753752356373796","potions_obtained":[{"floor":1,"key":"Fire Potion"},{"floor":6,"key":"SteroidPotion"},{"floor":12,"key":"Fire Potion"}],"is_trial":false,"path_per_floor":["M","M","?","?","M","E","R","M","T","M","?","?","?","E","R","B"],"character_chosen":"IRONCLAD","items_purchased":[],"campfire_rested":1,"item_purchase_floors":[],"current_hp_per_floor":[74,75,75,75,75,48,48,50,50,51,28,16,16,12,34,6,6],"gold":384,"neow_bonus":"THREE_ENEMY_KILL","is_daily":false,"chose_seed":false,"campfire_upgraded":1,"win_rate":0.0,"timestamp":1613827410,"path_taken":["M","M","?","?","?","E","R","M","T","M","?","?","?","E","R","BOSS"],"items_purchased_type":[],"build_version":"2020-12-22","purchased_purges":0,"victory":false,"max_hp_per_floor":[75,75,75,75,75,75,75,75,75,75,75,75,75,75,75,75,75],"relic_stats":{"counters":[9,35],"Letter Opener":[5],"War Paint":["Defend_R","Defend_R"],"obtain_stats":[{"Lantern":14,"NeowsBlessing":0,"Omamori":6,"Letter Opener":12,"War Paint":9,"Burning Blood":0},{"Lantern":8,"NeowsBlessing":0,"Omamori":4,"Letter Opener":7,"War Paint":5,"Burning Blood":0},{"Lantern":28,"NeowsBlessing":0,"Omamori":10,"Letter Opener":25,"War Paint":14,"Burning Blood":0}],"Burning Blood":37},"card_choices":[{"not_picked":["Uppercut","Thunderclap"],"picked":"Hemokinesis","floor":1},{"not_picked":["Flex","Rage"],"picked":"Shrug It Off","floor":2},{"not_picked":["Perfected Strike","Thunderclap"],"picked":"Armaments","floor":5},{"not_picked":["Wild Strike","Inflame"],"picked":"Spot Weakness","floor":6},{"not_picked":["Rampage","Burning Pact"],"picked":"Seeing Red","floor":8},{"not_picked":["Sword Boomerang","Havoc","Perfected Strike"],"picked":"SKIP","floor":10},{"not_picked":["Sword Boomerang","Havoc","Perfected Strike"],"picked":"SKIP","floor":10},{"not_picked":["Dark Embrace","Havoc"],"picked":"Battle Trance","floor":12},{"not_picked":["Flex","Dark Embrace","Reckless Charge"],"picked":"SKIP","floor":14}],"player_experience":1002927,"relics_obtained":[{"floor":6,"key":"Omamori"},{"floor":9,"key":"War Paint"},{"floor":12,"key":"Letter Opener"},{"floor":14,"key":"Lantern"}],"event_choices":[{"cards_removed":["Strike_R"],"damage_healed":0,"gold_gain":0,"player_choice":"Card Removal","damage_taken":0,"max_hp_gain":0,"max_hp_loss":0,"event_name":"The Cleric","floor":3,"gold_loss":75},{"damage_healed":0,"gold_gain":0,"player_choice":"Forge","damage_taken":0,"max_hp_gain":0,"max_hp_loss":0,"event_name":"Accursed Blacksmith","floor":4,"gold_loss":0,"cards_upgraded":["Hemokinesis"]},{"damage_healed":0,"gold_gain":0,"player_choice":"Entered Light","damage_taken":23,"max_hp_gain":0,"max_hp_loss":0,"event_name":"Shining Light","floor":11,"gold_loss":0,"cards_upgraded":["Strike_R","Strike_R"]},{"damage_healed":0,"gold_gain":30,"player_choice":"Searched \u00272\u0027 times","damage_taken":0,"max_hp_gain":0,"max_hp_loss":0,"event_name":"Dead Adventurer","floor":12,"gold_loss":0},{"damage_healed":0,"gold_gain":150,"player_choice":"AGREE","damage_taken":0,"max_hp_gain":0,"max_hp_loss":0,"event_name":"Liars Game","floor":13,"gold_loss":0,"cards_obtained":["Doubt"]}],"is_beta":false,"boss_relics":[],"items_purged_floors":[],"is_endless":false,"potions_floor_spawned":[1,6,8,12],"killed_by":"Hexaghost","ascension_level":20}}