{"host":"050ensmz1fh1c58u","time":1613858401,"event":{"mods":["BaseMod","Downfall","Gremlin Mod","Hubris","Minty Spire (QoL Compilation)","READ ME - Guardian Mod","StSLib","The Animator","The Bug Knight","The Cursed","The Disciple","The Necromancer","The Servant 0.9.4"],"gold_per_floor":[99,118,118,138,138,138,138,158,158,191,202,228,254,288,309,422,422,422,436,456,478,478,478,478,507,534,298,198,210,210,240,256,364,364,364,379,379,112,125,142,142,157,57,73,90,90,90,114,129,129],"floor_reached":51,"language":"ENG","playtime":4023,"items_purged":["bronze:Defend"],"score":880,"play_id":"c5d27a7c-4abf-4357-8247-748deeeace44","local_time":"20210220230001","is_ascension_mode":true,"campfire_choices":[{"data":"bronze:Replicate","floor":1,"key":"SMITH"},{"data":"bronze:Goto","floor":6,"key":"SMITH"},{"data":"bronze:Iterate","floor":18,"key":"SMITH"},{"floor":23,"key":"REST"},{"floor":28,"key":"REST"},{"floor":30,"key":"REST"},{"floor":35,"key":"RECALL"},{"floor":43,"key":"REST"},{"floor":47,"key":"REST"}],"circlet_count":0,"master_deck":["bronze:Strike","bronze:Defend","bronze:Defend","bronze:Replicate+1","Good Instincts+1","bronze:ClassDefault","bronze:Optimize","bronze:FunctionCard","bronze:Fortify","bronze:FollowUp+1","bronze:Verify","bronze:FollowUp+1"],"relics":["bronze:BronzeCore","Gremlin Horn","CeramicFish","hubris:TenFootPole","Lantern","Empty Cage","Letter Opener","Singing Bowl","Bag of Marbles","downfall:HeartBlessingGreen","hubris:TinFlute","hubris:Backtick","champ:DeflectingBracers","Shuriken","downfall:HeartBlessingBlue"],"acts_visited":["Exordium","TheCity","TheBeyond"],"potions_floor_usage":[12,13,16,26,31,33,33,38,40,42,48],"damage_taken":[{"damage":1,"enemies":"Small Slimes","floor":2,"turns":4},{"damage":0,"enemies":"Cultist","floor":4,"turns":2},{"damage":11,"enemies":"Jaw Worm","floor":8,"turns":2},{"damage":0,"enemies":"HollowMod:MossKnight","floor":10,"turns":10},{"damage":0,"enemies":"3 Louse","floor":11,"turns":2},{"damage":0,"enemies":"3 Sentries","floor":12,"turns":7},{"damage":0,"enemies":"Exordium Thugs","floor":13,"turns":4},{"damage":30,"enemies":"Gremlin Nob","floor":14,"turns":4},{"damage":0,"enemies":"Blue Slaver","floor":15,"turns":4},{"damage":32,"enemies":"WA_ARCHETYPE_RETAIN","floor":16,"turns":10},{"damage":3,"enemies":"Shell Parasite","floor":19,"turns":6},{"damage":27,"enemies":"Spheric Guardian","floor":20,"turns":8},{"damage":10,"enemies":"Shelled Parasite and Fungi","floor":21,"turns":7},{"damage":3,"enemies":"Centurion and Healer","floor":25,"turns":5},{"damage":27,"enemies":"Slavers","floor":26,"turns":8},{"damage":10,"enemies":"downfall:FleeingMerchant","floor":27,"turns":4},{"damage":8,"enemies":"Sentry and Sphere","floor":29,"turns":4},{"damage":0,"enemies":"HollowMod:Nosk","floor":31,"turns":5},{"damage":7,"enemies":"Snake Plant","floor":32,"turns":4},{"damage":34,"enemies":"IC_MUSHROOM_ARCHETYPE","floor":33,"turns":7},{"damage":6,"enemies":"Orb Walker","floor":36,"turns":3},{"damage":0,"enemies":"downfall:FleeingMerchant","floor":38,"turns":4},{"damage":0,"enemies":"3 Darklings","floor":39,"turns":5},{"damage":0,"enemies":"4 Shapes","floor":40,"turns":5},{"damage":24,"enemies":"Transient","floor":42,"turns":5},{"damage":22,"enemies":"Maw","floor":44,"turns":6},{"damage":4,"enemies":"Jaw Worm Horde","floor":45,"turns":3},{"damage":9,"enemies":"4 Shapes","floor":48,"turns":3},{"damage":1,"enemies":"Maw","floor":49,"turns":7},{"damage":25,"enemies":"SI_POISON_ARCHETYPE","floor":50,"turns":12}],"seed_played":"-5098478499784594848","potions_obtained":[{"floor":4,"key":"PowerPotion"},{"floor":10,"key":"SpeedPotion"},{"floor":11,"key":"Ancient Potion"},{"floor":12,"key":"SpeedPotion"},{"floor":19,"key":"Explosive Potion"},{"floor":29,"key":"DistilledChaos"},{"floor":31,"key":"PowerPotion"},{"floor":32,"key":"Weak Potion"},{"floor":33,"key":"Block Potion"},{"floor":36,"key":"LiquidBronze"},{"floor":40,"key":"FearPotion"},{"floor":45,"key":"Explosive Potion"},{"floor":49,"key":"FearPotion"}],"is_trial":false,"path_per_floor":["R","M","?","M","?","R","T","M","?","E","M","E","M","E","M","B",null,"R","M","M","M","?","R","T","M","E","$","R","M","R","E","M","B",null,"R","M","?","$","M","M","T","M","R","M","M","?","R","M","M","B",null],"character_chosen":"THE_AUTOMATON","items_purchased":["Bag of Marbles","Shuriken"],"campfire_rested":5,"item_purchase_floors":[27,38],"current_hp_per_floor":[70,69,69,69,74,74,74,63,63,63,63,63,63,33,33,1,75,75,72,45,35,35,57,57,54,29,21,44,38,62,64,59,25,85,85,81,81,83,85,87,87,65,105,85,83,83,109,100,101,76],"gold":129,"neow_bonus":"RANDOM_COLORLESS","is_daily":false,"chose_seed":false,"campfire_upgraded":3,"win_rate":0.0,"timestamp":1613858401,"path_taken":["R","M","?","?","?","R","T","M","?","E","M","E","?","E","M","BOSS","R","M","M","M","?","R","T","M","E","$","R","M","R","E","M","BOSS","R","M","?","$","M","M","T","M","R","M","M","?","R","M","M","BOSS"],"items_purchased_type":["Relic","Relic"],"build_version":"2020-12-22","purchased_purges":1,"victory":true,"max_hp_per_floor":[70,70,70,70,75,75,75,75,75,75,75,75,75,75,75,75,75,75,75,75,75,75,75,75,75,77,79,79,81,81,83,85,85,85,85,87,87,89,91,93,93,95,105,107,109,109,109,109,111,111],"card_choices":[{"not_picked":["Forethought","Finesse"],"picked":"Good Instincts","floor":0},{"not_picked":["bronze:BitShift","bronze:Flail"],"picked":"bronze:Iterate","floor":2},{"not_picked":["bronze:OilSpill","bronze:BuggyMess","bronze:BugBarrage"],"picked":"SKIP","floor":4},{"not_picked":["bronze:BronzeArmor","bronze:Invalidate","bronze:DelayedGuard"],"picked":"SKIP","floor":8},{"not_picked":["bronze:Frontload","bronze:Allocate","bronze:GetLatest"],"picked":"SKIP","floor":10},{"not_picked":["bronze:Shield","bronze:BugBarrage","bronze:Safeguard"],"picked":"SKIP","floor":11},{"not_picked":["bronze:ForceShield","bronze:Invalidate","bronze:Overload"],"picked":"SKIP","floor":12},{"not_picked":["bronze:FollowUp","bronze:DelayedSlice"],"picked":"bronze:ClassDefault","floor":13},{"not_picked":["bronze:Flail","bronze:Overheat","bronze:ThunderWave"],"picked":"SKIP","floor":14},{"not_picked":["bronze:Iterate","bronze:CloningBeam"],"picked":"bronze:Optimize","floor":15},{"not_picked":["bronze:TinkerersToolbox","bronze:Mutator"],"picked":"bronze:Hardcode","floor":16},{"not_picked":["bronze:Branch+1","bronze:DelayedSlice","bronze:OilSpill"],"picked":"SKIP","floor":19},{"not_picked":["bronze:BronzeOrb","bronze:ChildClass","bronze:Iterate"],"picked":"SKIP","floor":20},{"not_picked":["bronze:BugBarrage","bronze:Refactor+1"],"picked":"bronze:Fortify","floor":21},{"not_picked":["bronze:WhirlingStrike","bronze:BugBarrage"],"picked":"bronze:FollowUp+1","floor":25},{"not_picked":["bronze:ItsAFeature","bronze:BronzeOrb+1","bronze:Hardcode"],"picked":"Singing Bowl","floor":26},{"not_picked":["bronze:Deprecate","bronze:Frontload","bronze:FineTuning"],"picked":"Singing Bowl","floor":27},{"not_picked":["bronze:Deprecate+1","bronze:Turbo","bronze:Invalidate+1"],"picked":"Singing Bowl","floor":29},{"not_picked":["bronze:ForLoop+1","bronze:Philosophize","bronze:BugBarrage"],"picked":"Singing Bowl","floor":31},{"not_picked":["bronze:CutThrough","bronze:WhirlingStrike","bronze:Refactor+1"],"picked":"Singing Bowl","floor":32},{"not_picked":["bronze:Format","bronze:Mutator"],"picked":"bronze:Verify","floor":33},{"not_picked":["bronze:Branch+1","bronze:FineTuning","bronze:WhirlingStrike"],"picked":"Singing Bowl","floor":36},{"not_picked":["bronze:Repair+1","bronze:Repulsor","bronze:WildBeam+1"],"picked":"Singing Bowl","floor":38},{"not_picked":["bronze:GetLatest+1","bronze:Shield","bronze:CloningBeam+1"],"picked":"Singing Bowl","floor":39},{"not_picked":["bronze:GetLatest","bronze:Backtrace+1","bronze:Frontload"],"picked":"Singing Bowl","floor":40},{"not_picked":["bronze:BitShift","bronze:ClassDefault","bronze:DarkDash+1"],"picked":"Singing Bowl","floor":42},{"not_picked":["bronze:Constructor+1","bronze:Fortify+1","bronze:WildBeam"],"picked":"Singing Bowl","floor":44},{"not_picked":["bronze:Overheat+1","bronze:Iterate","bronze:BuggyMess"],"picked":"Singing Bowl","floor":45},{"not_picked":["bronze:Frontload","bronze:RecursiveStrike"],"picked":"bronze:FollowUp+1","floor":48},{"not_picked":["bronze:Repulsor+1","bronze:DarkDash","bronze:Shield+1"],"picked":"Singing Bowl","floor":49}],"player_experience":1666991,"relics_obtained":[{"floor":7,"key":"Gremlin Horn"},{"floor":10,"key":"CeramicFish"},{"floor":12,"key":"hubris:TenFootPole"},{"floor":14,"key":"Lantern"},{"floor":24,"key":"Letter Opener"},{"floor":26,"key":"Singing Bowl"},{"floor":31,"key":"hubris:TinFlute"}],"event_choices":[{"damage_healed":0,"gold_gain":0,"player_choice":"Donut","damage_taken":0,"max_hp_gain":5,"max_hp_loss":0,"event_name":"Big Fish","floor":5,"gold_loss":0},{"cards_removed":["bronze:Strike"],"damage_healed":0,"gold_gain":0,"player_choice":"Card Removal","damage_taken":0,"max_hp_gain":0,"max_hp_loss":0,"event_name":"The Cleric","floor":9,"gold_loss":0},{"damage_healed":0,"gold_gain":0,"player_choice":"Ignored","damage_taken":0,"max_hp_gain":0,"max_hp_loss":0,"event_name":"Vampires","floor":22,"gold_loss":0}],"is_beta":false,"boss_relics":[{"not_picked":["Coffee Dripper","Pandora\u0027s Box"],"picked":"Empty Cage"},{"not_picked":["SlaversCollar","Runic Dome"],"picked":"hubris:Backtick"}],"items_purged_floors":[27],"is_endless":false,"potions_floor_spawned":[4,10,11,12,19,29,31,32,33,36,40,45,49],"ascension_level":1}}