{"host":"79dbh3wlumrqhgu5","time":1613781060,"event":{"mods":["BaseMod","Block Reminder","Colored Map","Colored Powertips","Dark Map","Minty Spire (QoL Compilation)","Permanent Neow","Quick Restart"],"gold_per_floor":[110,130,130,141,141,170,23,51,78,91,91,91,91,119,119,214,214,233,233,244,19,35,35,35,35],"floor_reached":24,"language":"ENG","playtime":2775,"items_purged":["Strike_R"],"score":214,"play_id":"edaf9096-0b7b-4a23-84c1-9b65fb9d09e2","local_time":"20210219193100","is_ascension_mode":false,"campfire_choices":[{"data":"Heavy Blade","floor":11,"key":"SMITH"},{"floor":13,"key":"REST"},{"floor":15,"key":"REST"},{"floor":23,"key":"REST"}],"circlet_count":0,"master_deck":["Strike_R","Strike_R","Defend_R","Defend_R","Defend_R","Defend_R","Anger","Metallicize","Heavy Blade+1","Inflame","Flex","Flex","Berserk","CurseOfTheBell","Limit Break+1","Inflame","Heavy Blade+1"],"relics":["Burning Blood","Happy Flower","Boot","PreservedInsect","Toxic Egg 2","Calling Bell","Strawberry","Kunai","Girya"],"acts_visited":["Exordium","TheCity"],"potions_floor_usage":[6,6,8,20,22],"damage_taken":[{"damage":4,"enemies":"Small Slimes","floor":1,"turns":8},{"damage":1,"enemies":"Cultist","floor":2,"turns":4},{"damage":3,"enemies":"Jaw Worm","floor":4,"turns":5},{"damage":12,"enemies":"3 Sentries","floor":6,"turns":7},{"damage":17,"enemies":"Gremlin Nob","floor":8,"turns":4},{"damage":7,"enemies":"Exordium Thugs","floor":10,"turns":4},{"damage":15,"enemies":"Lagavulin","floor":14,"turns":4},{"damage":73,"enemies":"Hexaghost","floor":16,"turns":12},{"damage":23,"enemies":"Shell Parasite","floor":18,"turns":6},{"damage":30,"enemies":"Chosen","floor":20,"turns":7},{"damage":34,"enemies":"Shelled Parasite and Fungi","floor":22,"turns":6},{"damage":49,"enemies":"Book of Stabbing","floor":24,"turns":4}],"seed_played":"257559185105704231","potions_obtained":[{"floor":1,"key":"SneckoOil"},{"floor":2,"key":"PowerPotion"},{"floor":6,"key":"Swift Potion"},{"floor":16,"key":"Block Potion"},{"floor":20,"key":"DuplicationPotion"}],"is_trial":false,"path_per_floor":["M","M","?","M","?","E","$","E","T","M","R","$","R","E","R","B",null,"M","?","M","$","M","R","E"],"character_chosen":"IRONCLAD","items_purchased":["Inflame","Limit Break+1","Inflame"],"campfire_rested":3,"item_purchase_floors":[7,21,21],"current_hp_per_floor":[58,63,63,66,66,60,60,49,49,48,48,48,72,63,80,13,87,70,70,46,46,18,44,0,0],"gold":35,"neow_bonus":"REMOVE_TWO","is_daily":false,"chose_seed":false,"campfire_upgraded":1,"win_rate":0.0,"timestamp":1613781060,"path_taken":["M","M","?","?","?","E","?","E","T","M","R","?","R","E","R","BOSS","M","?","M","$","M","R","E"],"items_purchased_type":["Card","Card","Card"],"build_version":"2020-12-22","purchased_purges":1,"victory":false,"max_hp_per_floor":[80,80,80,80,80,80,80,80,80,80,80,80,80,80,80,80,87,87,87,87,87,87,87,87,87],"card_choices":[{"not_picked":["Metallicize","Iron Wave"],"picked":"Anger","floor":1},{"not_picked":["Combust","Warcry"],"picked":"Metallicize","floor":2},{"not_picked":["Clothesline","Hemokinesis","Perfected Strike"],"picked":"SKIP","floor":4},{"not_picked":["Perfected Strike","Feed"],"picked":"Heavy Blade","floor":6},{"not_picked":["Thunderclap","Sword Boomerang"],"picked":"Flex","floor":8},{"not_picked":["Cleave","Iron Wave"],"picked":"Flex","floor":10},{"not_picked":["Hemokinesis","Thunderclap","Pommel Strike"],"picked":"SKIP","floor":14},{"not_picked":["Fiend Fire","Impervious+1"],"picked":"Berserk","floor":16},{"not_picked":["Pommel Strike","Clash","Second Wind+1"],"picked":"SKIP","floor":18},{"not_picked":["Carnage","Sword Boomerang","Thunderclap"],"picked":"SKIP","floor":20},{"not_picked":["Burning Pact+1","Body Slam"],"picked":"Heavy Blade+1","floor":22}],"player_experience":61923,"relics_obtained":[{"floor":6,"key":"Happy Flower"},{"floor":8,"key":"Boot"},{"floor":9,"key":"PreservedInsect"},{"floor":14,"key":"Toxic Egg 2"},{"floor":17,"key":"Strawberry"},{"floor":17,"key":"Kunai"},{"floor":17,"key":"Girya"}],"event_choices":[{"damage_healed":0,"gold_gain":0,"player_choice":"Bought 0 Potions","damage_taken":0,"max_hp_gain":0,"max_hp_loss":0,"event_name":"The Woman in Blue","floor":3,"gold_loss":0},{"cards_removed":["Strike_R"],"damage_healed":0,"gold_gain":0,"player_choice":"Purged","damage_taken":0,"max_hp_gain":0,"max_hp_loss":0,"event_name":"Purifier","floor":5,"gold_loss":0},{"damage_healed":0,"gold_gain":0,"player_choice":"Ignored","damage_taken":0,"max_hp_gain":0,"max_hp_loss":0,"event_name":"Ghosts","floor":19,"gold_loss":0}],"is_beta":false,"boss_relics":[{"not_picked":["SacredBark","Coffee Dripper"],"picked":"Calling Bell"}],"items_purged_floors":[7],"is_endless":false,"potions_floor_spawned":[1,2,6,16,20],"killed_by":"Book of Stabbing","ascension_level":0}}