{"host":"en4narc5947t7k9n","time":1613815060,"event":{"mods":["AchievementEnabler","BaseMod","Colored Map","Minty Spire (QoL Compilation)","SuperFastMode"],"gold_per_floor":[114,126,126,138,155,181,181,3,26,26,36,59,74,94,94,94,94],"floor_reached":16,"language":"KOR","playtime":801,"items_purged":[],"score":104,"play_id":"d6233276-cf73-4e3e-8292-711008a17d35","local_time":"20210220185740","is_ascension_mode":false,"campfire_choices":[{"floor":7,"key":"RECALL"},{"floor":10,"key":"REST"},{"floor":15,"key":"REST"}],"circlet_count":0,"master_deck":["Strike_G","Strike_G","Strike_G","Strike_G","Strike_G","Defend_G","Defend_G","Defend_G","Defend_G","Defend_G","Survivor","Neutralize","Cloak And Dagger","Poisoned Stab","Backflip","Tools of the Trade","Terror","Crippling Poison","Blade Dance","Backstab"],"relics":["Ring of the Snake","NeowsBlessing","Tiny Chest","Lantern","Omamori"],"acts_visited":["Exordium"],"potions_floor_usage":[14],"damage_taken":[{"damage":0,"enemies":"Small Slimes","floor":1,"turns":1},{"damage":0,"enemies":"Cultist","floor":2,"turns":1},{"damage":0,"enemies":"2 Louse","floor":4,"turns":1},{"damage":3,"enemies":"Exordium Wildlife","floor":5,"turns":6},{"damage":66,"enemies":"3 Sentries","floor":6,"turns":16},{"damage":7,"enemies":"Large Slime","floor":11,"turns":7},{"damage":13,"enemies":"Gremlin Gang","floor":13,"turns":5},{"damage":0,"enemies":"3 Louse","floor":14,"turns":3},{"damage":23,"enemies":"The Guardian","floor":16,"turns":14}],"seed_played":"7991526027754437450","potions_obtained":[{"floor":6,"key":"BlessingOfTheForge"},{"floor":14,"key":"SneckoOil"}],"is_trial":false,"path_per_floor":["M","M","?","M","M","E","R","$","T","R","M","T","M","M","R","B"],"character_chosen":"THE_SILENT","items_purchased":["Terror","Lantern"],"campfire_rested":2,"item_purchase_floors":[8,8],"current_hp_per_floor":[70,70,70,70,67,1,1,1,1,22,15,15,2,2,23,0,0],"gold":94,"neow_bonus":"THREE_ENEMY_KILL","is_daily":false,"chose_seed":false,"campfire_upgraded":0,"win_rate":0.0,"timestamp":1613815060,"path_taken":["M","M","?","?","M","E","R","$","T","R","M","?","M","?","R","BOSS"],"items_purchased_type":["Card","Relic"],"build_version":"2020-12-22","purchased_purges":0,"victory":false,"max_hp_per_floor":[70,70,70,70,70,70,70,70,70,70,70,70,70,70,70,70,70],"card_choices":[{"not_picked":["Sucker Punch","Outmaneuver"],"picked":"Cloak And Dagger","floor":1},{"not_picked":["Underhanded Strike","Slice"],"picked":"All Out Attack","floor":2},{"not_picked":["Sucker Punch","Outmaneuver"],"picked":"Poisoned Stab","floor":4},{"not_picked":["Dagger Throw","Leg Sweep"],"picked":"Backflip","floor":5},{"not_picked":["Tactician","Dodge and Roll"],"picked":"Tools of the Trade","floor":6},{"not_picked":["Distraction","Cloak And Dagger"],"picked":"Crippling Poison","floor":11},{"not_picked":["Outmaneuver","Footwork"],"picked":"Blade Dance","floor":13},{"not_picked":["Crippling Poison","Bane"],"picked":"Backstab","floor":14}],"player_experience":101350,"relics_obtained":[{"floor":6,"key":"Tiny Chest"},{"floor":12,"key":"Omamori"}],"event_choices":[{"cards_removed":["All Out Attack"],"damage_healed":0,"gold_gain":0,"player_choice":"Offered Uncommon","damage_taken":0,"max_hp_gain":0,"max_hp_loss":0,"event_name":"Bonfire Elementals","floor":3,"gold_loss":0}],"is_beta":false,"boss_relics":[],"items_purged_floors":[],"is_endless":false,"potions_floor_spawned":[6,14],"killed_by":"The Guardian","ascension_level":0}}