{"host":"wbn3xdfsa5pc2kse","time":1613804662,"event":{"mods":["AchievementEnabler","BaseMod","Bestiary","Colored Map","Colored Powertips","Curses Come First","Highlight Path","Minty Spire (QoL Compilation)","Permanent Neow","Rare Cards Sparkle","Relic Stats","StSLib"],"gold_per_floor":[116,130,145,164,164,164,164,164],"floor_reached":7,"language":"ZHT","playtime":216,"items_purged":[],"score":77,"play_id":"333f180f-a58b-4789-a681-c98b86419f82","local_time":"20210220150422","is_ascension_mode":true,"campfire_choices":[{"data":"Dagger Spray","floor":6,"key":"SMITH"}],"circlet_count":0,"master_deck":["AscendersBane","Strike_G","Strike_G","Strike_G","Strike_G","Strike_G","Defend_G","Defend_G","Defend_G","Defend_G","Defend_G","Survivor","Neutralize","Dagger Spray+1","Distraction"],"relics":["Busted Crown"],"acts_visited":["Exordium"],"potions_floor_usage":[7],"damage_taken":[{"damage":4,"enemies":"Small Slimes","floor":1,"turns":5},{"damage":0,"enemies":"Cultist","floor":2,"turns":4},{"damage":7,"enemies":"Jaw Worm","floor":3,"turns":5},{"damage":2,"enemies":"Looter","floor":4,"turns":4},{"damage":43,"enemies":"Lagavulin","floor":7,"turns":10}],"seed_played":"-9011973825871532716","potions_obtained":[{"floor":2,"key":"LiquidBronze"},{"floor":4,"key":"SneckoOil"}],"is_trial":false,"path_per_floor":["M","M","M","M","?","R","E"],"character_chosen":"THE_SILENT","items_purchased":[],"campfire_rested":0,"item_purchase_floors":[],"current_hp_per_floor":[55,55,48,46,42,42,0,0],"gold":164,"neow_bonus":"BOSS_RELIC","is_daily":false,"chose_seed":false,"campfire_upgraded":1,"win_rate":0.0,"timestamp":1613804662,"path_taken":["M","M","M","M","?","R","E"],"items_purchased_type":[],"build_version":"2020-12-22","purchased_purges":0,"victory":false,"max_hp_per_floor":[66,66,66,66,66,66,66,66],"relic_stats":{"Busted Crown":8,"counters":[5,28],"obtain_stats":[{"Busted Crown":0,"Ring of the Snake":0},{"Busted Crown":0,"Ring of the Snake":0},{"Busted Crown":0,"Ring of the Snake":0}]},"card_choices":[{"not_picked":[],"picked":"Dagger Spray","floor":1},{"not_picked":[],"picked":"Distraction","floor":2},{"not_picked":["Deflect"],"picked":"SKIP","floor":3},{"not_picked":["Bane"],"picked":"SKIP","floor":4}],"player_experience":835048,"relics_obtained":[],"event_choices":[{"damage_healed":0,"gold_gain":0,"player_choice":"Bought 0 Potions","damage_taken":0,"max_hp_gain":0,"max_hp_loss":0,"event_name":"The Woman in Blue","floor":5,"gold_loss":0}],"is_beta":false,"boss_relics":[],"items_purged_floors":[],"is_endless":false,"potions_floor_spawned":[2,4],"killed_by":"Lagavulin","ascension_level":16}}