{"host":"o3b7ow6d1xe49css","time":1613788966,"event":{"mods":["Act Like it!","Aspiration","BaseMod","Bestiary","Better Altar","Better Match","Better Note","Better Sensory Stone","Better Skull","Better Third Choice","Colored Powertips","Conspire","Energized Spire","Force Act Four","GifTheSpireLib","Halation","Hermit","Hubris","Infinite Spire","Lobotomy","Minty Spire (QoL Compilation)","Quick Restart","Rare Cards Sparkle","Relic Filter Mod","Reliquary","Replay The Spire","Spicy Shops","Spikes Relics","StSLib","Stuff the Spire","The Blue Laboratory","The Hierophant","The Jungle","Wandering Minibosses"],"gold_per_floor":[118,133,144,144,18,43,43,43],"floor_reached":7,"language":"ENG","playtime":209,"items_purged":["Decay"],"score":64,"play_id":"a4ac01b8-656b-46d9-8859-59813936130d","local_time":"20210219174246","daily_mods":["Heirloom","Flight"],"is_ascension_mode":true,"campfire_choices":[],"circlet_count":0,"master_deck":["Strike_P","Strike_P","Strike_P","Strike_P","Defend_P","Defend_P","Defend_P","Defend_P","Eruption","Vigilance","Scorched","Consecrate","UniverseFragment","Indignation"],"relics":["PureWater","Ring of Chaos","ZombieTooth","CogitoBucket","Question Card"],"acts_visited":["Exordium"],"potions_floor_usage":[6],"damage_taken":[{"damage":0,"enemies":"Jaw Worm","floor":1,"turns":4},{"damage":0,"enemies":"Cultist","floor":2,"turns":2},{"damage":0,"enemies":"2 Louse","floor":3,"turns":1},{"damage":32,"enemies":"Lagavulin","floor":6,"turns":4},{"damage":0,"enemies":"Replay:BlueRogue","floor":7,"turns":1}],"seed_played":"-7890949557490708419","potions_obtained":[{"floor":1,"key":"Elixir"}],"is_trial":true,"path_per_floor":["M","M","M","?","$","E","E"],"character_chosen":"WATCHER","items_purchased":["Adrenaline Potion"],"campfire_rested":0,"item_purchase_floors":[5],"current_hp_per_floor":[72,72,72,72,72,40,40,40],"gold":43,"neow_bonus":"","is_daily":false,"chose_seed":false,"campfire_upgraded":0,"win_rate":0.0,"timestamp":1613788966,"path_taken":["M","M","M","?","$","E","E"],"items_purchased_type":["Potion"],"build_version":"2020-12-22","purchased_purges":1,"victory":false,"max_hp_per_floor":[72,72,72,72,72,72,72,72],"card_choices":[{"not_picked":["FieryBird","Murderer","LongBird"],"picked":"Singing Bowl","floor":1},{"not_picked":["MeatLantern","QueenBee"],"picked":"Scorched","floor":1},{"not_picked":["Evaluate","Replay:DivineShield","EmptyFist"],"picked":"SKIP","floor":1},{"not_picked":["Replay:Hum","WreathOfFlame"],"picked":"Consecrate","floor":2},{"not_picked":["WallGazer","Rudolta"],"picked":"UniverseFragment","floor":2},{"not_picked":["EmptyFist","Replay:Hum","Replay:BluntJabs"],"picked":"SKIP","floor":3},{"not_picked":["Study","FearNoEvil"],"picked":"Indignation","floor":6}],"player_experience":1430305,"relics_obtained":[{"floor":6,"key":"Question Card"}],"event_choices":[{"damage_healed":0,"gold_gain":0,"player_choice":"Cursed","damage_taken":0,"max_hp_gain":0,"max_hp_loss":0,"event_name":"Wheel of Change","floor":4,"gold_loss":0,"cards_obtained":["Decay"]}],"is_beta":false,"boss_relics":[],"items_purged_floors":[5],"is_endless":false,"potions_floor_spawned":[1],"killed_by":"Replay:BlueRogue","ascension_level":5}}