{"host":"a4s27ghlnr83kbqz","time":1613814017,"event":{"mods":["AchievementEnabler","BaseMod","Colored Map","Minty Spire (QoL Compilation)","Permanent Neow","SuperFastMode"],"gold_per_floor":[115,133,308,320,1,17,17,17,97,123,142,142,161,190,190,268,268,283,298,315,41,41,41,53,53,53],"floor_reached":25,"language":"KOR","playtime":695,"items_purged":["Doubt"],"score":355,"play_id":"391c7e44-5753-4023-a4a6-5ca76080caae","local_time":"20210220184017","is_ascension_mode":true,"campfire_choices":[{"data":"Poisoned Stab","floor":7,"key":"SMITH"},{"floor":12,"key":"REST"},{"data":"Caltrops","floor":15,"key":"SMITH"},{"data":"Envenom","floor":23,"key":"SMITH"}],"circlet_count":0,"master_deck":["AscendersBane","Strike_G","Strike_G","Strike_G","Defend_G","Defend_G","Defend_G","Defend_G","Defend_G","Survivor","Neutralize","Dagger Throw+1","Poisoned Stab+1","Caltrops+1","Blur+1","PiercingWail+1","Crippling Poison+1","Die Die Die","Dagger Spray+1","Catalyst+1","Dodge and Roll+1","Sadistic Nature","Envenom+1","Prepared+1"],"relics":["Ring of the Snake","Toxic Egg 2","Matryoshka","Boot","Lantern","Cursed Key"],"acts_visited":["Exordium","TheCity"],"potions_floor_usage":[10,16,19],"damage_taken":[{"damage":4,"enemies":"Jaw Worm","floor":1,"turns":6},{"damage":0,"enemies":"2 Louse","floor":2,"turns":3},{"damage":2,"enemies":"Cultist","floor":4,"turns":4},{"damage":7,"enemies":"Exordium Thugs","floor":6,"turns":6},{"damage":17,"enemies":"Gremlin Nob","floor":10,"turns":4},{"damage":16,"enemies":"Gremlin Gang","floor":11,"turns":6},{"damage":5,"enemies":"Large Slime","floor":13,"turns":5},{"damage":18,"enemies":"3 Sentries","floor":14,"turns":8},{"damage":4,"enemies":"Hexaghost","floor":16,"turns":9},{"damage":0,"enemies":"Shell Parasite","floor":18,"turns":4},{"damage":2,"enemies":"2 Thieves","floor":19,"turns":3},{"damage":11,"enemies":"Centurion and Healer","floor":20,"turns":6},{"damage":1,"enemies":"Snake Plant","floor":24,"turns":3},{"damage":41,"enemies":"Sentry and Sphere","floor":25,"turns":7}],"seed_played":"2505771945096016118","potions_obtained":[{"floor":1,"key":"GhostInAJar"},{"floor":2,"key":"SmokeBomb"},{"floor":11,"key":"Energy Potion"},{"floor":14,"key":"Explosive Potion"},{"floor":16,"key":"EssenceOfSteel"}],"is_trial":false,"path_per_floor":["M","M","?","M","$","M","R","?","T","E","M","R","M","E","R","B",null,"M","M","M","$","?","R","M","M"],"character_chosen":"THE_SILENT","items_purchased":["Toxic Egg 2","Sadistic Nature","Envenom"],"campfire_rested":1,"item_purchase_floors":[5,21,21],"current_hp_per_floor":[59,59,59,57,57,50,50,50,50,33,17,38,33,15,15,11,55,55,53,42,42,42,42,41,0,0],"gold":53,"neow_bonus":"TRANSFORM_CARD","is_daily":false,"chose_seed":false,"campfire_upgraded":3,"win_rate":0.0,"timestamp":1613814017,"path_taken":["M","M","?","M","$","M","R","?","T","E","M","R","?","E","R","BOSS","M","M","M","$","?","R","M","M"],"items_purchased_type":["Relic","Card","Card"],"build_version":"2020-12-22","purchased_purges":1,"victory":false,"max_hp_per_floor":[70,70,70,70,70,70,70,70,70,70,70,70,70,70,70,70,70,70,70,70,70,70,70,70,70,70],"card_choices":[{"not_picked":["Sucker Punch","Heel Hook","Bane"],"picked":"SKIP","floor":1},{"not_picked":["Terror","Cloak And Dagger"],"picked":"Poisoned Stab","floor":2},{"not_picked":["Outmaneuver","Eviscerate","Quick Slash"],"picked":"SKIP","floor":4},{"not_picked":["Bane","Sucker Punch"],"picked":"Caltrops","floor":6},{"not_picked":["Dagger Spray","Deflect+1"],"picked":"Blur+1","floor":10},{"not_picked":["Caltrops","Night Terror+1","Dagger Throw"],"picked":"SKIP","floor":11},{"not_picked":["Bane","Leg Sweep+1"],"picked":"PiercingWail+1","floor":13},{"not_picked":["Acrobatics+1","Unload"],"picked":"Crippling Poison+1","floor":14},{"not_picked":["Glass Knife","Phantasmal Killer+1"],"picked":"Die Die Die","floor":16},{"not_picked":["Masterful Stab","Blade Dance+1"],"picked":"Dagger Spray+1","floor":18},{"not_picked":["Bane","Dodge and Roll+1"],"picked":"Catalyst+1","floor":19},{"not_picked":["Escape Plan+1","Eviscerate"],"picked":"Dodge and Roll+1","floor":20},{"not_picked":["Deflect+1","Blade Dance+1"],"picked":"Prepared+1","floor":24}],"player_experience":1141058,"relics_obtained":[{"floor":9,"key":"Matryoshka"},{"floor":10,"key":"Boot"},{"floor":14,"key":"Lantern"}],"event_choices":[{"damage_healed":0,"gold_gain":175,"player_choice":"AGREE","damage_taken":0,"max_hp_gain":0,"max_hp_loss":0,"event_name":"Liars Game","floor":3,"gold_loss":0,"cards_obtained":["Doubt"]},{"damage_healed":0,"gold_gain":0,"player_choice":"Forge","damage_taken":0,"max_hp_gain":0,"max_hp_loss":0,"event_name":"Accursed Blacksmith","floor":8,"gold_loss":0,"cards_upgraded":["Dagger Throw"]},{"cards_removed":["Strike_G"],"damage_healed":0,"gold_gain":0,"player_choice":"Purged","damage_taken":0,"max_hp_gain":0,"max_hp_loss":0,"event_name":"Purifier","floor":22,"gold_loss":0}],"is_beta":false,"boss_relics":[{"not_picked":["Tiny House","Snecko Eye"],"picked":"Cursed Key"}],"items_purged_floors":[5],"is_endless":false,"potions_floor_spawned":[1,2,11,14,16],"killed_by":"Sentry and Sphere","ascension_level":13}}