{"host":"2l5k2wp87eek7qja","time":1613787587,"event":{"mods":["BaseMod","Colored Map","Minty Spire (QoL Compilation)","Relic Stats"],"gold_per_floor":[16,16,30,45,45,45,72,147,147,173,173,173,173,201,201,275,275,290,128,43,54,64,95,95,130,199,231,231,231,59,74,74,148,148,162,162,1161,1161,346,375,395,413,439,439,146,177,27,39,39,39,39,39,39,39,73,73],"floor_reached":57,"language":"ENG","playtime":2555,"items_purged":["Strike_G","Strike_G","Strike_G","Strike_G+1"],"score":2914,"play_id":"af060606-95df-4811-b08c-5389f30c99c5","local_time":"20210220041947","is_ascension_mode":true,"campfire_choices":[{"data":"Terror","floor":6,"key":"SMITH"},{"data":"Glass Knife","floor":11,"key":"SMITH"},{"data":"Neutralize","floor":15,"key":"SMITH"},{"data":"Noxious Fumes","floor":24,"key":"SMITH"},{"data":"Burst","floor":28,"key":"SMITH"},{"data":"Catalyst","floor":32,"key":"SMITH"},{"floor":44,"key":"RECALL"},{"floor":49,"key":"REST"},{"data":"Well Laid Plans","floor":53,"key":"SMITH"}],"circlet_count":0,"master_deck":["AscendersBane","Defend_G","Defend_G","Defend_G","Defend_G","Defend_G","Survivor","Neutralize+1","Glass Knife+1","Terror+1","Crippling Poison","Well Laid Plans+1","Dagger Spray+1","Glass Knife+1","Bouncing Flask","Burst+1","Noxious Fumes+1","Footwork","Noxious Fumes","Catalyst+1","Corpse Explosion","Backflip","PiercingWail","Leg Sweep+1"],"relics":["Ring of the Snake","Pantograph","Whetstone","Question Card","Happy Flower","Thread and Needle","Busted Crown","Juzu Bracelet","Nunchaku","Omamori","Ninja Scroll","Pear","Nilry\u0027s Codex","Orichalcum","Snecko Eye","Anchor","Mango","Frozen Eye","Pocketwatch","Bag of Marbles","Potion Belt","Art of War"],"acts_visited":["Exordium","TheCity","TheBeyond","TheEnding"],"potions_floor_usage":[7,10,23,23,25,27,40,56,56,56],"damage_taken":[{"damage":0,"enemies":"2 Louse","floor":1,"turns":3},{"damage":0,"enemies":"Cultist","floor":3,"turns":3},{"damage":7,"enemies":"Small Slimes","floor":4,"turns":5},{"damage":2,"enemies":"Gremlin Nob","floor":7,"turns":3},{"damage":0,"enemies":"3 Sentries","floor":10,"turns":4},{"damage":6,"enemies":"Gremlin Nob","floor":14,"turns":3},{"damage":7,"enemies":"The Guardian","floor":16,"turns":8},{"damage":0,"enemies":"Chosen","floor":18,"turns":4},{"damage":12,"enemies":"Spheric Guardian","floor":21,"turns":4},{"damage":0,"enemies":"Snecko","floor":22,"turns":6},{"damage":1,"enemies":"Slavers","floor":23,"turns":4},{"damage":4,"enemies":"Gremlin Leader","floor":25,"turns":5},{"damage":9,"enemies":"Slavers","floor":27,"turns":4},{"damage":11,"enemies":"Shelled Parasite and Fungi","floor":31,"turns":4},{"damage":7,"enemies":"Champ","floor":33,"turns":8},{"damage":6,"enemies":"3 Darklings","floor":35,"turns":3},{"damage":0,"enemies":"Giant Head","floor":40,"turns":6},{"damage":12,"enemies":"Orb Walker","floor":41,"turns":4},{"damage":13,"enemies":"Maw","floor":42,"turns":7},{"damage":23,"enemies":"Nemesis","floor":46,"turns":5},{"damage":0,"enemies":"3 Darklings","floor":48,"turns":4},{"damage":6,"enemies":"Time Eater","floor":50,"turns":5},{"damage":27,"enemies":"Donu and Deca","floor":51,"turns":7},{"damage":30,"enemies":"Shield and Spear","floor":55,"turns":5},{"damage":38,"enemies":"The Heart","floor":56,"turns":7}],"seed_played":"7126792812316558068","potions_obtained":[{"floor":3,"key":"Fire Potion"},{"floor":7,"key":"SteroidPotion"},{"floor":10,"key":"Fire Potion"},{"floor":14,"key":"Fire Potion"},{"floor":23,"key":"Block Potion"},{"floor":25,"key":"Energy Potion"},{"floor":27,"key":"SmokeBomb"},{"floor":36,"key":"Strength Potion"},{"floor":36,"key":"Explosive Potion"},{"floor":46,"key":"Ancient Potion"},{"floor":48,"key":"Dexterity Potion"}],"is_trial":false,"path_per_floor":["M","?","M","M","?","R","E","?","T","E","R","?","?","E","R","B",null,"M","$","?","M","M","E","R","E","T","E","R","?","$","M","R","B",null,"M","?","?","?","$","E","M","M","T","R","$","E","$","M","R","B","B",null,"R","$","E","B",null],"character_chosen":"THE_SILENT","items_purchased":["Noxious Fumes","Orichalcum","Anchor","Mango","PiercingWail","Frozen Eye","Bag of Marbles"],"campfire_rested":1,"item_purchase_floors":[19,30,39,39,39,39,45],"current_hp_per_floor":[59,50,50,43,38,38,36,25,25,25,25,25,25,19,19,37,59,59,59,59,47,47,46,46,42,42,43,43,22,22,11,11,29,64,58,58,58,58,72,72,60,47,47,47,47,24,24,24,51,70,63,83,83,83,53,40],"gold":73,"neow_bonus":"THREE_RARE_CARDS","is_daily":false,"chose_seed":false,"campfire_upgraded":7,"win_rate":0.0,"timestamp":1613787587,"path_taken":["M","?","?","M","?","R","E","?","T","E","R","?","?","E","R","BOSS","M","?","?","M","M","E","R","E","T","E","R","?","?","M","R","BOSS","M","?","?","?","?","E","M","M","T","R","$","E","$","M","R","BOSS","BOSS","R","$","E","BOSS"],"items_purchased_type":["Card","Relic","Relic","Relic","Card","Relic","Relic"],"build_version":"2020-12-22","purchased_purges":4,"victory":true,"max_hp_per_floor":[66,66,66,66,66,66,66,66,66,66,66,66,66,66,66,66,66,66,66,66,66,66,66,66,66,66,76,76,76,76,76,76,76,76,76,76,76,76,90,90,90,90,90,90,90,90,90,90,90,90,90,90,90,90,90,90],"relic_stats":{"Happy Flower":[34],"counters":[25,121],"Juzu Bracelet":1,"Whetstone":["Dagger Spray","Strike_G"],"Orichalcum":[126],"Question Card":19,"Nunchaku":[11],"Busted Crown":32,"Pantograph":120,"Snecko Eye":[97,103,77,100],"Art of War":[3],"obtain_stats":[{"Potion Belt":46,"Pear":27,"Happy Flower":10,"Nilry\u0027s Codex":29,"Thread and Needle":14,"Mango":39,"Juzu Bracelet":20,"Omamori":25,"Whetstone":7,"Orichalcum":30,"Question Card":9,"Frozen Eye":39,"Nunchaku":23,"Anchor":39,"Busted Crown":17,"Ninja Scroll":26,"Pantograph":5,"Snecko Eye":34,"Bag of Marbles":45,"Art of War":55,"Ring of the Snake":0,"Pocketwatch":40},{"Potion Belt":20,"Pear":13,"Happy Flower":5,"Nilry\u0027s Codex":13,"Thread and Needle":6,"Mango":16,"Juzu Bracelet":8,"Omamori":12,"Whetstone":4,"Orichalcum":13,"Question Card":4,"Frozen Eye":16,"Nunchaku":11,"Anchor":16,"Busted Crown":7,"Ninja Scroll":12,"Pantograph":3,"Snecko Eye":15,"Bag of Marbles":19,"Art of War":24,"Ring of the Snake":0,"Pocketwatch":17},{"Potion Belt":93,"Pear":56,"Happy Flower":18,"Nilry\u0027s Codex":56,"Thread and Needle":21,"Mango":71,"Juzu Bracelet":33,"Omamori":52,"Whetstone":14,"Orichalcum":56,"Question Card":14,"Frozen Eye":71,"Nunchaku":47,"Anchor":71,"Busted Crown":29,"Ninja Scroll":52,"Pantograph":11,"Snecko Eye":68,"Bag of Marbles":88,"Art of War":114,"Ring of the Snake":0,"Pocketwatch":77}],"Ring of the Snake":[30],"Pocketwatch":[14]},"card_choices":[{"not_picked":["Night Terror","A Thousand Cuts"],"picked":"Glass Knife","floor":0},{"not_picked":["Cloak And Dagger","Bouncing Flask"],"picked":"Terror","floor":1},{"not_picked":["Eviscerate","Dodge and Roll"],"picked":"Crippling Poison","floor":3},{"not_picked":["Underhanded Strike","Tactician"],"picked":"Well Laid Plans","floor":4},{"not_picked":["Escape Plan","Backflip"],"picked":"Dagger Spray","floor":7},{"not_picked":["Infinite Blades","Bane","Slice"],"picked":"Glass Knife","floor":10},{"not_picked":["Slice","Acrobatics","Well Laid Plans"],"picked":"Bouncing Flask","floor":14},{"not_picked":["A Thousand Cuts","Doppelganger","Night Terror"],"picked":"Burst","floor":16},{"not_picked":["Tactician","Predator"],"picked":"SKIP","floor":18},{"not_picked":["Concentrate"],"picked":"Footwork","floor":21},{"not_picked":["Underhanded Strike","Dodge and Roll"],"picked":"SKIP","floor":22},{"not_picked":["Tactician","Reflex"],"picked":"SKIP","floor":23},{"not_picked":["Predator"],"picked":"Noxious Fumes","floor":25},{"not_picked":["Expertise","Prepared"],"picked":"SKIP","floor":27},{"not_picked":["Infinite Blades"],"picked":"Catalyst","floor":31},{"not_picked":["Grand Finale"],"picked":"Corpse Explosion","floor":33},{"not_picked":["Deadly Poison"],"picked":"Backflip","floor":35},{"not_picked":["Flying Knee+1","Noxious Fumes"],"picked":"SKIP","floor":40},{"not_picked":["Terror"],"picked":"Leg Sweep+1","floor":41},{"not_picked":["Quick Slash","Bane"],"picked":"SKIP","floor":42},{"not_picked":["Sucker Punch","Blade Dance"],"picked":"SKIP","floor":46},{"not_picked":["Cloak And Dagger","Slice+1"],"picked":"SKIP","floor":48},{"not_picked":["Masterful Stab+1","Heel Hook"],"picked":"SKIP","floor":55}],"player_experience":829239,"relics_obtained":[{"floor":7,"key":"Whetstone"},{"floor":9,"key":"Question Card"},{"floor":10,"key":"Happy Flower"},{"floor":14,"key":"Thread and Needle"},{"floor":23,"key":"Nunchaku"},{"floor":25,"key":"Omamori"},{"floor":26,"key":"Ninja Scroll"},{"floor":27,"key":"Pear"},{"floor":29,"key":"Nilry\u0027s Codex"},{"floor":40,"key":"Pocketwatch"},{"floor":46,"key":"Potion Belt"},{"floor":55,"key":"Art of War"}],"event_choices":[{"damage_healed":0,"gold_gain":0,"player_choice":"Damaged","damage_taken":9,"max_hp_gain":0,"max_hp_loss":0,"event_name":"Wheel of Change","floor":2,"gold_loss":0},{"damage_healed":0,"gold_gain":0,"player_choice":"Success","damage_taken":5,"relics_obtained":["Pantograph"],"max_hp_gain":0,"max_hp_loss":0,"event_name":"Scrap Ooze","floor":5,"gold_loss":0},{"damage_healed":0,"gold_gain":75,"player_choice":"Gather Gold","damage_taken":11,"max_hp_gain":0,"max_hp_loss":0,"event_name":"World of Goop","floor":8,"gold_loss":0},{"damage_healed":0,"gold_gain":0,"player_choice":"Grow","damage_taken":0,"max_hp_gain":0,"max_hp_loss":0,"event_name":"Living Wall","floor":12,"gold_loss":0,"cards_upgraded":["Glass Knife"]},{"cards_removed":["Strike_G"],"damage_healed":0,"gold_gain":0,"player_choice":"Purged","damage_taken":0,"max_hp_gain":0,"max_hp_loss":0,"event_name":"Purifier","floor":13,"gold_loss":0},{"damage_healed":0,"gold_gain":0,"player_choice":"Obtained Relic","damage_taken":0,"relics_obtained":["Juzu Bracelet"],"max_hp_gain":0,"max_hp_loss":0,"event_name":"Addict","floor":20,"gold_loss":85},{"damage_healed":0,"gold_gain":0,"player_choice":"Obtained Book","damage_taken":21,"max_hp_gain":0,"max_hp_loss":0,"event_name":"Cursed Tome","floor":29,"gold_loss":0},{"damage_healed":0,"gold_gain":0,"player_choice":"Got Potions","damage_taken":0,"max_hp_gain":0,"max_hp_loss":0,"event_name":"Lab","floor":36,"gold_loss":0},{"damage_healed":0,"gold_gain":999,"player_choice":"Gold","damage_taken":0,"max_hp_gain":0,"max_hp_loss":0,"event_name":"MindBloom","floor":37,"gold_loss":0,"cards_obtained":["Normality","Normality"]},{"damage_healed":0,"gold_gain":0,"player_choice":"Memory 1","damage_taken":0,"max_hp_gain":0,"max_hp_loss":0,"event_name":"SensoryStone","floor":38,"gold_loss":0}],"is_beta":false,"boss_relics":[{"not_picked":["Runic Dome","Pandora\u0027s Box"],"picked":"Busted Crown"},{"not_picked":["Black Star","Tiny House"],"picked":"Snecko Eye"}],"items_purged_floors":[19,39,45,47],"is_endless":false,"potions_floor_spawned":[3,7,10,14,16,21,23,25,27,46,48],"ascension_level":20}}