{"host":"nbofzmb1hl9rnais","time":1613807703,"event":{"mods":["BaseMod","Colored Map","Minty Spire (QoL Compilation)","StSLib"],"gold_per_floor":[114,129,304,54,69,69,69,99,99,99,129,54,54,69,69,69,69],"floor_reached":16,"language":"ENG","playtime":868,"items_purged":["Doubt"],"score":133,"play_id":"859c31a9-5f0f-49d3-8328-c574f6ca35ec","local_time":"20210219235503","daily_mods":["Shiny","Red Cards","DeadlyEvents"],"is_ascension_mode":false,"campfire_choices":[{"data":"Berserk","floor":6,"key":"SMITH"},{"data":"Offering","floor":10,"key":"SMITH"},{"data":"Fission","floor":13,"key":"SMITH"},{"data":"Echo Form","floor":15,"key":"SMITH"}],"circlet_count":0,"master_deck":["Double Tap","Demon Form","Bludgeon","Feed","Limit Break","Corruption","Barricade","Fiend Fire","Berserk+1","Impervious","Juggernaut","Brutality","Reaper","Exhume","Offering+1","Immolate","Multi-Cast","Hyperbeam","Thunder Strike","Biased Cognition","Machine Learning","Electrodynamics","Buffer","Rainbow","Seek","Meteor Strike","Echo Form+1","All For One","Reboot","Amplify","Creative AI","Fission+1","Core Surge"],"relics":["Cracked Core","Singing Bowl","Anchor","Oddly Smooth Stone","Mercury Hourglass","Gambling Chip"],"acts_visited":["Exordium"],"potions_floor_usage":[16],"damage_taken":[{"damage":4,"enemies":"Cultist","floor":1,"turns":4},{"damage":17,"enemies":"Jaw Worm","floor":2,"turns":3},{"damage":1,"enemies":"Small Slimes","floor":5,"turns":2},{"damage":3,"enemies":"3 Sentries","floor":8,"turns":2},{"damage":22,"enemies":"Gremlin Nob","floor":11,"turns":4},{"damage":10,"enemies":"Looter","floor":14,"turns":4},{"damage":43,"enemies":"Hexaghost","floor":16,"turns":4}],"seed_played":"3618718455484561711","potions_obtained":[{"floor":14,"key":"BlessingOfTheForge"}],"is_trial":false,"path_per_floor":["M","M","?","$","M","R","T","E","T","R","E","$","R","M","R","B"],"character_chosen":"DEFECT","items_purchased":["Singing Bowl"],"campfire_rested":0,"item_purchase_floors":[4],"current_hp_per_floor":[74,60,60,60,64,64,64,63,63,63,43,43,43,43,43,0,0],"gold":69,"neow_bonus":"","is_daily":true,"chose_seed":false,"campfire_upgraded":4,"win_rate":0.0,"timestamp":1613807703,"path_taken":["M","M","?","$","M","R","?","?","T","R","?","$","R","M","R","BOSS"],"items_purchased_type":["Relic"],"build_version":"2020-12-22","purchased_purges":1,"victory":false,"max_hp_per_floor":[78,81,81,81,86,86,86,88,88,88,90,90,90,92,92,92,92],"card_choices":[{"not_picked":["Gash","Cold Snap","Intimidate"],"picked":"SKIP","floor":1},{"not_picked":["Clothesline","Dual Wield","Entrench"],"picked":"SKIP","floor":2},{"not_picked":["Sword Boomerang","Coolheaded","Dark Embrace"],"picked":"Singing Bowl","floor":5},{"not_picked":["Sword Boomerang","True Grit","Intimidate"],"picked":"Singing Bowl","floor":8},{"not_picked":["Biased Cognition","Dual Wield","Conserve Battery"],"picked":"Singing Bowl","floor":11},{"not_picked":["Rebound","Coolheaded","Turbo"],"picked":"Singing Bowl","floor":14}],"player_experience":124032,"relics_obtained":[{"floor":7,"key":"Anchor"},{"floor":8,"key":"Oddly Smooth Stone"},{"floor":9,"key":"Mercury Hourglass"},{"floor":11,"key":"Gambling Chip"}],"event_choices":[{"damage_healed":0,"gold_gain":175,"player_choice":"AGREE","damage_taken":0,"max_hp_gain":0,"max_hp_loss":0,"event_name":"Liars Game","floor":3,"gold_loss":0,"cards_obtained":["Doubt"]}],"is_beta":false,"boss_relics":[],"items_purged_floors":[12],"is_endless":false,"potions_floor_spawned":[14],"killed_by":"Hexaghost","ascension_level":0}}