{"host":"u7lm8z2rvb4dg2oo","time":1613796897,"event":{"mods":["AchievementEnabler","BaseMod","Bestiary","Block Reminder","Colored Map","Colored Powertips","Curses Come First","DeckTracker","Googly Eyes","Highlight Path","Minty Spire (QoL Compilation)","Quick Restart","StSLib"],"gold_per_floor":[118,43,318,330,16,16,42,42,95,114,145,145,20,43,43,43,43],"floor_reached":16,"language":"ENG","playtime":591,"items_purged":["Decay","Regret"],"score":200,"play_id":"ddc73127-2262-49e0-a12b-095ae74b00ae","local_time":"20210219235457","is_ascension_mode":true,"campfire_choices":[{"data":"Terror","floor":6,"key":"SMITH"},{"data":"Distraction","floor":8,"key":"SMITH"},{"floor":15,"key":"REST"}],"circlet_count":0,"master_deck":["AscendersBane","Strike_G","Strike_G","Strike_G","Strike_G","Strike_G","Defend_G","Defend_G","Defend_G","Defend_G","Defend_G","Survivor","Neutralize","Blade Dance","Terror+1","Distraction+1","Dagger Spray","Injury"],"relics":["Ring of the Snake","Tough Bandages","Oddly Smooth Stone","Pen Nib","Akabeko","Frozen Egg 2","Golden Idol","Molten Egg 2"],"acts_visited":["Exordium"],"potions_floor_usage":[4,7,11,16,16],"damage_taken":[{"damage":3,"enemies":"Jaw Worm","floor":1,"turns":6},{"damage":1,"enemies":"Cultist","floor":4,"turns":4},{"damage":18,"enemies":"Gremlin Nob","floor":7,"turns":3},{"damage":0,"enemies":"2 Louse","floor":10,"turns":2},{"damage":23,"enemies":"Lagavulin","floor":11,"turns":6},{"damage":8,"enemies":"Lots of Slimes","floor":14,"turns":6},{"damage":25,"enemies":"Slime Boss","floor":16,"turns":7}],"seed_played":"-8154689639500302531","potions_obtained":[{"floor":1,"key":"GamblersBrew"},{"floor":10,"key":"Block Potion"},{"floor":11,"key":"SteroidPotion"},{"floor":14,"key":"Block Potion"}],"is_trial":false,"path_per_floor":["M","$","?","M","$","R","E","R","T","M","E","?","?","M","R","B"],"character_chosen":"THE_SILENT","items_purchased":["Oddly Smooth Stone","SteroidPotion"],"campfire_rested":1,"item_purchase_floors":[5,5],"current_hp_per_floor":[56,56,56,55,55,55,37,37,37,37,14,14,14,6,25,0,0],"gold":43,"neow_bonus":"ONE_RARE_RELIC","is_daily":false,"chose_seed":false,"campfire_upgraded":2,"win_rate":0.0,"timestamp":1613796897,"path_taken":["M","$","?","M","$","R","E","R","T","?","E","?","?","?","R","BOSS"],"items_purchased_type":["Relic","Potion"],"build_version":"2020-12-22","purchased_purges":2,"victory":false,"max_hp_per_floor":[66,66,66,66,66,66,66,66,66,66,66,66,66,66,66,66,66],"card_choices":[{"not_picked":["Flying Knee","All Out Attack"],"picked":"Blade Dance","floor":1},{"not_picked":["Footwork","Dagger Throw"],"picked":"Terror","floor":4},{"not_picked":["Eviscerate","PiercingWail"],"picked":"Distraction","floor":7},{"not_picked":["Outmaneuver","Sucker Punch","Slice"],"picked":"SKIP","floor":10},{"not_picked":["Bouncing Flask","Acrobatics"],"picked":"Dagger Spray","floor":11},{"not_picked":["Underhanded Strike+1","Deflect","Slice+1"],"picked":"SKIP","floor":14}],"player_experience":759828,"relics_obtained":[{"floor":7,"key":"Pen Nib"},{"floor":9,"key":"Akabeko"},{"floor":11,"key":"Frozen Egg 2"}],"event_choices":[{"damage_healed":0,"gold_gain":275,"player_choice":"Desecrate","damage_taken":0,"max_hp_gain":0,"max_hp_loss":0,"event_name":"Golden Shrine","floor":3,"gold_loss":0,"cards_obtained":["Regret"]},{"damage_healed":0,"gold_gain":0,"player_choice":"Take Wound","damage_taken":0,"relics_obtained":["Golden Idol"],"max_hp_gain":0,"max_hp_loss":0,"event_name":"Golden Idol","floor":12,"gold_loss":0,"cards_obtained":["Injury"]},{"damage_healed":0,"gold_gain":0,"player_choice":"Paid Gold","damage_taken":0,"relics_obtained":["Molten Egg 2"],"max_hp_gain":0,"max_hp_loss":0,"event_name":"WeMeetAgain","floor":13,"gold_loss":125}],"is_beta":false,"boss_relics":[],"items_purged_floors":[2,5],"is_endless":false,"potions_floor_spawned":[1,10,11,14],"killed_by":"Slime Boss","ascension_level":17}}