{"host":"Hutts","time":1613849122,"event":{"mods":["BaseMod","Downfall","Googly Eyes","Minty Spire (QoL Compilation)","StSLib","The Cursed","The IronCluck"],"gold_per_floor":[118,68,68,84,9,9,42,42,42,74,92,92,122,135,135,238,238,251,251,54,68,82,82,107,137,161,178,195,195,1,32,32,132,132,151,165,179,196,196,232,232,258,258,292,315,315,315,353,353,353,353],"floor_reached":50,"language":"ENG","playtime":2500,"items_purged":["Defend_G"],"score":672,"play_id":"8b56a594-867f-4bd9-a871-188510d692d3","local_time":"20210220132522","is_ascension_mode":true,"campfire_choices":[{"data":"Neutralize","floor":6,"key":"SMITH"},{"data":"Cloak And Dagger","floor":8,"key":"SMITH"},{"data":"Infinite Blades","floor":12,"key":"SMITH"},{"data":"Survivor","floor":15,"key":"SMITH"},{"data":"Storm of Steel","floor":23,"key":"SMITH"},{"floor":29,"key":"REST"},{"data":"Mayhem","floor":32,"key":"SMITH"},{"floor":41,"key":"REST"},{"floor":46,"key":"REST"},{"floor":49,"key":"REST"}],"circlet_count":0,"master_deck":["Strike_G","Strike_G","Strike_G","Strike_G+1","Defend_G","Defend_G","Defend_G","Survivor+1","Neutralize+1","Cloak And Dagger+1","Infinite Blades+1","Backstab","Dagger Spray+1","Storm of Steel+1","Dagger Spray+1","Blade Dance","Deadly Poison+1","Slice+1","Crippling Poison+1","Mayhem+1","Footwork+1","Terror+1","Catalyst","Slice+1","Calculated Gamble+1","Flying Knee+1"],"relics":["Ring of the Snake","NeowsBlessing","Potion Belt","Anchor","Bottled Lightning","Snake Skull","Sozu","Whetstone","Vajra","Incense Burner","MealTicket","Ginger","expansioncontent:StudyCardRelic","CeramicFish","Bottled Tornado","Bronze Scales","Bag of Marbles"],"acts_visited":["Exordium","TheCity","TheBeyond"],"potions_floor_usage":[13,16,50],"damage_taken":[{"damage":0,"enemies":"2 Louse","floor":1,"turns":1},{"damage":0,"enemies":"Small Slimes","floor":4,"turns":1},{"damage":0,"enemies":"Gremlin Nob","floor":7,"turns":1},{"damage":8,"enemies":"Lagavulin","floor":10,"turns":9},{"damage":0,"enemies":"Jaw Worm","floor":11,"turns":2},{"damage":1,"enemies":"3 Sentries","floor":13,"turns":6},{"damage":1,"enemies":"Exordium Wildlife","floor":14,"turns":5},{"damage":27,"enemies":"The Guardian","floor":16,"turns":15},{"damage":7,"enemies":"2 Thieves","floor":18,"turns":4},{"damage":9,"enemies":"Shell Parasite","floor":21,"turns":4},{"damage":2,"enemies":"Centurion and Healer","floor":22,"turns":5},{"damage":12,"enemies":"Book of Stabbing","floor":25,"turns":5},{"damage":16,"enemies":"Snecko","floor":27,"turns":4},{"damage":0,"enemies":"Cultist and Chosen","floor":28,"turns":4},{"damage":0,"enemies":"Gremlin Leader","floor":31,"turns":6},{"damage":21,"enemies":"Champ","floor":33,"turns":9},{"damage":10,"enemies":"3 Darklings","floor":35,"turns":4},{"damage":0,"enemies":"Orb Walker","floor":36,"turns":3},{"damage":8,"enemies":"Jaw Worm Horde","floor":37,"turns":3},{"damage":0,"enemies":"4 Shapes","floor":38,"turns":4},{"damage":29,"enemies":"Nemesis","floor":40,"turns":5},{"damage":22,"enemies":"Transient","floor":42,"turns":5},{"damage":19,"enemies":"Reptomancer","floor":44,"turns":6},{"damage":2,"enemies":"Sphere and 2 Shapes","floor":45,"turns":3},{"damage":22,"enemies":"Nemesis","floor":48,"turns":7},{"damage":62,"enemies":"Donu and Deca","floor":50,"turns":6}],"seed_played":"508397557626133532","potions_obtained":[{"floor":1,"key":"Energy Potion"},{"floor":4,"key":"DuplicationPotion"},{"floor":7,"key":"Explosive Potion"},{"floor":13,"key":"FearPotion"}],"is_trial":false,"path_per_floor":["M","?","?","M","$","R","E","R","T","E","M","R","E","M","R","B",null,"M","?","$","M","M","R","T","E","T","M","M","R","$","E","R","B",null,"M","M","M","M","?","E","R","M","T","E","M","R","?","E","R","B"],"character_chosen":"THE_SILENT","items_purchased":["Blade Dance","Whetstone","Mayhem"],"campfire_rested":4,"item_purchase_floors":[20,20,30],"current_hp_per_floor":[70,70,63,63,63,63,63,63,63,55,55,55,54,53,53,26,70,63,63,63,54,52,52,52,40,40,24,24,45,60,60,60,39,70,60,60,52,52,52,23,44,22,22,3,1,22,61,39,57,0,0],"gold":353,"neow_bonus":"THREE_ENEMY_KILL","is_daily":false,"chose_seed":false,"campfire_upgraded":6,"win_rate":0.0,"timestamp":1613849122,"path_taken":["M","?","?","M","$","R","E","R","T","E","M","R","E","M","R","BOSS","M","?","$","M","M","R","?","E","T","M","M","R","$","E","R","BOSS","M","M","?","M","?","E","R","M","T","E","?","R","?","E","R","BOSS"],"items_purchased_type":["Card","Relic","Card"],"build_version":"2020-12-18","purchased_purges":1,"victory":false,"max_hp_per_floor":[70,70,70,70,70,70,70,70,70,70,70,70,70,70,70,70,70,70,70,70,70,70,70,70,70,70,70,70,70,70,70,70,70,70,70,70,70,70,70,70,70,70,70,70,70,70,61,61,61,61,61],"card_choices":[{"not_picked":["Riddle With Holes","Bane","Dodge and Roll"],"picked":"SKIP","floor":1},{"not_picked":["Underhanded Strike","Caltrops"],"picked":"Cloak And Dagger","floor":4},{"not_picked":["Flechettes","Crippling Poison"],"picked":"Infinite Blades","floor":7},{"not_picked":["Crippling Poison","PiercingWail"],"picked":"Backstab","floor":10},{"not_picked":["Acrobatics","Bane","Tactician"],"picked":"SKIP","floor":11},{"not_picked":["Masterful Stab","Poisoned Stab","Reflex"],"picked":"SKIP","floor":13},{"not_picked":["Underhanded Strike","Outmaneuver"],"picked":"Dagger Spray","floor":14},{"not_picked":["Malaise","Die Die Die"],"picked":"Storm of Steel","floor":16},{"not_picked":["All Out Attack","Backstab"],"picked":"Dagger Spray+1","floor":18},{"not_picked":["Bane+1","Underhanded Strike"],"picked":"Deadly Poison+1","floor":21},{"not_picked":["Backflip","Deadly Poison"],"picked":"Slice+1","floor":22},{"not_picked":["Dagger Spray","Underhanded Strike","Poisoned Stab"],"picked":"SKIP","floor":25},{"not_picked":["Predator","Acrobatics"],"picked":"Crippling Poison+1","floor":27},{"not_picked":["Dodge and Roll","Outmaneuver+1","Flying Knee"],"picked":"SKIP","floor":28},{"not_picked":["Eviscerate","Prepared+1"],"picked":"Footwork","floor":31},{"not_picked":["Distraction","Poisoned Stab","Bouncing Flask"],"picked":"SKIP","floor":35},{"not_picked":["Backflip+1","Acrobatics"],"picked":"Terror+1","floor":36},{"not_picked":["Flying Knee+1","Setup+1","Dagger Throw+1"],"picked":"SKIP","floor":37},{"not_picked":["Bane+1","Sucker Punch","Acrobatics"],"picked":"SKIP","floor":38},{"not_picked":["Flying Knee+1","Underhanded Strike+1"],"picked":"Catalyst","floor":40},{"not_picked":["Grand Finale","Concentrate+1"],"picked":"Slice+1","floor":42},{"not_picked":["Acrobatics","Sucker Punch","Backflip"],"picked":"SKIP","floor":44},{"not_picked":["Expertise","PiercingWail"],"picked":"Calculated Gamble+1","floor":45},{"not_picked":["Caltrops","Backflip"],"picked":"Flying Knee+1","floor":48}],"player_experience":1063510,"relics_obtained":[{"floor":7,"key":"Potion Belt"},{"floor":9,"key":"Anchor"},{"floor":10,"key":"Bottled Lightning"},{"floor":13,"key":"Snake Skull"},{"floor":24,"key":"Vajra"},{"floor":25,"key":"Incense Burner"},{"floor":26,"key":"MealTicket"},{"floor":31,"key":"Ginger"},{"floor":40,"key":"CeramicFish"},{"floor":43,"key":"Bottled Tornado"},{"floor":44,"key":"Bronze Scales"},{"floor":48,"key":"Bag of Marbles"}],"event_choices":[{"cards_removed":["Defend_G"],"damage_healed":0,"gold_gain":0,"player_choice":"Card Removal","damage_taken":0,"max_hp_gain":0,"max_hp_loss":0,"event_name":"The Cleric","floor":2,"gold_loss":50},{"cards_removed":["Strike_G"],"damage_healed":0,"gold_gain":0,"player_choice":"Card Removal","damage_taken":7,"max_hp_gain":0,"max_hp_loss":0,"event_name":"Golden Wing","floor":3,"gold_loss":0},{"damage_healed":0,"gold_gain":0,"player_choice":"Ignored","damage_taken":0,"max_hp_gain":0,"max_hp_loss":0,"event_name":"Beggar","floor":19,"gold_loss":0},{"damage_healed":0,"gold_gain":0,"player_choice":"Upgraded","damage_taken":0,"max_hp_gain":0,"max_hp_loss":0,"event_name":"Upgrade Shrine","floor":39,"gold_loss":0,"cards_upgraded":["Footwork"]},{"damage_healed":61,"gold_gain":0,"player_choice":"Heal","damage_taken":0,"max_hp_gain":0,"max_hp_loss":9,"event_name":"The Moai Head","floor":47,"gold_loss":0}],"is_beta":true,"boss_relics":[{"not_picked":["Coffee Dripper","SacredBark"],"picked":"Sozu"},{"not_picked":["Runic Dome","HoveringKite"],"picked":"expansioncontent:StudyCardRelic"}],"items_purged_floors":[5],"is_endless":false,"potions_floor_spawned":[1,4,7,13,21,28,36,37,38,45],"killed_by":"Donu and Deca","ascension_level":1}}