{"host":"yp2ga117svxnbcen","time":1613862634,"event":{"mods":["Act Like it!","Aspiration","BaseMod","BetterRewards","ChefMod","Colored Map","Conspire","Custom Start","Downfall","Elementarium","Gensokyo","GifTheSpireLib","Gold Saver","GungeonMod","Halation","Hallownest","Hermit","HornydragonMod","Hubris","Menagerie","Minty Spire (QoL Compilation)","Quick Restart","Remove Card Discount Mod","Replay The Spire","Shop Mod","Spicy Shops","StSLib","Stuff the Spire","The Blue Laboratory","The IronCluck","egg","slay the spire mod where everything is the same but ironclad has a cowboy hat","??????REMEMod"],"gold_per_floor":[747,445,445,445,462,462,496,496,573,593,205,228,258,268,268,366,366,383,111,111,36,306,306,317,317,317],"floor_reached":25,"language":"ENG","playtime":720,"items_purged":["Strike_B","Strike_B","Strike_B","Strike_B","Injury"],"score":447,"play_id":"128fa1cd-5853-4748-8d04-1abdd5786e91","local_time":"20210220151034","is_ascension_mode":true,"campfire_choices":[{"data":"StuffTheSpire:Synthwave","floor":6.0,"key":"SMITH"},{"data":"ReplayTheSpireMod:Calculation Training","floor":8.0,"key":"SMITH"},{"data":"FIFO Queue","floor":15,"key":"SMITH"},{"floor":23,"key":"REST"}],"circlet_count":0,"master_deck":["Defend_B","Defend_B","Defend_B","Zap","Dualcast","REME_SelfUpgrade+1","REME_SelfUpgrade+1","FIFO Queue+1","FIFO Queue","Malaise","StuffTheSpire:Synthwave+1","Leap","Biased Cognition+1","ReplayTheSpireMod:Calculation Training+1","Loop+1","Auto Shields","Core Surge","Defragment+1","Echo Form+1","hubris:DoWhile","Consume","Consume","Consume","Consume","Hologram+1","Hologram+1","Hologram+1","Hologram+1","Creative AI+1","Amplify","Amplify","Creative AI+1","Amplify","Creative AI+1","Amplify","Creative AI+1","Amplify","Creative AI+1","Amplify","Creative AI+1","Amplify","Creative AI+1","Amplify","Creative AI+1"],"relics":["Cracked Core","REME_ComplimentaryCards","halation:NonexistentMirror","Matryoshka","Frozen Egg 2","Blue Candle","ReplayTheSpireMod:Shallot","Replay:Baseball","Ancient Tea Set","Orrery","Art of War","Akabeko","DemoMod:SerJunkan","DemoMod:Junk","hubris:Backtick","conspire:Dentures"],"acts_visited":["Exordium","TheCity"],"potions_floor_usage":[],"damage_taken":[{"damage":10.0,"enemies":"Cultist","floor":1.0,"turns":4.0},{"damage":7.0,"enemies":"2 Louse","floor":5.0,"turns":3.0},{"damage":8.0,"enemies":"Lagavulin","floor":7.0,"turns":5.0},{"damage":0.0,"enemies":"Jaw Worm","floor":10.0,"turns":3.0},{"damage":6,"enemies":"Gremlin Nob","floor":13,"turns":5},{"damage":9,"enemies":"2 Fungi Beasts","floor":14,"turns":3},{"damage":27,"enemies":"The Guardian","floor":16,"turns":5},{"damage":22,"enemies":"3 Byrds","floor":18,"turns":4},{"damage":20,"enemies":"2 Thieves","floor":21,"turns":5},{"damage":17,"enemies":"Centurion and Healer","floor":24,"turns":4},{"damage":16,"enemies":"Snecko","floor":25,"turns":3}],"seed_played":"-6964289260674543835","potions_obtained":[],"is_trial":false,"path_per_floor":["M","$","?","?","M","R","E","R","T","M","$","T","E","M","R","B",null,"M","$","?","M","?","R","M","M"],"character_chosen":"DEFECT","items_purchased":["halation:NonexistentMirror","REME_SelfUpgrade+1","FIFO Queue","Matryoshka","Leap","Ancient Tea Set","Orrery","Art of War","Creative AI+1","Amplify"],"campfire_rested":1,"item_purchase_floors":[0,0,0,2,2,11,11,11,19,19],"current_hp_per_floor":[65,65,65,65,58,58,50,50,50,50,50,50,44,35,35,8,75,53,53,53,33,6,28,11,0,0],"gold":317,"neow_bonus":"","is_daily":false,"chose_seed":false,"campfire_upgraded":3,"win_rate":0.0,"timestamp":1613862634,"path_taken":["M","$","?","?","M","R","E","R","T","M","$","?","E","M","R","BOSS","M","$","?","?","?","R","M","M"],"items_purchased_type":["Relic","Card","Card","Relic","Card","Relic","Relic","Relic","Card","Card"],"build_version":"2020-12-22","purchased_purges":5,"victory":false,"max_hp_per_floor":[75,75,75,75,75,75,75,75,75,75,75,75,75,75,75,75,75,75,75,75,75,75,75,75,75,75],"card_choices":[{"not_picked":["Aggregate","Capacitor","Fusion","ReplayTheSpireMod:Reroute Power","Gash","Self Repair"],"picked":"StuffTheSpire:Synthwave","floor":1.0},{"not_picked":["Panic Button","Beam Cell","BasicCrystalCard","Steam"],"picked":"ReplayTheSpireMod:Calculation Training","floor":5.0},{"not_picked":["ReplayGash","StuffTheSpire:Rend","Hello World+1","Redo","Leap","Conserve Battery"],"picked":"Loop+1","floor":7.0},{"not_picked":["Hologram","Redo","Compile Driver","Time Bomb"],"picked":"Auto Shields","floor":10.0},{"not_picked":["Beam Cell","Stack"],"picked":"Core Surge","floor":11.0},{"not_picked":["ReplaySolidLightProjector","Compile Driver"],"picked":"Defragment+1","floor":11.0},{"not_picked":["ReplayTheSpireMod:Repulse","Rebound"],"picked":"Echo Form+1","floor":11.0},{"not_picked":["BootSequence","Panic Button"],"picked":"hubris:DoWhile","floor":11.0},{"not_picked":["Hologram","Turbo","Gash","Force Field"],"picked":"Consume","floor":13},{"not_picked":["Streamline","Steam","Panic Button"],"picked":"SKIP","floor":14},{"not_picked":["Ball Lightning","Leap","Rebound","Redo"],"picked":"Hologram+1","floor":18},{"not_picked":["REME_DataAnalysis+1","Rebound","Heatsinks+1","Hologram","Beam Cell","ReplayGash","Steam"],"picked":"SKIP","floor":21},{"not_picked":["Crystallizer+1","Compile Driver","REME_ForAll"],"picked":"SKIP","floor":24}],"player_experience":1182026,"relics_obtained":[{"floor":7.0,"key":"Blue Candle"},{"floor":9.0,"key":"ReplayTheSpireMod:Shallot"},{"floor":9.0,"key":"Replay:Baseball"},{"floor":12.0,"key":"Akabeko"},{"floor":12.0,"key":"DemoMod:SerJunkan"},{"floor":13,"key":"DemoMod:Junk"}],"event_choices":[{"damage_healed":0,"gold_gain":0,"player_choice":"Bought 0 Potions","damage_taken":0,"max_hp_gain":0,"max_hp_loss":0,"event_name":"The Woman in Blue","floor":20,"gold_loss":0},{"damage_healed":0,"gold_gain":270,"player_choice":"GOLD GOLD GOLD ","damage_taken":27,"max_hp_gain":0,"max_hp_loss":0,"event_name":"Knowing Skull","floor":22,"potions_obtained":[],"gold_loss":0,"cards_obtained":[]}],"is_beta":false,"boss_relics":[{"not_picked":["Ring of Chaos","Abe\u0027s Treasure"],"picked":"hubris:Backtick"}],"items_purged_floors":[2,2,11,11,11],"is_endless":false,"potions_floor_spawned":[5,10,24],"killed_by":"Snecko","ascension_level":1}}