{"host":"7xwe9tmiyvwn0fou","time":1613863674,"event":{"mods":["2.2 Compatiblity","AchievementEnabler","Act Like it!","Aspiration","BaseMod","Better Altar","Better Match","Better Note","Better Sensory Stone","Better Skull","Better Third Choice","BetterRewards","CapriCore","Colored Map","Colored Powertips","Conspire","Downfall","Elementarium","Energized Spire","Friendly Minions","Gensokyo","GifTheSpireLib","Googly Eyes","Halation","Hallownest","Hero for Fun","Highlight Path","Hubris","Infinite Spire","LagranYue(???·?)","Lobotomy","Minty Spire (QoL Compilation)","MostiFishMod","Rare Cards Sparkle","Reliquary","Ruina","Shop Mod","Spikes Relics","Spire Arcade","StSLib","Stuff the Spire","Td1madao Mod","The Bug Knight","The Jungle","Waifu the Spire","everything is the same but u backflip on backflip","slay the spire mod where everything is the same but ironclad has a cowboy hat"],"gold_per_floor":[116,116,116,96,111,123,156,167,167,167,183,208,232,265,265,265,265],"floor_reached":16,"language":"ENG","playtime":1525,"items_purged":[],"score":195,"play_id":"9018f629-2c9d-4652-9d34-d4abdd3814fe","local_time":"20210220182754","is_ascension_mode":false,"campfire_choices":[{"data":"MostiFishMod:NightSea","floor":10,"key":"SMITH"},{"data":"MostiFishMod:FantasySummer","floor":15,"key":"SMITH"}],"circlet_count":0,"master_deck":["Strike_R","Strike_R","Strike_R","Strike_R","Strike_R","Defend_R","Defend_R","Defend_R","Defend_R","Bash+1","MostiFishMod:Neptune+1","MostiFishMod:TheEndOfMoonlight","MostiFishMod:SparklingWater","MostiFishMod:FantasySummer+1","MostiFishMod:NightSea+1","Burn","Shrug It Off","Armaments","MostiFishMod:Chiaki","Impervious"],"relics":["Burning Blood","DaveBox","LagranYue:RandomDrawCardRelic","NeowsBlessing","MoonlightInvasionPlan","SynthV:TestCard","hubris:Icosahedron","Boot","hubris:CrystalStatue","Happy Flower","Whetstone","SynthV:C4"],"acts_visited":["Exordium"],"potions_floor_usage":[12,16],"damage_taken":[{"damage":0,"enemies":"Small Slimes","floor":1,"turns":1},{"damage":0,"enemies":"2 Louse","floor":5,"turns":1},{"damage":0,"enemies":"Cultist","floor":6,"turns":1},{"damage":0,"enemies":"Gremlin Nob","floor":7,"turns":1},{"damage":5,"enemies":"Gremlin Gang","floor":8,"turns":5},{"damage":0,"enemies":"Blue Slaver","floor":11,"turns":1},{"damage":6,"enemies":"3 Sentries","floor":12,"turns":8},{"damage":0,"enemies":"Lagavulin","floor":14,"turns":3},{"damage":82,"enemies":"Hexaghost","floor":16,"turns":18}],"seed_played":"-8099851624205857283","potions_obtained":[{"floor":1,"key":"Energy Potion"},{"floor":4,"key":"LiquidMemories"},{"floor":7,"key":"Weak Potion"},{"floor":8,"key":"infinitespire:BlackPotion"}],"is_trial":false,"path_per_floor":["M","?","?","?","M","M","E","M","T","R","M","E","T","E","R","B"],"character_chosen":"IRONCLAD","items_purchased":[],"campfire_rested":0,"item_purchase_floors":[],"current_hp_per_floor":[80,80,80,80,80,80,80,80,80,80,80,80,80,80,80,0,0],"gold":265,"neow_bonus":"THREE_ENEMY_KILL","is_daily":false,"chose_seed":false,"campfire_upgraded":2,"win_rate":0.0,"timestamp":1613863674,"path_taken":["M","?","?","?","M","?","E","M","T","R","?","E","?","E","R","BOSS"],"items_purchased_type":[],"build_version":"2020-12-22","purchased_purges":0,"victory":false,"max_hp_per_floor":[80,80,80,80,80,80,80,80,80,80,80,80,80,80,80,80,80],"card_choices":[{"not_picked":["Warcry","Cleave","Sever Soul"],"picked":"SKIP","floor":1},{"not_picked":["Uppercut","Iron Wave","Sword Boomerang","Clothesline"],"picked":"Shrug It Off","floor":5},{"not_picked":["Perfected Strike","Spot Weakness","Sword Boomerang","Havoc","Flex"],"picked":"SKIP","floor":6},{"not_picked":["Feel No Pain","StuffTheSpire:RagingBull","StuffTheSpire:TitanForm","MostiFishMod:#F4004","Searing Blow"],"picked":"SKIP","floor":7},{"not_picked":["Flame Barrier","Warcry","Cleave","Evolve","Iron Wave"],"picked":"SKIP","floor":8},{"not_picked":["StuffTheSpire:RockThrow","Anger","Flex","Sentinel"],"picked":"Armaments","floor":11},{"not_picked":["Heavy Blade","Fiend Fire","Perfected Strike","Flex"],"picked":"MostiFishMod:Chiaki","floor":12},{"not_picked":["Clothesline","Disarm","Wild Strike","Thunderclap"],"picked":"Impervious","floor":14}],"player_experience":11709,"relics_obtained":[{"floor":1,"key":"SynthV:TestCard"},{"floor":7,"key":"Boot"},{"floor":9,"key":"hubris:CrystalStatue"},{"floor":12,"key":"Happy Flower"},{"floor":13,"key":"Whetstone"},{"floor":14,"key":"SynthV:C4"}],"event_choices":[{"damage_healed":80,"gold_gain":0,"player_choice":"Embrace Burn","damage_taken":0,"max_hp_gain":0,"max_hp_loss":80,"event_name":"betterThird:BetterShining","floor":3,"gold_loss":0},{"damage_healed":0,"gold_gain":0,"player_choice":"Bought 1 Potion","damage_taken":0,"max_hp_gain":0,"max_hp_loss":0,"event_name":"The Woman in Blue","floor":4,"gold_loss":0}],"is_beta":false,"boss_relics":[],"items_purged_floors":[],"is_endless":false,"potions_floor_spawned":[1,7,8,11],"killed_by":"Hexaghost","ascension_level":0}}