{"host":"jngeqill3bw7azzz","time":1613850433,"event":{"mods":["BaseMod","Highlight Path","Minty Spire (QoL Compilation)","Permanent Neow","Relic Stats"],"gold_per_floor":[13,29,29,29,46,72,72,72,72,91,104,129,143,175,175,253,253,263,281,299,299,121,121,148,73,73,99,110,122,148,161,161,239,239,257,157,157,203,217,244,244,263,289,47,73,73,91,110,110,110,110,110,110,57,84,84],"floor_reached":57,"language":"ENG","playtime":5003,"items_purged":["Strike_R","Strike_R"],"score":3338,"play_id":"320826bf-288e-4ed2-8933-80d682bcb0d4","local_time":"20210220144713","is_ascension_mode":true,"campfire_choices":[{"data":"Carnage","floor":7.0,"key":"SMITH"},{"data":"Bash","floor":15.0,"key":"SMITH"},{"data":"Body Slam","floor":23,"key":"SMITH"},{"data":"Entrench","floor":32,"key":"SMITH"},{"data":"Offering","floor":41,"key":"SMITH"},{"data":"Entrench","floor":46,"key":"SMITH"},{"floor":49,"key":"RECALL"},{"data":"True Grit","floor":53,"key":"SMITH"}],"circlet_count":0,"master_deck":["AscendersBane","Strike_R","Defend_R","Defend_R","Defend_R","Bash+1","Feel No Pain","True Grit+1","Pommel Strike","Twin Strike","Carnage+1","Body Slam+1","Impervious","Offering+1","Infernal Blade+1","Impervious","Battle Trance","True Grit+1","Entrench+1","Reaper","Burning Pact","Dark Embrace+1","Decay","Entrench+1","Offering+1","Entrench+1"],"relics":["Burning Blood","Mango","CaptainsWheel","Gambling Chip","Mercury Hourglass","Calipers","Cursed Key","Unceasing Top","Bottled Tornado","Bag of Marbles","SlaversCollar","Champion Belt","TungstenRod","DollysMirror","Incense Burner","Oddly Smooth Stone"],"acts_visited":["Exordium","TheCity","TheBeyond","TheEnding"],"potions_floor_usage":[19,33,38,40,56,56],"damage_taken":[{"damage":15.0,"enemies":"Small Slimes","floor":1.0,"turns":5.0},{"damage":7.0,"enemies":"Jaw Worm","floor":2.0,"turns":4.0},{"damage":0.0,"enemies":"Cultist","floor":5.0,"turns":2.0},{"damage":20.0,"enemies":"Gremlin Nob","floor":6.0,"turns":4.0},{"damage":5.0,"enemies":"Blue Slaver","floor":10.0,"turns":3.0},{"damage":2.0,"enemies":"Large Slime","floor":11.0,"turns":6.0},{"damage":10.0,"enemies":"Lagavulin","floor":12.0,"turns":6.0},{"damage":0.0,"enemies":"Looter","floor":13.0,"turns":2.0},{"damage":7.0,"enemies":"3 Sentries","floor":14.0,"turns":8.0},{"damage":22.0,"enemies":"Hexaghost","floor":16.0,"turns":8.0},{"damage":6.0,"enemies":"Chosen","floor":18.0,"turns":2.0},{"damage":8,"enemies":"3 Byrds","floor":19,"turns":3},{"damage":6,"enemies":"3 Cultists","floor":20,"turns":3},{"damage":16,"enemies":"Book of Stabbing","floor":24,"turns":4},{"damage":6,"enemies":"Slavers","floor":27,"turns":4},{"damage":6,"enemies":"Centurion and Healer","floor":28,"turns":3},{"damage":6,"enemies":"Snecko","floor":29,"turns":5},{"damage":12,"enemies":"Book of Stabbing","floor":30,"turns":4},{"damage":6,"enemies":"Snake Plant","floor":31,"turns":2},{"damage":6,"enemies":"Automaton","floor":33,"turns":4},{"damage":6,"enemies":"3 Darklings","floor":35,"turns":8},{"damage":6,"enemies":"2 Orb Walkers","floor":38,"turns":4},{"damage":6,"enemies":"3 Shapes","floor":39,"turns":2},{"damage":6,"enemies":"Reptomancer","floor":40,"turns":8},{"damage":5,"enemies":"Spire Growth","floor":42,"turns":1},{"damage":10,"enemies":"Giant Head","floor":45,"turns":2},{"damage":5,"enemies":"Maw","floor":47,"turns":3},{"damage":5,"enemies":"Transient","floor":48,"turns":6},{"damage":10,"enemies":"Awakened One","floor":50,"turns":8},{"damage":10,"enemies":"Donu and Deca","floor":51,"turns":11},{"damage":5,"enemies":"Shield and Spear","floor":55,"turns":12},{"damage":11,"enemies":"The Heart","floor":56,"turns":8}],"seed_played":"6158727501379746761","potions_obtained":[{"floor":5.0,"key":"HeartOfIron"},{"floor":6.0,"key":"PowerPotion"},{"floor":10.0,"key":"Fire Potion"},{"floor":13.0,"key":"Ancient Potion"},{"floor":14.0,"key":"Explosive Potion"},{"floor":19,"key":"AttackPotion"},{"floor":20,"key":"BlessingOfTheForge"},{"floor":38,"key":"Strength Potion"},{"floor":40,"key":"Ancient Potion"},{"floor":45,"key":"Regen Potion"}],"is_trial":false,"path_per_floor":["M","M","?","?","M","E","R","T","T","M","M","E","M","E","R","B",null,"M","M","M","?","$","R","E","$","T","E","M","M","E","M","R","B",null,"M","$","?","?","M","E","R","M","T","$","E","R","M","M","R","B","B",null,"R","$","E","B",null],"character_chosen":"IRONCLAD","items_purchased":["Impervious","Entrench","DollysMirror","SpeedPotion"],"campfire_rested":0,"item_purchase_floors":[22,44,44,54],"current_hp_per_floor":[59,58,58,58,64,64,64,64,64,65,69,65,71,70,70,54,80,80,78,78,78,78,78,68,68,68,68,68,68,62,62,62,62,82,89,89,89,89,89,89,89,89,89,89,89,89,89,89,89,89,89,89,89,89,89,89],"gold":84,"neow_bonus":"TRANSFORM_TWO_CARDS","is_daily":false,"chose_seed":false,"campfire_upgraded":7,"win_rate":0.0,"timestamp":1613850433,"path_taken":["M","M","?","?","M","E","R","?","T","M","M","E","M","E","R","BOSS","M","M","M","?","$","R","E","$","T","E","M","M","E","M","R","BOSS","M","$","?","?","M","E","R","M","T","$","E","R","M","M","R","BOSS","BOSS","R","$","E","BOSS"],"items_purchased_type":["Card","Card","Relic","Potion"],"build_version":"2020-12-22","purchased_purges":2,"victory":true,"max_hp_per_floor":[75,75,75,75,75,89,89,89,89,89,89,89,89,89,89,89,89,89,89,89,89,89,89,89,89,89,89,89,89,89,89,89,89,89,89,89,89,89,89,89,89,89,89,89,89,89,89,89,89,89,89,89,89,89,89,89],"relic_stats":{"counters":[32,155],"Gambling Chip":[69],"Champion Belt":[25],"Cursed Key":1,"obtain_stats":[{"Calipers":14,"Oddly Smooth Stone":55,"Mango":6,"Incense Burner":45,"Bottled Tornado":27,"Cursed Key":17,"Burning Blood":0,"Mercury Hourglass":12,"SlaversCollar":34,"CaptainsWheel":8,"DollysMirror":44,"Gambling Chip":9,"Bag of Marbles":30,"Champion Belt":38,"Unceasing Top":24,"TungstenRod":40},{"Calipers":9,"Oddly Smooth Stone":31,"Mango":4,"Incense Burner":26,"Bottled Tornado":15,"Cursed Key":10,"Burning Blood":0,"Mercury Hourglass":7,"SlaversCollar":20,"CaptainsWheel":4,"DollysMirror":25,"Gambling Chip":4,"Bag of Marbles":18,"Champion Belt":22,"Unceasing Top":14,"TungstenRod":24},{"Calipers":40,"Oddly Smooth Stone":147,"Mango":15,"Incense Burner":107,"Bottled Tornado":64,"Cursed Key":48,"Burning Blood":0,"Mercury Hourglass":30,"SlaversCollar":82,"CaptainsWheel":15,"DollysMirror":105,"Gambling Chip":15,"Bag of Marbles":76,"Champion Belt":94,"Unceasing Top":60,"TungstenRod":104}],"Burning Blood":176,"Unceasing Top":[6],"TungstenRod":13,"Mercury Hourglass":[523]},"card_choices":[{"not_picked":["Wild Strike","Havoc"],"picked":"Pommel Strike","floor":1.0},{"not_picked":["Body Slam","Searing Blow"],"picked":"Twin Strike","floor":2.0},{"not_picked":["Blood for Blood","Headbutt","Fire Breathing"],"picked":"SKIP","floor":5.0},{"not_picked":["Thunderclap","Hemokinesis","Fire Breathing"],"picked":"SKIP","floor":6.0},{"not_picked":["Havoc","Intimidate"],"picked":"Body Slam","floor":10.0},{"not_picked":["Body Slam","Cleave","Clothesline"],"picked":"SKIP","floor":11.0},{"not_picked":["Wild Strike","Blood for Blood","Seeing Red"],"picked":"SKIP","floor":12.0},{"not_picked":["Sword Boomerang","Flex"],"picked":"Impervious","floor":13.0},{"not_picked":["Dropkick","Reaper"],"picked":"Offering","floor":14.0},{"not_picked":["Anger","Cleave+1","Fire Breathing"],"picked":"SKIP","floor":18.0},{"not_picked":["Warcry","Pommel Strike"],"picked":"Infernal Blade+1","floor":19},{"not_picked":["Warcry+1","Clothesline","Clash"],"picked":"SKIP","floor":20},{"not_picked":["Pommel Strike","Wild Strike"],"picked":"Battle Trance","floor":24},{"not_picked":["Dropkick","Uppercut"],"picked":"True Grit+1","floor":27},{"not_picked":["Pommel Strike","Havoc"],"picked":"Power Through","floor":28},{"not_picked":["Fire Breathing","Double Tap"],"picked":"Entrench","floor":29},{"not_picked":["Heavy Blade","Havoc","Dark Embrace"],"picked":"SKIP","floor":30},{"not_picked":["Anger+1","Cleave","Flex+1"],"picked":"SKIP","floor":31},{"not_picked":["Barricade","Double Tap"],"picked":"Reaper","floor":33},{"not_picked":["Hemokinesis","Whirlwind","Blood for Blood"],"picked":"SKIP","floor":35},{"not_picked":["Flame Barrier","Shockwave+1"],"picked":"Burning Pact","floor":38},{"not_picked":["Thunderclap","Disarm","Second Wind"],"picked":"SKIP","floor":39},{"not_picked":["Shockwave","Spot Weakness"],"picked":"Dark Embrace+1","floor":40},{"not_picked":["Sword Boomerang","Heavy Blade","Hemokinesis"],"picked":"SKIP","floor":42},{"not_picked":["Clothesline","Bloodletting","Reckless Charge"],"picked":"SKIP","floor":45},{"not_picked":["Thunderclap","True Grit","Pommel Strike+1"],"picked":"SKIP","floor":47},{"not_picked":["Wild Strike","Infernal Blade"],"picked":"Entrench+1","floor":48},{"not_picked":["Heavy Blade+1","True Grit","Bloodletting"],"picked":"SKIP","floor":55}],"player_experience":2675338,"relics_obtained":[{"floor":6.0,"key":"Mango"},{"floor":8.0,"key":"CaptainsWheel"},{"floor":9.0,"key":"Gambling Chip"},{"floor":12.0,"key":"Mercury Hourglass"},{"floor":14.0,"key":"Calipers"},{"floor":24,"key":"Unceasing Top"},{"floor":27,"key":"Bottled Tornado"},{"floor":30,"key":"Bag of Marbles"},{"floor":38,"key":"Champion Belt"},{"floor":40,"key":"TungstenRod"},{"floor":45,"key":"Incense Burner"},{"floor":55,"key":"Oddly Smooth Stone"}],"event_choices":[{"damage_healed":0.0,"max_hp_gain":0.0,"max_hp_loss":0.0,"gold_gain":0.0,"cards_transformed":["Strike_R"],"event_name":"Living Wall","player_choice":"Change","floor":3.0,"gold_loss":0.0,"damage_taken":0.0,"cards_obtained":["Carnage"]},{"damage_healed":0.0,"max_hp_gain":0.0,"max_hp_loss":0.0,"gold_gain":0.0,"event_name":"Liars Game","player_choice":"Ignored","floor":4.0,"gold_loss":0.0,"damage_taken":0.0},{"damage_healed":0,"gold_gain":0,"player_choice":"Ignored","damage_taken":0,"max_hp_gain":0,"max_hp_loss":0,"event_name":"The Mausoleum","floor":21,"gold_loss":0},{"cards_removed":["Power Through"],"damage_healed":0,"gold_gain":0,"player_choice":"Removed Skill","damage_taken":0,"max_hp_gain":0,"max_hp_loss":0,"event_name":"Falling","floor":37,"gold_loss":0},{"damage_healed":0,"gold_gain":0,"player_choice":"Fight","damage_taken":0,"max_hp_gain":0,"max_hp_loss":0,"event_name":"Mysterious Sphere","floor":38,"gold_loss":0}],"is_beta":false,"boss_relics":[{"not_picked":["SacredBark","Sozu"],"picked":"Cursed Key"},{"not_picked":["Calling Bell","Runic Cube"],"picked":"SlaversCollar"}],"items_purged_floors":[25,36],"is_endless":false,"potions_floor_spawned":[5,6,10,13,14,19,20,28,29,30,38,40,45,55],"ascension_level":20}}