{"host":"pzgv5x4i9ftxktj0","time":1613841125,"event":{"mods":["Act Like it!","BaseMod","Colored Map","Colored Powertips","Downfall","Googly Eyes","Highlight Path","Minty Spire (QoL Compilation)","Replay The Spire","Robot Space Explorer","Ruina","Spire Arcade","StSLib","SuperFastMode","The Alterego","The Bug Knight","The Cursed","The Hierophant","The Marked","The Servant 0.9.4","WarShipGirlsR/????R mod"],"gold_per_floor":[118,118,128,145,162,162,192,367,367,317,333,333,35,45,45,146,146,164,209,209,225,244,244,244,244,324,324,36,54,54,64,64,162,162,182,194,194,194,209,226,66,66,66,66,116,116,130,141,141,141],"floor_reached":51,"language":"ENG","playtime":4839,"items_purged":["alterego_mod:Defend"],"score":547,"play_id":"a9050dd4-db2f-497b-9793-962fbe47f41d","local_time":"20210220121205","is_ascension_mode":false,"campfire_choices":[{"data":"alterego_mod:Birthday","floor":6,"key":"SMITH"},{"data":"alterego_mod:Impale","floor":12,"key":"SMITH"},{"data":"alterego_mod:DiscoLights","floor":15,"key":"SMITH"},{"data":"alterego_mod:GIGAMILK","floor":23,"key":"SMITH"},{"data":"alterego_mod:BigMeatyClaws","floor":24,"key":"SMITH"},{"data":"alterego_mod:Birthday","floor":27,"key":"SMITH"},{"data":"alterego_mod:DiscoLights","floor":30,"key":"SMITH"},{"data":"alterego_mod:Punishment","floor":32,"key":"SMITH"},{"data":"alterego_mod:Weigh","floor":44,"key":"SMITH"},{"data":"alterego_mod:Punishment","floor":46,"key":"SMITH"},{"data":"alterego_mod:1TonWallop","floor":49,"key":"SMITH"}],"circlet_count":0,"master_deck":["alterego_mod:Strike","alterego_mod:Strike","alterego_mod:Strike","alterego_mod:Defend","alterego_mod:Defend","alterego_mod:Impale+1","alterego_mod:BigMeatyClaws+1","alterego_mod:BrynhildrsRune","alterego_mod:ChallengeComplete","alterego_mod:MagicResistance","alterego_mod:HighServant","alterego_mod:Birthday+1","alterego_mod:Lift","alterego_mod:DiscoLights+1","alterego_mod:Lift","alterego_mod:GIGAMILK+1","alterego_mod:Undulate","alterego_mod:RidiculouslyBig+1","alterego_mod:GoddessCore+1","alterego_mod:Birthday+1","ruina:GoldRush","alterego_mod:Punishment+1","alterego_mod:Punishment+1","ruina:Mimicry","alterego_mod:DiscoLights+1","alterego_mod:Table+1","alterego_mod:PainIsPleasure","alterego_mod:Undulate+1","alterego_mod:BeGentle+1","alterego_mod:Collar","alterego_mod:Pet","alterego_mod:Weigh+1","alterego_mod:Nekomimi+1","alterego_mod:1TonWallop+1","alterego_mod:ClassAdvantage"],"relics":["alterego_mod:MasochisticConstitution","NeowsBlessing","Pear","WingedGreaves","Chemical X","SacredBark","Mercury Hourglass","Quantum Egg","Replay:Bronze Core","ReplayTheSpireMod:Ring of Addiction","White Beast Statue","Chameleon Ring","Ring of Misfortune","Darkstone Periapt","CaptainsWheel"],"acts_visited":["Exordium","Exordium","TheBeyond"],"potions_floor_usage":[5,7,16,16,29,31,33,39,45,47,50,50],"damage_taken":[{"damage":0,"enemies":"2 Louse","floor":1,"turns":1},{"damage":0,"enemies":"Cultist","floor":3,"turns":1},{"damage":0,"enemies":"Jaw Worm","floor":4,"turns":1},{"damage":33,"enemies":"Exordium Thugs","floor":5,"turns":8},{"damage":50,"enemies":"HollowMod:MossKnight","floor":7,"turns":15},{"damage":22,"enemies":"Blue Slaver","floor":11,"turns":6},{"damage":16,"enemies":"Fading Forest","floor":16,"turns":11},{"damage":23,"enemies":"ruina:2_Scarecrows","floor":18,"turns":7},{"damage":18,"enemies":"ruina:Nosferatu","floor":21,"turns":4},{"damage":0,"enemies":"ruina:Woodsman","floor":22,"turns":5},{"damage":36,"enemies":"ruina:KnightOfDespair","floor":29,"turns":4},{"damage":18,"enemies":"ruina:KingOfGreed","floor":31,"turns":6},{"damage":22,"enemies":"ruina:Red_and_Wolf","floor":33,"turns":8},{"damage":50,"enemies":"3 Darklings","floor":35,"turns":6},{"damage":23,"enemies":"3 Shapes","floor":36,"turns":6},{"damage":50,"enemies":"Jaw Worm Horde","floor":39,"turns":5},{"damage":18,"enemies":"Transient","floor":40,"turns":5},{"damage":0,"enemies":"Mind Bloom Boss Battle","floor":45,"turns":4},{"damage":9,"enemies":"Maw","floor":47,"turns":6},{"damage":17,"enemies":"Spire Growth","floor":48,"turns":5},{"damage":35,"enemies":"Replay:Hell Engine","floor":50,"turns":9}],"seed_played":"3162235313477710418","potions_obtained":[{"floor":1,"key":"ColorlessPotion"},{"floor":4,"key":"Ancient Potion"},{"floor":5,"key":"LiquidBronze"},{"floor":11,"key":"Adrenaline Potion"},{"floor":19,"key":"Guardian:BlockOnCardUsePotion"},{"floor":22,"key":"Weak Potion"},{"floor":29,"key":"Ancient Potion"},{"floor":31,"key":"Reflective Coating"},{"floor":35,"key":"Energy Potion"},{"floor":39,"key":"AttackPotion"},{"floor":42,"key":"Strength Potion"},{"floor":42,"key":"Adrenaline Potion"},{"floor":45,"key":"Elixir"},{"floor":47,"key":"DuplicationPotion"},{"floor":48,"key":"Block Potion"}],"is_trial":false,"path_per_floor":["M","?","M","M","M","R","E","?","T","?","M","R","$","?","R","B",null,"M","?","?","M","M","R","R","?","T","R","$","M","R","M","R","B",null,"M","M","?","?","M","M","$","?","T","R","?","R","M","M","R","B",null],"character_chosen":"The_Alterego","items_purchased":["Chemical X","alterego_mod:Lift","alterego_mod:Punishment","ruina:Mimicry","alterego_mod:Weigh"],"campfire_rested":0,"item_purchase_floors":[13,13,28,28,41],"current_hp_per_floor":[70,70,70,70,52,52,30,30,30,30,12,12,12,12,12,17,84,72,38,50,36,39,39,39,39,39,39,39,7,7,9,9,29,94,61,66,66,66,55,98,98,98,98,98,98,98,90,80,80,52],"gold":141,"neow_bonus":"THREE_ENEMY_KILL","is_daily":false,"chose_seed":false,"campfire_upgraded":11,"win_rate":0.0,"timestamp":1613841125,"path_taken":["M","?","M","?","M","R","E","?","T","?","?","R","$","?","R","BOSS","M","?","?","M","M","R","R","?","T","R","$","M","R","M","R","BOSS","M","M","?","?","M","M","$","?","T","R","?","R","?","M","R","BOSS"],"items_purchased_type":["Relic","Card","Card","Card","Card"],"build_version":"2020-12-22","purchased_purges":1,"victory":true,"max_hp_per_floor":[70,70,70,70,71,71,82,82,82,82,83,83,83,83,83,84,84,85,85,97,98,98,98,98,91,91,91,91,92,92,93,93,94,94,95,96,96,96,97,98,98,98,98,98,98,98,99,100,100,101],"card_choices":[{"not_picked":["alterego_mod:Table","alterego_mod:Complex"],"picked":"alterego_mod:ChallengeComplete","floor":1},{"not_picked":["alterego_mod:Rip","alterego_mod:SakuraPetals"],"picked":"alterego_mod:MagicResistance","floor":3},{"not_picked":["alterego_mod:Belts","alterego_mod:Punishment"],"picked":"alterego_mod:HighServant","floor":4},{"not_picked":["alterego_mod:Pet","alterego_mod:Punishment"],"picked":"alterego_mod:Birthday","floor":5},{"not_picked":["alterego_mod:ClassAdvantage","alterego_mod:Bloomers"],"picked":"alterego_mod:Lift","floor":7},{"not_picked":["alterego_mod:Punishment","alterego_mod:1TonWallop"],"picked":"alterego_mod:DiscoLights","floor":11},{"not_picked":["alterego_mod:Tantrum","alterego_mod:ClassAdvantage"],"picked":"alterego_mod:GIGAMILK","floor":16},{"not_picked":["alterego_mod:DeftHands","alterego_mod:Maid"],"picked":"alterego_mod:Undulate","floor":18},{"not_picked":["alterego_mod:DeftHands","alterego_mod:Maid"],"picked":"alterego_mod:RidiculouslyBig+1","floor":19},{"not_picked":["alterego_mod:DustData","alterego_mod:ClassAdvantage"],"picked":"alterego_mod:GoddessCore+1","floor":21},{"not_picked":["alterego_mod:Belle","alterego_mod:Complex"],"picked":"alterego_mod:Birthday","floor":22},{"not_picked":["ruina:Smile","ruina:CrimsonScar"],"picked":"ruina:GoldRush","floor":25},{"not_picked":["alterego_mod:DestructionOfProperty","alterego_mod:Rip+1"],"picked":"alterego_mod:DiscoLights","floor":29},{"not_picked":["alterego_mod:BustOut","alterego_mod:Punishment"],"picked":"alterego_mod:Table+1","floor":31},{"not_picked":["alterego_mod:Valkyrie","alterego_mod:GIGAMILK"],"picked":"alterego_mod:PainIsPleasure","floor":33},{"not_picked":["alterego_mod:DeftHands+1","alterego_mod:Belts+1"],"picked":"alterego_mod:Undulate+1","floor":35},{"not_picked":["alterego_mod:Punishment+1","alterego_mod:HighServant+1"],"picked":"alterego_mod:BeGentle+1","floor":36},{"not_picked":["alterego_mod:ChallengeComplete+1","alterego_mod:Bounce"],"picked":"alterego_mod:Collar","floor":39},{"not_picked":["alterego_mod:Cooking","alterego_mod:Rip"],"picked":"alterego_mod:Pet","floor":40},{"not_picked":["alterego_mod:Maid","alterego_mod:Pet+1"],"picked":"alterego_mod:Nekomimi+1","floor":45},{"not_picked":["alterego_mod:Maid+1","alterego_mod:PerceptionDisorder"],"picked":"alterego_mod:1TonWallop","floor":47},{"not_picked":["alterego_mod:Swimsuit","alterego_mod:Maid"],"picked":"alterego_mod:ClassAdvantage","floor":48}],"player_experience":385933,"relics_obtained":[{"floor":7,"key":"Pear"},{"floor":9,"key":"WingedGreaves"},{"floor":19,"key":"Mercury Hourglass"},{"floor":26,"key":"Quantum Egg"},{"floor":42,"key":"ReplayTheSpireMod:Ring of Addiction"},{"floor":42,"key":"White Beast Statue"},{"floor":42,"key":"Chameleon Ring"},{"floor":42,"key":"Ring of Misfortune"},{"floor":43,"key":"Darkstone Periapt"},{"floor":45,"key":"CaptainsWheel"}],"event_choices":[{"cards_removed":["alterego_mod:Strike"],"damage_healed":0,"gold_gain":0,"player_choice":"Purged","damage_taken":0,"max_hp_gain":0,"max_hp_loss":0,"event_name":"Purifier","floor":2,"gold_loss":0},{"damage_healed":0,"gold_gain":175,"player_choice":"AGREE","damage_taken":0,"max_hp_gain":0,"max_hp_loss":0,"event_name":"Liars Game","floor":8,"gold_loss":0,"cards_obtained":["Doubt"]},{"cards_removed":["Doubt"],"damage_healed":0,"gold_gain":0,"player_choice":"Card Removal","damage_taken":0,"max_hp_gain":0,"max_hp_loss":0,"event_name":"The Cleric","floor":10,"gold_loss":50},{"damage_healed":0,"gold_gain":0,"player_choice":"Ignored","damage_taken":0,"max_hp_gain":0,"max_hp_loss":0,"event_name":"Tomb of Lord Red Mask","floor":37,"gold_loss":0},{"cards_removed":["alterego_mod:Defend"],"damage_healed":0,"gold_gain":0,"player_choice":"Removed Skill","damage_taken":0,"max_hp_gain":0,"max_hp_loss":0,"event_name":"Falling","floor":38,"gold_loss":0},{"damage_healed":0,"gold_gain":0,"player_choice":"Fight","damage_taken":0,"max_hp_gain":0,"max_hp_loss":0,"event_name":"MindBloom","floor":45,"gold_loss":0}],"is_beta":false,"boss_relics":[{"not_picked":["Ectoplasm","Velvet Choker"],"picked":"SacredBark"},{"not_picked":["Runic Dome","bronze:MakeshiftBattery"],"picked":"Replay:Bronze Core"}],"items_purged_floors":[28],"is_endless":false,"potions_floor_spawned":[1,4,5,11,22,29,31,35,39,45,47,48],"ascension_level":0}}