{"host":"jsd6g3c2vo13e69c","time":1613789063,"event":{"mods":["2.2 Compatiblity","Act Like it!","BaseMod","Better Note","Better Third Choice","BetterRewards","Colored Map","Colored Powertips","Conspire","DeckTracker","Downfall","Friendly Minions","GifTheSpireLib","Googly Eyes","Hermit","Highlight Path","Hubris","Infinite Spire","Lobotomy","LobotomyExtend","Minty Spire (QoL Compilation)","Quick Restart","Random Character Button","Rare Cards Sparkle","Relic Sorter","Relic Stats","Replay The Spire","Ruina","Shop Mod","Spire Arcade","StSLib","SuperFastMode","The Cursed","The Disciple","The Forsaken","The Jungle"],"gold_per_floor":[99,114,126,144,144,164,164,164,164,164],"floor_reached":8,"language":"ENG","playtime":337,"items_purged":[],"score":47,"play_id":"300b08b6-28f6-4593-ba20-e9d8fed257ef","local_time":"20210219214423","is_ascension_mode":false,"campfire_choices":[],"circlet_count":0,"master_deck":["Slimebound:Strike_Slimebound","Slimebound:Strike_Slimebound","Slimebound:Strike_Slimebound","Slimebound:Tackle","Slimebound:Defend_Slimebound","Slimebound:Defend_Slimebound","Slimebound:Defend_Slimebound","Slimebound:Defend_Slimebound","Slimebound:Split","Slimebound:CorrosiveSpit","Slimebound:SamplingLick","Slimebound:HauntingLick","Slimebound:LeechLife","Slimebound:Gluttony"],"relics":["Slimebound:AbsorbEndCombat","Ring of Hypnosis","ReplayTheSpireMod:Ring of Collecting","LetterFromLob","Spirit Poop","Kunai"],"acts_visited":["Exordium"],"potions_floor_usage":[8,8],"damage_taken":[{"damage":3,"enemies":"2 Louse","floor":2,"turns":2},{"damage":3,"enemies":"Small Slimes","floor":3,"turns":3},{"damage":3,"enemies":"Cultist","floor":4,"turns":3},{"damage":3,"enemies":"2 Fungi Beasts","floor":6,"turns":3},{"damage":85,"enemies":"Gremlin Nob","floor":8,"turns":4}],"seed_played":"-3688359465266438512","potions_obtained":[{"floor":3,"key":"Energy Potion"},{"floor":4,"key":"Ancient Potion"}],"is_trial":false,"path_per_floor":["R_BF","M","M","M","?","M","T","E"],"character_chosen":"SLIMEBOUND","items_purchased":[],"campfire_rested":0,"item_purchase_floors":[],"current_hp_per_floor":[71,68,71,71,71,71,71,0,0,0],"gold":164,"neow_bonus":"TEN_PERCENT_HP_BONUS","is_daily":false,"chose_seed":false,"campfire_upgraded":0,"win_rate":0.0,"timestamp":1613789063,"path_taken":["R_BF","M","M","M","?","M","T","E"],"items_purchased_type":[],"build_version":"2020-12-22","purchased_purges":0,"victory":false,"max_hp_per_floor":[71,71,71,71,71,71,71,71,71,71],"relic_stats":{"counters":[5,15],"Kunai":[0],"obtain_stats":[{"Ring of Hypnosis":1,"ReplayTheSpireMod:Ring of Collecting":1,"Spirit Poop":5,"Slimebound:AbsorbEndCombat":0,"LetterFromLob":2,"Kunai":7},{"Ring of Hypnosis":0,"ReplayTheSpireMod:Ring of Collecting":0,"Spirit Poop":3,"Slimebound:AbsorbEndCombat":0,"LetterFromLob":1,"Kunai":4},{"Ring of Hypnosis":0,"ReplayTheSpireMod:Ring of Collecting":0,"Spirit Poop":8,"Slimebound:AbsorbEndCombat":0,"LetterFromLob":2,"Kunai":11}]},"card_choices":[{"not_picked":["Slimebound:SplitBruiser","Slimebound:SplitLeeching"],"picked":"Slimebound:SamplingLick","floor":2},{"not_picked":["Slimebound:SplitBruiser","Slimebound:SplitAcid"],"picked":"Slimebound:HauntingLick","floor":3},{"not_picked":["Slimebound:HauntingLick","Slimebound:GoopSpray"],"picked":"Slimebound:LeechLife","floor":4},{"not_picked":["Slimebound:FinishingTackle","Slimebound:GoopSpray"],"picked":"Slimebound:Gluttony","floor":6}],"player_experience":380538,"relics_obtained":[{"floor":1,"key":"Ring of Hypnosis"},{"floor":1,"key":"ReplayTheSpireMod:Ring of Collecting"},{"floor":2,"key":"LetterFromLob"},{"floor":7,"key":"Kunai"}],"event_choices":[{"cards_removed":["Voices"],"damage_healed":0,"gold_gain":0,"player_choice":"Offered Curse","damage_taken":0,"relics_obtained":["Spirit Poop"],"max_hp_gain":0,"max_hp_loss":0,"event_name":"Bonfire Elementals","floor":5,"gold_loss":0}],"is_beta":false,"boss_relics":[],"items_purged_floors":[],"is_endless":false,"potions_floor_spawned":[3,4],"killed_by":"Gremlin Nob","ascension_level":0}}