{"host":"w3q5ijqu8eoknil3","time":1613862961,"event":{"mods":["AchievementEnabler","BaseMod","Block Reminder","Colored Map","Colored Powertips","Curses Come First","Dark Map","Minty Spire (QoL Compilation)","Quick Restart","Relic Stats","StSLib","ojb\u0027s Better Paths Mod","ojb\u0027s Info Mod","slay the spire mod where everything is the same but ironclad has a cowboy hat"],"gold_per_floor":[112,112,187,187,197,197,210,23,23,33,66,66,66,99,99,175,175,192,219,219,249,135,135,135],"floor_reached":23,"language":"ENG","playtime":788,"items_purged":[],"score":433,"play_id":"6d4396c4-8c7f-48b2-b411-38e2314db715","local_time":"20210220231601","is_ascension_mode":true,"campfire_choices":[{"data":"Blade Dance","floor":6,"key":"SMITH"},{"data":"Apotheosis","floor":13,"key":"SMITH"},{"floor":15,"key":"REST"}],"circlet_count":0,"master_deck":["AscendersBane","Strike_G","Defend_G","Defend_G","Defend_G","Defend_G","Defend_G","Survivor","Neutralize+1","After Image","Blade Dance+1","All Out Attack+1","Cloak And Dagger","Apotheosis+1","Footwork","Acrobatics","Prepared+1","Doppelganger+1","Sucker Punch+1","Tools of the Trade+1","Endless Agony+1","Terror+1","Writhe","Flying Knee","Calculated Gamble+1","A Thousand Cuts","Concentrate+1","Bane+1","Backflip+1"],"relics":["Ring of the Snake","The Courier","Singing Bowl","Oddly Smooth Stone","FaceOfCleric","Toxic Egg 2","Astrolabe","Whetstone","MawBank","Orrery"],"acts_visited":["Exordium","TheCity"],"potions_floor_usage":[10,11,21],"damage_taken":[{"damage":3,"enemies":"Jaw Worm","floor":1,"turns":7},{"damage":1,"enemies":"2 Louse","floor":5,"turns":4},{"damage":0,"enemies":"Cultist","floor":7,"turns":3},{"damage":7,"enemies":"Lots of Slimes","floor":10,"turns":4},{"damage":0,"enemies":"Lagavulin","floor":11,"turns":8},{"damage":19,"enemies":"Gremlin Nob","floor":14,"turns":4},{"damage":5,"enemies":"The Guardian","floor":16,"turns":17},{"damage":4,"enemies":"Chosen","floor":18,"turns":7},{"damage":3,"enemies":"Shell Parasite","floor":21,"turns":4},{"damage":59,"enemies":"Slavers","floor":23,"turns":4}],"seed_played":"-1066988313008805392","potions_obtained":[{"floor":7,"key":"Poison Potion"},{"floor":10,"key":"Poison Potion"},{"floor":18,"key":"Block Potion"}],"is_trial":false,"path_per_floor":["M","?","?","?","M","R","M","$","T","M","E","?","R","E","R","B",null,"M","T","?","M","$","E"],"character_chosen":"THE_SILENT","items_purchased":["Apotheosis","Footwork","Orrery"],"campfire_rested":1,"item_purchase_floors":[8,8,22],"current_hp_per_floor":[56,49,38,27,26,26,26,26,26,21,21,21,21,3,21,17,52,49,49,49,47,47,0,0],"gold":135,"neow_bonus":"THREE_RARE_CARDS","is_daily":false,"chose_seed":false,"campfire_upgraded":2,"win_rate":0.0,"timestamp":1613862961,"path_taken":["M","?","?","?","?","R","M","?","T","?","E","?","R","E","R","BOSS","M","?","?","M","$","E"],"items_purchased_type":["Card","Card","Relic"],"build_version":"2020-12-22","purchased_purges":0,"victory":false,"max_hp_per_floor":[60,60,60,60,60,60,60,60,60,62,62,62,62,63,63,64,64,65,65,65,66,66,66,66],"relic_stats":{"Singing Bowl":2,"FaceOfCleric":4,"counters":[10,62],"Astrolabe":["Sucker Punch","Tools of the Trade","Endless Agony"],"Whetstone":["Neutralize","All Out Attack"],"MawBank":24,"obtain_stats":[{"Singing Bowl":9,"FaceOfCleric":12,"Astrolabe":17,"Oddly Smooth Stone":11,"Orrery":22,"The Courier":4,"Whetstone":19,"Toxic Egg 2":14,"MawBank":20,"Ring of the Snake":0},{"Singing Bowl":3,"FaceOfCleric":5,"Astrolabe":7,"Oddly Smooth Stone":5,"Orrery":9,"The Courier":1,"Whetstone":8,"Toxic Egg 2":6,"MawBank":8,"Ring of the Snake":0},{"Singing Bowl":14,"FaceOfCleric":26,"Astrolabe":47,"Oddly Smooth Stone":26,"Orrery":58,"The Courier":7,"Whetstone":54,"Toxic Egg 2":30,"MawBank":54,"Ring of the Snake":0}],"Ring of the Snake":[20]},"card_choices":[{"not_picked":["Grand Finale","Malaise"],"picked":"After Image","floor":0},{"not_picked":["Quick Slash","Deadly Poison"],"picked":"Blade Dance","floor":1},{"not_picked":["Outmaneuver","Crippling Poison"],"picked":"All Out Attack","floor":5},{"not_picked":["Riddle With Holes","PiercingWail"],"picked":"Cloak And Dagger","floor":7},{"not_picked":["Setup","Flying Knee","All Out Attack"],"picked":"Singing Bowl","floor":10},{"not_picked":["Slice","Outmaneuver"],"picked":"Acrobatics","floor":11},{"not_picked":["Outmaneuver+1","Bane"],"picked":"Prepared+1","floor":14},{"not_picked":["Venomology+1","Night Terror+1"],"picked":"Doppelganger+1","floor":16},{"not_picked":["Dodge and Roll+1","Deflect+1"],"picked":"Terror+1","floor":18},{"not_picked":["Quick Slash","Deadly Poison+1"],"picked":"Flying Knee","floor":21},{"not_picked":["Expertise+1","Well Laid Plans"],"picked":"Calculated Gamble+1","floor":22},{"not_picked":["Deadly Poison+1","Calculated Gamble+1"],"picked":"A Thousand Cuts","floor":22},{"not_picked":["Noxious Fumes","Backflip+1"],"picked":"Concentrate+1","floor":22},{"not_picked":["Concentrate+1","Poisoned Stab"],"picked":"Bane+1","floor":22},{"not_picked":["Grand Finale","Quick Slash"],"picked":"Backflip+1","floor":22}],"player_experience":1056894,"relics_obtained":[{"floor":9,"key":"Singing Bowl"},{"floor":11,"key":"Oddly Smooth Stone"},{"floor":14,"key":"Toxic Egg 2"},{"floor":19,"key":"Whetstone"}],"event_choices":[{"cards_removed":["Strike_G"],"damage_healed":0,"gold_gain":0,"player_choice":"Card Removal","damage_taken":7,"max_hp_gain":0,"max_hp_loss":0,"event_name":"Golden Wing","floor":2,"gold_loss":0},{"damage_healed":0,"gold_gain":75,"player_choice":"Gather Gold","damage_taken":11,"max_hp_gain":0,"max_hp_loss":0,"event_name":"World of Goop","floor":3,"gold_loss":0},{"damage_healed":0,"gold_gain":0,"player_choice":"Success","damage_taken":11,"relics_obtained":["The Courier"],"max_hp_gain":0,"max_hp_loss":0,"event_name":"Scrap Ooze","floor":4,"gold_loss":0},{"damage_healed":0,"gold_gain":0,"player_choice":"Trade","damage_taken":0,"relics_obtained":["FaceOfCleric"],"max_hp_gain":0,"max_hp_loss":0,"event_name":"FaceTrader","floor":12,"gold_loss":0},{"damage_healed":0,"gold_gain":0,"player_choice":"Opened","damage_taken":0,"relics_obtained":["MawBank"],"max_hp_gain":0,"max_hp_loss":0,"event_name":"The Mausoleum","floor":20,"gold_loss":0,"cards_obtained":["Writhe"]}],"is_beta":false,"boss_relics":[{"not_picked":["Velvet Choker","WristBlade"],"picked":"Astrolabe"}],"items_purged_floors":[],"is_endless":false,"potions_floor_spawned":[7,10,18],"killed_by":"Slavers","ascension_level":19}}