{"host":"zsf7u5n6ehqeseos","time":1613840583,"event":{"mods":["AchievementEnabler","BaseMod","Colored Map","Colored Powertips","Googly Eyes","Minty Spire (QoL Compilation)"],"gold_per_floor":[115,115,125,23,23,55,55,71,71,85,118,138,166,177,177,273,273,284,374,384,402,402,433,433,466,544,544,544,544],"floor_reached":28,"language":"ENG","playtime":1303,"items_purged":["Strike_R"],"score":333,"play_id":"6184cf8c-482f-4637-95f8-d59c32d1f8c3","local_time":"20210220180303","is_ascension_mode":true,"campfire_choices":[{"floor":7.0,"key":"REST"},{"floor":15.0,"key":"REST"},{"floor":24.0,"key":"REST"},{"floor":27.0,"key":"REST"}],"circlet_count":0,"master_deck":["Strike_R","Strike_R","Strike_R","Strike_R","Defend_R","Defend_R","Defend_R","Defend_R","Bash","Juggernaut","Inflame","Seeing Red","Cleave","Pain","Seeing Red","Heavy Blade","Combust","Cleave","Blood for Blood","Reaper","Dual Wield+1","Dramatic Entrance","Inflame+1","Flex","Infernal Blade","Shrug It Off+1"],"relics":["Burning Blood","White Beast Statue","WarpedTongs","Ginger","Nunchaku","Dream Catcher","Boot","Mark of Pain","Smiling Mask","Eternal Feather","Molten Egg 2"],"acts_visited":["Exordium","TheCity"],"potions_floor_usage":[28],"damage_taken":[{"damage":10.0,"enemies":"Small Slimes","floor":1.0,"turns":3.0},{"damage":12.0,"enemies":"Jaw Worm","floor":3.0,"turns":2.0},{"damage":31.0,"enemies":"Gremlin Nob","floor":6.0,"turns":5.0},{"damage":4.0,"enemies":"Cultist","floor":8.0,"turns":3.0},{"damage":11.0,"enemies":"Looter","floor":10.0,"turns":3.0},{"damage":11.0,"enemies":"Lagavulin","floor":11.0,"turns":4.0},{"damage":13.0,"enemies":"Lots of Slimes","floor":12.0,"turns":2.0},{"damage":16.0,"enemies":"3 Sentries","floor":13.0,"turns":6.0},{"damage":6.0,"enemies":"Large Slime","floor":14.0,"turns":4.0},{"damage":43.0,"enemies":"Hexaghost","floor":16.0,"turns":7.0},{"damage":7.0,"enemies":"Spheric Guardian","floor":18.0,"turns":3.0},{"damage":2.0,"enemies":"Chosen","floor":20.0,"turns":4.0},{"damage":27.0,"enemies":"Shelled Parasite and Fungi","floor":21.0,"turns":3.0},{"damage":19.0,"enemies":"Gremlin Leader","floor":23.0,"turns":5.0},{"damage":73.0,"enemies":"Book of Stabbing","floor":25.0,"turns":5.0},{"damage":54,"enemies":"Slavers","floor":28,"turns":3}],"seed_played":"-8017857369859353100","potions_obtained":[{"floor":1.0,"key":"Fire Potion"},{"floor":3.0,"key":"Weak Potion"},{"floor":6.0,"key":"ColorlessPotion"},{"floor":8.0,"key":"Regen Potion"},{"floor":10.0,"key":"GamblersBrew"},{"floor":11.0,"key":"SteroidPotion"},{"floor":12.0,"key":"Energy Potion"},{"floor":13.0,"key":"SkillPotion"},{"floor":14.0,"key":"Swift Potion"},{"floor":16.0,"key":"Weak Potion"},{"floor":18.0,"key":"DuplicationPotion"},{"floor":20.0,"key":"SteroidPotion"},{"floor":21.0,"key":"LiquidMemories"},{"floor":23.0,"key":"ColorlessPotion"},{"floor":25.0,"key":"ElixirPotion"}],"is_trial":false,"path_per_floor":["M","?","M","$","?","E","R","M","T","M","E","M","E","M","R","B",null,"M","?","M","M","?","E","R","E","T","R","E"],"character_chosen":"IRONCLAD","items_purchased":["Cleave"],"campfire_rested":4,"item_purchase_floors":[4],"current_hp_per_floor":[52,49,43,43,43,18,42,44,44,39,46,39,29,29,53,16,80,79,61,65,55,80,67,80,13,13,52,0,0],"gold":544,"neow_bonus":"THREE_RARE_CARDS","is_daily":false,"chose_seed":false,"campfire_upgraded":0,"win_rate":0.0,"timestamp":1613840583,"path_taken":["M","?","M","$","?","E","R","?","T","M","E","M","E","M","R","BOSS","M","?","M","?","?","E","R","E","T","R","E"],"items_purchased_type":["Card"],"build_version":"2020-12-22","purchased_purges":1,"victory":false,"max_hp_per_floor":[80,80,80,80,80,80,80,80,80,80,80,80,80,80,80,80,80,80,80,80,80,80,80,80,80,80,80,80,80],"card_choices":[{"not_picked":["Corruption","Fiend Fire"],"picked":"Juggernaut","floor":0.0},{"not_picked":["Rupture","Anger"],"picked":"Inflame","floor":1.0},{"not_picked":["Entrench","Perfected Strike"],"picked":"Seeing Red","floor":3.0},{"not_picked":["Clash","Metallicize"],"picked":"Seeing Red","floor":6.0},{"not_picked":["Sword Boomerang","Disarm","Thunderclap"],"picked":"SKIP","floor":8.0},{"not_picked":["Havoc","Armaments"],"picked":"Heavy Blade","floor":10.0},{"not_picked":["Clothesline","Second Wind"],"picked":"Combust","floor":11.0},{"not_picked":["Pommel Strike","True Grit","Iron Wave"],"picked":"SKIP","floor":12.0},{"not_picked":["Clash","Twin Strike","Iron Wave"],"picked":"SKIP","floor":13.0},{"not_picked":["Anger","Ghostly Armor"],"picked":"Cleave","floor":14.0},{"not_picked":["Thunderclap","Anger"],"picked":"Blood for Blood","floor":15.0},{"not_picked":["Bludgeon","Juggernaut"],"picked":"Reaper","floor":16.0},{"not_picked":["Wild Strike+1","Heavy Blade"],"picked":"Dual Wield+1","floor":18.0},{"not_picked":["Twin Strike","Intimidate+1"],"picked":"Inflame+1","floor":20.0},{"not_picked":["Sword Boomerang","Inflame"],"picked":"Flex","floor":21.0},{"not_picked":["Perfected Strike","Entrench","Feel No Pain+1"],"picked":"SKIP","floor":23.0},{"not_picked":["Headbutt","Carnage"],"picked":"Infernal Blade","floor":24.0},{"not_picked":["Reckless Charge","Perfected Strike","Combust"],"picked":"SKIP","floor":25.0},{"not_picked":["Battle Trance","Armaments"],"picked":"Shrug It Off+1","floor":27.0}],"player_experience":242801,"relics_obtained":[{"floor":6.0,"key":"Ginger"},{"floor":9.0,"key":"Nunchaku"},{"floor":11.0,"key":"Dream Catcher"},{"floor":13.0,"key":"Boot"},{"floor":23.0,"key":"Smiling Mask"},{"floor":25.0,"key":"Eternal Feather"},{"floor":26.0,"key":"Molten Egg 2"}],"event_choices":[{"damage_healed":0.0,"max_hp_gain":0.0,"max_hp_loss":0.0,"gold_gain":0.0,"event_name":"Scrap Ooze","player_choice":"Success","floor":2.0,"gold_loss":0.0,"damage_taken":3.0,"relics_obtained":["White Beast Statue"]},{"damage_healed":0.0,"max_hp_gain":0.0,"max_hp_loss":0.0,"gold_gain":0.0,"event_name":"Accursed Blacksmith","player_choice":"Rummage","floor":5.0,"gold_loss":0.0,"damage_taken":0.0,"relics_obtained":["WarpedTongs"],"cards_obtained":["Pain"]},{"damage_healed":0.0,"max_hp_gain":0.0,"max_hp_loss":0.0,"gold_gain":90.0,"event_name":"Knowing Skull","player_choice":"CARD GOLD ","floor":19.0,"potions_obtained":[],"gold_loss":0.0,"damage_taken":18.0,"cards_obtained":["Dramatic Entrance"]},{"damage_healed":26.0,"max_hp_gain":0.0,"max_hp_loss":0.0,"gold_gain":0.0,"event_name":"The Library","player_choice":"Heal","floor":22.0,"gold_loss":0.0,"damage_taken":0.0}],"is_beta":false,"boss_relics":[{"not_picked":["Busted Crown","Empty Cage"],"picked":"Mark of Pain"}],"items_purged_floors":[4],"is_endless":false,"potions_floor_spawned":[1,3,6,8,10,11,12,13,14,16,18,20,21,23,25],"killed_by":"Slavers","ascension_level":2}}