{"host":"vx9g5eyuglzorf3u","time":1613846214,"event":{"mods":["2.2 Compatiblity","BaseMod","DeckTracker","Keyboard Shortcuts","Minty Spire (QoL Compilation)","Relic Stats","StSLib","SuperFastMode","everything is the same but u backflip on backflip"],"gold_per_floor":[113,133,149,159,119,119,44,44,44,44,44,44,60,78,78,78,78],"floor_reached":16,"language":"KOR","playtime":275,"items_purged":["Strike_R"],"score":184,"play_id":"1a8a25ec-d4bb-46bb-a538-c56733c41f38","local_time":"20210221033654","is_ascension_mode":true,"campfire_choices":[{"floor":6,"key":"REST"},{"data":"Body Slam","floor":11,"key":"SMITH"},{"data":"Shockwave","floor":12,"key":"SMITH"},{"data":"Uppercut","floor":15,"key":"SMITH"}],"circlet_count":0,"master_deck":["AscendersBane","Strike_R","Strike_R","Strike_R","Strike_R","Defend_R","Defend_R","Defend_R","Defend_R","Bash","Body Slam+1","Shrug It Off","Reaper","Shockwave+1","Uppercut+1","Fire Breathing"],"relics":["Burning Blood","Ginger","Kunai","WingedGreaves","Golden Idol"],"acts_visited":["Exordium"],"potions_floor_usage":[4,13,16],"damage_taken":[{"damage":16,"enemies":"Small Slimes","floor":1,"turns":5},{"damage":7,"enemies":"Cultist","floor":2,"turns":4},{"damage":12,"enemies":"Jaw Worm","floor":3,"turns":4},{"damage":34,"enemies":"Large Slime","floor":4,"turns":10},{"damage":11,"enemies":"Exordium Wildlife","floor":13,"turns":6},{"damage":22,"enemies":"3 Louse","floor":14,"turns":5},{"damage":59,"enemies":"Hexaghost","floor":16,"turns":10}],"seed_played":"6755222128497540760","potions_obtained":[{"floor":1,"key":"DistilledChaos"},{"floor":3,"key":"DuplicationPotion"},{"floor":5,"key":"Regen Potion"},{"floor":14,"key":"PowerPotion"}],"is_trial":false,"path_per_floor":["M","M","M","M","?","R","$","T","T","?","R","R","M","M","R","B"],"character_chosen":"IRONCLAD","items_purchased":[],"campfire_rested":1,"item_purchase_floors":[],"current_hp_per_floor":[40,39,33,13,13,35,35,35,35,35,35,35,53,52,52,0,0],"gold":78,"neow_bonus":"ONE_RARE_RELIC","is_daily":false,"chose_seed":false,"campfire_upgraded":3,"win_rate":0.0,"timestamp":1613846214,"path_taken":["M","M","M","M","?","R","?","?","T","?","R","R","M","M","M","R","BOSS"],"items_purchased_type":[],"build_version":"2020-12-22","purchased_purges":1,"victory":false,"max_hp_per_floor":[75,75,75,75,75,75,75,75,75,68,68,68,68,68,68,68,68],"relic_stats":{"counters":[7,44],"Golden Idol":7,"Ginger":[5],"Kunai":[1],"obtain_stats":[{"Golden Idol":10,"WingedGreaves":9,"Ginger":0,"Kunai":8,"Burning Blood":0},{"Golden Idol":4,"WingedGreaves":4,"Ginger":0,"Kunai":4,"Burning Blood":0},{"Golden Idol":23,"WingedGreaves":23,"Ginger":0,"Kunai":23,"Burning Blood":0}],"Burning Blood":36},"card_choices":[{"not_picked":["Flame Barrier","Pommel Strike"],"picked":"Body Slam","floor":1},{"not_picked":["Headbutt","Clash"],"picked":"Shrug It Off","floor":2},{"not_picked":["Armaments","Hemokinesis"],"picked":"Reaper","floor":3},{"not_picked":["Sword Boomerang","Inflame"],"picked":"Shockwave","floor":4},{"not_picked":["Ghostly Armor","Anger"],"picked":"Uppercut","floor":13},{"not_picked":["Shrug It Off","Perfected Strike"],"picked":"Fire Breathing","floor":14}],"player_experience":1539883,"relics_obtained":[{"floor":8,"key":"Kunai"},{"floor":9,"key":"WingedGreaves"}],"event_choices":[{"damage_healed":0,"gold_gain":0,"player_choice":"Bought 3 Potions","damage_taken":0,"max_hp_gain":0,"max_hp_loss":0,"event_name":"The Woman in Blue","floor":5,"gold_loss":0},{"damage_healed":0,"gold_gain":0,"player_choice":"Lose Max HP","damage_taken":0,"relics_obtained":["Golden Idol"],"max_hp_gain":0,"max_hp_loss":7,"event_name":"Golden Idol","floor":10,"gold_loss":0}],"is_beta":false,"boss_relics":[],"items_purged_floors":[7],"is_endless":false,"potions_floor_spawned":[1,3,14],"killed_by":"Hexaghost","ascension_level":20}}