{"host":"xgo7i0560n9mwvr8","time":1613846837,"event":{"mods":["BaseMod","Colored Map","Downfall","Minty Spire (QoL Compilation)","Permanent Neow","StSLib"],"gold_per_floor":[0,11,26,26,37,37,63,92,92,105,90,101,1,30,44,141,141,141,161,175,4,104,4,28,28,58,58,18,18,30,45,65,170,170,170,170,15,34,45,59,59,71,71,104,116,67,67,86,104,104,104,104],"floor_reached":50,"language":"ENG","playtime":5149,"items_purged":[],"score":735,"play_id":"3e4b4ab3-1c40-4295-8aa2-7d1eb6f72f0d","local_time":"20210220134717","is_ascension_mode":true,"campfire_choices":[{"data":"Slimebound:LeechLife","floor":1.0,"key":"SMITH"},{"data":"Slimebound:Split","floor":6.0,"key":"SMITH"},{"data":"Slimebound:BestDefense","floor":9.0,"key":"SMITH"},{"data":"Slimebound:LivingWall","floor":13.0,"key":"SMITH"},{"floor":18.0,"key":"RECALL"},{"data":"Slimebound:MassFeed","floor":23.0,"key":"SMITH"},{"data":"Slimebound:TagTeam","floor":25.0,"key":"SMITH"},{"floor":27.0,"key":"REST"},{"data":"Slimebound:Prepare","floor":35.0,"key":"SMITH"},{"floor":43.0,"key":"REST"},{"floor":47.0,"key":"REST"}],"circlet_count":0,"master_deck":["Slimebound:Tackle","Slimebound:Defend_Slimebound","Slimebound:Defend_Slimebound+1","Slimebound:Defend_Slimebound","Slimebound:Split+1","Slimebound:CorrosiveSpit","Slimebound:LeechLife+1","Slimebound:BestDefense+1","Slimebound:ComboTackle","Slimebound:MegaLick","Slimebound:SplitBruiser","Slimebound:ComboTackle","Slimebound:Replication","Slimebound:LivingWall+1","Slimebound:LivingWall","Slimebound:TagTeam+1","Slimebound:SplitMire","Slimebound:MassFeed+1","Slimebound:SplitLeeching","Slimebound:Prepare","Slimebound:RainOfGoop","Slimebound:MassFeed","Slimebound:Replication","Slimebound:GoopTackle","Slimebound:GoopSpray","Slimebound:ForwardTackle","Slimebound:Prepare+1","Slimebound:DuplicatedForm","Slimebound:SplitBruiser","Slimebound:Replication+1","Slimebound:SplitBruiser","Slimebound:SplitAcid","Slimebound:BestDefense","Slimebound:GoopTackle+1","Slimebound:SlimeTap+1","Slimebound:OozeBath","Slimebound:SplitBruiser+1","Slimebound:SplitMire"],"relics":["Slimebound:AbsorbEndCombat","Pen Nib","downfall:HeartBlessingBlue","Bronze Scales","Empty Cage","Slimebound:SelfDamagePreventRelic","downfall:HeartBlessingRed","Toy Ornithopter","Bag of Preparation","Snecko Eye","Potion Belt","Vajra","Kunai"],"acts_visited":["Exordium","TheCity","TheBeyond"],"potions_floor_usage":[49,50,50,50,50],"damage_taken":[{"damage":5.0,"enemies":"2 Louse","floor":2.0,"turns":3.0},{"damage":4.0,"enemies":"Cultist","floor":3.0,"turns":4.0},{"damage":0.0,"enemies":"Small Slimes","floor":5.0,"turns":5.0},{"damage":23.0,"enemies":"3 Sentries","floor":8.0,"turns":5.0},{"damage":6.0,"enemies":"Exordium Wildlife","floor":10.0,"turns":5.0},{"damage":1.0,"enemies":"downfall:FleeingMerchant","floor":11.0,"turns":4.0},{"damage":16.0,"enemies":"Exordium Thugs","floor":12.0,"turns":5.0},{"damage":22.0,"enemies":"Lagavulin","floor":14.0,"turns":6.0},{"damage":4.0,"enemies":"Large Slime","floor":15.0,"turns":7.0},{"damage":0.0,"enemies":"SI_SHIV_ARCHETYPE","floor":16.0,"turns":6.0},{"damage":8.0,"enemies":"Chosen","floor":19.0,"turns":6.0},{"damage":22.0,"enemies":"Spheric Guardian","floor":20.0,"turns":8.0},{"damage":12.0,"enemies":"downfall:FleeingMerchant","floor":21.0,"turns":4.0},{"damage":44.0,"enemies":"Slavers","floor":26.0,"turns":4.0},{"damage":0.0,"enemies":"downfall:FleeingMerchant","floor":28.0,"turns":4.0},{"damage":13.0,"enemies":"Chosen and Byrds","floor":30.0,"turns":5.0},{"damage":11.0,"enemies":"Snake Plant","floor":31.0,"turns":4.0},{"damage":26.0,"enemies":"Shelled Parasite and Fungi","floor":32.0,"turns":6.0},{"damage":87.0,"enemies":"DF_ARCHETYPE_CLAW","floor":33.0,"turns":9.0},{"damage":38.0,"enemies":"DF_ARCHETYPE_CLAW","floor":36.0,"turns":4.0},{"damage":0.0,"enemies":"downfall:FleeingMerchant","floor":37.0,"turns":4.0},{"damage":0.0,"enemies":"3 Darklings","floor":38.0,"turns":3.0},{"damage":17.0,"enemies":"3 Shapes","floor":39.0,"turns":3.0},{"damage":49.0,"enemies":"Spire Growth","floor":40.0,"turns":4.0},{"damage":57.0,"enemies":"Writhing Mass","floor":42.0,"turns":5.0},{"damage":60.0,"enemies":"Nemesis","floor":44.0,"turns":7.0},{"damage":3.0,"enemies":"3 Darklings","floor":45.0,"turns":3.0},{"damage":50.0,"enemies":"Maw","floor":48.0,"turns":8.0},{"damage":27,"enemies":"Writhing Mass","floor":49,"turns":4},{"damage":117,"enemies":"WA_ARCHETYPE_DIVINITY","floor":50,"turns":5}],"seed_played":"-6270376456975849116","potions_obtained":[{"floor":2.0,"key":"Swift Potion"},{"floor":10.0,"key":"AttackPotion"},{"floor":15.0,"key":"PowerPotion"},{"floor":19.0,"key":"Swift Potion"},{"floor":31.0,"key":"PowerPotion"},{"floor":32.0,"key":"SmokeBomb"},{"floor":42.0,"key":"Slimebound:SlimedPotion"},{"floor":44.0,"key":"BlessingOfTheForge"},{"floor":45.0,"key":"Weak Potion"}],"is_trial":false,"path_per_floor":["R","M","M","?","M","R","T","E","R","M","$","M","R","E","M","B",null,"R","M","M","$","?","R","T","R","E","R","$","?","M","M","M","B",null,"R","?","$","M","M","M","T","M","R","E","M","$","R","M","M","B"],"character_chosen":"SLIMEBOUND","items_purchased":["Slimebound:SelfDamagePreventRelic","Slimebound:GoopTackle","Potion Belt","EntropicBrew","sneckomod:MuddlingPotion","BlessingOfTheForge","Slimebound:SplitBruiser","Slimebound:SplitAcid","Slimebound:BestDefense","BlessingOfTheForge"],"campfire_rested":3,"item_purchase_floors":[21,28,37,37,37,37,37,37,37,46],"current_hp_per_floor":[65,65,63,63,65,65,65,58,58,65,64,65,75,74,72,75,75,75,75,58,48,48,48,48,48,27,54,86,78,77,94,94,94,94,94,94,98,98,96,76,76,46,76,73,81,81,109,109,113,0,0,0],"gold":104,"neow_bonus":"THREE_RARE_CARDS","is_daily":false,"chose_seed":false,"campfire_upgraded":7,"win_rate":0.0,"timestamp":1613846837,"path_taken":["R","M","M","?","M","R","T","E","R","?","$","M","R","E","M","BOSS","R","M","M","$","?","R","T","R","E","R","$","?","M","?","M","BOSS","R","?","$","M","M","M","T","M","R","E","M","$","R","M","M","BOSS"],"items_purchased_type":["Relic","Card","Relic","Potion","Potion","Potion","Card","Card","Card","Potion"],"build_version":"2020-12-22","purchased_purges":0,"victory":false,"max_hp_per_floor":[65,65,65,65,65,65,65,65,65,65,65,65,75,75,75,75,75,75,75,78,78,78,78,78,78,90,90,90,90,94,94,94,94,94,94,98,98,98,98,98,98,102,102,106,109,109,109,109,113,113,113,113],"card_choices":[{"not_picked":["Slimebound:RallyTheTroops","Slimebound:SlimeSlap"],"picked":"Slimebound:LeechLife","floor":0.0},{"not_picked":["Slimebound:FlameTackle","Slimebound:LeechEnergy"],"picked":"Slimebound:BestDefense","floor":2.0},{"not_picked":["Slimebound:SlimeBarrage","Slimebound:SplitLeeching"],"picked":"Slimebound:ComboTackle","floor":3.0},{"not_picked":["Slimebound:HauntingLick","Slimebound:SlimeBarrage"],"picked":"Slimebound:SplitBruiser","floor":5.0},{"not_picked":["Slimebound:Dissolve","Slimebound:LeechEnergy"],"picked":"Slimebound:ComboTackle","floor":8.0},{"not_picked":["Slimebound:LeechEnergy","Slimebound:FinishingTackle"],"picked":"Slimebound:Replication","floor":10.0},{"not_picked":["Slimebound:FirmFortitude","Slimebound:RollThrough"],"picked":"Slimebound:LivingWall","floor":11.0},{"not_picked":["Slimebound:SlimeBarrage","Slimebound:FinishingTackle"],"picked":"Slimebound:LivingWall","floor":12.0},{"not_picked":["Slimebound:PressTheAttack","Slimebound:FinishingTackle"],"picked":"Slimebound:TagTeam","floor":14.0},{"not_picked":["Slimebound:SplitLeeching","Slimebound:SamplingLick"],"picked":"Slimebound:SplitMire","floor":15.0},{"not_picked":["Slimebound:LeechLife","Slimebound:PrepareCrush"],"picked":"Slimebound:MassFeed","floor":16.0},{"not_picked":["Slimebound:MegaLick","Slimebound:DivideAndConquer+1"],"picked":"Slimebound:SplitLeeching","floor":19.0},{"not_picked":["Slimebound:LevelUp+1","Slimebound:ComboTackle"],"picked":"Slimebound:Prepare","floor":20.0},{"not_picked":["Slimebound:SlimeSpikes","Slimebound:FinishingTackle"],"picked":"Slimebound:RainOfGoop","floor":21.0},{"not_picked":["Slimebound:Teamwork","Slimebound:GoopTackle+1"],"picked":"Slimebound:MassFeed","floor":26.0},{"not_picked":["Slimebound:LeadByExample","Slimebound:ViciousTackle"],"picked":"Slimebound:Replication","floor":28.0},{"not_picked":["Slimebound:SpikyOuterGoop","Slimebound:Grow"],"picked":"Slimebound:GoopSpray","floor":30.0},{"not_picked":["Slimebound:ComboTackle","Slimebound:Chomp+1"],"picked":"Slimebound:ForwardTackle","floor":31.0},{"not_picked":["Slimebound:Dissolve+1","Slimebound:ForwardTackle"],"picked":"Slimebound:Prepare","floor":32.0},{"not_picked":["Slimebound:DouseInSlime","Slimebound:MinionMaster"],"picked":"Slimebound:DuplicatedForm","floor":33.0},{"not_picked":["Slimebound:RejuvenatingLick+1","Slimebound:FormOfPuddle"],"picked":"Slimebound:SplitBruiser","floor":36.0},{"not_picked":["Slimebound:LeechEnergy","Slimebound:LeechingTouch"],"picked":"Slimebound:Replication+1","floor":37.0},{"not_picked":["Slimebound:SplitSpecialist","Slimebound:LeechingTouch+1"],"picked":"Slimebound:GoopTackle+1","floor":38.0},{"not_picked":["Slimebound:FinishingTackle","Slimebound:SlimeBarrage"],"picked":"Slimebound:SlimeTap+1","floor":39.0},{"not_picked":["Slimebound:SlimeBarrage+1","Slimebound:LeechingTouch+1","Slimebound:SlimeBrawl"],"picked":"SKIP","floor":40.0},{"not_picked":["Slimebound:Grow+1","Slimebound:LevelUp"],"picked":"Slimebound:OozeBath","floor":42.0},{"not_picked":["Slimebound:PressTheAttack+1","Slimebound:ViciousTackle+1"],"picked":"Slimebound:SplitBruiser+1","floor":44.0},{"not_picked":["Slimebound:LeechEnergy","Slimebound:FormOfPuddle+1","Slimebound:SlimeSpikes"],"picked":"SKIP","floor":45.0},{"not_picked":["Slimebound:Grow+1","Slimebound:GrowthPunch"],"picked":"Slimebound:SplitMire","floor":48.0},{"not_picked":["Slimebound:Equalize","Slimebound:SlimeSpikes","Slimebound:Nibble+1"],"picked":"SKIP","floor":49}],"player_experience":1059579,"relics_obtained":[{"floor":8.0,"key":"Pen Nib"},{"floor":14.0,"key":"Bronze Scales"},{"floor":24.0,"key":"Toy Ornithopter"},{"floor":26.0,"key":"Bag of Preparation"},{"floor":41.0,"key":"Vajra"},{"floor":44.0,"key":"Kunai"}],"event_choices":[],"is_beta":false,"boss_relics":[{"not_picked":["Slimebound:TarBlob","Busted Crown"],"picked":"Empty Cage"},{"not_picked":["Philosopher\u0027s Stone","Pandora\u0027s Box"],"picked":"Snecko Eye"}],"items_purged_floors":[],"is_endless":false,"potions_floor_spawned":[2,10,15,16,19,31,32,42,44,45,48],"killed_by":"WA_ARCHETYPE_DIVINITY","ascension_level":1}}