{"host":"BK","time":1613783132,"event":{"mods":["BaseMod","Highlight Path","Minty Spire (QoL Compilation)","StSLib"],"gold_per_floor":[109,109,109,120,131,131,131,156,156,156,156,197,197,211,211,211,211],"floor_reached":16,"language":"ENG","playtime":725,"items_purged":[],"score":216,"play_id":"c7206b71-de10-4b92-b732-b42c24ecb7d1","local_time":"20210219180532","is_ascension_mode":true,"campfire_choices":[{"data":"Metallicize","floor":6,"key":"SMITH"},{"data":"Battle Trance","floor":11,"key":"SMITH"},{"data":"Shrug It Off","floor":13,"key":"SMITH"},{"data":"Thunderclap","floor":15,"key":"SMITH"}],"circlet_count":0,"master_deck":["AscendersBane","Strike_R","Strike_R","Strike_R","Strike_R","Strike_R","Defend_R","Defend_R","Defend_R","Defend_R","Bash+1","Battle Trance+1","Metallicize+1","Corruption","Shrug It Off+1","Thunderclap+1"],"relics":["Coffee Dripper","Bottled Lightning","Anchor","Golden Idol","Frozen Egg 2"],"acts_visited":["Exordium"],"potions_floor_usage":[8,16],"damage_taken":[{"damage":9,"enemies":"Small Slimes","floor":1,"turns":4},{"damage":4,"enemies":"2 Louse","floor":4,"turns":2},{"damage":0,"enemies":"Cultist","floor":5,"turns":3},{"damage":20,"enemies":"3 Sentries","floor":8,"turns":13},{"damage":24,"enemies":"Gremlin Nob","floor":12,"turns":4},{"damage":0,"enemies":"2 Fungi Beasts","floor":14,"turns":3},{"damage":20,"enemies":"Slime Boss","floor":16,"turns":5}],"seed_played":"2098982671832807795","potions_obtained":[{"floor":4,"key":"Strength Potion"},{"floor":8,"key":"Explosive Potion"}],"is_trial":false,"path_per_floor":["M","?","?","M","M","R","?","E","T","?","R","E","R","M","R","B"],"character_chosen":"IRONCLAD","items_purchased":[],"campfire_rested":0,"item_purchase_floors":[],"current_hp_per_floor":[59,59,59,55,55,55,60,40,40,40,40,16,16,16,16,0,0],"gold":211,"neow_bonus":"BOSS_RELIC","is_daily":false,"chose_seed":false,"campfire_upgraded":4,"win_rate":0.0,"timestamp":1613783132,"path_taken":["M","?","?","M","M","R","?","E","T","?","R","E","R","M","R","BOSS"],"items_purchased_type":[],"build_version":"2020-12-18","purchased_purges":0,"victory":false,"max_hp_per_floor":[75,75,75,75,75,75,80,80,80,72,72,72,72,72,72,72,72],"card_choices":[{"not_picked":["Pommel Strike","Shockwave"],"picked":"Battle Trance","floor":1},{"not_picked":["Intimidate","Iron Wave","Flex"],"picked":"SKIP","floor":4},{"not_picked":["Second Wind","Thunderclap"],"picked":"Metallicize","floor":5},{"not_picked":["Warcry","Hemokinesis"],"picked":"Corruption","floor":8},{"not_picked":["Body Slam","Cleave"],"picked":"Shrug It Off","floor":12},{"not_picked":["Shrug It Off","Havoc"],"picked":"Thunderclap","floor":14}],"player_experience":2596224,"relics_obtained":[{"floor":8,"key":"Bottled Lightning"},{"floor":9,"key":"Anchor"},{"floor":12,"key":"Frozen Egg 2"}],"event_choices":[{"damage_healed":0,"gold_gain":0,"player_choice":"Grow","damage_taken":0,"max_hp_gain":0,"max_hp_loss":0,"event_name":"Living Wall","floor":2,"gold_loss":0,"cards_upgraded":["Bash"]},{"damage_healed":0,"gold_gain":0,"player_choice":"Leave","damage_taken":0,"max_hp_gain":0,"max_hp_loss":0,"event_name":"The Cleric","floor":3,"gold_loss":0},{"damage_healed":0,"gold_gain":0,"player_choice":"Donut","damage_taken":0,"max_hp_gain":5,"max_hp_loss":0,"event_name":"Big Fish","floor":7,"gold_loss":0},{"damage_healed":0,"gold_gain":0,"player_choice":"Lose Max HP","damage_taken":0,"relics_obtained":["Golden Idol"],"max_hp_gain":0,"max_hp_loss":8,"event_name":"Golden Idol","floor":10,"gold_loss":0}],"is_beta":true,"boss_relics":[],"items_purged_floors":[],"is_endless":false,"potions_floor_spawned":[4,8],"killed_by":"Slime Boss","ascension_level":20}}