{"host":"n08mv44ohivl39d9","time":1613806760,"event":{"mods":["BaseMod","Bestiary","Highlight Path","Minty Spire (QoL Compilation)","Relic Stats"],"gold_per_floor":[114,130,130,150,160,160,160,187,214,214,242,253,272,300,300,378,378,389,16,16,16,16,16,44,44,69,86,114,114,129,141,141,217,217,228,228,283,306,319,347,272,302,302,314,314,214,214,239,239,239,239,239,239,12,43,43],"floor_reached":57,"language":"ENG","playtime":5513,"items_purged":["Setup","Dagger Throw"],"score":3252,"play_id":"60aff5ee-1cb1-431f-b9e2-0f77485442fa","local_time":"20210220013920","is_ascension_mode":true,"campfire_choices":[{"data":"Dash","floor":7,"key":"SMITH"},{"data":"Catalyst","floor":10,"key":"SMITH"},{"floor":15,"key":"REST"},{"data":"Wraith Form v2","floor":23,"key":"SMITH"},{"floor":25,"key":"REST"},{"data":"Burst","floor":32,"key":"SMITH"},{"floor":45,"key":"RECALL"},{"data":"Bouncing Flask","floor":49,"key":"SMITH"},{"data":"Adrenaline","floor":53,"key":"SMITH"}],"circlet_count":0,"master_deck":["AscendersBane","Survivor","Neutralize","Dash+1","Deadly Poison","Catalyst+1","Venomology","Bouncing Flask+1","Bouncing Flask+1","Backflip","Adrenaline+1","Burst+1","Crippling Poison","Wraith Form v2+1","Backflip","Acrobatics","Malaise","Adrenaline","Acrobatics","Noxious Fumes","Corpse Explosion","Corpse Explosion","PiercingWail+1"],"relics":["Ring of the Snake","Happy Flower","Bag of Marbles","War Paint","Tiny Chest","Philosopher\u0027s Stone","Anchor","Calipers","MealTicket","Shuriken","Pandora\u0027s Box","Tingsha","Potion Belt","PreservedInsect","Thread and Needle","FossilizedHelix","Snake Skull","Bottled Lightning"],"acts_visited":["Exordium","TheCity","TheBeyond","TheEnding"],"potions_floor_usage":[6,6,6,8,11,13,16,16,24,28,28,30,33,33,35,42,48,50,51,51,56,56,56],"damage_taken":[{"damage":8,"enemies":"Small Slimes","floor":1,"turns":6},{"damage":0,"enemies":"Cultist","floor":2,"turns":3},{"damage":0,"enemies":"Jaw Worm","floor":4,"turns":4},{"damage":0,"enemies":"2 Fungi Beasts","floor":5,"turns":4},{"damage":0,"enemies":"Gremlin Nob","floor":6,"turns":2},{"damage":7,"enemies":"Lagavulin","floor":8,"turns":8},{"damage":0,"enemies":"Gremlin Nob","floor":11,"turns":3},{"damage":0,"enemies":"Looter","floor":12,"turns":5},{"damage":0,"enemies":"Exordium Wildlife","floor":13,"turns":2},{"damage":10,"enemies":"Lagavulin","floor":14,"turns":4},{"damage":0,"enemies":"Slime Boss","floor":16,"turns":3},{"damage":25,"enemies":"Chosen","floor":18,"turns":4},{"damage":0,"enemies":"Book of Stabbing","floor":24,"turns":4},{"damage":2,"enemies":"3 Byrds","floor":27,"turns":3},{"damage":13,"enemies":"Slavers","floor":28,"turns":5},{"damage":0,"enemies":"Shelled Parasite and Fungi","floor":30,"turns":4},{"damage":0,"enemies":"Snake Plant","floor":31,"turns":2},{"damage":13,"enemies":"Collector","floor":33,"turns":4},{"damage":0,"enemies":"Orb Walker","floor":35,"turns":4},{"damage":3,"enemies":"2 Orb Walkers","floor":37,"turns":3},{"damage":0,"enemies":"3 Darklings","floor":39,"turns":2},{"damage":2,"enemies":"Reptomancer","floor":40,"turns":5},{"damage":23,"enemies":"Nemesis","floor":42,"turns":5},{"damage":0,"enemies":"Spire Growth","floor":44,"turns":3},{"damage":0,"enemies":"Mind Bloom Boss Battle","floor":48,"turns":2},{"damage":0,"enemies":"Donu and Deca","floor":50,"turns":5},{"damage":0,"enemies":"Time Eater","floor":51,"turns":5},{"damage":0,"enemies":"Shield and Spear","floor":55,"turns":4},{"damage":11,"enemies":"The Heart","floor":56,"turns":6}],"seed_played":"-5240929582777149903","potions_obtained":[{"floor":4,"key":"ColorlessPotion"},{"floor":5,"key":"AttackPotion"},{"floor":8,"key":"CunningPotion"},{"floor":13,"key":"LiquidMemories"},{"floor":22,"key":"Poison Potion"},{"floor":27,"key":"LiquidMemories"},{"floor":28,"key":"CunningPotion"},{"floor":30,"key":"Dexterity Potion"},{"floor":42,"key":"CunningPotion"},{"floor":44,"key":"SpeedPotion"},{"floor":48,"key":"Energy Potion"},{"floor":55,"key":"BlessingOfTheForge"}],"is_trial":false,"path_per_floor":["M","M","?","M","M","E","R","E","T","R","E","M","M","E","R","B",null,"M","$","?","?","?","R","E","R","T","M","E","T","M","M","R","B",null,"M","?","?","T","M","E","$","E","T","M","R","$","?","?","R","B","B",null,"R","$","E","B",null],"character_chosen":"THE_SILENT","items_purchased":["Anchor","Wraith Form v2","Backflip","Snake Skull","SpeedPotion"],"campfire_rested":2,"item_purchase_floors":[19,19,19,54,54],"current_hp_per_floor":[36,36,36,36,36,36,36,29,29,29,29,29,29,19,38,38,59,34,34,16,16,16,16,16,37,37,35,22,22,22,22,22,9,56,70,67,64,64,64,62,67,44,44,44,44,59,59,59,59,59,59,65,65,67,67,56],"gold":43,"neow_bonus":"REMOVE_TWO","is_daily":false,"chose_seed":false,"campfire_upgraded":6,"win_rate":0.0,"timestamp":1613806760,"path_taken":["M","M","?","M","M","E","R","E","T","R","E","?","M","E","R","BOSS","M","$","?","?","?","R","E","R","T","M","E","?","M","?","R","BOSS","M","?","?","?","M","E","$","E","T","?","R","$","?","?","R","BOSS","BOSS","R","$","E","BOSS"],"items_purchased_type":["Relic","Card","Card","Relic","Potion"],"build_version":"2020-12-22","purchased_purges":2,"victory":true,"max_hp_per_floor":[66,66,66,66,66,66,66,66,66,66,66,66,66,66,66,66,66,66,66,71,71,71,71,71,71,71,71,71,71,71,71,71,71,71,71,67,67,67,67,67,67,67,67,67,67,67,67,67,67,67,67,67,67,67,67,67],"relic_stats":{"Happy Flower":[29],"counters":[29,114],"Shuriken":[1],"Tiny Chest":2,"MealTicket":22,"Pandora\u0027s Box":["Adrenaline","Dagger Throw","Acrobatics","Noxious Fumes","Corpse Explosion","Setup","Corpse Explosion"],"Tingsha":[47],"PreservedInsect":127,"Snake Skull":[28],"War Paint":["Defend_G","Bouncing Flask"],"obtain_stats":[{"Potion Belt":38,"Calipers":24,"Happy Flower":8,"Tingsha":37,"Thread and Needle":43,"PreservedInsect":40,"Snake Skull":54,"War Paint":11,"Anchor":19,"Shuriken":29,"Tiny Chest":14,"Philosopher\u0027s Stone":17,"MealTicket":28,"Pandora\u0027s Box":34,"Bag of Marbles":9,"Bottled Lightning":55,"FossilizedHelix":48,"Ring of the Snake":0},{"Potion Belt":20,"Calipers":13,"Happy Flower":6,"Tingsha":20,"Thread and Needle":23,"PreservedInsect":22,"Snake Skull":27,"War Paint":7,"Anchor":12,"Shuriken":15,"Tiny Chest":10,"Philosopher\u0027s Stone":11,"MealTicket":15,"Pandora\u0027s Box":18,"Bag of Marbles":6,"Bottled Lightning":28,"FossilizedHelix":25,"Ring of the Snake":0},{"Potion Belt":77,"Calipers":52,"Happy Flower":27,"Tingsha":77,"Thread and Needle":89,"PreservedInsect":84,"Snake Skull":104,"War Paint":30,"Anchor":48,"Shuriken":60,"Tiny Chest":41,"Philosopher\u0027s Stone":44,"MealTicket":60,"Pandora\u0027s Box":70,"Bag of Marbles":27,"Bottled Lightning":108,"FossilizedHelix":94,"Ring of the Snake":0}],"Ring of the Snake":[58]},"card_choices":[{"not_picked":["Bane","Catalyst"],"picked":"Dash","floor":1},{"not_picked":["Tactician","Deflect"],"picked":"Deadly Poison","floor":2},{"not_picked":["Dagger Spray","Finisher"],"picked":"Catalyst","floor":4},{"not_picked":["Underhanded Strike","Deadly Poison"],"picked":"Venomology","floor":5},{"not_picked":["Dodge and Roll","Slice"],"picked":"Bouncing Flask","floor":8},{"not_picked":["Prepared","Terror"],"picked":"Bane","floor":11},{"not_picked":["Blur","Dodge and Roll"],"picked":"Bouncing Flask","floor":12},{"not_picked":["Skewer","Eviscerate"],"picked":"Backflip","floor":13},{"not_picked":["Quick Slash","Flying Knee"],"picked":"Adrenaline","floor":14},{"not_picked":["Bullet Time","Unload"],"picked":"Burst","floor":16},{"not_picked":["Cloak And Dagger","Poisoned Stab"],"picked":"Crippling Poison","floor":18},{"not_picked":["Quick Slash","Masterful Stab","Flying Knee"],"picked":"SKIP","floor":24},{"not_picked":["Quick Slash","Masterful Stab","Flying Knee"],"picked":"SKIP","floor":24},{"not_picked":["Cloak And Dagger","Eviscerate","Skewer+1"],"picked":"SKIP","floor":27},{"not_picked":["Dagger Spray","Blade Dance","Outmaneuver"],"picked":"SKIP","floor":28},{"not_picked":["All Out Attack","Escape Plan","Tactician"],"picked":"SKIP","floor":30},{"not_picked":["All Out Attack","Escape Plan","Tactician"],"picked":"SKIP","floor":30},{"not_picked":["Flechettes","Backstab+1"],"picked":"Acrobatics","floor":31},{"not_picked":["Storm of Steel","Bullet Time"],"picked":"Malaise","floor":33},{"not_picked":["Flying Knee","Dagger Throw","Blade Dance"],"picked":"SKIP","floor":35},{"not_picked":["Deflect","Prepared","Bane"],"picked":"SKIP","floor":39},{"not_picked":["Blade Dance+1","Caltrops","Bouncing Flask"],"picked":"SKIP","floor":40},{"not_picked":["Choke","Acrobatics","A Thousand Cuts"],"picked":"SKIP","floor":42},{"not_picked":["Cloak And Dagger+1","Dodge and Roll"],"picked":"PiercingWail+1","floor":44},{"not_picked":["Dodge and Roll+1","Underhanded Strike","Endless Agony"],"picked":"SKIP","floor":55}],"player_experience":1484797,"relics_obtained":[{"floor":8,"key":"Happy Flower"},{"floor":9,"key":"Bag of Marbles"},{"floor":11,"key":"War Paint"},{"floor":14,"key":"Tiny Chest"},{"floor":24,"key":"Calipers"},{"floor":28,"key":"MealTicket"},{"floor":29,"key":"Shuriken"},{"floor":37,"key":"Tingsha"},{"floor":38,"key":"Potion Belt"},{"floor":40,"key":"PreservedInsect"},{"floor":43,"key":"Thread and Needle"},{"floor":48,"key":"FossilizedHelix"},{"floor":55,"key":"Bottled Lightning"}],"event_choices":[{"cards_removed":["Strike_G"],"damage_healed":0,"gold_gain":0,"player_choice":"Purged","damage_taken":0,"max_hp_gain":0,"max_hp_loss":0,"event_name":"Purifier","floor":3,"gold_loss":0},{"damage_healed":0,"gold_gain":0,"player_choice":"Shed Blood","damage_taken":23,"max_hp_gain":5,"max_hp_loss":0,"event_name":"Forgotten Altar","floor":20,"gold_loss":0},{"damage_healed":0,"gold_gain":0,"player_choice":"Ignored","damage_taken":0,"max_hp_gain":0,"max_hp_loss":0,"event_name":"Vampires","floor":21,"gold_loss":0},{"damage_healed":0,"gold_gain":0,"player_choice":"Got Potions","damage_taken":0,"max_hp_gain":0,"max_hp_loss":0,"event_name":"Lab","floor":22,"gold_loss":0},{"damage_healed":0,"gold_gain":0,"player_choice":"Max HP","damage_taken":0,"max_hp_gain":0,"max_hp_loss":4,"event_name":"Winding Halls","floor":36,"gold_loss":0},{"damage_healed":0,"gold_gain":0,"player_choice":"Fight","damage_taken":0,"max_hp_gain":0,"max_hp_loss":0,"event_name":"Mysterious Sphere","floor":37,"gold_loss":0},{"cards_removed":["Bane"],"damage_healed":0,"gold_gain":0,"player_choice":"Removed Attack","damage_taken":0,"max_hp_gain":0,"max_hp_loss":0,"event_name":"Falling","floor":47,"gold_loss":0},{"damage_healed":0,"gold_gain":0,"player_choice":"Fight","damage_taken":0,"max_hp_gain":0,"max_hp_loss":0,"event_name":"MindBloom","floor":48,"gold_loss":0}],"is_beta":false,"boss_relics":[{"not_picked":["WristBlade","Black Star"],"picked":"Philosopher\u0027s Stone"},{"not_picked":["Cursed Key","Busted Crown"],"picked":"Pandora\u0027s Box"}],"items_purged_floors":[41,46],"is_endless":false,"potions_floor_spawned":[4,5,8,13,14,27,28,30,42,44,48,55],"ascension_level":20}}