{"host":"szkvl4ugkslb15zj","time":1613782043,"event":{"mods":["AchievementEnabler","BaseMod","Block Reminder","Card Forge","Colored Map","Colored Powertips","Duelist Mod","GifTheSpireLib","Hero for Fun","HololiveMod","Marisa????????","Minty Spire (QoL Compilation)","Quick Restart","Rare Cards Sparkle","StSLib","The Animator","The Bug Knight","The Cursed","The Exalted","The Gatherer","The Judge","The Mystic","The Poker Player","The Runesmith","The Senshi","The Servant 0.9.4"],"gold_per_floor":[87,87,101,118,137,137,151,151,151,73,94,127,162,183,183,286,286,325,345,378,477,496,496,39,87,138,138,138,150,65,98,98,200,200,234,234,251,292,312,312,327,15,15,15,15,41,58,58,58,62],"floor_reached":51,"language":"ENG","playtime":2883,"items_purged":[],"score":1087,"play_id":"7fe12046-caf2-4724-83c0-24744177c460","local_time":"20210219164723","is_ascension_mode":true,"campfire_choices":[{"data":"Hololive_CallSpadeEcho","floor":6.0,"key":"SMITH"},{"data":"Hololive_Thief","floor":8.0,"key":"SMITH"},{"data":"Hololive_CandyCastle","floor":15.0,"key":"SMITH"},{"data":"Hololive_CallHoushouMarine","floor":23,"key":"SMITH"},{"data":"Hololive_CallMurasakiShion","floor":28,"key":"SMITH"},{"data":"Hololive_Teleport","floor":32,"key":"SMITH"},{"data":"Hololive_CallNakiriAyame","floor":40,"key":"SMITH"},{"data":"Hololive_SummonFox","floor":49,"key":"SMITH"}],"circlet_count":0,"master_deck":["Hololive_CallMinatoAqua","Hololive_CallUsadaPekora","Hololive_CallMurasakiShion+1","Hololive_CallShiranuiFlare","Hololive_CallSpadeEcho+1","Hololive_Breathe","Hololive_Strike+1","Hololive_Strike+1","Hololive_Defend+1","Hololive_Defend+1","Hololive_CandyCastle+1","Hololive_Drill","Hololive_CocoNews","Hololive_CallNakiriAyame+1","Hololive_Thief+1","Hololive_CallHoushouMarine+1","Hololive_Sequa","Hololive_CallNekomataOkayu","Hololive_CallAmaneKanata+1","Hololive_IdolExercise","Hololive_Rebirth","Hololive_SummonFox+1","Hololive_LuckPotion","Hololive_CallInugamiKorone+1","Hololive_FlyingPonyTail","Hololive_CallTsunomakiWatame+1","Hololive_CallYozoraMel+1","Hololive_Teleport+1","Hololive_DurableLive","Hololive_StrengthChampion+1","Hololive_CallYogiri+1","Hololive_Rebound+1","Hololive_Trident+1","animator:Curse_Greed","Hololive_CallNatsuiroMatsuri+1","Hololive_Psychosis+1","Hololive_CallAiraniIofifteen+1"],"relics":["Hololive_TheStar","Hammer of Thor","Seething Fire","Anvil of the Gods","Pen Nib","Ornamental Fan","Kunai","Frozen Egg 2","Sozu","Oddly Smooth Stone","HandDrill","Anchor","Potion Belt","HollowMod:PaleOreRelic","Bromod:ArcanePistoleer","Cursed Key","Mango","Ancient Tea Set"],"acts_visited":["Exordium","TheCity","TheBeyond"],"potions_floor_usage":[33],"damage_taken":[{"damage":0.0,"enemies":"Jaw Worm","floor":1.0,"turns":3.0},{"damage":0.0,"enemies":"Cultist","floor":3.0,"turns":3.0},{"damage":0.0,"enemies":"2 Louse","floor":4.0,"turns":3.0},{"damage":0.0,"enemies":"Large Slime","floor":5.0,"turns":4.0},{"damage":0.0,"enemies":"3 Louse","floor":7.0,"turns":3.0},{"damage":0.0,"enemies":"Exordium Thugs","floor":11.0,"turns":3.0},{"damage":0.0,"enemies":"Blue Slaver","floor":12.0,"turns":2.0},{"damage":0.0,"enemies":"HollowMod:MossKnight","floor":13.0,"turns":3.0},{"damage":0.0,"enemies":"Gremlin Gang","floor":14.0,"turns":4.0},{"damage":0.0,"enemies":"The Guardian","floor":16.0,"turns":5.0},{"damage":0.0,"enemies":"3 Byrds","floor":18.0,"turns":3.0},{"damage":0,"enemies":"2 Thieves","floor":19,"turns":3},{"damage":0,"enemies":"Cultist and Chosen","floor":20,"turns":4},{"damage":0,"enemies":"Shelled Parasite and Fungi","floor":22,"turns":3},{"damage":0,"enemies":"theDuelist:KaibaA2","floor":25,"turns":4},{"damage":0,"enemies":"Snake Plant","floor":29,"turns":2},{"damage":0,"enemies":"Snecko","floor":31,"turns":3},{"damage":0,"enemies":"Automaton","floor":33,"turns":8},{"damage":0,"enemies":"Orb Walker","floor":35,"turns":3},{"damage":0,"enemies":"3 Darklings","floor":37,"turns":4},{"damage":0,"enemies":"Transient","floor":38,"turns":5},{"damage":0,"enemies":"Sphere and 2 Shapes","floor":39,"turns":3},{"damage":0,"enemies":"Maw","floor":41,"turns":5},{"damage":0,"enemies":"Transient","floor":46,"turns":5},{"damage":0,"enemies":"Writhing Mass","floor":47,"turns":2},{"damage":0,"enemies":"Donu and Deca","floor":50,"turns":6}],"seed_played":"-2000170170946291677","potions_obtained":[{"floor":1.0,"key":"LiquidMemories"},{"floor":4.0,"key":"Fire Potion"},{"floor":11.0,"key":"FearPotion"},{"floor":16.0,"key":"LiquidMemories"}],"is_trial":false,"path_per_floor":["M","?","M","M","M","R","M","R","T","$","M","M","E","M","R","B",null,"M","M","M","?","M","R","$","E","T","?","R","M","?","M","R","B",null,"M","?","M","M","M","R","M","$","T","?","$","M","M","?","R","B",null],"character_chosen":"Hololive_HololiveCharacter","items_purchased":["Hololive_CallHoushouMarine","Oddly Smooth Stone","HandDrill","Anchor","Mango"],"campfire_rested":0,"item_purchase_floors":[10,24,24,24,42],"current_hp_per_floor":[35,23,23,23,23,23,23,23,23,23,23,23,23,23,23,23,35,35,35,35,35,35,35,35,35,35,35,35,35,35,35,35,35,35,35,35,35,35,35,35,35,49,49,49,49,49,49,47,47,47],"gold":62,"neow_bonus":"RANDOM_COMMON_RELIC","is_daily":false,"chose_seed":false,"campfire_upgraded":8,"win_rate":0.0,"timestamp":1613782043,"path_taken":["M","?","M","M","M","R","M","R","T","?","M","M","E","M","R","BOSS","M","M","M","?","M","R","$","E","T","?","R","M","?","M","R","BOSS","M","?","M","M","M","R","M","?","T","?","$","?","M","?","R","BOSS"],"items_purchased_type":["Card","Relic","Relic","Relic","Relic"],"build_version":"2020-12-22","purchased_purges":0,"victory":true,"max_hp_per_floor":[35,35,35,35,35,35,35,35,35,35,35,35,35,35,35,35,35,35,35,35,35,35,35,35,35,35,35,35,35,35,35,35,35,35,35,35,35,35,35,35,35,49,49,49,49,49,49,47,47,47],"card_choices":[{"not_picked":["Hololive_DevilCharm","Hololive_Sequa","Hololive_Trident"],"picked":"Hololive_CandyCastle","floor":1.0},{"not_picked":["Hololive_CallAmaneKanata","Hololive_RevenueBasedLive","Hololive_Rebound"],"picked":"Hololive_Drill","floor":3.0},{"not_picked":["Hololive_RevenueBasedLive","Hololive_Psychosis","Hololive_Sequa"],"picked":"Hololive_CocoNews","floor":4.0},{"not_picked":["Hololive_CocoNews","Hololive_CallDoris","Hololive_OvertimeWork"],"picked":"Hololive_CallNakiriAyame","floor":5.0},{"not_picked":["Hololive_Psychosis","Hololive_Drill","Hololive_FlyingPonyTail"],"picked":"Hololive_Thief","floor":7.0},{"not_picked":["Hololive_CocoNews","Hololive_CallShiranuiFlare","Hololive_CallSpadeEcho"],"picked":"Hololive_Sequa","floor":11.0},{"not_picked":["Hololive_CocoNews","Hololive_Drill","Hololive_CallShiranuiFlare"],"picked":"Hololive_CallNekomataOkayu","floor":12.0},{"not_picked":["Hololive_Trident","Hololive_Sequa","Hololive_HuntDinosaur"],"picked":"Hololive_CallAmaneKanata+1","floor":13.0},{"not_picked":["Hololive_Breathe","Hololive_Rebound","Hololive_CallRosalyn+1"],"picked":"Hololive_IdolExercise","floor":14.0},{"not_picked":["Hololive_AWSL","Hololive_Thief","Hololive_Recruit"],"picked":"Hololive_Rebirth","floor":16.0},{"not_picked":["Hololive_Sequa","Hololive_Psychosis","Hololive_CocoNews"],"picked":"Hololive_SummonFox","floor":18.0},{"not_picked":["Hololive_Drill+1","Hololive_CallDoris+1","Hololive_Trident"],"picked":"Hololive_LuckPotion","floor":19},{"not_picked":["Hololive_HuntDinosaur+1","Hololive_CallRosalyn+1","Hololive_Trident+1"],"picked":"Hololive_CallInugamiKorone+1","floor":20},{"not_picked":["Hololive_CallYukihanaLamy+1","Hololive_HuntDinosaur+1","Hololive_OvertimeWork"],"picked":"Hololive_FlyingPonyTail","floor":22},{"not_picked":["Hololive_CallRosalyn+1","Hololive_CandyCastle","Hololive_LuckPotion"],"picked":"Hololive_CallTsunomakiWatame+1","floor":25},{"not_picked":["Hololive_CallRosalyn+1","Hololive_HuntDinosaur","Hololive_RevenueBasedLive"],"picked":"Hololive_CallYozoraMel+1","floor":29},{"not_picked":["Hololive_CallMurasakiShion+1","Hololive_StrengthChampion","Hololive_CallMinatoAqua+1"],"picked":"Hololive_Teleport","floor":31},{"not_picked":["Hololive_WolfAndLamb","Hololive_Rebirth","Hololive_OpenUp"],"picked":"Hololive_DurableLive","floor":33},{"not_picked":["Hololive_OvertimeWork","Hololive_CallTsunomakiWatame+1","Hololive_FlyingPonyTail"],"picked":"Hololive_StrengthChampion+1","floor":35},{"not_picked":["Hololive_Breathe+1","Hololive_Drill+1","Hololive_CocoNews"],"picked":"Hololive_CallYogiri+1","floor":37},{"not_picked":["Hololive_OvertimeWork+1","Hololive_ILoveYou","Hololive_Trident+1"],"picked":"Hololive_Rebound+1","floor":38},{"not_picked":["Hololive_RevenueBasedLive","Hololive_HuntDinosaur","Hololive_CocoNews+1"],"picked":"Hololive_Trident+1","floor":39},{"not_picked":["Hololive_Drill+1","Hololive_Sequa","Hololive_Rebound+1"],"picked":"Hololive_AWSL","floor":41},{"not_picked":["Hololive_HuntDinosaur+1","Hololive_Trident+1","Hololive_CallMinatoAqua+1"],"picked":"Hololive_Psychosis+1","floor":46},{"not_picked":["Hololive_CocoNews+1","Hololive_BringToTrial+1","Hololive_CallUsadaPekora+1"],"picked":"Hololive_CallAiraniIofifteen+1","floor":47}],"player_experience":334844,"relics_obtained":[{"floor":9.0,"key":"Kunai"},{"floor":13.0,"key":"Frozen Egg 2"},{"floor":25,"key":"Potion Belt"},{"floor":26,"key":"HollowMod:PaleOreRelic"},{"floor":43,"key":"Ancient Tea Set"}],"event_choices":[{"damage_healed":0.0,"max_hp_gain":0.0,"max_hp_loss":0.0,"gold_gain":0.0,"event_name":"Scrap Ooze","player_choice":"Success","floor":2.0,"gold_loss":0.0,"damage_taken":12.0,"relics_obtained":["Ornamental Fan"]},{"damage_healed":0,"gold_gain":99,"player_choice":"Stole From Cult","damage_taken":0,"max_hp_gain":0,"max_hp_loss":0,"event_name":"Nest","floor":21,"gold_loss":0},{"damage_healed":0,"gold_gain":0,"player_choice":"Simplicity","damage_taken":0,"max_hp_gain":0,"max_hp_loss":0,"event_name":"Back to Basics","floor":27,"gold_loss":0,"cards_upgraded":["Hololive_Strike","Hololive_Strike","Hololive_Defend","Hololive_Defend"]},{"damage_healed":0,"gold_gain":0,"player_choice":"Obtained Relic","damage_taken":0,"relics_obtained":["Bromod:ArcanePistoleer"],"max_hp_gain":0,"max_hp_loss":0,"event_name":"Addict","floor":30,"gold_loss":85},{"damage_healed":0,"gold_gain":0,"player_choice":"Ignored","damage_taken":0,"max_hp_gain":0,"max_hp_loss":0,"event_name":"Purifier","floor":36,"gold_loss":0},{"damage_healed":0,"gold_gain":0,"cards_transformed":["Hololive_AWSL"],"player_choice":"Transformed","damage_taken":0,"max_hp_gain":0,"max_hp_loss":0,"event_name":"Transmorgrifier","floor":44,"gold_loss":0,"cards_obtained":["Hololive_CallNatsuiroMatsuri"]},{"damage_healed":0,"gold_gain":0,"player_choice":"Max HP","damage_taken":0,"max_hp_gain":0,"max_hp_loss":2,"event_name":"Winding Halls","floor":48,"gold_loss":0}],"is_beta":false,"boss_relics":[{"not_picked":["Velvet Choker","Ectoplasm"],"picked":"Sozu"},{"not_picked":["Astrolabe","SlaversCollar"],"picked":"Cursed Key"}],"items_purged_floors":[],"is_endless":false,"potions_floor_spawned":[1,4,11,16,19,25,38,41,47],"ascension_level":3}}