{"host":"wbn3xdfsa5pc2kse","time":1613800929,"event":{"mods":["AchievementEnabler","BaseMod","Bestiary","Colored Map","Colored Powertips","Curses Come First","Highlight Path","Minty Spire (QoL Compilation)","Permanent Neow","Rare Cards Sparkle","Relic Stats","StSLib"],"gold_per_floor":[114,129,145,145,145,176,176,195,220,243,243,286,286,311,311,400,400,414,414,435,453,58,96,16,16,16,34,77,77,115,128,128,218,218,232,256,287,287,24,57,72,85,85,126,1,21,354,101,101,101,101,101,2,35,35],"floor_reached":56,"language":"ZHT","playtime":2762,"items_purged":["Strike_R","Defend_R","Strike_R+1"],"score":2239,"play_id":"a9176b29-0953-4d2e-adf1-60e81ae956a6","local_time":"20210220140209","is_ascension_mode":true,"campfire_choices":[{"data":"Fiend Fire","floor":7.0,"key":"SMITH"},{"data":"Bash","floor":11.0,"key":"SMITH"},{"data":"True Grit","floor":13.0,"key":"SMITH"},{"data":"Pommel Strike","floor":15.0,"key":"SMITH"},{"data":"Feel No Pain","floor":25.0,"key":"SMITH"},{"floor":29.0,"key":"REST"},{"data":"Dark Embrace","floor":32.0,"key":"SMITH"},{"floor":49.0,"key":"RECALL"},{"data":"Barricade","floor":52.0,"key":"SMITH"}],"circlet_count":0,"master_deck":["AscendersBane","Defend_R+1","Defend_R","Defend_R","Bash+1","Pommel Strike+1","Rampage","Fiend Fire+1","Feel No Pain+1","Spot Weakness+1","True Grit+1","Reaper","Second Wind","Thunderclap+1","Dual Wield","Feel No Pain+1","Headbutt","Dark Embrace+1","Barricade+1","CurseOfTheBell","Burning Pact+1","Seeing Red+1","Offering+1","Ghostly Armor+1","Battle Trance+1","Offering+1","Fire Breathing","Warcry+1","Burning Pact+1"],"relics":["Velvet Choker","MealTicket","Regal Pillow","Akabeko","Empty Cage","Happy Flower","HandDrill","Art of War","Bag of Preparation","Mummified Hand","Whetstone","Calling Bell","Bag of Marbles","Toxic Egg 2","Dead Branch","Mango","Strawberry","Omamori","TungstenRod","Vajra","War Paint"],"acts_visited":["Exordium","TheCity","TheBeyond","TheEnding"],"potions_floor_usage":[55,55],"damage_taken":[{"damage":0.0,"enemies":"Small Slimes","floor":1.0,"turns":3.0},{"damage":3.0,"enemies":"2 Louse","floor":2.0,"turns":3.0},{"damage":4.0,"enemies":"Jaw Worm","floor":3.0,"turns":4.0},{"damage":20.0,"enemies":"Lagavulin","floor":6.0,"turns":7.0},{"damage":9.0,"enemies":"Red Slaver","floor":8.0,"turns":2.0},{"damage":0.0,"enemies":"Looter","floor":10.0,"turns":1.0},{"damage":0.0,"enemies":"Gremlin Nob","floor":12.0,"turns":2.0},{"damage":5.0,"enemies":"Blue Slaver","floor":14.0,"turns":3.0},{"damage":31.0,"enemies":"Hexaghost","floor":16.0,"turns":8.0},{"damage":24.0,"enemies":"3 Byrds","floor":18.0,"turns":6.0},{"damage":14.0,"enemies":"2 Thieves","floor":20.0,"turns":4.0},{"damage":10.0,"enemies":"Snecko","floor":21.0,"turns":4.0},{"damage":66.0,"enemies":"Book of Stabbing","floor":23.0,"turns":6.0},{"damage":20.0,"enemies":"Centurion and Healer","floor":27.0,"turns":4.0},{"damage":43.0,"enemies":"Slavers","floor":28.0,"turns":6.0},{"damage":28.0,"enemies":"Book of Stabbing","floor":30.0,"turns":6.0},{"damage":0.0,"enemies":"Cultist and Chosen","floor":31.0,"turns":5.0},{"damage":48.0,"enemies":"Champ","floor":33.0,"turns":10.0},{"damage":3.0,"enemies":"Orb Walker","floor":35.0,"turns":4.0},{"damage":4.0,"enemies":"3 Shapes","floor":36.0,"turns":9.0},{"damage":0.0,"enemies":"Mind Bloom Boss Battle","floor":37.0,"turns":1.0},{"damage":6.0,"enemies":"Giant Head","floor":40.0,"turns":6.0},{"damage":29.0,"enemies":"Transient","floor":41.0,"turns":5.0},{"damage":9.0,"enemies":"Sphere and 2 Shapes","floor":42.0,"turns":5.0},{"damage":11.0,"enemies":"Nemesis","floor":44.0,"turns":5.0},{"damage":0.0,"enemies":"4 Shapes","floor":46.0,"turns":7.0},{"damage":21.0,"enemies":"Awakened One","floor":50.0,"turns":15.0},{"damage":23.0,"enemies":"Shield and Spear","floor":54.0,"turns":7.0},{"damage":12,"enemies":"The Heart","floor":55,"turns":9}],"seed_played":"-4055181387503371612","potions_obtained":[{"floor":3.0,"key":"FairyPotion"},{"floor":6.0,"key":"Energy Potion"},{"floor":8.0,"key":"Swift Potion"},{"floor":12.0,"key":"FairyPotion"},{"floor":20.0,"key":"Dexterity Potion"},{"floor":35.0,"key":"Swift Potion"},{"floor":54.0,"key":"PowerPotion"}],"is_trial":false,"path_per_floor":["M","M","M","?","?","E","R","M","T","M","R","E","R","M","R","B",null,"M","?","M","M","$","E","$","R","T","M","E","R","E","M","R","B",null,"M","M","?","?","$","E","M","M","T","E","$","M","?","$","R","B",null,"R","$","E","B",null],"character_chosen":"IRONCLAD","items_purchased":["Happy Flower","HandDrill","Dual Wield","Strawberry","Vajra","Offering+1","Fire Breathing","Warcry+1"],"campfire_rested":1,"item_purchase_floors":[22,22,24,39,48,48,53,53],"current_hp_per_floor":[68,65,61,61,66,46,46,37,37,37,37,37,37,32,32,1,55,37,37,53,43,58,7,22,22,22,26,19,55,39,47,47,9,57,58,73,87,83,90,84,71,70,70,78,90,90,90,90,90,89,90,90,90,80,75],"gold":35,"neow_bonus":"BOSS_RELIC","is_daily":false,"chose_seed":false,"campfire_upgraded":7,"win_rate":0.0,"timestamp":1613800929,"path_taken":["M","M","M","?","?","E","R","M","T","M","R","E","R","M","R","BOSS","M","?","M","?","$","E","$","R","T","M","E","R","E","M","R","BOSS","M","M","?","?","$","E","M","M","T","E","$","M","?","?","R","BOSS","R","$","E","BOSS"],"items_purchased_type":["Relic","Relic","Card","Relic","Relic","Card","Card","Card"],"build_version":"2020-12-22","purchased_purges":3,"victory":true,"max_hp_per_floor":[75,75,75,68,73,73,73,73,73,73,73,73,73,73,73,73,73,73,73,73,73,73,73,73,73,73,73,73,73,73,73,73,73,73,73,73,87,83,90,90,90,90,90,90,90,90,90,90,90,90,90,90,90,90,90],"relic_stats":{"Regal Pillow":15,"Happy Flower":[36],"counters":[29,157],"Dead Branch":[256],"Bag of Preparation":[32],"Whetstone":["Strike_R","Thunderclap"],"War Paint":["Spot Weakness","Defend_R"],"Mummified Hand":[101],"MealTicket":42,"HandDrill":[14],"Art of War":[16],"obtain_stats":[{"Regal Pillow":9,"Happy Flower":22,"Golden Idol":4,"Dead Branch":34,"Velvet Choker":0,"Vajra":48,"Mango":37,"Bag of Preparation":26,"Omamori":40,"Whetstone":30,"War Paint":54,"Empty Cage":17,"Burning Blood":0,"Akabeko":12,"Calling Bell":34,"Mummified Hand":28,"Strawberry":39,"MealTicket":6,"HandDrill":22,"Art of War":23,"Bag of Marbles":34,"Toxic Egg 2":34,"TungstenRod":44},{"Regal Pillow":5,"Happy Flower":12,"Golden Idol":3,"Dead Branch":18,"Velvet Choker":0,"Vajra":26,"Mango":21,"Bag of Preparation":13,"Omamori":22,"Whetstone":16,"War Paint":28,"Empty Cage":9,"Burning Blood":0,"Akabeko":7,"Calling Bell":18,"Mummified Hand":15,"Strawberry":21,"MealTicket":4,"HandDrill":12,"Art of War":13,"Bag of Marbles":18,"Toxic Egg 2":18,"TungstenRod":25},{"Regal Pillow":19,"Happy Flower":47,"Golden Idol":10,"Dead Branch":84,"Velvet Choker":0,"Vajra":126,"Mango":98,"Bag of Preparation":53,"Omamori":104,"Whetstone":69,"War Paint":148,"Empty Cage":33,"Burning Blood":0,"Akabeko":22,"Calling Bell":84,"Mummified Hand":63,"Strawberry":98,"MealTicket":17,"HandDrill":47,"Art of War":53,"Bag of Marbles":84,"Toxic Egg 2":84,"TungstenRod":119}],"TungstenRod":20},"card_choices":[{"not_picked":["Blood for Blood","Armaments"],"picked":"Pommel Strike","floor":1.0},{"not_picked":["Flex","Blood for Blood"],"picked":"Rampage","floor":2.0},{"not_picked":["Warcry","Uppercut"],"picked":"Fiend Fire","floor":3.0},{"not_picked":["Armaments","Iron Wave"],"picked":"Feel No Pain","floor":6.0},{"not_picked":["Flex","Heavy Blade","Thunderclap"],"picked":"SKIP","floor":8.0},{"not_picked":["Power Through","Heavy Blade"],"picked":"Spot Weakness","floor":10.0},{"not_picked":["Entrench","Rampage"],"picked":"True Grit","floor":12.0},{"not_picked":["Warcry","Sword Boomerang","Havoc"],"picked":"SKIP","floor":14.0},{"not_picked":["Barricade","Offering"],"picked":"Reaper","floor":16.0},{"not_picked":["Armaments","Iron Wave"],"picked":"Second Wind","floor":18.0},{"not_picked":["Cleave","Rampage"],"picked":"Thunderclap","floor":20.0},{"not_picked":["Warcry","Havoc","Anger"],"picked":"SKIP","floor":21.0},{"not_picked":["Wild Strike","Armaments","Infernal Blade"],"picked":"SKIP","floor":23.0},{"not_picked":["Fiend Fire","Headbutt"],"picked":"Feel No Pain+1","floor":27.0},{"not_picked":["Dual Wield","Anger","Thunderclap"],"picked":"SKIP","floor":28.0},{"not_picked":["Armaments","Whirlwind"],"picked":"Headbutt","floor":30.0},{"not_picked":["Spot Weakness","Warcry"],"picked":"Dark Embrace","floor":31.0},{"not_picked":["Limit Break","Brutality"],"picked":"Barricade","floor":33.0},{"not_picked":["Dropkick","Iron Wave","Headbutt+1"],"picked":"SKIP","floor":35.0},{"not_picked":["Fire Breathing","Second Wind+1"],"picked":"Burning Pact+1","floor":36.0},{"not_picked":["Headbutt","Armaments+1"],"picked":"Seeing Red+1","floor":37.0},{"not_picked":["Sword Boomerang+1","Rupture"],"picked":"Offering+1","floor":40.0},{"not_picked":["Iron Wave","Fire Breathing","Rampage"],"picked":"SKIP","floor":41.0},{"not_picked":["Cleave","Thunderclap"],"picked":"Ghostly Armor+1","floor":42.0},{"not_picked":["Twin Strike+1","Havoc+1","Hemokinesis"],"picked":"SKIP","floor":44.0},{"not_picked":["Cleave","Evolve"],"picked":"Battle Trance+1","floor":46.0},{"not_picked":["Body Slam","Sword Boomerang"],"picked":"Burning Pact+1","floor":54.0}],"player_experience":830895,"relics_obtained":[{"floor":6.0,"key":"MealTicket"},{"floor":9.0,"key":"Regal Pillow"},{"floor":12.0,"key":"Akabeko"},{"floor":23.0,"key":"Art of War"},{"floor":26.0,"key":"Bag of Preparation"},{"floor":28.0,"key":"Mummified Hand"},{"floor":30.0,"key":"Whetstone"},{"floor":34.0,"key":"Bag of Marbles"},{"floor":34.0,"key":"Toxic Egg 2"},{"floor":34.0,"key":"Dead Branch"},{"floor":37.0,"key":"Mango"},{"floor":40.0,"key":"Omamori"},{"floor":44.0,"key":"TungstenRod"},{"floor":54.0,"key":"War Paint"}],"event_choices":[{"damage_healed":0.0,"max_hp_gain":0.0,"max_hp_loss":7.0,"gold_gain":0.0,"event_name":"Golden Idol","player_choice":"Lose Max HP","floor":4.0,"gold_loss":0.0,"damage_taken":0.0,"relics_obtained":["Golden Idol"]},{"damage_healed":0.0,"max_hp_gain":5.0,"max_hp_loss":0.0,"gold_gain":0.0,"event_name":"Big Fish","player_choice":"Donut","floor":5.0,"gold_loss":0.0,"damage_taken":0.0},{"cards_removed":["Strike_R"],"damage_healed":0.0,"max_hp_gain":0.0,"max_hp_loss":0.0,"gold_gain":0.0,"event_name":"Bonfire Elementals","player_choice":"Offered Basic","floor":19.0,"gold_loss":0.0,"damage_taken":0.0},{"damage_healed":0.0,"max_hp_gain":0.0,"max_hp_loss":0.0,"gold_gain":0.0,"event_name":"MindBloom","player_choice":"Fight","floor":37.0,"gold_loss":0.0,"damage_taken":0.0},{"damage_healed":0.0,"max_hp_gain":0.0,"max_hp_loss":4.0,"gold_gain":0.0,"event_name":"Winding Halls","player_choice":"Max HP","floor":38.0,"gold_loss":0.0,"damage_taken":0.0},{"damage_healed":0.0,"max_hp_gain":0.0,"max_hp_loss":0.0,"gold_gain":333.0,"event_name":"The Moai Head","player_choice":"Gave Idol","floor":47.0,"relics_lost":["Golden Idol"],"gold_loss":0.0,"damage_taken":0.0}],"is_beta":false,"boss_relics":[{"not_picked":["Mark of Pain","SlaversCollar"],"picked":"Empty Cage"},{"not_picked":["Runic Dome","Snecko Eye"],"picked":"Calling Bell"}],"items_purged_floors":[22,39,45],"is_endless":false,"potions_floor_spawned":[3,6,8,12,20,23,33,35,40,41,44,54],"ascension_level":16}}