{"host":"yp2ga117svxnbcen","time":1613861891,"event":{"mods":["Act Like it!","Aspiration","BaseMod","BetterRewards","ChefMod","Colored Map","Conspire","Custom Start","Downfall","Elementarium","Gensokyo","GifTheSpireLib","Gold Saver","GungeonMod","Halation","Hallownest","Hermit","HornydragonMod","Hubris","Menagerie","Minty Spire (QoL Compilation)","Quick Restart","Remove Card Discount Mod","Replay The Spire","Shop Mod","Spicy Shops","StSLib","Stuff the Spire","The Blue Laboratory","The IronCluck","egg","slay the spire mod where everything is the same but ironclad has a cowboy hat","??????REMEMod"],"gold_per_floor":[807,807,824,837,453,453,466,466,517,555,555,604,738,643,643,742,742,766,766,782,567,586,586,602,619,619,619,229,229,328,47,47,152,152,162,162,162],"floor_reached":36,"language":"ENG","playtime":1163,"items_purged":["Crystallizer","Doubt","Strike_B","Strike_B","Strike_B","Strike_B"],"score":492,"play_id":"1df6e95f-efeb-48f1-ae90-e9f7f1537dfc","local_time":"20210220145811","is_ascension_mode":true,"campfire_choices":[{"data":"Zap","floor":6.0,"key":"SMITH"},{"data":"StuffTheSpire:Plugnplay","floor":8.0,"key":"SMITH"},{"data":"StuffTheSpire:LoadUp","floor":11.0,"key":"SMITH"},{"data":"StuffTheSpire:Synthwave","floor":15.0,"key":"SMITH"},{"floor":23.0,"key":"REST"},{"floor":27.0,"key":"RECALL"},{"floor":29.0,"key":"REST"}],"circlet_count":0,"master_deck":["Defend_B","Defend_B","Defend_B","Defend_B","Zap+1","Dualcast+1","Ball Lightning","ReplayTheSpireMod:Calculation Training+1","Doppelganger","Leap","Leap","Capacitor","StuffTheSpire:Plugnplay+1","StuffTheSpire:LoadUp+1","StuffTheSpire:Synthwave+1","Heatsinks+1","Defragment","Buffer","Electrodynamics","StuffTheSpire:LoadUp","Madness+1","Leap+1","White Noise","Thunder Strike","StuffTheSpire:Synthwave","Echo Form","Loop","Bite","Bite","Bite","Bite","Bite","Machine Learning","Auto Shields+1"],"relics":["Cracked Core","REME_ComplimentaryCards","Akabeko","Oddly Smooth Stone","War Paint","Replay:Bandana","hubris:OldNail","StuffTheSpire:TintedRock","hubris:GlazedTorus","MealTicket","Fusion Hammer","Prayer Wheel","Darkstone Periapt","Membership Card","Orrery","hubris:RGBLights","hubris:Zylophone","hubris:MysteriousPyramids","SlaversCollar"],"acts_visited":["Exordium","TheCity","TheBeyond"],"potions_floor_usage":[33,36],"damage_taken":[{"damage":0.0,"enemies":"conspire:RoseBush","floor":1.0,"turns":2.0},{"damage":6.0,"enemies":"Cultist","floor":3.0,"turns":3.0},{"damage":11.0,"enemies":"Jaw Worm","floor":4.0,"turns":3.0},{"damage":10.0,"enemies":"Large Slime","floor":7.0,"turns":5.0},{"damage":0.0,"enemies":"Replay:BlueRogue","floor":10.0,"turns":5.0},{"damage":4.0,"enemies":"3 Sentries","floor":13.0,"turns":3.0},{"damage":0.0,"enemies":"Slime Boss","floor":16.0,"turns":4.0},{"damage":9.0,"enemies":"Chosen","floor":18.0,"turns":4.0},{"damage":13.0,"enemies":"Shell Parasite","floor":20.0,"turns":4.0},{"damage":21.0,"enemies":"Snake Plant","floor":22.0,"turns":4.0},{"damage":31.0,"enemies":"Shelled Parasite and Fungi","floor":24.0,"turns":3.0},{"damage":0.0,"enemies":"Centurion and Healer","floor":25.0,"turns":5.0},{"damage":42,"enemies":"Automaton","floor":33,"turns":7},{"damage":7,"enemies":"3 Shapes","floor":35,"turns":6},{"damage":46,"enemies":"2 Orb Walkers","floor":36,"turns":2}],"seed_played":"-492217854642115214","potions_obtained":[{"floor":1.0,"key":"blueLaboratory:ForbiddenFruitJuice"},{"floor":7.0,"key":"blueLaboratory:RelayPotion"},{"floor":16.0,"key":"blueLaboratory:PlasmaFuel"},{"floor":22.0,"key":"blueLaboratory:SystemWipe"},{"floor":33,"key":"ColorlessPotion"}],"is_trial":false,"path_per_floor":["M","?","M","M","$","R","M","R","T","E","R","T","E","$","R","B",null,"M","?","M","$","M","R","M","M","T","R","$","R","?","$","R_BF","B",null,"M","?"],"character_chosen":"DEFECT","items_purchased":["Akabeko","Ball Lightning","LiquidBronze","Oddly Smooth Stone","War Paint","Capacitor","MealTicket","StuffTheSpire:Synthwave","Electrodynamics","StuffTheSpire:LoadUp","Membership Card","Orrery","hubris:RGBLights","Loop","hubris:Zylophone","hubris:MysteriousPyramids"],"campfire_rested":2,"item_purchase_floors":[0,0,0,5,5,5,14,14,21,21,28,28,28,28,31,31],"current_hp_per_floor":[75,75,69,58,58,58,48,48,48,48,48,48,44,44,44,44,75,66,66,53,68,47,69,38,65,65,65,65,65,65,65,45,7,45,38,0,0],"gold":162,"neow_bonus":"","is_daily":false,"chose_seed":false,"campfire_upgraded":4,"win_rate":0.0,"timestamp":1613861891,"path_taken":["M","?","M","M","$","R","?","R","T","E","R","?","E","?","R","BOSS","M","?","?","$","M","R","M","M","T","R","$","R","?","$","R_BF","BOSS","M","?"],"items_purchased_type":["Relic","Card","Potion","Relic","Relic","Card","Relic","Card","Card","Card","Relic","Relic","Relic","Card","Relic","Relic"],"build_version":"2020-12-22","purchased_purges":6,"victory":false,"max_hp_per_floor":[75,75,75,75,75,75,75,75,75,75,75,75,75,75,75,75,75,75,75,75,75,75,75,75,65,65,65,65,65,65,65,45,45,45,45,45,45],"card_choices":[{"not_picked":["Streamline","Force Field"],"picked":"ReplayTheSpireMod:Calculation Training","floor":1.0},{"not_picked":["Coolheaded","BasicCrystalCard"],"picked":"Leap","floor":3.0},{"not_picked":["Sweeping Beam","Doom and Gloom"],"picked":"Leap","floor":4.0},{"not_picked":["Panic Button","Compile Driver"],"picked":"StuffTheSpire:Plugnplay","floor":7.0},{"not_picked":["REME_Compress","StuffTheSpire:Plugnplay"],"picked":"StuffTheSpire:LoadUp","floor":10.0},{"not_picked":["ReplaySolidLightProjector","Reprogram","REME_ForAll"],"picked":"SKIP","floor":13.0},{"not_picked":["StuffTheSpire:Purify","REME_ForAll"],"picked":"ReplayTheSpireMod:Fabricate Wheel","floor":16.0},{"not_picked":["Streamline","Cold Snap+1"],"picked":"Heatsinks+1","floor":18.0},{"not_picked":["StuffTheSpire:Plugnplay","Steam","Scrape"],"picked":"SKIP","floor":18.0},{"not_picked":["StuffTheSpire:Coldhearted","Cold Snap"],"picked":"Buffer","floor":20.0},{"not_picked":["Stack","Ball Lightning"],"picked":"StuffTheSpire:SnapShoot+1","floor":20.0},{"not_picked":["Streamline","Hologram","Barrage"],"picked":"SKIP","floor":22.0},{"not_picked":["Gash","Coolheaded","Beam Cell"],"picked":"SKIP","floor":22.0},{"not_picked":["Turbo","Lockon","Streamline+1"],"picked":"SKIP","floor":24.0},{"not_picked":["StuffTheSpire:EventHorizon","BasicCrystalCard","Melter"],"picked":"SKIP","floor":24.0},{"not_picked":["Go for the Eyes","Fusion"],"picked":"Leap+1","floor":25.0},{"not_picked":["Rip and Tear","Beam Cell","Rebound"],"picked":"SKIP","floor":25.0},{"not_picked":["StuffTheSpire:ShieldGenerator","StuffTheSpire:Plugnplay"],"picked":"White Noise","floor":28.0},{"not_picked":["Defragment","Hologram"],"picked":"Thunder Strike","floor":28.0},{"not_picked":["Genetic Algorithm","Conserve Battery"],"picked":"StuffTheSpire:Synthwave","floor":28.0},{"not_picked":["Amplify","Compile Driver+1"],"picked":"Echo Form","floor":28.0},{"not_picked":["hubris:Prefetch","Rainbow"],"picked":"Machine Learning","floor":33},{"not_picked":["Lockon+1","StuffTheSpire:Plugnplay"],"picked":"Auto Shields+1","floor":35},{"not_picked":["REME_Compress","Barrage","Streamline"],"picked":"SKIP","floor":35}],"player_experience":1180863,"relics_obtained":[{"floor":9.0,"key":"Replay:Bandana"},{"floor":10.0,"key":"hubris:OldNail"},{"floor":12.0,"key":"StuffTheSpire:TintedRock"},{"floor":13.0,"key":"hubris:GlazedTorus"},{"floor":26.0,"key":"Darkstone Periapt"}],"event_choices":[{"damage_healed":0.0,"max_hp_gain":0.0,"max_hp_loss":0.0,"gold_gain":0.0,"event_name":"Match and Keep!","player_choice":"1 cards matched","floor":2.0,"gold_loss":0.0,"damage_taken":0.0,"cards_obtained":["Crystallizer"]},{"damage_healed":0.0,"max_hp_gain":0.0,"max_hp_loss":0.0,"gold_gain":0.0,"event_name":"The Library","player_choice":"Read","floor":19.0,"gold_loss":0.0,"damage_taken":0.0,"cards_obtained":["Defragment"]},{"damage_healed":0.0,"max_hp_gain":0.0,"max_hp_loss":0.0,"gold_gain":99.0,"event_name":"Nest","player_choice":"Stole From Cult","floor":30.0,"gold_loss":0.0,"damage_taken":0.0},{"damage_healed":0.0,"max_hp_gain":0.0,"max_hp_loss":20.0,"gold_gain":0.0,"event_name":"Vampires","player_choice":"Became a vampire","floor":32.0,"gold_loss":0.0,"damage_taken":0.0,"cards_obtained":["Bite","Bite","Bite","Bite","Bite"]},{"damage_healed":0,"gold_gain":0,"player_choice":"Fight","damage_taken":0,"max_hp_gain":0,"max_hp_loss":0,"event_name":"Mysterious Sphere","floor":36,"gold_loss":0}],"is_beta":false,"boss_relics":[{"not_picked":["halation:Yufonium","Honey Jar"],"picked":"Fusion Hammer"},{"not_picked":["FrozenCore","halation:HeavySnake"],"picked":"SlaversCollar"}],"items_purged_floors":[5,14,21,21,21,21],"is_endless":false,"potions_floor_spawned":[1,3,7,16,22,33],"killed_by":"2 Orb Walkers","ascension_level":1}}