{"host":"delta","time":1613832569,"event":{"mods":["Act Like it!","BaseMod","Lobotomy","Minty Spire (QoL Compilation)","StSLib","The Hierophant","WarShipGirlsR/战舰少女R mod","残留之物"],"gold_per_floor":[112,112,129,147,39,39,92,92,92,92,167,193,193,368,368,368,368],"floor_reached":16,"language":"ZHS","playtime":628,"items_purged":[],"score":98,"play_id":"f78b5068-2ca2-49b6-b4d8-ecd67255cbbe","local_time":"20210220224929","is_ascension_mode":false,"campfire_choices":[{"data":"hierophant:Doubloon","floor":6.0,"key":"SMITH"},{"data":"hierophant:Generosity","floor":8.0,"key":"SMITH"},{"data":"hierophant:Endure","floor":15,"key":"SMITH"}],"circlet_count":0,"master_deck":["hierophant:Strike_Hierophant","hierophant:Strike_Hierophant","hierophant:Strike_Hierophant+1","hierophant:Punish","hierophant:Defend_Hierophant","hierophant:Defend_Hierophant","hierophant:Defend_Hierophant+1","hierophant:Defend_Hierophant","hierophant:ChurchCoffers","Madness","hierophant:Endure+1","hierophant:FaithHealing","hierophant:RustyCrate","hierophant:Doubloon+1","hierophant:Doubloon","hierophant:PassingBell","hierophant:Doubloon","hierophant:Generosity+1","hierophant:Batter","Injury","Doubt"],"relics":["hierophant:PropheticMaskRelic","Pear","Bottled Lightning","Golden Idol"],"acts_visited":["Exordium"],"potions_floor_usage":[16],"damage_taken":[{"damage":2.0,"enemies":"Small Slimes","floor":1.0,"turns":4.0},{"damage":0.0,"enemies":"Jaw Worm","floor":3.0,"turns":4.0},{"damage":0.0,"enemies":"2 Louse","floor":4.0,"turns":1.0},{"damage":29.0,"enemies":"3 Sentries","floor":7.0,"turns":11.0},{"damage":4,"enemies":"2 Fungi Beasts","floor":12,"turns":4},{"damage":24,"enemies":"The Guardian","floor":16,"turns":2}],"seed_played":"-2953006732255906504","potions_obtained":[{"floor":1.0,"key":"Block Potion"},{"floor":12,"key":"Explosive Potion"}],"is_trial":false,"path_per_floor":["M","?","M","M","$","R","E","R","T","?","?","M","?","?","R","B"],"character_chosen":"HIEROPHANT","items_purchased":["hierophant:RustyCrate","hierophant:PassingBell"],"campfire_rested":0,"item_purchase_floors":[5,5],"current_hp_per_floor":[73,58,58,58,58,58,39,39,39,32,21,17,17,17,17,0,0],"gold":368,"neow_bonus":"RANDOM_COLORLESS","is_daily":false,"chose_seed":false,"campfire_upgraded":3,"win_rate":0.0,"timestamp":1613832569,"path_taken":["M","?","M","M","$","R","E","R","T","?","?","M","?","?","R","BOSS"],"items_purchased_type":["Card","Card"],"build_version":"2020-12-18","purchased_purges":0,"victory":false,"max_hp_per_floor":[75,75,75,75,75,75,85,85,85,85,85,85,85,85,85,85,85],"card_choices":[{"not_picked":["Finesse","Flash of Steel"],"picked":"Madness","floor":0.0},{"not_picked":["hierophant:Smite","hierophant:Purify"],"picked":"hierophant:Endure","floor":1.0},{"not_picked":["hierophant:Zeal","hierophant:AuricBeam"],"picked":"hierophant:FaithHealing","floor":3.0},{"not_picked":["hierophant:Remorse","hierophant:Encroach","hierophant:Shelter"],"picked":"SKIP","floor":4.0},{"not_picked":["hierophant:AuricShield","hierophant:Empathy"],"picked":"hierophant:Generosity","floor":7.0},{"not_picked":["hierophant:DisplayOfPower","hierophant:Refuge"],"picked":"hierophant:Batter","floor":12}],"player_experience":335481,"relics_obtained":[{"floor":7.0,"key":"Pear"},{"floor":9,"key":"Bottled Lightning"}],"event_choices":[{"damage_healed":0.0,"max_hp_gain":0.0,"max_hp_loss":0.0,"gold_gain":0.0,"event_name":"Shining Light","player_choice":"Entered Light","floor":2.0,"gold_loss":0.0,"damage_taken":15.0,"cards_upgraded":["hierophant:Strike_Hierophant","hierophant:Defend_Hierophant"]},{"cards_removed":["hierophant:Strike_Hierophant"],"damage_healed":0,"gold_gain":0,"player_choice":"Card Removal","damage_taken":7,"max_hp_gain":0,"max_hp_loss":0,"event_name":"Golden Wing","floor":10,"gold_loss":0},{"damage_healed":0,"gold_gain":75,"player_choice":"Gather Gold","damage_taken":11,"max_hp_gain":0,"max_hp_loss":0,"event_name":"World of Goop","floor":11,"gold_loss":0},{"damage_healed":0,"gold_gain":0,"player_choice":"Take Wound","damage_taken":0,"relics_obtained":["Golden Idol"],"max_hp_gain":0,"max_hp_loss":0,"event_name":"Golden Idol","floor":13,"gold_loss":0,"cards_obtained":["Injury"]},{"damage_healed":0,"gold_gain":175,"player_choice":"AGREE","damage_taken":0,"max_hp_gain":0,"max_hp_loss":0,"event_name":"Liars Game","floor":14,"gold_loss":0,"cards_obtained":["Doubt"]}],"is_beta":true,"boss_relics":[],"items_purged_floors":[],"is_endless":false,"potions_floor_spawned":[1,12],"killed_by":"The Guardian","ascension_level":0}}