{"host":"40e4adzyl212zebh","time":1613832908,"event":{"mods":["BaseMod","Colored Map","Colored Powertips","DeckTracker","Downfall","Minty Spire (QoL Compilation)","Quick Restart","Random Character Button","Relic Stats","StSLib"],"gold_per_floor":[199,212,222,7,107,135,135,135,151,166,66,97,97,110,125,227,227,127,127,127,147,158,158,207,241,254,254,254,264,283,313,327,327,327,327],"floor_reached":33,"language":"ENG","playtime":3655,"items_purged":["hexamod:Strike"],"score":390,"play_id":"2610c540-06db-4d17-abc0-71daa9ba72b7","local_time":"20210220235508","is_ascension_mode":true,"campfire_choices":[{"floor":1,"key":"RECALL"},{"data":"hexamod:GhostOfSpireFuture","floor":11,"key":"SMITH"},{"data":"hexamod:HeatShield","floor":13,"key":"SMITH"},{"data":"hexamod:SearingWound","floor":18,"key":"SMITH"},{"data":"hexamod:HeatCrush","floor":23,"key":"SMITH"},{"data":"hexamod:FlamesFromBeyond","floor":27,"key":"SMITH"}],"circlet_count":0,"master_deck":["hexamod:Defend","hexamod:Defend","hexamod:Defend","hexamod:Defend","hexamod:Sear","hexamod:Float","hexamod:BurningTouch+1","hexamod:Haunt","hexamod:FlamesFromBeyond+1","hexamod:GhostOfSpireFuture+1","hexamod:ThirdSeal","hexamod:Haunt","hexamod:AdvancingGuard","hexamod:SoulSteal","hexamod:AdvancingGuard","hexamod:HeatShield+1","hexamod:UnleashSpirits","hexamod:BurningTouch+1","hexamod:Hexaguard","hexamod:HeatCrush+1","hexamod:SearingWound+1","hexamod:TimeWarp","Bite","Bite","Bite","Bite","Bite","Writhe","hexamod:SwordOfDarkness","hexamod:HeatShield+1","hexamod:TurnItUp","hexamod:HeatCrush+1","hexamod:GhostOfSpireFuture+1","downfall:Haunted","hexamod:Incineration+1"],"relics":["hexamod:SpiritBrand","InkBottle","Incense Burner","Bag of Preparation","downfall:HeartBlessingRed","Shuriken","Snecko Eye","downfall:HeartBlessingGreen","Nunchaku","Centennial Puzzle","Happy Flower"],"acts_visited":["Exordium","TheCity"],"potions_floor_usage":[6,31,31,31,33],"damage_taken":[{"damage":0,"enemies":"Cultist","floor":2,"turns":3},{"damage":2,"enemies":"Small Slimes","floor":3,"turns":4},{"damage":0,"enemies":"downfall:FleeingMerchant","floor":4,"turns":4},{"damage":6,"enemies":"Lagavulin","floor":6,"turns":7},{"damage":1,"enemies":"Jaw Worm","floor":9,"turns":3},{"damage":0,"enemies":"Red Slaver","floor":10,"turns":3},{"damage":3,"enemies":"Gremlin Nob","floor":12,"turns":5},{"damage":0,"enemies":"Gremlin Gang","floor":14,"turns":4},{"damage":0,"enemies":"3 Louse","floor":15,"turns":2},{"damage":8,"enemies":"WA_ARCHETYPE_RETAIN","floor":16,"turns":6},{"damage":0,"enemies":"3 Byrds","floor":21,"turns":3},{"damage":0,"enemies":"Chosen","floor":22,"turns":3},{"damage":0,"enemies":"Gremlin Leader","floor":25,"turns":4},{"damage":0,"enemies":"Snecko","floor":26,"turns":3},{"damage":20,"enemies":"Centurion and Healer","floor":29,"turns":6},{"damage":22,"enemies":"Snake Plant","floor":30,"turns":3},{"damage":14,"enemies":"Slavers","floor":31,"turns":4},{"damage":4,"enemies":"Snecko","floor":32,"turns":3},{"damage":18,"enemies":"SI_MIRROR_ARCHETYPE","floor":33,"turns":4}],"seed_played":"-3729765891250559656","potions_obtained":[{"floor":6,"key":"Energy Potion"},{"floor":12,"key":"Dexterity Potion"},{"floor":14,"key":"Swift Potion"},{"floor":25,"key":"Explosive Potion"},{"floor":29,"key":"Fire Potion"},{"floor":32,"key":"Energy Potion"}],"is_trial":false,"path_per_floor":["R","M","M","$","?","E","T","?","M","M","R","E","R","M","M","B",null,"R","?","?","M","M","R","T","E","M","R","?","M","M","E","M","B"],"character_chosen":"THE_SPIRIT","items_purchased":["hexamod:GhostOfSpireFuture","AttackPotion"],"campfire_rested":0,"item_purchase_floors":[4,4],"current_hp_per_floor":[70,70,68,68,68,62,62,55,54,54,54,51,51,51,51,43,70,70,49,49,49,49,49,49,49,49,49,49,37,19,9,11,0,0,0],"gold":327,"neow_bonus":"HUNDRED_GOLD","is_daily":false,"chose_seed":false,"campfire_upgraded":5,"win_rate":0.0,"timestamp":1613832908,"path_taken":["R","M","?","$","?","E","T","?","M","M","R","E","R","M","M","BOSS","R","?","?","M","?","R","T","E","?","R","?","?","M","E","M","BOSS"],"items_purchased_type":["Card","Potion"],"build_version":"2020-12-22","purchased_purges":1,"victory":false,"max_hp_per_floor":[70,70,70,70,70,70,70,70,70,70,70,70,70,70,70,70,70,70,49,49,49,49,49,49,49,49,49,49,49,49,49,49,49,49,49],"relic_stats":{"Nunchaku":[4],"Centennial Puzzle":[15],"Happy Flower":[2],"counters":[19,74],"Shuriken":[4],"Snecko Eye":[77,68,61,78],"Bag of Preparation":[30],"obtain_stats":[{"Nunchaku":24,"Centennial Puzzle":25,"downfall:HeartBlessingRed":11,"Happy Flower":31,"Shuriken":12,"Snecko Eye":17,"downfall:HeartBlessingGreen":18,"Incense Burner":7,"Bag of Preparation":8,"hexamod:SpiritBrand":0,"InkBottle":6},{"Nunchaku":12,"Centennial Puzzle":13,"downfall:HeartBlessingRed":6,"Happy Flower":17,"Shuriken":7,"Snecko Eye":10,"downfall:HeartBlessingGreen":10,"Incense Burner":4,"Bag of Preparation":4,"hexamod:SpiritBrand":0,"InkBottle":4},{"Nunchaku":47,"Centennial Puzzle":51,"downfall:HeartBlessingRed":24,"Happy Flower":67,"Shuriken":29,"Snecko Eye":41,"downfall:HeartBlessingGreen":41,"Incense Burner":18,"Bag of Preparation":18,"hexamod:SpiritBrand":0,"InkBottle":18}],"InkBottle":[18]},"card_choices":[{"not_picked":["hexamod:ThermalTransfer","hexamod:RecurringNightmare"],"picked":"hexamod:BurningTouch","floor":2},{"not_picked":["hexamod:FastForward","hexamod:RainOfEmbers"],"picked":"hexamod:Haunt","floor":3},{"not_picked":["hexamod:Hexaguard","hexamod:SpectralAdrenaline"],"picked":"hexamod:FlamesFromBeyond","floor":4},{"not_picked":["hexamod:BurningTouch","hexamod:SkipABeat"],"picked":"hexamod:ThirdSeal","floor":6},{"not_picked":["hexamod:BacktrackSmack","hexamod:FlamesFromBeyond"],"picked":"hexamod:Haunt","floor":9},{"not_picked":["hexamod:FastForward","hexamod:HeatMetal"],"picked":"hexamod:AdvancingGuard","floor":9},{"not_picked":["hexamod:SpectersWail","hexamod:SwordOfDarkness"],"picked":"hexamod:SoulSteal","floor":10},{"not_picked":["hexamod:NecessarySacrifice","hexamod:Again"],"picked":"hexamod:AdvancingGuard","floor":10},{"not_picked":["hexamod:NightmareStrike","hexamod:Incineration"],"picked":"hexamod:HeatShield","floor":12},{"not_picked":["hexamod:Haunt","hexamod:SecondSeal"],"picked":"hexamod:UnleashSpirits","floor":12},{"not_picked":["hexamod:GhostLash","hexamod:SpectersWail"],"picked":"hexamod:BurningTouch","floor":14},{"not_picked":["hexamod:Rewind","hexamod:SwordOfDarkness"],"picked":"hexamod:Hexaguard","floor":14},{"not_picked":["hexamod:ShieldOfDarkness","hexamod:GhostLash"],"picked":"hexamod:HeatCrush","floor":15},{"not_picked":["hexamod:ParanormalForm","hexamod:GhostflameInferno"],"picked":"hexamod:SearingWound","floor":16},{"not_picked":["hexamod:GiftsFromTheDead","hexamod:TimeOfNeed"],"picked":"hexamod:TimeWarp","floor":16},{"not_picked":["hexamod:ThermalTransfer","hexamod:HauntingEcho"],"picked":"hexamod:SwordOfDarkness","floor":21},{"not_picked":["hexamod:SkipABeat+1","hexamod:HeatMetal","hexamod:CatchUp"],"picked":"SKIP","floor":22},{"not_picked":["hexamod:PhantomCloak","hexamod:AdvancingGuard"],"picked":"hexamod:HeatShield+1","floor":25},{"not_picked":["hexamod:FastForward","hexamod:SecondSeal"],"picked":"hexamod:TurnItUp","floor":25},{"not_picked":["hexamod:GhostLash","hexamod:Firestarter","hexamod:SpectersWail"],"picked":"SKIP","floor":26},{"not_picked":["hexamod:ThirdSeal","hexamod:GhostflameBarrier"],"picked":"hexamod:Incineration+1","floor":29},{"not_picked":["hexamod:SpectersWail","hexamod:AdvancingGuard+1","hexamod:GhostLash"],"picked":"SKIP","floor":29},{"not_picked":["hexamod:BacktrackSmack","hexamod:Firestarter","hexamod:AdvancingGuard"],"picked":"SKIP","floor":30},{"not_picked":["hexamod:DynamicBlow","hexamod:ThirdSeal","hexamod:UnleashSpirits"],"picked":"SKIP","floor":31},{"not_picked":["hexamod:SpectralAdrenaline","hexamod:SecondSeal","hexamod:BurningTouch+1"],"picked":"SKIP","floor":32}],"player_experience":644329,"relics_obtained":[{"floor":6,"key":"InkBottle"},{"floor":7,"key":"Incense Burner"},{"floor":12,"key":"Shuriken"},{"floor":24,"key":"Nunchaku"},{"floor":25,"key":"Centennial Puzzle"},{"floor":31,"key":"Happy Flower"}],"event_choices":[{"damage_healed":0,"gold_gain":0,"player_choice":"Success","damage_taken":7,"relics_obtained":["Bag of Preparation"],"max_hp_gain":0,"max_hp_loss":0,"event_name":"Scrap Ooze","floor":8,"gold_loss":0},{"damage_healed":0,"gold_gain":0,"player_choice":"Became a vampire","damage_taken":0,"max_hp_gain":0,"max_hp_loss":21,"event_name":"Vampires","floor":19,"gold_loss":0,"cards_obtained":["Bite","Bite","Bite","Bite","Bite"]}],"is_beta":false,"boss_relics":[{"not_picked":["Philosopher\u0027s Stone","Empty Cage"],"picked":"Snecko Eye"}],"items_purged_floors":[4],"is_endless":false,"potions_floor_spawned":[6,12,14,15,25,29,32],"killed_by":"SI_MIRROR_ARCHETYPE","ascension_level":1}}