{"host":"43wsnxh97mgjl5zw","time":1613803121,"event":{"mods":["Aspiration","BaseMod","Colored Map","Colored Powertips","Conspire","Downfall","Halation","Hubris","Minty Spire (QoL Compilation)","Quick Restart","Rare Cards Sparkle","Relic Sorter","Replay The Spire","StSLib"],"gold_per_floor":[113,113,131,141,141,141,172,172,198,61,61,76,76,111,111,184,184,197,197,197,65,65,65,65],"floor_reached":23,"language":"ENG","playtime":688,"items_purged":[],"score":390,"play_id":"8e2f5cd8-1022-480a-99da-768d9bc9cfd7","local_time":"20210220083841","is_ascension_mode":true,"campfire_choices":[{"data":"True Grit","floor":6.0,"key":"SMITH"},{"data":"Flame Barrier","floor":8.0,"key":"SMITH"},{"data":"Heavy Blade","floor":11.0,"key":"SMITH"},{"data":"Inflame","floor":13.0,"key":"SMITH"},{"data":"hubris:StunningStrike","floor":15.0,"key":"SMITH"}],"circlet_count":0,"master_deck":["AscendersBane","Strike_R","Strike_R","Strike_R","Strike_R","Defend_R","Defend_R","Defend_R","Defend_R","Bash","Shrug It Off","True Grit+1","Flame Barrier+1","Disarm","Inflame+1","Heavy Blade+1","hubris:StunningStrike+1","Reaper","Flex+1","Secret Weapon","Trip","Master of Strategy"],"relics":["Burning Blood","Red Skull","Toy Ornithopter","Orichalcum","Regal Pillow","ReplayTheSpireMod:ShopPack"],"acts_visited":["Exordium","TheCity"],"potions_floor_usage":[23],"damage_taken":[{"damage":7.0,"enemies":"2 Louse","floor":1.0,"turns":4.0},{"damage":6.0,"enemies":"Cultist","floor":3.0,"turns":4.0},{"damage":10.0,"enemies":"Jaw Worm","floor":4.0,"turns":4.0},{"damage":41.0,"enemies":"Gremlin Nob","floor":7.0,"turns":5.0},{"damage":3.0,"enemies":"Red Slaver","floor":12.0,"turns":4.0},{"damage":4.0,"enemies":"Lagavulin","floor":14.0,"turns":5.0},{"damage":25.0,"enemies":"Slime Boss","floor":16.0,"turns":10.0},{"damage":27.0,"enemies":"Shell Parasite","floor":18.0,"turns":11.0},{"damage":31,"enemies":"conspire:SneckoGhost","floor":23,"turns":9}],"seed_played":"2551851080283923798","potions_obtained":[{"floor":3.0,"key":"Languid Potion"},{"floor":4.0,"key":"champ:CounterPotion"},{"floor":12.0,"key":"hexamod:SoulburnPotion"},{"floor":16.0,"key":"FearPotion"}],"is_trial":false,"path_per_floor":["M","?","M","M","?","R","E","R","T","$","R","M","R","E","R","B",null,"M","T","?","$","?","E"],"character_chosen":"IRONCLAD","items_purchased":["Inflame","Heavy Blade","ReplayTheSpireMod:ShopPack"],"campfire_rested":0,"item_purchase_floors":[10,10,21],"current_hp_per_floor":[67,67,67,63,63,63,28,28,28,28,28,31,31,38,38,19,61,40,40,40,40,36,21,21],"gold":65,"neow_bonus":"REMOVE_CARD","is_daily":false,"chose_seed":false,"campfire_upgraded":5,"win_rate":0.0,"timestamp":1613803121,"path_taken":["M","?","M","?","?","R","E","R","T","$","R","M","R","E","R","BOSS","M","?","?","?","?","E"],"items_purchased_type":["Card","Card","Relic"],"build_version":"2020-12-22","purchased_purges":0,"victory":false,"max_hp_per_floor":[75,75,75,75,75,75,75,75,75,75,75,75,75,75,75,75,75,75,75,75,75,75,75,75],"card_choices":[{"not_picked":["ReplayTheSpireMod:Strike From Hell","Seeing Red"],"picked":"Shrug It Off","floor":1.0},{"not_picked":["Heavy Blade","Havoc"],"picked":"True Grit","floor":3.0},{"not_picked":["hubris:ReadiedAction","Armaments"],"picked":"Flame Barrier","floor":4.0},{"not_picked":["Spot Weakness","conspire:ExplosiveBarrier"],"picked":"Disarm","floor":7.0},{"not_picked":["Pommel Strike","Clash","Rampage"],"picked":"SKIP","floor":12.0},{"not_picked":["Intimidate","Uppercut"],"picked":"hubris:StunningStrike","floor":14.0},{"not_picked":["Bludgeon","Juggernaut"],"picked":"Reaper","floor":16.0},{"not_picked":["Clash","Flame Barrier"],"picked":"Flex+1","floor":18.0},{"not_picked":["Crow Ritual","Sadistic Nature"],"picked":"Secret Weapon","floor":21},{"not_picked":["Deep Breath","Violence"],"picked":"Trip","floor":21},{"not_picked":["Secret Weapon","Discovery"],"picked":"Master of Strategy","floor":21}],"player_experience":1267639,"relics_obtained":[{"floor":7.0,"key":"Red Skull"},{"floor":9.0,"key":"Toy Ornithopter"},{"floor":14.0,"key":"Orichalcum"},{"floor":19.0,"key":"Regal Pillow"}],"event_choices":[{"damage_healed":0.0,"max_hp_gain":0.0,"max_hp_loss":0.0,"gold_gain":0.0,"event_name":"Wheel of Change","player_choice":"Cursed","floor":2.0,"gold_loss":0.0,"damage_taken":0.0,"cards_obtained":["Decay"]},{"cards_removed":["Decay"],"damage_healed":0.0,"max_hp_gain":0.0,"max_hp_loss":0.0,"gold_gain":0.0,"event_name":"Fountain of Cleansing","player_choice":"Removed Curses","floor":5.0,"gold_loss":0.0,"damage_taken":0.0},{"damage_healed":0,"gold_gain":0,"player_choice":"Leave","damage_taken":0,"max_hp_gain":0,"max_hp_loss":0,"event_name":"conspire:Investor","floor":22,"gold_loss":0}],"is_beta":false,"boss_relics":[{"not_picked":["Abe\u0027s Treasure","aspiration:FutureDiary","Replay:Wanted Poster"]}],"items_purged_floors":[],"is_endless":false,"potions_floor_spawned":[3,4,12,16],"killed_by":"conspire:SneckoGhost","ascension_level":20}}