{"host":"s924z949m5wc23z2","time":1613799693,"event":{"mods":["100% Spire Juice","ATMod(∞¢Ë™Mod)","Act Like it!","Arknights","Ascension Reborn","BaseMod","Colored Map","Colored Powertips","Conspire","Dota2Spire","Downfall","Good Game Mod","Lobotomy","LobotomyExtend","Luminous","Marisa£®ÏF”Í°°ƒß¿Ì…≥£©","Minty Spire (QoL Compilation)","MostiFishMod","Reimu£®≤©¿ˆ¡È√Œ£©","Relic Stats","Reliquary","Replay The Spire","Spicy Shops","StSLib","The Marked","WarShipGirlsR/’ΩΩ¢…Ÿ≈ÆR mod","Yakumo Yukari mod","Youmu£®ªÍ∆«—˝√Œ£©","Yuyuko","noobMod"],"gold_per_floor":[114,114,126,126,140,170,181,198,245,390,390,424,424,442,442,546,546,556,574,574,591,605,605,605,635,703,953,953,993,1020,1615,1680,1718,1718,1844,1844,1980,1755,1844,1844,1930,1988,1988,2106,2182,2224,2224,2224,2399,2538,2538,2563,2563,2563,2563,2263,2342,2367],"floor_reached":59,"language":"ZHS","playtime":6243,"items_purged":["NakedNest","Strike_P","Strike_P","Defend_P","Parasite","Defend_P","Defend_P","Voices","Strike_P","Defend_P"],"score":1730,"play_id":"9d638704-bb36-45f6-957b-30cf377d87cd","local_time":"20210220144133","is_ascension_mode":true,"campfire_choices":[{"floor":34.0,"key":"RECALL"},{"data":"Crescendo","floor":43.0,"key":"SMITH"},{"data":"Worship","floor":51,"key":"SMITH"},{"data":"ReplayTheSpireMod:Necrogeddon","floor":55,"key":"SMITH"}],"circlet_count":0,"master_deck":["Strike_P","Eruption","Vigilance","AT_IrregularMenstruation+1","ats:Roar Of Ursus+1","Replay:DivineShield","ReplayTheSpireMod:Necrogeddon+1","Survey Options","MostiFishMod:ScryFuture","Protect","TalkToTheHand","Weave","Worship+1","ThirdEye","Vengeance","FollowUp","AT_SoftenMuscles","AT_FalsePromise","AT_LightSaberMaster","LikeWater","Halt","PathToVictory","WindmillStrike","FlyingSleeves","Slimebound:CheckThePlaybook","Pot Of Greed","Pot Of Greed+1","Pot Of Greed","ReplayUltimateDefense","ReplayTheSpireMod:Trickstab","AT_RealFormLess","AT_RealFormLess","Pray","TalkToTheHand","Pot Of Greed","FollowUp","Master of Strategy","Swift Strike","Crescendo+1","CutThroughFate","MostiFishMod:Disappear","MostiFishMod:Pointsdynamics","Brilliance","LessonLearned","LessonLearned+1","Replay:ManipulateFuture","Pot Of Greed","Indignation","ReplayTheSpireMod:Private Reserves+1","AT_FamilyPortrait","MostiFishMod:DustFall","MostiFishMod:DustFall","FlyingSleeves","Replay:DivineShield","JustLucky","PathToVictory","Crescendo","Secret Technique+1","Collect","Pot Of Greed","CarveReality","Replay:Sssssssssstrike","JustLucky"],"relics":["PureWater","AT_ATBox","ice","REME:ComplimentaryCards","DaveBox","DiscerningMonocle","CogitoBucket","RabbitCall","SynthV:TestCard","LetterFromLob","AT_BellowingDragoncrestRing","ReplayTheSpireMod:Shallot","OrangePellets","ReplayTheSpireMod:TigerMarble","reliquary:SilkGlove","reliquary:BrokenClock","ats:Originium","reliquary:BallBearing","BehaviorAdjustment","reliquary:TatteredRug","MealTicket","reliquary:PartyBalloon","Guide Book","reliquary:Sideboard","Chameleon Ring","MostiFishMod:AdaptiveDefenses","Heaven_r","ImprovedEquipment","conspire:RunicOctahedron","AspirationHeart","AT_MibuBalloonWealth","AT_RabadonDeathcap","Grinning Jar","Sling","AT_RedNoBalance","reliquary:RosewoodLute","TheAbacus","LuminousBracelet","Bag of Marbles","AT_BladeRuinedKing","Blood Vial","Strange Spoon","Lizard Tail","Mastiff:ReiMu","Cauldron","FeatherPendant","Dota2Spire:AghanimScepter","GoldenEye","TimeFreeze","Replay:Wax Seal","Replay:Purple Gloves","reliquary:CitrusReamer","Letter Opener","AT_ImmortalShieldbow","Gremlin Food","conspire:DeflatedDodgeball","reliquary:Stiletto","reliquary:FingerTrap","CatCart","Torii","reliquary:Aerogel","BrkXgEgg","Pondfish Scales","Snack Pack","Frozen Eye","Orichalcum"],"acts_visited":["Exordium","TheCity","TheBeyond","TheEnding"],"potions_floor_usage":[],"damage_taken":[{"damage":126.0,"enemies":"ats:Genji","floor":1.0,"turns":11.0},{"damage":0.0,"enemies":"Cultist","floor":3.0,"turns":3.0},{"damage":0.0,"enemies":"Jaw Worm","floor":5.0,"turns":2.0},{"damage":0.0,"enemies":"3 Sentries","floor":6.0,"turns":4.0},{"damage":0.0,"enemies":"Exordium Thugs","floor":7.0,"turns":3.0},{"damage":0.0,"enemies":"conspire:2 RoseBushes","floor":8.0,"turns":2.0},{"damage":16.0,"enemies":"Red Slaver","floor":11.0,"turns":3.0},{"damage":0.0,"enemies":"Lagavulin","floor":12.0,"turns":3.0},{"damage":0.0,"enemies":"Red Slaver","floor":14.0,"turns":2.0},{"damage":0.0,"enemies":"Hexaghost","floor":16.0,"turns":4.0},{"damage":0.0,"enemies":"3 Byrds","floor":18.0,"turns":3.0},{"damage":0.0,"enemies":"2 Thieves","floor":19.0,"turns":5.0},{"damage":0.0,"enemies":"Snake Plant","floor":21.0,"turns":3.0},{"damage":0.0,"enemies":"Sentry and Sphere","floor":22.0,"turns":2.0},{"damage":0.0,"enemies":"conspire:SneckoGhost","floor":25.0,"turns":3.0},{"damage":0.0,"enemies":"Centurion and Healer","floor":26.0,"turns":2.0},{"damage":0.0,"enemies":"Cultist and Chosen","floor":29.0,"turns":1.0},{"damage":6.0,"enemies":"Snake Plant","floor":32.0,"turns":1.0},{"damage":0.0,"enemies":"conspire:HollyBat","floor":33.0,"turns":3.0},{"damage":0.0,"enemies":"Automaton","floor":35.0,"turns":1.0},{"damage":0.0,"enemies":"3 Darklings","floor":37.0,"turns":1.0},{"damage":0.0,"enemies":"3 Shapes","floor":39.0,"turns":1.0},{"damage":1.0,"enemies":"Jaw Worm Horde","floor":41.0,"turns":1.0},{"damage":0.0,"enemies":"R_Hoarder","floor":42.0,"turns":2.0},{"damage":1.0,"enemies":"4 Shapes","floor":44.0,"turns":1.0},{"damage":0,"enemies":"Spire Growth","floor":46,"turns":1},{"damage":0,"enemies":"Orin","floor":49,"turns":3},{"damage":0,"enemies":"3 Darklings","floor":50,"turns":1},{"damage":0,"enemies":"conspire:OrnateMirror","floor":52,"turns":1},{"damage":0,"enemies":"Shield and Spear","floor":57,"turns":1},{"damage":0,"enemies":"The Heart","floor":58,"turns":5}],"seed_played":"6888527797655851584","potions_obtained":[{"floor":1.0,"key":"Fire Potion"},{"floor":14.0,"key":"Strength Potion"},{"floor":15.0,"key":"GrandPatriotsElixir:ReiMu"},{"floor":15.0,"key":"Milkshake"},{"floor":19.0,"key":"SpeedPotion"},{"floor":31.0,"key":"Weak Potion"},{"floor":31.0,"key":"Venom Potion"},{"floor":31.0,"key":"Guardian:BlockOnCardUsePotion"},{"floor":31.0,"key":"Explosive Potion"},{"floor":31.0,"key":"BlessingOfTheForge"},{"floor":33.0,"key":"Fire Potion"}],"is_trial":false,"path_per_floor":["M","$","M","?","M","E","M","M","T","$","M","E","?","M","R_BF","B",null,"M","M","?","M","M","PTL","PTL","E","M","$","T","M","T","$","M","M","R","B",null,"M","$","M","?","M","E","R","M","T","M","?","$","?","M","R","B",null,null,"R","$","E","B",null],"character_chosen":"WATCHER","items_purchased":["AT_BellowingDragoncrestRing","ReplayTheSpireMod:Shallot","OrangePellets","ReplayTheSpireMod:TigerMarble","reliquary:SilkGlove","reliquary:BrokenClock","ReplayTheSpireMod:Necrogeddon","Survey Options","MostiFishMod:ScryFuture","Protect","TalkToTheHand","Weave","SkillPotion","MealTicket","reliquary:PartyBalloon","Guide Book","reliquary:Sideboard","Chameleon Ring","MostiFishMod:AdaptiveDefenses","SteroidPotion","SpeedPotion","Fire Potion","SteroidPotion","AT_FalsePromise","AT_LightSaberMaster","LikeWater","Halt","PathToVictory","WindmillStrike","FlyingSleeves","AT_RabadonDeathcap","Grinning Jar","Sling","AT_SilverBalance","reliquary:RosewoodLute","TheAbacus","CultistPotion","Dota2Spire:HealingSalve","Energy Potion","Slimebound:ThreeZeroPotion","ReplayUltimateDefense","ReplayTheSpireMod:Trickstab","AT_RealFormLess","Pray","TalkToTheHand","FollowUp","AT_BladeRuinedKing","Blood Vial","Strange Spoon","Lizard Tail","Mastiff:ReiMu","Cauldron","LifebloodPotion","Fruit Juice","champ:CounterPotion","Reflective Coating","Master of Strategy","Swift Strike","Crescendo","CutThroughFate","MostiFishMod:Disappear","Dota2Spire:AghanimScepter","GoldenEye","TimeFreeze","Replay:Wax Seal","Replay:Purple Gloves","reliquary:CitrusReamer","MostiFishMod:Pointsdynamics","Brilliance","LessonLearned","Replay:ManipulateFuture","Indignation","Gremlin Food","conspire:DeflatedDodgeball","reliquary:Stiletto","reliquary:FingerTrap","ReplayTheSpireMod:Private Reserves","AT_FamilyPortrait","MostiFishMod:DustFall","FlyingSleeves","Replay:DivineShield","JustLucky","PathToVictory","Torii","reliquary:Aerogel","BrkXgEgg","Pondfish Scales","Snack Pack","Frozen Eye","Crescendo","Secret Technique+1","Collect","CarveReality","Replay:Sssssssssstrike","JustLucky"],"campfire_rested":0,"item_purchase_floors":[2,2,2,2,2,2,2,2,2,2,2,2,2,10,10,10,10,10,10,10,10,10,10,10,10,10,10,10,10,10,27,27,27,27,27,27,27,27,27,27,27,27,27,27,27,27,31,31,31,31,31,31,31,31,31,31,31,31,31,31,31,38,38,38,38,38,38,38,38,38,38,38,48,48,48,48,48,48,48,48,48,48,48,56,56,56,56,56,56,56,56,56,56,56,56],"current_hp_per_floor":[74,74,74,74,74,74,74,74,74,74,28,28,28,28,28,28,138,138,148,92,92,92,92,92,92,92,107,107,97,97,112,84,90,90,91,178,178,178,178,178,180,180,180,179,179,181,181,182,182,182,182,182,182,182,182,182,182,172],"gold":2367,"neow_bonus":"","is_daily":false,"chose_seed":false,"campfire_upgraded":3,"win_rate":0.0,"timestamp":1613799693,"path_taken":["M","$","M","?","M","E","M","?","T","?","M","E","?","M","R_BF","BOSS","M","M","?","M","M","PTL","PTL","E","M","$","T","M","?","$","M","?","R","BOSS","M","$","M","?","M","E","R","M","T","M","?","?","?","M","R","BOSS","R","$","E","BOSS"],"items_purchased_type":["Relic","Relic","Relic","Relic","Relic","Relic","Card","Card","Card","Card","Card","Card","Potion","Relic","Relic","Relic","Relic","Relic","Relic","Potion","Potion","Potion","Potion","Card","Card","Card","Card","Card","Card","Card","Relic","Relic","Relic","Relic","Relic","Relic","Potion","Potion","Potion","Potion","Card","Card","Card","Card","Card","Card","Relic","Relic","Relic","Relic","Relic","Relic","Potion","Potion","Potion","Potion","Card","Card","Card","Card","Card","Relic","Relic","Relic","Relic","Relic","Relic","Card","Card","Card","Card","Card","Relic","Relic","Relic","Relic","Card","Card","Card","Card","Card","Card","Card","Relic","Relic","Relic","Relic","Relic","Relic","Card","Card","Card","Card","Card","Card"],"build_version":"2020-12-22","purchased_purges":10,"victory":true,"max_hp_per_floor":[74,74,75,75,75,78,80,80,80,80,130,131,131,131,131,138,138,143,161,161,164,164,164,164,165,165,165,165,180,180,177,177,178,178,178,178,178,178,180,180,180,180,180,182,182,182,182,182,182,182,182,182,182,182,182,182,182,172],"relic_stats":{"Blood Vial":10,"OrangePellets":[1],"Strange Spoon":[41],"Lizard Tail":0,"TheAbacus":[6],"Torii":0,"counters":[34,82],"MealTicket":31,"Letter Opener":[165],"Orichalcum":[0],"GoldenEye":[24],"obtain_stats":[{"AT_ATBox":0,"reliquary:PartyBalloon":10,"AT_MibuBalloonWealth":25,"LuminousBracelet":29,"MostiFishMod:AdaptiveDefenses":10,"ice":0,"Sling":27,"Blood Vial":31,"Lizard Tail":31,"reliquary:CitrusReamer":38,"Mastiff:ReiMu":31,"MealTicket":10,"reliquary:FingerTrap":48,"AT_RedNoBalance":35,"Replay:Wax Seal":38,"AT_RabadonDeathcap":27,"reliquary:Sideboard":10,"AspirationHeart":19,"reliquary:TatteredRug":9,"AT_SilverBalance":27,"Letter Opener":42,"TimeFreeze":38,"Heaven_r":11,"OrangePellets":2,"Dota2Spire:AghanimScepter":38,"ReplayTheSpireMod:Shallot":2,"reliquary:BallBearing":6,"ReplayTheSpireMod:TigerMarble":2,"reliquary:BrokenClock":2,"Grinning Jar":27,"CatCart":49,"RabbitCall":0,"reliquary:SilkGlove":2,"DaveBox":0,"Torii":56,"DiscerningMonocle":0,"reliquary:Aerogel":56,"Replay:Purple Gloves":38,"Frozen Eye":56,"CogitoBucket":0,"Chameleon Ring":10,"TheAbacus":27,"Gremlin Food":48,"Guide Book":10,"ImprovedEquipment":12,"conspire:RunicOctahedron":17,"AT_BladeRuinedKing":31,"BrkXgEgg":56,"reliquary:RosewoodLute":27,"Orichalcum":57,"GoldenEye":38,"AT_ImmortalShieldbow":45,"Strange Spoon":31,"Cauldron":31,"REME:ComplimentaryCards":0,"Pondfish Scales":56,"SynthV:TestCard":1,"AT_BellowingDragoncrestRing":2,"ats:Originium":6,"FeatherPendant":36,"BehaviorAdjustment":8,"reliquary:Stiletto":48,"LetterFromLob":1,"Bag of Marbles":30,"Snack Pack":56,"PureWater":0,"conspire:DeflatedDodgeball":48},{"AT_ATBox":0,"reliquary:PartyBalloon":7,"AT_MibuBalloonWealth":17,"LuminousBracelet":20,"MostiFishMod:AdaptiveDefenses":7,"ice":0,"Sling":18,"Blood Vial":20,"Lizard Tail":20,"reliquary:CitrusReamer":24,"Mastiff:ReiMu":20,"MealTicket":7,"reliquary:FingerTrap":29,"AT_RedNoBalance":23,"Replay:Wax Seal":24,"AT_RabadonDeathcap":18,"reliquary:Sideboard":7,"AspirationHeart":14,"reliquary:TatteredRug":7,"AT_SilverBalance":18,"Letter Opener":27,"TimeFreeze":24,"Heaven_r":8,"OrangePellets":1,"Dota2Spire:AghanimScepter":24,"ReplayTheSpireMod:Shallot":1,"reliquary:BallBearing":4,"ReplayTheSpireMod:TigerMarble":1,"reliquary:BrokenClock":1,"Grinning Jar":18,"CatCart":30,"RabbitCall":0,"reliquary:SilkGlove":1,"DaveBox":0,"Torii":32,"DiscerningMonocle":0,"reliquary:Aerogel":32,"Replay:Purple Gloves":24,"Frozen Eye":32,"CogitoBucket":0,"Chameleon Ring":7,"TheAbacus":18,"Gremlin Food":29,"Guide Book":7,"ImprovedEquipment":9,"conspire:RunicOctahedron":11,"AT_BladeRuinedKing":20,"BrkXgEgg":32,"reliquary:RosewoodLute":18,"Orichalcum":33,"GoldenEye":24,"AT_ImmortalShieldbow":28,"Strange Spoon":20,"Cauldron":20,"REME:ComplimentaryCards":0,"Pondfish Scales":32,"SynthV:TestCard":1,"AT_BellowingDragoncrestRing":1,"ats:Originium":4,"FeatherPendant":23,"BehaviorAdjustment":7,"reliquary:Stiletto":29,"LetterFromLob":1,"Bag of Marbles":20,"Snack Pack":32,"PureWater":0,"conspire:DeflatedDodgeball":29},{"AT_ATBox":0,"reliquary:PartyBalloon":26,"AT_MibuBalloonWealth":55,"LuminousBracelet":59,"MostiFishMod:AdaptiveDefenses":26,"ice":0,"Sling":57,"Blood Vial":59,"Lizard Tail":59,"reliquary:CitrusReamer":65,"Mastiff:ReiMu":59,"MealTicket":26,"reliquary:FingerTrap":71,"AT_RedNoBalance":63,"Replay:Wax Seal":65,"AT_RabadonDeathcap":57,"reliquary:Sideboard":26,"AspirationHeart":47,"reliquary:TatteredRug":26,"AT_SilverBalance":57,"Letter Opener":69,"TimeFreeze":65,"Heaven_r":29,"OrangePellets":11,"Dota2Spire:AghanimScepter":65,"ReplayTheSpireMod:Shallot":11,"reliquary:BallBearing":20,"ReplayTheSpireMod:TigerMarble":11,"reliquary:BrokenClock":11,"Grinning Jar":57,"CatCart":74,"RabbitCall":0,"reliquary:SilkGlove":11,"DaveBox":0,"Torii":76,"DiscerningMonocle":0,"reliquary:Aerogel":76,"Replay:Purple Gloves":65,"Frozen Eye":76,"CogitoBucket":0,"Chameleon Ring":26,"TheAbacus":57,"Gremlin Food":71,"Guide Book":26,"ImprovedEquipment":32,"conspire:RunicOctahedron":38,"AT_BladeRuinedKing":59,"BrkXgEgg":76,"reliquary:RosewoodLute":57,"Orichalcum":77,"GoldenEye":65,"AT_ImmortalShieldbow":70,"Strange Spoon":59,"Cauldron":59,"REME:ComplimentaryCards":0,"Pondfish Scales":76,"SynthV:TestCard":11,"AT_BellowingDragoncrestRing":11,"ats:Originium":20,"FeatherPendant":64,"BehaviorAdjustment":26,"reliquary:Stiletto":71,"LetterFromLob":11,"Bag of Marbles":59,"Snack Pack":76,"PureWater":0,"conspire:DeflatedDodgeball":71}]},"card_choices":[{"not_picked":["WallGazer","Bloodbath","Murderer"],"picked":"Singing Bowl","floor":1.0},{"not_picked":["CherryBlossoms","Funeral"],"picked":"NakedNest","floor":1.0},{"not_picked":["SignatureMove","ClearTheMind"],"picked":"Replay:DivineShield","floor":1.0},{"not_picked":["BeautyBeast","CherryBlossoms","HappyTeddy"],"picked":"Singing Bowl","floor":3.0},{"not_picked":["Replay:BluntJabs","Consecrate","BowlingBash","Adaptation"],"picked":"Worship","floor":3.0},{"not_picked":["Wellcheers","PunishingBird","UniverseFragment"],"picked":"Singing Bowl","floor":5.0},{"not_picked":["PathToVictory","SandsOfTime","Replay:Battleflow","Nirvana"],"picked":"ThirdEye","floor":5.0},{"not_picked":["Bloodbath","OSAHOGD","WallGazer"],"picked":"Singing Bowl","floor":6.0},{"not_picked":["SignatureMove","Nirvana","JustLucky","Replay:ManipulateFuture"],"picked":"Vengeance","floor":6.0},{"not_picked":["Variant","CrumblingArmor","MHz"],"picked":"Singing Bowl","floor":7.0},{"not_picked":["Weave","Fasting2","Replay:AtTheReady","WreathOfFlame"],"picked":"FollowUp","floor":7.0},{"not_picked":["SilentOrchestra","SpiderBud","WallGazer"],"picked":"Singing Bowl","floor":8.0},{"not_picked":["Replay:DivineShield","Replay:ManipulateFuture","LikeWater","TalkToTheHand"],"picked":"AT_SoftenMuscles","floor":8.0},{"not_picked":["MHz","Woodsman","FairyFestival"],"picked":"Singing Bowl","floor":12.0},{"not_picked":["WallGazer","SingingMachine"],"picked":"Scarecrow","floor":12.0},{"not_picked":["JustLucky","AT_DivineConfetti","Establishment","FollowUp"],"picked":"WheelKick","floor":12.0},{"not_picked":["BlackSwan","Funeral","OldLady"],"picked":"Singing Bowl","floor":14.0},{"not_picked":["CrumblingArmor","DreamingCurrent"],"picked":"MHz","floor":14.0},{"not_picked":["AT_ChampionKick","Protect","Replay:Cycle","CrushJoints"],"picked":"Replay:ManipulateFuture","floor":14.0},{"not_picked":["MHz","VoidDream","SilentOrchestra"],"picked":"Singing Bowl","floor":16.0},{"not_picked":["MostiFishMod:Disappear","MostiFishMod:DustFall","Scrawl","MostiFishMod:StarHerder"],"picked":"DevaForm","floor":16.0},{"not_picked":["WhitesApple","NakedNest","DreamingCurrent"],"picked":"Singing Bowl","floor":18.0},{"not_picked":["FollowUp","Replay:BluntJabs","ThirdEye","Replay:LoomingThreat"],"picked":"MostiFishMod:ScryFuture","floor":18.0},{"not_picked":["UniverseFragment","BlackSwan","CherryBlossoms"],"picked":"Singing Bowl","floor":19.0},{"not_picked":["Blasphemy","CutThroughFate","PathToVictory+1","InnerPeace+1"],"picked":"Prostrate","floor":19.0},{"not_picked":["Laetitia","HappyTeddy","RedShoes"],"picked":"Singing Bowl","floor":21.0},{"not_picked":["PathToVictory+1","CutThroughFate","BowlingBash+1","Replay:AtTheReady"],"picked":"Meditate+1","floor":21.0},{"not_picked":["Funeral","GreedKing"],"picked":"MHz","floor":22.0},{"not_picked":["CrushJoints","CarveReality","SashWhip+1","Nirvana"],"picked":"AT_DivineConfetti","floor":22.0},{"not_picked":["HeroicMonk","WhitesApple"],"picked":"SpiderBud","floor":25.0},{"not_picked":["DeceiveReality+1","Replay:Anticipation","MostiFishMod:Minus","WaveOfTheHand"],"picked":"Consecrate","floor":25.0},{"not_picked":["Rudolta","Variant"],"picked":"BlueStar","floor":26.0},{"not_picked":["BowlingBash","CutThroughFate","ClearTheMind","FollowUp"],"picked":"Prostrate","floor":26.0},{"not_picked":["HappyTeddy","NakedNest"],"picked":"HeroicMonk","floor":29.0},{"not_picked":["FlyingSleeves","EmptyFist+1","Replay:AtTheReady","Sanctity"],"picked":"Indignation","floor":29.0},{"not_picked":["QueenOfHatred","Bloodbath","VoidDream"],"picked":"Singing Bowl","floor":32.0},{"not_picked":["CutThroughFate","AT_SoftenMuscles","MostiFishMod:FlowState+1","Evaluate+1"],"picked":"Omniscience","floor":32.0},{"not_picked":["DespairKnight","GreedKing"],"picked":"BlueStar","floor":33.0},{"not_picked":["PathToVictory","ThirdEye","Replay:AtTheReady","EmptyFist"],"picked":"Ragnarok","floor":33.0},{"not_picked":["Bloodbath","BlackSwan"],"picked":"BlueStar","floor":35.0},{"not_picked":["MostiFishMod:DisColor","MostiFishMod:Minus","Scrawl","Ragnarok"],"picked":"Devotion","floor":35.0},{"not_picked":["Murderer","OldLady","BeautyBeast"],"picked":"Singing Bowl","floor":37.0},{"not_picked":["Mercenary","BigBadWolf"],"picked":"HeroicMonk","floor":37.0},{"not_picked":["JustLucky+1","Halt+1","Replay:AtTheReady+1","EmptyBody"],"picked":"Swivel","floor":37.0},{"not_picked":["BigBadWolf","QueenBee"],"picked":"NothingThere","floor":39.0},{"not_picked":["AT_SoftenMuscles","Swivel","Crescendo","Consecrate"],"picked":"ConjureBlade","floor":39.0},{"not_picked":["Wellcheers","LongBird"],"picked":"MeltingLove","floor":41.0},{"not_picked":["MostiFishMod:Speedup+1","FollowUp+1","Crescendo","CrushJoints"],"picked":"FlyingSleeves","floor":41.0},{"not_picked":["Bloodbath","Woodsman","SilentOrchestra"],"picked":"Singing Bowl","floor":42.0},{"not_picked":["Protect","Perseverance","EmptyBody","MostiFishMod:Pointsdynamics"],"picked":"Replay:Hum+1","floor":42.0},{"not_picked":["Woodsman","WhitesApple","LittleHelper"],"picked":"Singing Bowl","floor":44.0},{"not_picked":["LaLuna","SilentOrchestra"],"picked":"BlueStar","floor":44.0},{"not_picked":["Replay:ManipulateFuture+1","WindmillStrike+1","InnerPeace+1","ThirdEye+1"],"picked":"FollowUp+1","floor":44.0},{"not_picked":["DreamingCurrent","Alriune","CENSORED"],"picked":"Singing Bowl","floor":46},{"not_picked":["CrushJoints+1","EmptyMind+1","EmptyFist+1","SignatureMove+1"],"picked":"Vengeance","floor":46},{"not_picked":["BigBadWolf","GreedKing","Funeral"],"picked":"Singing Bowl","floor":49},{"not_picked":["Prostrate","FlyingSleeves+1","Replay:BluntJabs+1","Replay:Battleflow+1"],"picked":"AT_IrregularMenstruation","floor":49},{"not_picked":["LittlePrince","LaLuna","LongBird"],"picked":"Singing Bowl","floor":50},{"not_picked":["Protect+1","Perseverance","Replay:Battleflow","CutThroughFate","TalkToTheHand"],"picked":"SKIP","floor":50},{"not_picked":["BigBadWolf","Funeral","WhitesApple"],"picked":"Singing Bowl","floor":57},{"not_picked":["MasterReality+1","Tantrum","Replay:BluntJabs+1","MostiFishMod:Moonprays+1"],"picked":"Replay:Vibes","floor":57}],"player_experience":342209,"relics_obtained":[{"floor":1.0,"key":"SynthV:TestCard"},{"floor":1.0,"key":"LetterFromLob"},{"floor":6.0,"key":"ats:Originium"},{"floor":6.0,"key":"reliquary:BallBearing"},{"floor":9.0,"key":"reliquary:TatteredRug"},{"floor":12.0,"key":"ats:Originium"},{"floor":12.0,"key":"ImprovedEquipment"},{"floor":25.0,"key":"ats:Originium"},{"floor":25.0,"key":"AT_MibuBalloonWealth"},{"floor":30.0,"key":"Bag of Marbles"},{"floor":42.0,"key":"ats:Originium"},{"floor":42.0,"key":"Letter Opener"},{"floor":45,"key":"AT_ImmortalShieldbow"},{"floor":49,"key":"CatCart"},{"floor":57,"key":"Orichalcum"}],"event_choices":[{"damage_healed":0.0,"max_hp_gain":0.0,"max_hp_loss":0.0,"gold_gain":0.0,"event_name":"The Woman in Blue","player_choice":"Bought 0 Potions","floor":4.0,"gold_loss":0.0,"damage_taken":0.0},{"damage_healed":0.0,"max_hp_gain":0.0,"max_hp_loss":0.0,"gold_gain":0.0,"event_name":"NoteForYourself","player_choice":"Ignored","floor":13.0,"gold_loss":0.0,"damage_taken":0.0},{"damage_healed":0.0,"max_hp_gain":0.0,"max_hp_loss":0.0,"gold_gain":0.0,"event_name":"Lab","player_choice":"Got Potions","floor":15.0,"gold_loss":0.0,"damage_taken":0.0},{"damage_healed":0,"gold_gain":0,"player_choice":"Fight","damage_taken":0,"max_hp_gain":0,"max_hp_loss":0,"event_name":"OrinTheCat","floor":49,"gold_loss":0}],"is_beta":false,"boss_relics":[{"not_picked":["Astrolabe","Runic Pyramid"],"picked":"conspire:RunicOctahedron"},{"not_picked":["ChiXiaoBlade","OneHitWonderSystem"],"picked":"FeatherPendant"}],"items_purged_floors":[2,10,10,27,31,38,38,48,56,56],"is_endless":false,"potions_floor_spawned":[1,6,7,11,14,16,19,21,22,29,33,37,46,49],"ascension_level":0}}