{"host":"6pic12dj9p7186mz","time":1613811500,"event":{"mods":["BaseMod","Minty Spire (QoL Compilation)","Permanent Neow","Relic Stats","StSLib"],"gold_per_floor":[114,125,137,62,80,106,106,170,194,224,224,239,67,95,95,193,193,206,225,242,242,35,66,66,94,121,121,139,153,153,153],"floor_reached":30,"language":"ENG","playtime":1610,"items_purged":["Strike_G"],"score":334,"play_id":"67bc3cef-fc2a-414f-b392-dc5ce97e3b12","local_time":"20210220025820","is_ascension_mode":true,"campfire_choices":[{"data":"Crippling Poison","floor":7,"key":"SMITH"},{"data":"Deadly Poison","floor":11,"key":"SMITH"},{"floor":15,"key":"REST"},{"data":"Malaise","floor":24,"key":"SMITH"},{"data":"Leg Sweep","floor":27,"key":"SMITH"}],"circlet_count":0,"master_deck":["Strike_G","Strike_G","Strike_G","Strike_G","Defend_G","Defend_G","Defend_G","Defend_G","Defend_G","Survivor","Neutralize+1","Blade Dance","Crippling Poison+1","Deadly Poison+1","Dash","Deadly Poison","Cloak And Dagger","Leg Sweep+1","Bane","PiercingWail","Malaise+1","Deflect+1","Dagger Spray+1","Deflect+1","Corpse Explosion","Finesse","Prepared+1","Acrobatics","Venomology"],"relics":["Ring of the Snake","Tiny Chest","Toy Ornithopter","Bag of Preparation","Happy Flower","Lantern","Ancient Tea Set","Runic Pyramid","Centennial Puzzle","Vajra","Potion Belt"],"acts_visited":["Exordium","TheCity"],"potions_floor_usage":[6,10,23,25,30],"damage_taken":[{"damage":1,"enemies":"2 Louse","floor":1,"turns":4},{"damage":3,"enemies":"Jaw Worm","floor":2,"turns":4},{"damage":0,"enemies":"Cultist","floor":3,"turns":3},{"damage":12,"enemies":"Exordium Thugs","floor":5,"turns":5},{"damage":16,"enemies":"Gremlin Nob","floor":6,"turns":4},{"damage":11,"enemies":"3 Sentries","floor":8,"turns":8},{"damage":17,"enemies":"3 Sentries","floor":10,"turns":10},{"damage":1,"enemies":"Looter","floor":12,"turns":3},{"damage":6,"enemies":"Gremlin Nob","floor":14,"turns":3},{"damage":11,"enemies":"The Guardian","floor":16,"turns":8},{"damage":1,"enemies":"Spheric Guardian","floor":18,"turns":5},{"damage":0,"enemies":"Chosen","floor":19,"turns":4},{"damage":7,"enemies":"Shelled Parasite and Fungi","floor":20,"turns":5},{"damage":34,"enemies":"Gremlin Leader","floor":23,"turns":8},{"damage":7,"enemies":"Slavers","floor":25,"turns":3},{"damage":6,"enemies":"Snecko","floor":28,"turns":6},{"damage":15,"enemies":"Centurion and Healer","floor":29,"turns":5},{"damage":0,"enemies":"Sentry and Sphere","floor":30,"turns":3}],"seed_played":"7203646597950603862","potions_obtained":[{"floor":1,"key":"EssenceOfSteel"},{"floor":2,"key":"Energy Potion"},{"floor":3,"key":"PowerPotion"},{"floor":10,"key":"SteroidPotion"},{"floor":18,"key":"Poison Potion"},{"floor":23,"key":"ColorlessPotion"},{"floor":29,"key":"AttackPotion"}],"is_trial":false,"path_per_floor":["M","M","M","$","M","E","R","?","T","E","R","M","$","E","R","B",null,"M","M","M","?","$","E","R","E","T","R","M","M","M"],"character_chosen":"THE_SILENT","items_purchased":["Dash","Lantern","PiercingWail","Finesse","Dexterity Potion"],"campfire_rested":1,"item_purchase_floors":[4,13,13,22,22],"current_hp_per_floor":[69,66,66,66,54,38,38,27,27,15,15,14,14,8,29,18,70,69,69,62,62,62,33,33,31,31,31,25,10,15,15],"gold":153,"neow_bonus":"UPGRADE_CARD","is_daily":false,"chose_seed":false,"campfire_upgraded":4,"win_rate":0.0,"timestamp":1613811500,"path_taken":["M","M","M","$","M","E","R","?","T","E","R","M","$","E","R","BOSS","M","M","M","?","$","E","R","E","T","R","M","?","M"],"items_purchased_type":["Card","Relic","Card","Card","Potion"],"build_version":"2020-12-22","purchased_purges":1,"victory":false,"max_hp_per_floor":[70,70,70,70,70,70,70,70,70,70,70,70,70,70,70,70,70,70,70,70,70,70,70,70,70,70,70,70,70,70,70],"relic_stats":{"Centennial Puzzle":[9],"Happy Flower":[17],"counters":[18,91],"Tiny Chest":0,"Bag of Preparation":[24],"obtain_stats":[{"Potion Belt":26,"Lantern":13,"Centennial Puzzle":23,"Happy Flower":10,"Vajra":25,"Tiny Chest":6,"Bag of Preparation":9,"Ancient Tea Set":14,"Toy Ornithopter":8,"Ring of the Snake":0,"Runic Pyramid":17},{"Potion Belt":15,"Lantern":8,"Centennial Puzzle":14,"Happy Flower":7,"Vajra":15,"Tiny Chest":5,"Bag of Preparation":6,"Ancient Tea Set":9,"Toy Ornithopter":6,"Ring of the Snake":0,"Runic Pyramid":10},{"Potion Belt":77,"Lantern":41,"Centennial Puzzle":74,"Happy Flower":38,"Vajra":77,"Tiny Chest":20,"Bag of Preparation":28,"Ancient Tea Set":44,"Toy Ornithopter":28,"Ring of the Snake":0,"Runic Pyramid":52}],"Toy Ornithopter":20,"Ring of the Snake":[36]},"card_choices":[{"not_picked":["Masterful Stab","Backflip"],"picked":"Blade Dance","floor":1},{"not_picked":["Choke","Blur"],"picked":"Crippling Poison","floor":2},{"not_picked":["Outmaneuver","Deflect"],"picked":"Deadly Poison","floor":3},{"not_picked":["Prepared","Caltrops"],"picked":"Deadly Poison","floor":5},{"not_picked":["Caltrops","Expertise"],"picked":"Cloak And Dagger","floor":6},{"not_picked":["Quick Slash","Deflect"],"picked":"Leg Sweep","floor":8},{"not_picked":["Bullet Time","Terror","Leg Sweep"],"picked":"SKIP","floor":10},{"not_picked":["Dagger Throw","Prepared"],"picked":"Bane","floor":12},{"not_picked":["Bane","Endless Agony","Outmaneuver"],"picked":"SKIP","floor":14},{"not_picked":["After Image","Envenom"],"picked":"Malaise","floor":16},{"not_picked":["Dodge and Roll","Flying Knee"],"picked":"Deflect+1","floor":18},{"not_picked":["Endless Agony","Dagger Throw"],"picked":"Dagger Spray+1","floor":19},{"not_picked":["Skewer","Heel Hook"],"picked":"Deflect+1","floor":20},{"not_picked":["Predator","Infinite Blades+1"],"picked":"Prepared+1","floor":23},{"not_picked":["Deadly Poison","Quick Slash"],"picked":"Acrobatics","floor":25},{"not_picked":["Reflex+1","Dodge and Roll+1","Flying Knee+1"],"picked":"SKIP","floor":28},{"not_picked":["Bouncing Flask","Reflex"],"picked":"Venomology","floor":29}],"player_experience":41660,"relics_obtained":[{"floor":6,"key":"Tiny Chest"},{"floor":8,"key":"Toy Ornithopter"},{"floor":9,"key":"Bag of Preparation"},{"floor":10,"key":"Happy Flower"},{"floor":14,"key":"Ancient Tea Set"},{"floor":23,"key":"Centennial Puzzle"},{"floor":25,"key":"Vajra"},{"floor":26,"key":"Potion Belt"}],"event_choices":[{"damage_healed":0,"gold_gain":30,"player_choice":"Searched \u00272\u0027 times","damage_taken":0,"max_hp_gain":0,"max_hp_loss":0,"event_name":"Dead Adventurer","floor":8,"gold_loss":0},{"damage_healed":0,"gold_gain":0,"player_choice":"1 cards matched","damage_taken":0,"max_hp_gain":0,"max_hp_loss":0,"event_name":"Match and Keep!","floor":21,"gold_loss":0,"cards_obtained":["Corpse Explosion"]}],"is_beta":false,"boss_relics":[{"not_picked":["WristBlade","Busted Crown"],"picked":"Runic Pyramid"}],"items_purged_floors":[22],"is_endless":false,"potions_floor_spawned":[1,2,3,10,18,23,29],"killed_by":"Sentry and Sphere","ascension_level":3}}