{"host":"bkfh0em4323elict","time":1613833349,"event":{"mods":["BaseMod","Downfall","Minty Spire (QoL Compilation)","StSLib","UnlockEverythingMod","[IsaacMod]ÒÔÈö¼âËþ"],"gold_per_floor":[114,264,264,278,295,327,327,7891,7891,7200,7140,7082,7082,6949,6949,6820,6820,6761,6058,6108,6108,6108,5930,5930,5855,5855,4881,4881,4800,4800,4719,4719,4483,4483,4383,4285,3793,3727,3727,0,0,34,34,50,8000,6975,6686,9237,9237,9237,9237,9237,9099,9133,9133],"floor_reached":56,"language":"ZHS","playtime":3729,"items_purged":["Doubt","Strike_P","Defend_P","Crescendo"],"score":2951,"play_id":"03c6d247-2924-4f2e-99ae-524e35074f18","local_time":"20210220230229","is_ascension_mode":true,"campfire_choices":[{"floor":15,"key":"REST"},{"floor":28,"key":"RECALL"},{"data":"LessonLearned","floor":30,"key":"SMITH"},{"data":"Adaptation","floor":32,"key":"SMITH"},{"data":"Tantrum","floor":41,"key":"SMITH"},{"data":"Vigilance","floor":49,"key":"SMITH"},{"floor":52,"key":"REST"}],"circlet_count":1,"master_deck":["AscendersBane","Strike_P+1","Defend_P+1","Eruption+1","Vigilance+1","Tantrum+1","Adaptation+1","Evaluate+1","FearNoEvil+1","LessonLearned+1","Crescendo+1"],"relics":["PureWater","HushsDoor","Boot","Leech","Ornamental Fan","TuHaoJin","Damocles","Frozen Egg 2","Void","Bag of Marbles","Damaru","GuppysTail","CaptainsWheel","VioletLotus","hexamod:BolsterEngine","Akabeko","bronze:DecasWashers","OrangePellets","Pocketwatch","Dream Catcher","Guardian:PocketSentry","White Beast Statue","Turnip","Bronze Scales","Pear","champ:Barbells","Ancient Tea Set","Vajra","Black Star","Slimebound:StickyStick","Strawberry","bronze:BronzeIdol","Lantern","Guardian:BottledAnomaly","PunchingBag","Oddly Smooth Stone","Red Mask","Omamori","War Paint","The Courier","hexamod:CandleOfCauterizing","Regal Pillow","Meat on the Bone","Centennial Puzzle","Ginger","Whetstone","MealTicket","Mummified Hand","NineVolt","SalivaCoin","Thread and Needle","Juzu Bracelet","Pen Nib","Orichalcum","FossilizedHelix","Art of War","Nunchaku","Bag of Preparation","EdensBlessing","Incense Burner","Toy Ornithopter","UnicornStump","TungstenRod","Sundial","TheBean","Calipers","HornCleat","DoctorsRemote","BelialBook","InkBottle","Ice Cream","Happy Flower","Lizard Tail","PreservedInsect","Potion Belt","DeadEye","Blood Vial","Mango","sneckomod:BlankCard","BookOfRevelations","Anchor","Unceasing Top","HowToJump","Mercury Hourglass","Singing Bowl","CeramicFish","TeardropLocket","AnarchistCookbook","Kunai","Yang","Gremlin Horn","Slimebound:PreparedRelic","Darkstone Periapt","Toxic Egg 2","Shuriken","Molten Egg 2","Pantograph","Guardian:GemstoneGun","Blue Candle","Letter Opener","PillsDrop","Prayer Wheel","BookofShadows","StrikeDummy","GnawedLeaf","TheBible","Question Card","SharpPlug","Eternal Feather","Dead Branch","Du-Vu Doll","champ:DuelingGlove","BloodDonationMachine","YumHeart","BlankCard","hexamod:Sixitude","Diplopia","GoldenEye","champ:DeflectingBracers","D6","Bird Faced Urn","StoneCalendar","ForgetMeNow","Bottled Tornado","MoneyPower","CloakClasp","Torii","D4","PokeGo","Circlet","Gambling Chip","Bottled Flame","TheBattery"],"acts_visited":["Exordium","TheCity","TheBeyond","TheEnding"],"potions_floor_usage":[6,12,25,55,55],"damage_taken":[{"damage":2.0,"enemies":"Jaw Worm","floor":1.0,"turns":2.0},{"damage":7.0,"enemies":"2 Louse","floor":4.0,"turns":3.0},{"damage":0.0,"enemies":"Small Slimes","floor":5.0,"turns":1.0},{"damage":51,"enemies":"Lagavulin","floor":6,"turns":6},{"damage":0,"enemies":"Gremlin Nob","floor":8,"turns":1},{"damage":0,"enemies":"Red Slaver","floor":11,"turns":1},{"damage":0,"enemies":"Exordium Thugs","floor":12,"turns":1},{"damage":0,"enemies":"Lagavulin","floor":14,"turns":1},{"damage":0,"enemies":"Slime Boss","floor":16,"turns":1},{"damage":0,"enemies":"2 Thieves","floor":18,"turns":1},{"damage":0,"enemies":"Book of Stabbing","floor":23,"turns":1},{"damage":0,"enemies":"Shell Parasite","floor":25,"turns":1},{"damage":0,"enemies":"Snake Plant","floor":29,"turns":1},{"damage":0,"enemies":"Centurion and Healer","floor":31,"turns":1},{"damage":0,"enemies":"Collector","floor":33,"turns":1},{"damage":0,"enemies":"Orb Walker","floor":35,"turns":1},{"damage":0,"enemies":"3 Darklings","floor":36,"turns":1},{"damage":0,"enemies":"2 Orb Walkers","floor":38,"turns":1},{"damage":0,"enemies":"Reptomancer","floor":42,"turns":1},{"damage":0,"enemies":"Maw","floor":44,"turns":2},{"damage":0,"enemies":"Spire Growth","floor":45,"turns":1},{"damage":0,"enemies":"Transient","floor":46,"turns":1},{"damage":0,"enemies":"Mind Bloom Boss Battle","floor":47,"turns":1},{"damage":0,"enemies":"Time Eater","floor":50,"turns":1},{"damage":0,"enemies":"Shield and Spear","floor":54,"turns":1},{"damage":0,"enemies":"The Heart","floor":55,"turns":4}],"seed_played":"3767303928442151649","potions_obtained":[{"floor":1.0,"key":"Energy Potion"},{"floor":8,"key":"Explosive Potion"},{"floor":11,"key":"DuplicationPotion"},{"floor":12,"key":"Fruit Juice"},{"floor":14,"key":"LiquidMemories"},{"floor":23,"key":"Fruit Juice"},{"floor":29,"key":"ColorlessPotion"}],"is_trial":false,"path_per_floor":["M","?","?","M","M","E","T","E","T","$","M","M","?","E","R","B",null,"M","$","?","T","?","E","?","M","T","$","R","M","R","M","R","B",null,"M","M","$","?","?","?","R","E","T","M","M","M","?","$","R","B",null,"R","$","E","B",null],"character_chosen":"WATCHER","items_purchased":["Frozen Egg 2","Void","Akabeko","bronze:DecasWashers","OrangePellets","Bronze Scales","Pear","champ:Barbells","LessonLearned","Crescendo","bronze:BronzeIdol","Lantern","Guardian:BottledAnomaly","MealTicket","Mummified Hand","NineVolt","SalivaCoin","Thread and Needle","Juzu Bracelet","Pen Nib","Orichalcum","FossilizedHelix","Art of War","Nunchaku","Bag of Preparation","EdensBlessing","Incense Burner","Toy Ornithopter","UnicornStump","TungstenRod","Sundial","TheBean","Calipers","HornCleat","DoctorsRemote","BelialBook","InkBottle","Ice Cream","Happy Flower","Lizard Tail","PreservedInsect","Potion Belt","DeadEye","Blood Vial","Mango","sneckomod:BlankCard","BookOfRevelations","Anchor","Unceasing Top","HowToJump","Mercury Hourglass","Singing Bowl","CeramicFish","TeardropLocket","AnarchistCookbook","Kunai","Yang","Gremlin Horn","Slimebound:PreparedRelic","Darkstone Periapt","Toxic Egg 2","Shuriken","Molten Egg 2","Pantograph","Guardian:GemstoneGun","Blue Candle","Letter Opener","PillsDrop","Prayer Wheel","BookofShadows","StrikeDummy","GnawedLeaf","TheBible","Question Card","SharpPlug","Eternal Feather","Dead Branch","Du-Vu Doll","champ:DuelingGlove","BloodDonationMachine","YumHeart","BlankCard","hexamod:Sixitude","Diplopia","GoldenEye","champ:DeflectingBracers","D6","Bird Faced Urn","StoneCalendar","ForgetMeNow","Bottled Tornado","MoneyPower","CloakClasp","Torii","D4","PokeGo","Circlet","Gambling Chip","Bottled Flame","TheBattery"],"campfire_rested":2,"item_purchase_floors":[10,10,19,19,19,27,27,27,27,27,37,37,37,48,48,48,48,48,48,48,48,48,48,48,48,48,48,48,48,48,48,48,48,48,48,48,48,48,48,48,48,48,48,48,48,48,48,48,48,48,48,48,48,48,48,48,48,48,48,48,48,48,48,48,48,48,48,48,48,48,48,48,48,48,48,48,48,48,48,48,48,48,48,48,48,48,48,48,48,48,48,48,48,48,48,48,48,48,48,53],"current_hp_per_floor":[61,61,54,49,49,3,3,3,3,3,3,8,8,8,29,29,62,62,62,62,62,62,62,62,67,67,77,77,77,77,77,77,77,85,85,92,92,92,90,90,90,90,90,90,90,90,90,109,109,109,109,111,111,111,111],"gold":9133,"neow_bonus":"RANDOM_COMMON_RELIC","is_daily":false,"chose_seed":false,"campfire_upgraded":4,"win_rate":0.0,"timestamp":1613833349,"path_taken":["M","?","?","?","M","E","?","E","T","$","M","M","?","E","R","BOSS","M","$","?","?","?","E","?","M","T","$","R","M","R","M","R","BOSS","M","M","$","?","?","?","R","E","T","M","M","?","?","?","R","BOSS","R","$","E","BOSS"],"items_purchased_type":["Relic","Card","Relic","Relic","Relic","Relic","Relic","Relic","Card","Card","Relic","Relic","Relic","Relic","Relic","Relic","Relic","Relic","Relic","Relic","Relic","Relic","Relic","Relic","Relic","Relic","Relic","Relic","Relic","Relic","Relic","Relic","Relic","Relic","Relic","Relic","Relic","Relic","Relic","Relic","Relic","Relic","Relic","Relic","Relic","Relic","Relic","Relic","Relic","Relic","Relic","Relic","Relic","Relic","Relic","Relic","Relic","Relic","Relic","Relic","Relic","Relic","Relic","Relic","Relic","Relic","Relic","Relic","Relic","Relic","Relic","Relic","Relic","Relic","Relic","Relic","Relic","Relic","Relic","Relic","Relic","Relic","Relic","Relic","Relic","Relic","Relic","Relic","Relic","Relic","Relic","Relic","Relic","Relic","Relic","Relic","Undefined","Relic","Relic","Relic"],"build_version":"2020-12-22","purchased_purges":4,"victory":true,"max_hp_per_floor":[68,68,68,68,68,68,68,68,68,68,68,73,73,73,73,73,73,73,73,73,73,73,73,73,78,78,88,88,88,88,88,88,88,88,88,95,95,95,90,90,90,90,90,90,90,90,90,109,109,109,109,111,111,111,111],"card_choices":[{"not_picked":[],"picked":"Bomb","floor":0.0},{"not_picked":["PathToVictory","Evaluate"],"picked":"Tantrum","floor":1.0},{"not_picked":["Halt","MentalFortress"],"picked":"Crescendo","floor":4.0},{"not_picked":["Consecrate","CrushJoints"],"picked":"Adaptation","floor":5.0},{"not_picked":["ReachHeaven","Nirvana","DeusExMachina"],"picked":"SKIP","floor":6},{"not_picked":["Fasting2","ForeignInfluence","CrushJoints"],"picked":"SKIP","floor":8},{"not_picked":["BowlingBash","Crescendo","EmptyMind"],"picked":"SKIP","floor":11},{"not_picked":["EmptyFist","Prostrate","WindmillStrike"],"picked":"SKIP","floor":12},{"not_picked":["EmptyMind","Conclude","Prostrate"],"picked":"SKIP","floor":14},{"not_picked":["EmptyBody","Prostrate","Pray"],"picked":"SKIP","floor":18},{"not_picked":["DevaForm+1","CutThroughFate","Adaptation+1"],"picked":"SKIP","floor":23},{"not_picked":["Evaluate","PathToVictory","Consecrate+1"],"picked":"SKIP","floor":25},{"not_picked":["WindmillStrike","EmptyFist","Collect"],"picked":"SKIP","floor":29},{"not_picked":["CarveReality","PathToVictory","SashWhip"],"picked":"SKIP","floor":31},{"not_picked":["CrushJoints","FearNoEvil","Collect+1"],"picked":"SKIP","floor":35},{"not_picked":["WheelKick","CrushJoints","Protect"],"picked":"SKIP","floor":36},{"not_picked":["Halt","CrushJoints+1","WindmillStrike"],"picked":"SKIP","floor":42},{"not_picked":["Protect","Prostrate","Indignation"],"picked":"SKIP","floor":44},{"not_picked":["Wireheading+1","FlyingSleeves","BowlingBash"],"picked":"SKIP","floor":45},{"not_picked":["CrushJoints","TalkToTheHand","Collect"],"picked":"SKIP","floor":46},{"not_picked":["Crescendo+1","Consecrate+1","Study+1","CutThroughFate+1"],"picked":"Singing Bowl","floor":52},{"not_picked":["FlyingSleeves+1","EmptyBody+1","Evaluate+1","Prostrate+1"],"picked":"SKIP","floor":54}],"player_experience":17352,"relics_obtained":[{"floor":6,"key":"Ornamental Fan"},{"floor":7,"key":"TuHaoJin"},{"floor":8,"key":"Damocles"},{"floor":11,"key":"Bag of Marbles"},{"floor":12,"key":"Damaru"},{"floor":14,"key":"GuppysTail"},{"floor":14,"key":"CaptainsWheel"},{"floor":18,"key":"hexamod:BolsterEngine"},{"floor":21,"key":"Pocketwatch"},{"floor":23,"key":"Dream Catcher"},{"floor":23,"key":"Guardian:PocketSentry"},{"floor":25,"key":"White Beast Statue"},{"floor":26,"key":"Turnip"},{"floor":29,"key":"Ancient Tea Set"},{"floor":31,"key":"Vajra"},{"floor":35,"key":"Slimebound:StickyStick"},{"floor":36,"key":"Strawberry"},{"floor":38,"key":"PunchingBag"},{"floor":38,"key":"Oddly Smooth Stone"},{"floor":42,"key":"Omamori"},{"floor":42,"key":"War Paint"},{"floor":42,"key":"The Courier"},{"floor":43,"key":"hexamod:CandleOfCauterizing"},{"floor":44,"key":"Regal Pillow"},{"floor":45,"key":"Meat on the Bone"},{"floor":46,"key":"Centennial Puzzle"},{"floor":47,"key":"Ginger"},{"floor":47,"key":"Whetstone"}],"event_choices":[{"damage_healed":0.0,"max_hp_gain":0.0,"max_hp_loss":0.0,"gold_gain":150.0,"event_name":"Liars Game","player_choice":"AGREE","floor":2.0,"gold_loss":0.0,"damage_taken":0.0,"cards_obtained":["Doubt"]},{"cards_removed":["Strike_P"],"damage_healed":0.0,"max_hp_gain":0.0,"max_hp_loss":0.0,"gold_gain":0.0,"event_name":"Golden Wing","player_choice":"Card Removal","floor":3.0,"gold_loss":0.0,"damage_taken":7.0},{"damage_healed":0,"gold_gain":50,"player_choice":"Stole From Cult","damage_taken":0,"max_hp_gain":0,"max_hp_loss":0,"event_name":"Nest","floor":20,"gold_loss":0},{"cards_removed":["Defend_P"],"damage_healed":0,"gold_gain":0,"player_choice":"Elegance","damage_taken":0,"max_hp_gain":0,"max_hp_loss":0,"event_name":"Back to Basics","floor":22,"gold_loss":0},{"damage_healed":0,"gold_gain":0,"cards_transformed":["Defend_P","Strike_P"],"player_choice":"Became Test Subject","damage_taken":0,"max_hp_gain":0,"max_hp_loss":0,"event_name":"Drug Dealer","floor":24,"gold_loss":0,"cards_obtained":["Evaluate","FearNoEvil"]},{"damage_healed":0,"gold_gain":0,"player_choice":"Fight","damage_taken":0,"max_hp_gain":0,"max_hp_loss":0,"event_name":"Mysterious Sphere","floor":38,"gold_loss":0},{"damage_healed":0,"gold_gain":0,"player_choice":"Max HP","damage_taken":0,"max_hp_gain":0,"max_hp_loss":5,"event_name":"Winding Halls","floor":39,"gold_loss":0},{"damage_healed":0,"gold_gain":0,"player_choice":"Paid","damage_taken":0,"relics_obtained":["Red Mask"],"max_hp_gain":0,"max_hp_loss":0,"event_name":"Tomb of Lord Red Mask","floor":40,"gold_loss":3727},{"damage_healed":0,"gold_gain":0,"player_choice":"Fight","damage_taken":0,"max_hp_gain":0,"max_hp_loss":0,"event_name":"MindBloom","floor":47,"gold_loss":0}],"is_beta":false,"boss_relics":[{"not_picked":["Velvet Choker","SacredBark"],"picked":"VioletLotus"},{"not_picked":[]},{"not_picked":["SlaversCollar","Sozu"],"picked":"Black Star"},{"not_picked":[]}],"items_purged_floors":[10,19,27,48],"is_endless":false,"potions_floor_spawned":[1,8,11,12,14,16,23,29,31,33,35,36,38,42,44,45,46,47,54],"ascension_level":20}}