{"host":"lv7etzzgwahaenh9","time":1613845914,"event":{"mods":["AchievementEnabler","BaseMod","Colored Map","Colored Powertips","Highlight Path","Minty Spire (QoL Compilation)","Permanent Neow","Quick Restart","Random Character Button","StSLib"],"gold_per_floor":[114,133,148,158,172,200,217,233,256,281,281,308,383,415,415,510,510,544,556,47,59,59,74,74,107,161,236,254,272,272,272,272,272,272],"floor_reached":33,"language":"ENG","playtime":1960,"items_purged":["Strike_P"],"score":498,"play_id":"a6cd960e-1bd4-467c-8935-ae9104e7399c","local_time":"20210220103154","is_ascension_mode":true,"campfire_choices":[{"floor":11.0,"key":"REST"},{"floor":15.0,"key":"REST"},{"floor":24.0,"key":"REST"},{"floor":30,"key":"REST"},{"floor":32,"key":"RECALL"}],"circlet_count":0,"master_deck":["Defend_P","Defend_P","Eruption","Vigilance","Protect","ForeignInfluence","CrushJoints","ForeignInfluence+1","CutThroughFate","SignatureMove","Indignation","WaveOfTheHand","Collect","Protect","Evaluate","SpiritShield+1","Weave+1","Alpha+1","Devotion+1","JustLucky+1","Prostrate+1","Sadistic Nature","Swivel","Shame","Wallop+1","Halt","Bite","Bite","Bite","Bite","Bite"],"relics":["Fusion Hammer","Blue Candle","Lantern","Eternal Feather","Matryoshka","Bag of Marbles","Astrolabe","White Beast Statue","War Paint","Shuriken","Anchor","Potion Belt"],"acts_visited":["Exordium","TheCity"],"potions_floor_usage":[28,28,33],"damage_taken":[{"damage":1.0,"enemies":"2 Louse","floor":1.0,"turns":2.0},{"damage":0.0,"enemies":"Cultist","floor":2.0,"turns":3.0},{"damage":0.0,"enemies":"Jaw Worm","floor":3.0,"turns":3.0},{"damage":0.0,"enemies":"Looter","floor":4.0,"turns":2.0},{"damage":0.0,"enemies":"2 Fungi Beasts","floor":5.0,"turns":2.0},{"damage":18.0,"enemies":"Lagavulin","floor":6.0,"turns":7.0},{"damage":0.0,"enemies":"Blue Slaver","floor":7.0,"turns":1.0},{"damage":0.0,"enemies":"Gremlin Gang","floor":8.0,"turns":1.0},{"damage":12.0,"enemies":"3 Sentries","floor":10.0,"turns":8.0},{"damage":40.0,"enemies":"Gremlin Nob","floor":12.0,"turns":3.0},{"damage":0.0,"enemies":"Lagavulin","floor":14.0,"turns":3.0},{"damage":8.0,"enemies":"Hexaghost","floor":16.0,"turns":6.0},{"damage":3.0,"enemies":"3 Byrds","floor":18.0,"turns":5.0},{"damage":0.0,"enemies":"Spheric Guardian","floor":19.0,"turns":3.0},{"damage":4.0,"enemies":"Snecko","floor":21.0,"turns":6.0},{"damage":10.0,"enemies":"Cultist and Chosen","floor":23.0,"turns":6.0},{"damage":63.0,"enemies":"Gremlin Leader","floor":25.0,"turns":10.0},{"damage":0,"enemies":"Chosen and Byrds","floor":28,"turns":4},{"damage":0,"enemies":"Centurion and Healer","floor":29,"turns":3},{"damage":62,"enemies":"Collector","floor":33,"turns":7}],"seed_played":"-3379431347268818103","potions_obtained":[{"floor":1.0,"key":"Dexterity Potion"},{"floor":5.0,"key":"FearPotion"},{"floor":7.0,"key":"SkillPotion"},{"floor":8.0,"key":"Strength Potion"},{"floor":12.0,"key":"Strength Potion"},{"floor":14.0,"key":"DistilledChaos"},{"floor":21.0,"key":"Weak Potion"},{"floor":23.0,"key":"BlessingOfTheForge"},{"floor":25.0,"key":"DuplicationPotion"},{"floor":28,"key":"Strength Potion"},{"floor":29,"key":"StancePotion"}],"is_trial":false,"path_per_floor":["M","M","M","M","M","E","M","M","T","E","R","E","?","E","R","B",null,"M","M","$","M","?","M","R","E","T","?","M","M","R","?","R","B"],"character_chosen":"WATCHER","items_purchased":["White Beast Statue","Sadistic Nature"],"campfire_rested":4,"item_purchase_floors":[20,20],"current_hp_per_floor":[64,64,64,64,64,46,46,46,46,34,64,24,13,13,46,38,64,61,61,61,57,57,47,72,9,9,2,2,2,38,38,50,0,0],"gold":272,"neow_bonus":"BOSS_RELIC","is_daily":false,"chose_seed":false,"campfire_upgraded":0,"win_rate":0.0,"timestamp":1613845914,"path_taken":["M","M","M","M","M","E","M","M","T","E","R","E","?","E","R","BOSS","M","M","$","M","?","M","R","E","T","?","?","M","R","?","R","BOSS"],"items_purchased_type":["Relic","Card"],"build_version":"2020-12-22","purchased_purges":1,"victory":false,"max_hp_per_floor":[72,72,72,72,72,72,72,72,72,72,72,72,72,72,72,72,72,72,72,72,72,72,72,72,72,72,72,72,72,72,50,50,50,50],"card_choices":[{"not_picked":["Adaptation","Consecrate"],"picked":"Protect","floor":1.0},{"not_picked":["FlurryOfBlows","MentalFortress"],"picked":"ForeignInfluence","floor":2.0},{"not_picked":["Halt","Crescendo"],"picked":"CrushJoints","floor":3.0},{"not_picked":["Protect","FlyingSleeves"],"picked":"ForeignInfluence","floor":4.0},{"not_picked":["ClearTheMind","FlurryOfBlows"],"picked":"CutThroughFate","floor":5.0},{"not_picked":["ClearTheMind","Vengeance"],"picked":"SignatureMove","floor":6.0},{"not_picked":["BowlingBash","WreathOfFlame"],"picked":"Indignation","floor":7.0},{"not_picked":["Consecrate","SashWhip"],"picked":"WaveOfTheHand","floor":8.0},{"not_picked":["MentalFortress","Devotion"],"picked":"Collect","floor":10.0},{"not_picked":["FlurryOfBlows","BowlingBash"],"picked":"Protect","floor":12.0},{"not_picked":["WreathOfFlame","Protect"],"picked":"Evaluate","floor":14.0},{"not_picked":["MasterReality","DeusExMachina"],"picked":"SpiritShield","floor":16.0},{"not_picked":["Evaluate","WaveOfTheHand"],"picked":"JustLucky+1","floor":18.0},{"not_picked":["Crescendo","Tantrum"],"picked":"Prostrate+1","floor":19.0},{"not_picked":["Pray","JustLucky+1"],"picked":"Swivel","floor":21.0},{"not_picked":["Swivel","Indignation","Consecrate+1"],"picked":"SKIP","floor":23.0},{"not_picked":["LikeWater","SashWhip"],"picked":"Wallop+1","floor":25.0},{"not_picked":["FlurryOfBlows","BowlingBash"],"picked":"Halt","floor":28},{"not_picked":["Collect","Evaluate","EmptyBody"],"picked":"SKIP","floor":29}],"player_experience":474854,"relics_obtained":[{"floor":6.0,"key":"Blue Candle"},{"floor":9.0,"key":"Lantern"},{"floor":10.0,"key":"Eternal Feather"},{"floor":12.0,"key":"Matryoshka"},{"floor":14.0,"key":"Bag of Marbles"},{"floor":25.0,"key":"Shuriken"},{"floor":26.0,"key":"Anchor"},{"floor":26.0,"key":"Potion Belt"}],"event_choices":[{"damage_healed":0.0,"max_hp_gain":0.0,"max_hp_loss":0.0,"gold_gain":75.0,"event_name":"World of Goop","player_choice":"Gather Gold","floor":13.0,"gold_loss":0.0,"damage_taken":11.0},{"damage_healed":0.0,"max_hp_gain":0.0,"max_hp_loss":0.0,"gold_gain":0.0,"event_name":"Addict","player_choice":"Stole Relic","floor":22.0,"gold_loss":0.0,"damage_taken":0.0,"relics_obtained":["War Paint"],"cards_obtained":["Shame"]},{"damage_healed":0,"gold_gain":75,"player_choice":"Touch","damage_taken":7,"max_hp_gain":0,"max_hp_loss":0,"event_name":"FaceTrader","floor":27,"gold_loss":0},{"damage_healed":0,"gold_gain":0,"player_choice":"Became a vampire","damage_taken":0,"max_hp_gain":0,"max_hp_loss":22,"event_name":"Vampires","floor":31,"gold_loss":0,"cards_obtained":["Bite","Bite","Bite","Bite","Bite"]}],"is_beta":false,"boss_relics":[{"not_picked":["Runic Dome","Coffee Dripper"],"picked":"Astrolabe"}],"items_purged_floors":[20],"is_endless":false,"potions_floor_spawned":[1,5,7,8,12,14,21,23,25,28,29],"killed_by":"Collector","ascension_level":9}}