{"host":"p9fmk1zxjhqthrxg","time":1613845695,"event":{"mods":["BaseMod","Bestiary","Colored Map","Colored Powertips","Highlight Path","Minty Spire (QoL Compilation)","Random Character Button","Rare Cards Sparkle","StSLib"],"gold_per_floor":[117,117,292,242,257,286,305,317,317,334,348,374,43,63,63,168,168,188,205,205,218,34,67,85,85,85,101,101,376,390,390,390],"floor_reached":31,"language":"ENG","playtime":1727,"items_purged":[],"score":286,"play_id":"c73fd692-9a19-4606-ae8c-3f942b5aded8","local_time":"20210220122815","is_ascension_mode":false,"campfire_choices":[{"floor":15,"key":"REST"},{"floor":25,"key":"REST"}],"circlet_count":0,"master_deck":["Strike_B","Strike_B","Strike_B","Strike_B","Defend_B","Defend_B","Defend_B","Defend_B","Zap","Dualcast","Turbo","Undo","Chill","Compile Driver","Hologram","Streamline","Storm+1","Recycle","Machine Learning+1","Loop+1","White Noise","Electrodynamics+1","Double Energy+1","Defragment+1","Rebound","Blind","Sunder","Darkness+1","Sunder","Regret","Double Energy"],"relics":["Cracked Core","NeowsBlessing","Tiny Chest","StoneCalendar","Letter Opener","Regal Pillow","Frozen Egg 2","Snecko Eye","Kunai","Bottled Tornado","Turnip"],"acts_visited":["Exordium","TheCity"],"potions_floor_usage":[16,19,31],"damage_taken":[{"damage":0,"enemies":"2 Louse","floor":1,"turns":1},{"damage":0,"enemies":"Jaw Worm","floor":5,"turns":1},{"damage":0,"enemies":"Lagavulin","floor":6,"turns":2},{"damage":0,"enemies":"Small Slimes","floor":7,"turns":3},{"damage":7,"enemies":"Exordium Wildlife","floor":8,"turns":3},{"damage":5,"enemies":"2 Fungi Beasts","floor":10,"turns":3},{"damage":16,"enemies":"Exordium Thugs","floor":11,"turns":3},{"damage":10,"enemies":"Looter","floor":14,"turns":3},{"damage":66,"enemies":"The Guardian","floor":16,"turns":10},{"damage":19,"enemies":"Spheric Guardian","floor":18,"turns":5},{"damage":8,"enemies":"Chosen","floor":19,"turns":5},{"damage":12,"enemies":"3 Cultists","floor":21,"turns":3},{"damage":19,"enemies":"Book of Stabbing","floor":23,"turns":5},{"damage":0,"enemies":"Snecko","floor":24,"turns":3},{"damage":30,"enemies":"Centurion and Healer","floor":27,"turns":6},{"damage":4,"enemies":"Shelled Parasite and Fungi","floor":30,"turns":4},{"damage":25,"enemies":"Snake Plant","floor":31,"turns":3}],"seed_played":"-3067220441150703994","potions_obtained":[{"floor":1,"key":"Dexterity Potion"},{"floor":7,"key":"Ancient Potion"},{"floor":10,"key":"Strength Potion"},{"floor":14,"key":"PotionOfCapacity"},{"floor":18,"key":"EssenceOfSteel"},{"floor":27,"key":"Block Potion"}],"is_trial":false,"path_per_floor":["M","?","?","?","M","E","M","M","T","M","M","T","$","M","R","B",null,"M","M","?","M","$","E","M","R","T","M","T","?","M","M"],"character_chosen":"DEFECT","items_purchased":["Frozen Egg 2","Storm+1","Defragment+1","Rebound","Blind"],"campfire_rested":2,"item_purchase_floors":[13,13,22,22,22],"current_hp_per_floor":[75,72,72,72,72,72,72,65,65,60,44,44,44,34,71,5,75,56,48,48,36,36,17,17,54,54,24,24,24,20,0,0],"gold":390,"neow_bonus":"THREE_ENEMY_KILL","is_daily":false,"chose_seed":false,"campfire_upgraded":0,"win_rate":0.0,"timestamp":1613845695,"path_taken":["M","?","?","?","M","E","M","M","T","?","M","?","?","M","R","BOSS","M","M","?","M","$","E","M","R","T","?","?","?","M","?"],"items_purchased_type":["Relic","Card","Card","Card","Card"],"build_version":"2020-12-22","purchased_purges":0,"victory":false,"max_hp_per_floor":[75,75,75,75,75,75,75,75,75,75,75,75,75,75,75,75,75,75,75,75,75,75,75,75,75,75,75,75,75,75,75,75],"card_choices":[{"not_picked":["Reinforced Body","Hologram"],"picked":"Turbo","floor":1},{"not_picked":["Cold Snap","Steam"],"picked":"Undo","floor":5},{"not_picked":["Static Discharge","Beam Cell"],"picked":"Chill","floor":6},{"not_picked":["Turbo","Glacier"],"picked":"Gash","floor":7},{"not_picked":["Genetic Algorithm","Force Field"],"picked":"Compile Driver","floor":8},{"not_picked":["Cold Snap","Reboot"],"picked":"Hologram","floor":10},{"not_picked":["Hologram","Stack"],"picked":"Streamline","floor":11},{"not_picked":["Leap","Coolheaded"],"picked":"Recycle","floor":14},{"not_picked":["Thunder Strike","Reboot"],"picked":"Machine Learning+1","floor":16},{"not_picked":["Tempest","Capacitor+1"],"picked":"Loop+1","floor":18},{"not_picked":["FTL","Turbo"],"picked":"White Noise","floor":19},{"not_picked":["Auto Shields","Steam Power"],"picked":"Double Energy+1","floor":21},{"not_picked":["Cold Snap","Rebound"],"picked":"Sunder","floor":23},{"not_picked":["BootSequence","Capacitor+1"],"picked":"Darkness+1","floor":24},{"not_picked":["White Noise","Go for the Eyes"],"picked":"Sunder","floor":27},{"not_picked":["Reprogram","Storm+1"],"picked":"Double Energy","floor":30}],"player_experience":135956,"relics_obtained":[{"floor":6,"key":"StoneCalendar"},{"floor":9,"key":"Letter Opener"},{"floor":12,"key":"Regal Pillow"},{"floor":23,"key":"Kunai"},{"floor":26,"key":"Bottled Tornado"},{"floor":28,"key":"Turnip"}],"event_choices":[{"damage_healed":0,"gold_gain":0,"player_choice":"Success","damage_taken":3,"relics_obtained":["Tiny Chest"],"max_hp_gain":0,"max_hp_loss":0,"event_name":"Scrap Ooze","floor":2,"gold_loss":0},{"damage_healed":0,"gold_gain":175,"player_choice":"AGREE","damage_taken":0,"max_hp_gain":0,"max_hp_loss":0,"event_name":"Liars Game","floor":3,"gold_loss":0,"cards_obtained":["Doubt"]},{"cards_removed":["Doubt"],"damage_healed":0,"gold_gain":0,"player_choice":"Card Removal","damage_taken":0,"max_hp_gain":0,"max_hp_loss":0,"event_name":"The Cleric","floor":4,"gold_loss":50},{"damage_healed":0,"gold_gain":0,"cards_transformed":["Gash"],"player_choice":"Transformed","damage_taken":0,"max_hp_gain":0,"max_hp_loss":0,"event_name":"Transmorgrifier","floor":20,"gold_loss":0,"cards_obtained":["Electrodynamics"]},{"damage_healed":0,"gold_gain":275,"player_choice":"Desecrate","damage_taken":0,"max_hp_gain":0,"max_hp_loss":0,"event_name":"Golden Shrine","floor":29,"gold_loss":0,"cards_obtained":["Regret"]}],"is_beta":false,"boss_relics":[{"not_picked":["Cursed Key","Astrolabe"],"picked":"Snecko Eye"}],"items_purged_floors":[],"is_endless":false,"potions_floor_spawned":[1,7,10,11,14,18,27],"killed_by":"Snake Plant","ascension_level":0}}