{"host":"t0bo9kmlst92gdfh","time":1613865108,"event":{"mods":["BaseMod","Block Reminder","Colored Powertips","DeckTracker","Jorbs\u0027s Wanderer Trilogy","Minty Spire (QoL Compilation)","Relic Stats","StSLib"],"gold_per_floor":[13,26,26,26,41,74,92,121,121,121,153,153,153,165,165,267,267,277,47,47,47,47,79,104,104,127,127,141,141,71,89,89,193,193,207,58,58,112,334,334,334],"floor_reached":40,"language":"ENG","playtime":3196,"items_purged":["Strike_G"],"score":493,"play_id":"817ef4eb-493f-48be-93e1-990248793347","local_time":"20210220155148","is_ascension_mode":false,"campfire_choices":[{"floor":10,"key":"REST"},{"floor":12,"key":"REST"},{"data":"Crippling Poison","floor":15,"key":"SMITH"},{"data":"Phantasmal Killer","floor":25,"key":"SMITH"},{"data":"Slice","floor":27,"key":"SMITH"},{"floor":32,"key":"REST"}],"circlet_count":0,"master_deck":["Defend_G","Defend_G","Defend_G","Defend_G","Defend_G","Survivor","Neutralize","Crippling Poison+1","Quick Slash","Riddle With Holes","Bane+1","Crippling Poison","Backstab","Sucker Punch","Backstab","Dagger Throw","Backflip","Finisher+1","Phantasmal Killer+1","RitualDagger","Bite","Bite","Bite","Bite","Bite","Ghostly","Ghostly","Ghostly","Ghostly","Ghostly","Noxious Fumes","Slice+1","Slice","Backstab","Infinite Blades","Burst","Slice"],"relics":["Ring of the Snake","Bird Faced Urn","Dream Catcher","PreservedInsect","Shuriken","CaptainsWheel","Runic Pyramid","Whetstone","Meat on the Bone","Red Mask","Vajra","Darkstone Periapt","WristBlade","Lee\u0027s Waffle","Tingsha"],"acts_visited":["Exordium","TheCity","TheBeyond"],"potions_floor_usage":[33,38],"damage_taken":[{"damage":0,"enemies":"Small Slimes","floor":1,"turns":4},{"damage":1,"enemies":"Cultist","floor":2,"turns":5},{"damage":0,"enemies":"2 Louse","floor":5,"turns":3},{"damage":43,"enemies":"Lagavulin","floor":6,"turns":11},{"damage":0,"enemies":"Large Slime","floor":7,"turns":4},{"damage":18,"enemies":"Gremlin Nob","floor":8,"turns":4},{"damage":13,"enemies":"3 Sentries","floor":11,"turns":6},{"damage":0,"enemies":"Red Slaver","floor":14,"turns":3},{"damage":29,"enemies":"The Guardian","floor":16,"turns":9},{"damage":1,"enemies":"Chosen","floor":18,"turns":3},{"damage":6,"enemies":"Slavers","floor":23,"turns":3},{"damage":7,"enemies":"Masked Bandits","floor":24,"turns":5},{"damage":2,"enemies":"Shell Parasite","floor":28,"turns":2},{"damage":2,"enemies":"Centurion and Healer","floor":31,"turns":3},{"damage":24,"enemies":"Automaton","floor":33,"turns":10},{"damage":29,"enemies":"3 Shapes","floor":35,"turns":5},{"damage":3,"enemies":"2 Orb Walkers","floor":38,"turns":2},{"damage":37,"enemies":"Reptomancer","floor":40,"turns":3}],"seed_played":"6794781894296384945","potions_obtained":[{"floor":1,"key":"Energy Potion"},{"floor":5,"key":"BlessingOfTheForge"},{"floor":8,"key":"BlessingOfTheForge"},{"floor":11,"key":"Dexterity Potion"}],"is_trial":false,"path_per_floor":["M","M","?","?","M","E","M","E","T","R","E","R","?","M","R","B",null,"M","$","?","?","?","E","?","R","T","R","M","T","$","M","R","B",null,"M","$","?","?","?","E"],"character_chosen":"THE_SILENT","items_purchased":["Whetstone","Backstab","Lee\u0027s Waffle"],"campfire_rested":3,"item_purchase_floors":[19,30,36],"current_hp_per_floor":[70,69,69,74,74,31,31,13,13,35,22,44,44,44,44,15,75,74,74,68,52,26,22,21,21,21,21,19,19,19,19,26,16,26,18,33,33,32,32,0,0],"gold":334,"neow_bonus":"ONE_RARE_RELIC","is_daily":false,"chose_seed":false,"campfire_upgraded":3,"win_rate":0.0,"timestamp":1613865108,"path_taken":["M","M","?","?","M","E","M","E","T","R","E","R","?","?","R","BOSS","M","$","?","?","?","E","?","R","T","R","M","?","$","M","R","BOSS","M","$","?","?","?","E"],"items_purchased_type":["Relic","Card","Relic"],"build_version":"2020-12-22","purchased_purges":1,"victory":false,"max_hp_per_floor":[70,70,70,75,75,75,75,75,75,75,75,75,75,75,75,75,75,75,75,75,52,26,26,26,26,26,26,26,26,26,26,26,26,26,26,33,33,33,33,33,33],"relic_stats":{"Darkstone Periapt":0,"Dream Catcher":3,"Lee\u0027s Waffle":15,"counters":[18,85],"Shuriken":[19],"Bird Faced Urn":[8],"Tingsha":[3],"PreservedInsect":129,"Whetstone":["Finisher","Bane"],"obtain_stats":[{"Darkstone Periapt":29,"Lee\u0027s Waffle":36,"Vajra":26,"Tingsha":38,"PreservedInsect":8,"Whetstone":19,"Dream Catcher":6,"CaptainsWheel":11,"WristBlade":34,"Shuriken":9,"Bird Faced Urn":0,"Red Mask":24,"Ring of the Snake":0,"Runic Pyramid":17,"Meat on the Bone":23},{"Darkstone Periapt":13,"Lee\u0027s Waffle":16,"Vajra":12,"Tingsha":17,"PreservedInsect":6,"Whetstone":10,"Dream Catcher":4,"CaptainsWheel":7,"WristBlade":15,"Shuriken":6,"Bird Faced Urn":0,"Red Mask":12,"Ring of the Snake":0,"Runic Pyramid":9,"Meat on the Bone":11},{"Darkstone Periapt":62,"Lee\u0027s Waffle":80,"Vajra":60,"Tingsha":82,"PreservedInsect":31,"Whetstone":52,"Dream Catcher":23,"CaptainsWheel":37,"WristBlade":75,"Shuriken":31,"Bird Faced Urn":0,"Red Mask":60,"Ring of the Snake":0,"Runic Pyramid":49,"Meat on the Bone":55}],"Ring of the Snake":[36],"Meat on the Bone":24},"card_choices":[{"not_picked":["All Out Attack","Eviscerate"],"picked":"Crippling Poison","floor":1},{"not_picked":["Heel Hook","Tactician"],"picked":"Quick Slash","floor":2},{"not_picked":["Masterful Stab","Caltrops"],"picked":"Bane","floor":5},{"not_picked":["Quick Slash","Skewer"],"picked":"Crippling Poison","floor":6},{"not_picked":["Backflip","Masterful Stab"],"picked":"Backstab","floor":7},{"not_picked":["Outmaneuver","Eviscerate"],"picked":"Sucker Punch","floor":8},{"not_picked":["Flechettes","Dagger Spray"],"picked":"Backstab","floor":10},{"not_picked":["Tactician","Bane"],"picked":"Dagger Throw","floor":11},{"not_picked":["Dagger Spray","Flechettes"],"picked":"Backflip","floor":12},{"not_picked":["Terror","After Image"],"picked":"Finisher","floor":14},{"not_picked":["Glass Knife","Bullet Time"],"picked":"Phantasmal Killer","floor":16},{"not_picked":["Outmaneuver","Deadly Poison"],"picked":"Skewer+1","floor":18},{"not_picked":["Deadly Poison","Unload"],"picked":"Noxious Fumes","floor":23},{"not_picked":["Deadly Poison","Flechettes"],"picked":"Slice","floor":24},{"not_picked":["Eviscerate","PiercingWail+1"],"picked":"Slice","floor":28},{"not_picked":["Reflex","Prepared","Sucker Punch"],"picked":"SKIP","floor":31},{"not_picked":["Escape Plan+1","Reflex+1"],"picked":"Infinite Blades","floor":32},{"not_picked":["A Thousand Cuts","Glass Knife"],"picked":"Burst","floor":33},{"not_picked":["Distraction","Finisher"],"picked":"Slice","floor":35}],"player_experience":43841,"relics_obtained":[{"floor":6,"key":"Dream Catcher"},{"floor":8,"key":"PreservedInsect"},{"floor":9,"key":"Shuriken"},{"floor":11,"key":"CaptainsWheel"},{"floor":23,"key":"Meat on the Bone"},{"floor":24,"key":"Red Mask"},{"floor":26,"key":"Vajra"},{"floor":29,"key":"Darkstone Periapt"},{"floor":38,"key":"Tingsha"}],"event_choices":[{"damage_healed":0,"gold_gain":0,"cards_transformed":["Strike_G"],"player_choice":"Change","damage_taken":0,"max_hp_gain":0,"max_hp_loss":0,"event_name":"Living Wall","floor":3,"gold_loss":0,"cards_obtained":["Riddle With Holes"]},{"damage_healed":0,"gold_gain":0,"player_choice":"Donut","damage_taken":0,"max_hp_gain":5,"max_hp_loss":0,"event_name":"Big Fish","floor":4,"gold_loss":0},{"damage_healed":0,"gold_gain":0,"player_choice":"Got Potions","damage_taken":0,"max_hp_gain":0,"max_hp_loss":0,"event_name":"Lab","floor":13,"gold_loss":0},{"damage_healed":0,"gold_gain":0,"player_choice":"Joined the Cult","damage_taken":6,"max_hp_gain":0,"max_hp_loss":0,"event_name":"Nest","floor":20,"gold_loss":0,"cards_obtained":["RitualDagger"]},{"damage_healed":0,"gold_gain":0,"player_choice":"Became a vampire","damage_taken":0,"max_hp_gain":0,"max_hp_loss":23,"event_name":"Vampires","floor":21,"gold_loss":0,"cards_obtained":["Bite","Bite","Bite","Bite","Bite"]},{"damage_healed":0,"gold_gain":0,"player_choice":"Became a Ghost","damage_taken":0,"max_hp_gain":0,"max_hp_loss":26,"event_name":"Ghosts","floor":22,"gold_loss":0,"cards_obtained":["Ghostly","Ghostly","Ghostly","Ghostly","Ghostly"]},{"damage_healed":0,"gold_gain":0,"player_choice":"Fought Bandits","damage_taken":0,"max_hp_gain":0,"max_hp_loss":0,"event_name":"Masked Bandits","floor":24,"gold_loss":0},{"cards_removed":["Skewer"],"damage_healed":0,"gold_gain":0,"player_choice":"Removed Attack","damage_taken":0,"max_hp_gain":0,"max_hp_loss":0,"event_name":"Falling","floor":37,"gold_loss":0},{"damage_healed":0,"gold_gain":0,"player_choice":"Fight","damage_taken":0,"max_hp_gain":0,"max_hp_loss":0,"event_name":"Mysterious Sphere","floor":38,"gold_loss":0},{"damage_healed":0,"gold_gain":222,"player_choice":"Wore Mask","damage_taken":0,"max_hp_gain":0,"max_hp_loss":0,"event_name":"Tomb of Lord Red Mask","floor":39,"gold_loss":0}],"is_beta":false,"boss_relics":[{"not_picked":["Fusion Hammer","Ectoplasm"],"picked":"Runic Pyramid"},{"not_picked":["Snecko Eye","Tiny House"],"picked":"WristBlade"}],"items_purged_floors":[19],"is_endless":false,"potions_floor_spawned":[1,5,8,11,14,28],"killed_by":"Reptomancer","ascension_level":0}}