{"host":"qz0goigh82dax5l2","time":1613842230,"event":{"mods":["Act Like it!","Alarm Clock","BaseMod","Energized Spire","Hallownest","Minty Spire (QoL Compilation)","Quick Restart","Reliquary","StSLib","The Blackbeard","¡¾ÒÅÎï¿¨ÅÆ¡¿REMEMod"],"gold_per_floor":[114,129,304,86,86,141,156,156,156,211,241,50,50,65,65,165,165,180,180,180,18,58,88,88,103,103,118,118,148,163,178,178,278,278,293,508,98,98,113,143,143,143,168,398,413,413,428,0,0,0,0],"floor_reached":50,"language":"ZHS","playtime":3549,"items_purged":[],"score":760,"play_id":"edd4556d-959e-4f45-b888-66098b284139","local_time":"20210221013030","daily_mods":["Shiny","Red Cards","DeadlyEvents"],"is_ascension_mode":false,"campfire_choices":[{"floor":8,"key":"REST"},{"floor":13,"key":"REST"},{"data":"Judgement","floor":15,"key":"SMITH"},{"floor":28,"key":"REST"},{"floor":32,"key":"REST"},{"floor":41,"key":"REST"},{"floor":46,"key":"REST"},{"floor":49,"key":"REST"}],"circlet_count":0,"master_deck":["Double Tap","Demon Form","REME_ACTH","Fiend Fire+1","Berserk","Impervious+1","Juggernaut","Brutality","Exhume","Offering","REME_Fury","Bludgeon+1","Feed","Limit Break","Corruption","Barricade+1","REME_TheLastStrike","Reaper","Immolate","Brilliance","Devotion","Vault","Alpha","Establishment","REME_WorshipGod","DeusExMachina","Judgement+1","ConjureBlade","REME_EmptyShield","MasterReality","Blasphemy","Ragnarok","REME_CRH","Scrawl","Wish","Omniscience","SpiritShield","DevaForm+1","blackbeard:ReapersScythe","Consecrate","REME_Repentance","Prostrate","EmptyFist","REME_TheLastStrike","Metallicize","Shockwave","Warcry","Power Through","Crescendo","Intimidate","FlurryOfBlows","JustLucky+1","ClearTheMind","Reaper","SandsOfTime+1","BattleHymn","Wireheading","Infernal Blade","Flex","REME_Repentance","ThirdEye","Parasite","Hallownest:curseDreamersLament","PathToVictory","InnerPeace","Thunderclap","Regret","SashWhip","Feel No Pain","Wish","FlyingSleeves+1","Body Slam+1","Parasite","Conclude","Inflame","WaveOfTheHand+1","FlurryOfBlows","JustLucky+1","Parasite","WindmillStrike","Ragnarok"],"relics":["PureWater","REME_ComplimentaryCards","Regal Pillow","reliquary:Buckler","TungstenRod","reliquary:RoseTintedGlasses","energizedSpire:CursedPentagram","Nilry\u0027s Codex","reliquary:RosewoodLute","StrikeDummy","reliquary:Buckler","REME_DemonsWealth","Bronze Scales","REME_CardOfGreed","reliquary:TridentHead","reliquary:PartyBalloon","Centennial Puzzle","Red Mask"],"acts_visited":["Exordium","TheCity","TheBeyond"],"potions_floor_usage":[5,16,40,44,47],"damage_taken":[{"damage":9,"enemies":"Cultist","floor":1,"turns":4},{"damage":19,"enemies":"Jaw Worm","floor":2,"turns":4},{"damage":32,"enemies":"3 Sentries","floor":6,"turns":5},{"damage":6,"enemies":"Small Slimes","floor":7,"turns":4},{"damage":30,"enemies":"Gremlin Nob","floor":10,"turns":5},{"damage":12,"enemies":"3 Sentries","floor":11,"turns":4},{"damage":0,"enemies":"Looter","floor":14,"turns":1},{"damage":37,"enemies":"Hexaghost","floor":16,"turns":5},{"damage":0,"enemies":"Spheric Guardian","floor":18,"turns":1},{"damage":0,"enemies":"Chosen","floor":22,"turns":4},{"damage":28,"enemies":"Slavers","floor":23,"turns":4},{"damage":5,"enemies":"Snecko","floor":25,"turns":2},{"damage":18,"enemies":"Snake Plant","floor":27,"turns":3},{"damage":38,"enemies":"REME_1_Revenger","floor":29,"turns":4},{"damage":19,"enemies":"Cultist and Chosen","floor":30,"turns":6},{"damage":2,"enemies":"Centurion and Healer","floor":31,"turns":5},{"damage":20,"enemies":"Automaton","floor":33,"turns":6},{"damage":28,"enemies":"3 Shapes","floor":35,"turns":4},{"damage":38,"enemies":"3 Darklings","floor":36,"turns":5},{"damage":0,"enemies":"Sphere and 2 Shapes","floor":39,"turns":3},{"damage":24,"enemies":"Nemesis","floor":40,"turns":7},{"damage":25,"enemies":"Giant Head","floor":44,"turns":4},{"damage":47,"enemies":"Writhing Mass","floor":45,"turns":4},{"damage":0,"enemies":"Maw","floor":47,"turns":4},{"damage":84,"enemies":"Time Eater","floor":50,"turns":3}],"seed_played":"3618718455484561711","potions_obtained":[{"floor":5,"key":"Fruit Juice"},{"floor":5,"key":"AttackPotion"},{"floor":5,"key":"DuplicationPotion"},{"floor":6,"key":"Block Potion"},{"floor":16,"key":"StancePotion"},{"floor":22,"key":"FairyPotion"},{"floor":40,"key":"LiquidBronze"},{"floor":44,"key":"Strength Potion"},{"floor":45,"key":"PowerPotion"},{"floor":47,"key":"DuplicationPotion"}],"is_trial":false,"path_per_floor":["M","M","?","$","?","E","M","R","T","E","E","$","R","M","R","B",null,"M","?","?","$","M","E","?","M","T","M","R","E","M","M","R","B",null,"M","M","$","?","M","E","R","?","T","E","M","R","M","?","R","B"],"character_chosen":"WATCHER","items_purchased":["Prostrate","EmptyFist","REME_TheLastStrike","Crescendo","Intimidate","FlurryOfBlows","JustLucky","Wireheading","Infernal Blade","Flex","Bronze Scales","Conclude","Inflame","REME_CardOfGreed"],"campfire_rested":7,"item_purchase_floors":[4,4,4,12,12,12,12,21,21,21,37,37,37,37],"current_hp_per_floor":[66,55,55,55,60,28,22,61,61,39,31,31,70,73,73,36,83,83,83,71,71,71,60,60,59,59,41,80,45,38,36,75,63,83,55,17,17,17,33,22,60,60,60,35,14,52,52,52,79,0,0],"gold":0,"neow_bonus":"","is_daily":true,"chose_seed":false,"campfire_upgraded":1,"win_rate":0.0,"timestamp":1613842230,"path_taken":["M","M","?","$","?","E","M","R","T","?","?","$","R","M","R","BOSS","M","?","?","$","M","E","?","M","T","?","R","E","M","M","R","BOSS","M","M","$","?","M","E","R","?","T","E","M","R","M","?","R","BOSS"],"items_purchased_type":["Card","Card","Card","Card","Card","Card","Card","Card","Card","Card","Relic","Card","Card","Relic"],"build_version":"2020-12-22","purchased_purges":0,"victory":false,"max_hp_per_floor":[75,75,75,75,80,80,80,80,80,80,80,80,80,83,83,83,83,83,83,83,83,83,83,83,83,83,83,83,83,83,83,83,83,83,83,83,83,79,79,79,79,79,79,79,79,79,79,79,79,79,79],"card_choices":[{"not_picked":["Headbutt","Anger"],"picked":"Consecrate","floor":1},{"not_picked":["CrushJoints","Prostrate"],"picked":"REME_Repentance","floor":2},{"not_picked":["EmptyBody","Nirvana"],"picked":"Metallicize","floor":6},{"not_picked":["CrushJoints","Blood for Blood"],"picked":"Shockwave","floor":7},{"not_picked":["REME_ACTH","FlyingSleeves"],"picked":"Warcry","floor":10},{"not_picked":["Perfected Strike","Shrug It Off"],"picked":"Power Through","floor":11},{"not_picked":["Perseverance","REME_SingleHolding"],"picked":"ClearTheMind","floor":14},{"not_picked":["SpiritShield","Vault"],"picked":"Reaper","floor":16},{"not_picked":["Anger","Nirvana"],"picked":"SandsOfTime+1","floor":18},{"not_picked":["Clothesline","Pommel Strike"],"picked":"REME_Repentance","floor":22},{"not_picked":["Rupture","Omniscience"],"picked":"ThirdEye","floor":23},{"not_picked":["True Grit","Reckless Charge+1"],"picked":"PathToVictory","floor":25},{"not_picked":["Evaluate","Anger"],"picked":"InnerPeace","floor":27},{"not_picked":["JustLucky","Iron Wave"],"picked":"Thunderclap","floor":29},{"not_picked":["ClearTheMind+1","Cleave"],"picked":"SashWhip","floor":30},{"not_picked":["Burning Pact","Intimidate"],"picked":"Feel No Pain","floor":31},{"not_picked":["Vault","ConjureBlade"],"picked":"Wish","floor":33},{"not_picked":["Twin Strike+1","Heavy Blade+1","Doubt"],"picked":"FlyingSleeves+1","floor":35},{"not_picked":["Power Through","Establishment","Doubt"],"picked":"Body Slam+1","floor":36},{"not_picked":["Reckless Charge","EmptyFist","Shame"],"picked":"WaveOfTheHand+1","floor":39},{"not_picked":["BowlingBash+1","REME_FearOfPain","Shame"],"picked":"FlurryOfBlows","floor":40},{"not_picked":["Uppercut+1","Evolve+1","Injury"],"picked":"JustLucky+1","floor":44},{"not_picked":["Metallicize+1","EmptyFist+1","Doubt"],"picked":"WindmillStrike","floor":45},{"not_picked":["EmptyFist+1","InnerPeace+1","Clumsy"],"picked":"Ragnarok","floor":47}],"player_experience":77629,"relics_obtained":[{"floor":6,"key":"Regal Pillow"},{"floor":9,"key":"reliquary:Buckler"},{"floor":10,"key":"TungstenRod"},{"floor":11,"key":"reliquary:RoseTintedGlasses"},{"floor":20,"key":"Nilry\u0027s Codex"},{"floor":23,"key":"reliquary:RosewoodLute"},{"floor":26,"key":"StrikeDummy"},{"floor":29,"key":"reliquary:SculptingSteel"},{"floor":40,"key":"reliquary:TridentHead"},{"floor":43,"key":"reliquary:PartyBalloon"},{"floor":44,"key":"Centennial Puzzle"}],"event_choices":[{"damage_healed":0,"gold_gain":175,"player_choice":"AGREE","damage_taken":0,"max_hp_gain":0,"max_hp_loss":0,"event_name":"Liars Game","floor":3,"gold_loss":0,"cards_obtained":["Doubt"]},{"damage_healed":0,"gold_gain":0,"player_choice":"Got Potions","damage_taken":0,"max_hp_gain":0,"max_hp_loss":0,"event_name":"Lab","floor":5,"gold_loss":0},{"damage_healed":0,"gold_gain":0,"player_choice":"Read","damage_taken":0,"max_hp_gain":0,"max_hp_loss":0,"event_name":"The Library","floor":19,"gold_loss":0,"cards_obtained":["BattleHymn"]},{"damage_healed":0,"gold_gain":0,"player_choice":"Obtained Book","damage_taken":16,"max_hp_gain":0,"max_hp_loss":0,"event_name":"Cursed Tome","floor":20,"gold_loss":0},{"damage_healed":0,"gold_gain":0,"cards_transformed":["Doubt","Pain"],"player_choice":"Became Test Subject","damage_taken":0,"max_hp_gain":0,"max_hp_loss":0,"event_name":"Drug Dealer","floor":24,"gold_loss":0,"cards_obtained":["Parasite","Hallownest:curseDreamersLament"]},{"damage_healed":0,"gold_gain":0,"player_choice":"Max HP","damage_taken":0,"max_hp_gain":0,"max_hp_loss":4,"event_name":"Winding Halls","floor":38,"gold_loss":0},{"cards_removed":["LessonLearned"],"damage_healed":0,"gold_gain":0,"player_choice":"Removed Attack","damage_taken":0,"max_hp_gain":0,"max_hp_loss":0,"event_name":"Falling","floor":42,"gold_loss":0},{"damage_healed":0,"gold_gain":0,"player_choice":"Paid","damage_taken":0,"relics_obtained":["Red Mask"],"max_hp_gain":0,"max_hp_loss":0,"event_name":"Tomb of Lord Red Mask","floor":48,"gold_loss":428}],"is_beta":false,"boss_relics":[{"not_picked":["reliquary:Solitaire","Sozu"],"picked":"energizedSpire:CursedPentagram"},{"not_picked":["Fusion Hammer","Velvet Choker"],"picked":"REME_DemonsWealth"}],"items_purged_floors":[],"is_endless":false,"potions_floor_spawned":[6,7,14,16,22,25,29,40,44,45,47],"killed_by":"Time Eater","ascension_level":0}}