{"host":"wvcyfzs99um8is6a","time":1613786136,"event":{"mods":["AchievementEnabler","BaseMod","Colored Map","Colored Powertips","Highlight Path","Minty Spire (QoL Compilation)","Random Character Button","Relic Filter","StSLib","SuperFastMode"],"gold_per_floor":[110,124,139,239,250,250,284,298,298,298,314,314,329,63,63,159,159,177,190,190,190,210,210,236,256,281,281,281,300,225,252,252,348,348,359,378,396,396,105,105,124,57,81,81,128,205,205,205,205,205,205],"floor_reached":50,"language":"ENG","playtime":4127,"items_purged":["Strike_R","Defend_R"],"score":537,"play_id":"27a5500f-7a38-4160-ad59-1aedbc392518","local_time":"20210219205536","is_ascension_mode":false,"campfire_choices":[{"data":"Body Slam","floor":6.0,"key":"SMITH"},{"floor":10.0,"key":"RECALL"},{"data":"Heavy Blade","floor":12.0,"key":"SMITH"},{"data":"Apotheosis","floor":15.0,"key":"SMITH"},{"data":"Inflame","floor":23,"key":"SMITH"},{"floor":27,"key":"REST"},{"data":"Inflame","floor":32,"key":"SMITH"},{"data":"Demon Form","floor":40,"key":"SMITH"},{"data":"Metallicize","floor":44,"key":"SMITH"},{"data":"The Bomb","floor":47,"key":"SMITH"},{"floor":49,"key":"REST"}],"circlet_count":0,"master_deck":["Strike_R","Strike_R","Defend_R","Defend_R+1","Defend_R","Bash","Inflame+1","Body Slam+1","Inflame+1","Iron Wave","Heavy Blade+1","Entrench","Apotheosis+1","Flex","Flame Barrier","Cleave+1","Ghostly Armor","Heavy Blade+1","Demon Form+1","Warcry+1","Rage","The Bomb+1","Metallicize+1"],"relics":["Black Blood","Ancient Tea Set","Red Skull","HornCleat","SlaversCollar","Molten Egg 2","Blood Vial","CultistMask","FossilizedHelix","Bag of Preparation","Toxic Egg 2","Tiny House"],"acts_visited":["Exordium","TheCity","TheBeyond"],"potions_floor_usage":[24,29,31,33,33,41,46,50],"damage_taken":[{"damage":1.0,"enemies":"Jaw Worm","floor":1.0,"turns":4.0},{"damage":1.0,"enemies":"Cultist","floor":2.0,"turns":3.0},{"damage":2.0,"enemies":"2 Louse","floor":3.0,"turns":4.0},{"damage":0.0,"enemies":"Large Slime","floor":5.0,"turns":5.0},{"damage":30.0,"enemies":"3 Sentries","floor":7.0,"turns":10.0},{"damage":9.0,"enemies":"Lots of Slimes","floor":8.0,"turns":5.0},{"damage":12.0,"enemies":"Blue Slaver","floor":11.0,"turns":2.0},{"damage":0.0,"enemies":"3 Louse","floor":13.0,"turns":3.0},{"damage":19.0,"enemies":"Slime Boss","floor":16.0,"turns":6.0},{"damage":0.0,"enemies":"Chosen","floor":18.0,"turns":4.0},{"damage":0,"enemies":"Spheric Guardian","floor":19,"turns":3},{"damage":41,"enemies":"Chosen and Byrds","floor":22,"turns":7},{"damage":26,"enemies":"Book of Stabbing","floor":24,"turns":6},{"damage":0,"enemies":"Cultist and Chosen","floor":25,"turns":6},{"damage":13,"enemies":"3 Cultists","floor":29,"turns":5},{"damage":16,"enemies":"Gremlin Leader","floor":31,"turns":7},{"damage":22,"enemies":"Champ","floor":33,"turns":9},{"damage":15,"enemies":"3 Darklings","floor":35,"turns":6},{"damage":6,"enemies":"Orb Walker","floor":36,"turns":6},{"damage":17,"enemies":"4 Shapes","floor":37,"turns":7},{"damage":30,"enemies":"Transient","floor":41,"turns":5},{"damage":38,"enemies":"Nemesis","floor":46,"turns":9},{"damage":71,"enemies":"Awakened One","floor":50,"turns":6}],"seed_played":"-7651135177186354303","potions_obtained":[{"floor":1.0,"key":"AttackPotion"},{"floor":3.0,"key":"LiquidBronze"},{"floor":7.0,"key":"Block Potion"},{"floor":11.0,"key":"SkillPotion"},{"floor":18.0,"key":"SpeedPotion"},{"floor":19,"key":"SteroidPotion"},{"floor":25,"key":"SkillPotion"},{"floor":31,"key":"EntropicBrew"},{"floor":35,"key":"Energy Potion"},{"floor":41,"key":"ElixirPotion"}],"is_trial":false,"path_per_floor":["M","M","M","?","M","R","E","M","T","R","M","R","M","$","R","B",null,"M","M","?","?","M","R","E","M","T","R","?","M","?","E","R","B",null,"M","M","M","?","$","R","M","$","T","R","T","E","R","?","R","B"],"character_chosen":"IRONCLAD","items_purchased":["Apotheosis","The Bomb","Metallicize"],"campfire_rested":2,"item_purchase_floors":[14,39,42],"current_hp_per_floor":[80,80,80,80,80,80,56,53,53,53,47,47,53,53,53,40,80,80,80,80,80,45,45,25,33,33,57,57,52,52,44,44,30,80,77,80,75,75,75,75,59,59,59,59,59,40,40,40,65,0,0],"gold":205,"neow_bonus":"RANDOM_COMMON_RELIC","is_daily":false,"chose_seed":false,"campfire_upgraded":8,"win_rate":0.0,"timestamp":1613786136,"path_taken":["M","M","M","?","M","R","E","M","T","R","M","R","M","$","R","BOSS","M","M","?","?","M","R","E","M","T","R","?","?","?","E","R","BOSS","M","M","M","?","$","R","M","$","T","R","?","E","R","?","R","BOSS"],"items_purchased_type":["Card","Card","Card"],"build_version":"2020-12-22","purchased_purges":2,"victory":false,"max_hp_per_floor":[80,80,80,80,80,80,80,80,80,80,80,80,80,80,80,80,80,80,80,80,80,80,80,80,80,80,80,80,80,80,80,80,80,80,80,80,80,80,80,80,80,80,80,80,80,85,85,85,85,85,85],"card_choices":[{"not_picked":["Havoc","Anger"],"picked":"Inflame","floor":1.0},{"not_picked":["Perfected Strike","Dual Wield"],"picked":"Body Slam","floor":2.0},{"not_picked":["Sever Soul","Reckless Charge","Warcry"],"picked":"SKIP","floor":3.0},{"not_picked":["Armaments","Dual Wield"],"picked":"Inflame","floor":5.0},{"not_picked":["Uppercut","Clothesline"],"picked":"Iron Wave","floor":7.0},{"not_picked":["Double Tap","Combust"],"picked":"Heavy Blade","floor":8.0},{"not_picked":["Sword Boomerang","Iron Wave","Seeing Red"],"picked":"SKIP","floor":11.0},{"not_picked":["Disarm","Flex"],"picked":"Entrench","floor":13.0},{"not_picked":["Iron Wave","Heavy Blade"],"picked":"Flex","floor":18.0},{"not_picked":["Perfected Strike","Body Slam"],"picked":"Flame Barrier","floor":19},{"not_picked":["Iron Wave+1","True Grit"],"picked":"Cleave+1","floor":22},{"not_picked":["Sword Boomerang+1","Pommel Strike+1"],"picked":"Ghostly Armor","floor":24},{"not_picked":["Twin Strike+1","Armaments","Brutality"],"picked":"SKIP","floor":25},{"not_picked":["Blood for Blood+1","Seeing Red","Rupture"],"picked":"SKIP","floor":29},{"not_picked":["Combust","Twin Strike+1"],"picked":"Heavy Blade+1","floor":31},{"not_picked":["Bludgeon+1","Exhume"],"picked":"Demon Form","floor":33},{"not_picked":["Wild Strike+1","Warcry","Havoc"],"picked":"SKIP","floor":35},{"not_picked":["Perfected Strike+1","Heavy Blade+1"],"picked":"Warcry+1","floor":36},{"not_picked":["Reckless Charge+1","Pummel+1"],"picked":"Rage","floor":37},{"not_picked":["Dropkick+1","Wild Strike+1","Thunderclap+1"],"picked":"SKIP","floor":41},{"not_picked":["Flex+1","Double Tap+1","Iron Wave+1"],"picked":"SKIP","floor":46}],"player_experience":1032708,"relics_obtained":[{"floor":7.0,"key":"Red Skull"},{"floor":9.0,"key":"HornCleat"},{"floor":24,"key":"Blood Vial"},{"floor":31,"key":"FossilizedHelix"},{"floor":43,"key":"Bag of Preparation"},{"floor":45,"key":"Toxic Egg 2"},{"floor":46,"key":"Tiny House"}],"event_choices":[{"damage_healed":0.0,"max_hp_gain":0.0,"max_hp_loss":0.0,"gold_gain":100.0,"event_name":"Golden Shrine","player_choice":"Pray","floor":4.0,"gold_loss":0.0,"damage_taken":0.0},{"damage_healed":0,"gold_gain":0,"player_choice":"Ignored","damage_taken":0,"max_hp_gain":0,"max_hp_loss":0,"event_name":"Ghosts","floor":20,"gold_loss":0},{"damage_healed":0,"gold_gain":0,"player_choice":"Opened","damage_taken":0,"relics_obtained":["Molten Egg 2"],"max_hp_gain":0,"max_hp_loss":0,"event_name":"The Mausoleum","floor":21,"gold_loss":0},{"damage_healed":0,"gold_gain":0,"player_choice":"Trade","damage_taken":0,"relics_obtained":["CultistMask"],"max_hp_gain":0,"max_hp_loss":0,"event_name":"FaceTrader","floor":28,"gold_loss":0},{"cards_removed":["Strike_R"],"damage_healed":0,"gold_gain":0,"player_choice":"Gave Gold","damage_taken":0,"max_hp_gain":0,"max_hp_loss":0,"event_name":"Beggar","floor":30,"gold_loss":75},{"cards_removed":["Strike_R"],"damage_healed":0,"gold_gain":0,"player_choice":"Removed Attack","damage_taken":0,"max_hp_gain":0,"max_hp_loss":0,"event_name":"Falling","floor":38,"gold_loss":0},{"damage_healed":0,"gold_gain":0,"player_choice":"Ignored","damage_taken":0,"max_hp_gain":0,"max_hp_loss":0,"event_name":"Mysterious Sphere","floor":48,"gold_loss":0}],"is_beta":false,"boss_relics":[{"not_picked":["SacredBark","Philosopher\u0027s Stone"],"picked":"SlaversCollar"},{"not_picked":["Empty Cage","Runic Cube"],"picked":"Black Blood"}],"items_purged_floors":[14,39],"is_endless":false,"potions_floor_spawned":[1,3,7,11,18,19,25,31,35,41],"killed_by":"Awakened One","ascension_level":0}}