{"host":"x730sfaw5rd1mxd8","time":1613849735,"event":{"mods":["BaseMod","BetterRewards","Colored Powertips","Downfall","Highlight Path","Minty Spire (QoL Compilation)","Relic Sorter","Relic Stats","Replay The Spire","StSLib"],"gold_per_floor":[99,109,121,137,153,178,178,178,208,208,208,219,22,22,32,51,64,163,163,163,175,175,194,179,179,204,204,237,248,348,148,167,18,37,141,141,141,160,348,360,410,310,310,336,346,346,380,380,380,380],"floor_reached":48,"language":"ENG","playtime":4183,"items_purged":["Guardian:Strike_Guardian","Doubt","Guardian:Defend_Guardian"],"score":672,"play_id":"ef4e0ace-db58-4f93-9507-541f40b568a3","local_time":"20210220143535","is_ascension_mode":false,"campfire_choices":[{"data":"Guardian:TwinSlam","floor":1.0,"key":"SMITH"},{"data":"Guardian:Orbwalk","floor":8.0,"key":"SMITH"},{"data":"Guardian:StasisField","floor":14.0,"key":"SMITH"},{"data":"Guardian:TimeSifter","floor":20.0,"key":"SMITH"},{"data":"Guardian:ChargeUp","floor":31.0,"key":"SMITH"},{"floor":37,"key":"RECALL"},{"data":"Guardian:BodySlam","floor":42,"key":"SMITH"},{"floor":46,"key":"REST"}],"circlet_count":0,"master_deck":["Guardian:Defend_Guardian","Guardian:Defend_Guardian","Guardian:TwinSlam+1","Guardian:PrimingBeam","Guardian:Orbwalk+1","Guardian:BodySlam+1","Guardian:ChargeUp+1","Guardian:FloatingOrbs","Guardian:StasisField+1","Guardian:FuturePlans","Guardian:Planning","Guardian:TimeSifter+1","Guardian:PolyBeam","Guardian:Incinerate+1","Guardian:TimeCapacitor","Guardian:Clone","Guardian:TimeSifter","downfall:Icky","Injury","Guardian:Orbwalk","Guardian:BodySlam","Guardian:DecasProtection+1","Guardian:PiercingHide+1"],"relics":["expansioncontent:StudyCardRelic","Garlic","The Courier","Iron Hammer","Guardian:StasisSlotReductionRelic","Chameleon Ring","downfall:HeartBlessingGreen","downfall:HeartBlessingBlue","ReplayTheSpireMod:CursedCoin","Replay:Grab Bag","Busted Crown","Philosopher\u0027s Stone","Kintsugi","Gambling Chip","downfall:HeartBlessingRed","Pear","Potion Belt"],"acts_visited":["Exordium","TheCity","TheBeyond"],"potions_floor_usage":[39,39,41,47,47,47,47,47],"damage_taken":[{"damage":0.0,"enemies":"Cultist","floor":2.0,"turns":4.0},{"damage":0.0,"enemies":"2 Louse","floor":3.0,"turns":3.0},{"damage":0.0,"enemies":"Small Slimes","floor":4.0,"turns":4.0},{"damage":9.0,"enemies":"2 Fungi Beasts","floor":5.0,"turns":3.0},{"damage":1.0,"enemies":"3 Sentries","floor":6.0,"turns":7.0},{"damage":16.0,"enemies":"Lagavulin","floor":9.0,"turns":7.0},{"damage":7.0,"enemies":"Gremlin Gang","floor":12.0,"turns":4.0},{"damage":0.0,"enemies":"downfall:FleeingMerchant","floor":13.0,"turns":4.0},{"damage":11.0,"enemies":"Exordium Thugs","floor":15.0,"turns":3.0},{"damage":0.0,"enemies":"3 Louse","floor":16.0,"turns":3.0},{"damage":0.0,"enemies":"2 Fungi Beasts","floor":17.0,"turns":2.0},{"damage":5.0,"enemies":"IC_STATUS_ARCHETYPE","floor":18.0,"turns":6.0},{"damage":0.0,"enemies":"Shell Parasite","floor":21.0,"turns":5.0},{"damage":4.0,"enemies":"Chosen","floor":23.0,"turns":5.0},{"damage":0.0,"enemies":"downfall:FleeingMerchant","floor":24.0,"turns":4.0},{"damage":10.0,"enemies":"Gremlin Leader","floor":28.0,"turns":6.0},{"damage":10.0,"enemies":"Snecko","floor":29.0,"turns":6.0},{"damage":10.0,"enemies":"Centurion and Healer","floor":32.0,"turns":4.0},{"damage":0.0,"enemies":"downfall:FleeingMerchant","floor":33.0,"turns":4.0},{"damage":14.0,"enemies":"Cultist and Chosen","floor":34.0,"turns":5.0},{"damage":0,"enemies":"SI_MIRROR_ARCHETYPE","floor":35,"turns":12},{"damage":8,"enemies":"3 Darklings","floor":38,"turns":6},{"damage":2,"enemies":"downfall:FleeingMerchant","floor":39,"turns":4},{"damage":18,"enemies":"3 Shapes","floor":40,"turns":5},{"damage":25,"enemies":"3 Shapes","floor":41,"turns":5},{"damage":0,"enemies":"Nemesis","floor":44,"turns":7},{"damage":19,"enemies":"Transient","floor":45,"turns":5},{"damage":23,"enemies":"Reptomancer","floor":47,"turns":6},{"damage":49,"enemies":"4 Shapes","floor":48,"turns":3}],"seed_played":"3639656528949849727","potions_obtained":[{"floor":2.0,"key":"SkillPotion"},{"floor":3.0,"key":"LiquidBronze"},{"floor":6.0,"key":"Weak Potion"},{"floor":12.0,"key":"PowerPotion"},{"floor":15.0,"key":"Guardian:StasisDiscoveryPotion"},{"floor":23.0,"key":"DuplicationPotion"},{"floor":32.0,"key":"AttackPotion"},{"floor":34,"key":"Block Potion"},{"floor":44,"key":"Adrenaline Potion"},{"floor":45,"key":"EntropicBrew"},{"floor":47,"key":"BlessingOfTheForge"}],"is_trial":false,"path_per_floor":["R","M","M","M","M","E","T","R","E","PTL","PTL","M","$","R","M","M","M","B",null,"R","M","?","M","$","?","T","?","E","M","?","R","M","$","M","B",null,"R","M","$","M","?","R","T","E","M","R","E","M"],"character_chosen":"GUARDIAN","items_purchased":["Guardian:StasisField","Guardian:Clone","ReplayTheSpireMod:CursedCoin","Guardian:TimeSifter","Guardian:Gem_Yellow","Guardian:Orbwalk"],"campfire_rested":1,"item_purchase_floors":[13,33,33,33,33,39],"current_hp_per_floor":[80,80,80,80,71,70,70,70,54,54,54,47,47,47,36,36,36,31,80,80,80,80,76,76,76,76,76,66,56,56,66,56,56,42,42,90,90,82,80,62,37,37,47,47,28,58,35,0,0,0],"gold":380,"neow_bonus":"BOSS_RELIC","is_daily":false,"chose_seed":false,"campfire_upgraded":6,"win_rate":0.0,"timestamp":1613849735,"path_taken":["R","M","M","M","M","E","T","R","E","PTL","PTL","M","$","R","M","?","M","BOSS","R","M","?","M","$","?","T","?","E","?","?","R","M","$","M","BOSS","R","M","$","?","?","R","T","E","M","R","E","M"],"items_purchased_type":["Card","Card","Relic","Card","Card","Card"],"build_version":"2020-12-22","purchased_purges":3,"victory":false,"max_hp_per_floor":[80,80,80,80,80,80,80,80,80,80,80,80,80,80,80,80,80,80,80,80,80,80,80,80,80,80,80,80,80,80,90,90,90,90,90,90,90,90,90,90,90,90,100,100,100,100,100,100,100,100],"relic_stats":{"Busted Crown":14,"counters":[29,139],"Gambling Chip":[8],"obtain_stats":[{"Potion Belt":47,"Guardian:StasisSlotReductionRelic":19,"Pear":43,"downfall:HeartBlessingRed":42,"ReplayTheSpireMod:CursedCoin":33,"Replay:Grab Bag":36,"Guardian:ModeShifter":0,"downfall:HeartBlessingGreen":31,"The Courier":7,"expansioncontent:StudyCardRelic":0,"Chameleon Ring":28,"Busted Crown":36,"downfall:HeartBlessingBlue":31,"Gambling Chip":41,"Philosopher\u0027s Stone":36,"Iron Hammer":9,"Garlic":6,"Kintsugi":36},{"Potion Belt":28,"Guardian:StasisSlotReductionRelic":12,"Pear":25,"downfall:HeartBlessingRed":25,"ReplayTheSpireMod:CursedCoin":19,"Replay:Grab Bag":21,"Guardian:ModeShifter":0,"downfall:HeartBlessingGreen":17,"The Courier":5,"expansioncontent:StudyCardRelic":0,"Chameleon Ring":16,"Busted Crown":21,"downfall:HeartBlessingBlue":17,"Gambling Chip":25,"Philosopher\u0027s Stone":21,"Iron Hammer":6,"Garlic":5,"Kintsugi":21},{"Potion Belt":136,"Guardian:StasisSlotReductionRelic":49,"Pear":118,"downfall:HeartBlessingRed":118,"ReplayTheSpireMod:CursedCoin":82,"Replay:Grab Bag":99,"Guardian:ModeShifter":0,"downfall:HeartBlessingGreen":74,"The Courier":20,"expansioncontent:StudyCardRelic":0,"Chameleon Ring":68,"Busted Crown":99,"downfall:HeartBlessingBlue":74,"Gambling Chip":118,"Philosopher\u0027s Stone":99,"Iron Hammer":27,"Garlic":20,"Kintsugi":99}]},"card_choices":[{"not_picked":["Guardian:Gem_Yellow","Guardian:Gem_Cyan"],"picked":"Guardian:PrimingBeam","floor":2.0},{"not_picked":["Guardian:BronzeArmor","Guardian:DonusPower","Guardian:CrystalBeam"],"picked":"SKIP","floor":3.0},{"not_picked":["Guardian:ArmoredProtocol","Guardian:ChargeCore","Guardian:PrimingBeam"],"picked":"SKIP","floor":4.0},{"not_picked":["Guardian:Gem_Lightblue","Guardian:TemporalStrike","Guardian:Gem_Green"],"picked":"SKIP","floor":5.0},{"not_picked":["Guardian:TimeBomb","Guardian:Gem_Fragmented"],"picked":"Guardian:Orbwalk","floor":6.0},{"not_picked":["Guardian:Gem_Green","Guardian:ShieldCharger"],"picked":"Guardian:BodySlam","floor":9.0},{"not_picked":["Guardian:TemporalShield","Guardian:GemFinder"],"picked":"Guardian:ChargeUp","floor":12.0},{"not_picked":["Guardian:TemporalShield","Guardian:MultiBeam"],"picked":"Guardian:FloatingOrbs","floor":13.0},{"not_picked":["Guardian:SpikerProtocol","Guardian:Gem_Red","Guardian:WalkerClaw"],"picked":"SKIP","floor":15.0},{"not_picked":["Guardian:VentSteam","Guardian:WalkerClaw"],"picked":"Guardian:FuturePlans","floor":16.0},{"not_picked":["Guardian:Gem_Green","Guardian:ShieldCharger"],"picked":"Guardian:Planning","floor":17.0},{"not_picked":["Guardian:SphericShield","Guardian:FierceBash"],"picked":"Guardian:TimeSifter","floor":18.0},{"not_picked":["Guardian:Gem_Green","Guardian:Repulse","Guardian:TemporalStrike"],"picked":"SKIP","floor":21.0},{"not_picked":["Guardian:Gem_Yellow","Guardian:Emergency"],"picked":"Guardian:Gem_Purple","floor":23.0},{"not_picked":["Guardian:WalkerClaw","Guardian:DonusPower"],"picked":"Guardian:Incinerate+1","floor":24.0},{"not_picked":["Guardian:Suspension+1","Guardian:Gem_Orange"],"picked":"Guardian:TimeCapacitor","floor":28.0},{"not_picked":["Guardian:Reroute","Guardian:BronzeOrb","Guardian:Suspension"],"picked":"SKIP","floor":29.0},{"not_picked":["Guardian:ChargeCore","Guardian:Gem_Crimson"],"picked":"Guardian:Gem_White","floor":32.0},{"not_picked":["Guardian:ArmoredProtocol","Guardian:RollAttack","Guardian:Gem_Lightblue"],"picked":"SKIP","floor":33.0},{"not_picked":["Guardian:ShieldCharger","Guardian:BronzeArmor+1","Guardian:Recover"],"picked":"SKIP","floor":34},{"not_picked":["Guardian:HyperBeam_Guardian","Guardian:ExploitGems"],"picked":"Guardian:Gem_Synthetic","floor":35},{"not_picked":["Guardian:ChargeCore"],"picked":"SKIP","floor":38},{"not_picked":["Guardian:Gem_Lightblue"],"picked":"SKIP","floor":39},{"not_picked":[],"picked":"Guardian:BodySlam","floor":40},{"not_picked":[],"picked":"Guardian:DecasProtection+1","floor":41},{"not_picked":["Guardian:TemporalStrike+1"],"picked":"SKIP","floor":44},{"not_picked":[],"picked":"Guardian:PiercingHide+1","floor":45},{"not_picked":["Guardian:Gem_Red"],"picked":"SKIP","floor":47}],"player_experience":4234423,"relics_obtained":[{"floor":6.0,"key":"Garlic"},{"floor":7.0,"key":"The Courier"},{"floor":9.0,"key":"Iron Hammer"},{"floor":28.0,"key":"Chameleon Ring"},{"floor":41,"key":"Gambling Chip"},{"floor":43,"key":"Pear"},{"floor":47,"key":"Potion Belt"}],"event_choices":[{"damage_healed":0.0,"max_hp_gain":0.0,"max_hp_loss":0.0,"gold_gain":0.0,"event_name":"The Library","player_choice":"Read","floor":22.0,"gold_loss":0.0,"damage_taken":0.0,"cards_obtained":["Guardian:PolyBeam"]}],"is_beta":false,"boss_relics":[{"not_picked":["Velvet Choker","Black Star"],"picked":"Guardian:StasisSlotReductionRelic"},{"not_picked":["Coffee Dripper","Replay:Wanted Poster"],"picked":"Replay:Grab Bag"},{"not_picked":["bronze:MakeshiftBattery","Fusion Hammer"],"picked":"Busted Crown"},{"not_picked":["Replay:Bronze Core","Runic Dome"],"picked":"Philosopher\u0027s Stone"},{"not_picked":["SacredBark","Snecko Eye"],"picked":"Kintsugi"}],"items_purged_floors":[13,33,39],"is_endless":false,"potions_floor_spawned":[2,3,6,12,15,17,23,32,34,35,44,45,47],"killed_by":"4 Shapes","ascension_level":0}}