{"host":"htqwg582tjjtn9p7","time":1613842974,"event":{"mods":["2.2 Compatiblity","AchievementEnabler","Act Like it!","Aspiration","BaseMod","Better Third Choice","Colored Map","Conspire","Curses Come First","Displayed Cursed Tome","Energized Spire","Force Act Four","Fox Events","GifTheSpireLib","Hermit","Highlight Path","JesterMod","Mad Scientist","Minty Spire (QoL Compilation)","Pale of the Ancients","Permanent Neow","Random Character Button","Relic Stats","Reliquary","Replay The Spire","Robot Space Explorer","Somnambulant","Spicy Shops","Spikes Relics","StSLib","Stuff the Spire","The Blue Laboratory","The Bug Knight","The Forsaken","The Gatherer","The Judge","The Jungle","The Marked","The Runesmith","The Servant 0.9.4","Uncapped"],"gold_per_floor":[118,118,96,96,96,96,116,141,141,169,186,186,196,79,79,175,175,190,201,216,233,17,17,50,50,50,50,50,78,6,25,25,121,71,90,102,102,121,132,132,158,158,158],"floor_reached":42,"language":"ENG","playtime":1871,"items_purged":["WordoMod:StrikeCard"],"score":752,"play_id":"e91f178f-2572-47dc-bf6b-a42cfca3509e","local_time":"20210220184254","is_ascension_mode":true,"campfire_choices":[{"data":"WordoMod:StrikeCard","floor":6.0,"key":"SMITH"},{"data":"WordoMod:DarkForm","floor":12.0,"key":"SMITH"},{"floor":15.0,"key":"REST"},{"floor":23.0,"key":"REST"},{"floor":28.0,"key":"REST"},{"floor":32,"key":"REST"},{"floor":40,"key":"REST"}],"circlet_count":0,"master_deck":["AscendersBane","WordoMod:StrikeCard","WordoMod:StrikeCard+1","WordoMod:StrikeCard+1","WordoMod:DefendCard","WordoMod:DefendCard","WordoMod:DefendCard+1","WordoMod:DefendCard","WordoMod:Accursed","WordoMod:BreakChains","WordoMod:CurseBuckler","WordoMod:DarkForm+1","WordoMod:Sacrilege","WordoMod:LanternFlame","WordoMod:Cataclysm","WordoMod:LanternFlame","WordoMod:GreatSeal","WordoMod:Repent+1","WordoMod:FamousTechnique","WordoMod:MementoMori","WordoMod:Unchained+1","WordoMod:CurseBuckler","WordoMod:Repent","WordoMod:ICurseThee+1","WordoMod:Sacrilege","WordoMod:StrikeCard","WordoMod:BeneathTheMask","WordoMod:BloodThinning+1","WordoMod:MementoMori+1"],"relics":["WordoMod:Effigy","Replay:Bronze Core","reliquary:ExpiredCoupon","reliquary:TridentHead","Mummified Hand","Peace Pipe","CosmicIsotope","Omamori","Du-Vu Doll","Iron Hammer","Gremlin Horn","energizedSpire:HugeHouse","StuffTheSpire:NeowsTribute"],"acts_visited":["Exordium","TheCity","TheBeyond"],"potions_floor_usage":[31,42,42],"damage_taken":[{"damage":0.0,"enemies":"Small Slimes","floor":1.0,"turns":2.0},{"damage":1.0,"enemies":"conspire:RoseBush","floor":7.0,"turns":5.0},{"damage":10.0,"enemies":"Replay:BlueRogue","floor":8.0,"turns":11.0},{"damage":5.0,"enemies":"3 Sentries","floor":10.0,"turns":2.0},{"damage":0.0,"enemies":"2 Louse","floor":11.0,"turns":1.0},{"damage":0.0,"enemies":"Gremlin Gang","floor":13.0,"turns":2.0},{"damage":8.0,"enemies":"Fading Forest","floor":16.0,"turns":11.0},{"damage":21.0,"enemies":"Shell Parasite","floor":18.0,"turns":3.0},{"damage":0.0,"enemies":"Spheric Guardian","floor":19.0,"turns":2.0},{"damage":18.0,"enemies":"Snecko","floor":20.0,"turns":5.0},{"damage":0.0,"enemies":"3 Cultists","floor":21.0,"turns":1.0},{"damage":16.0,"enemies":"HollowMod:Nosk","floor":24.0,"turns":7.0},{"damage":0,"enemies":"conspire:Head Lice","floor":29,"turns":4},{"damage":9,"enemies":"Snake Plant","floor":31,"turns":4},{"damage":20,"enemies":"Automaton","floor":33,"turns":8},{"damage":28,"enemies":"3 Darklings","floor":35,"turns":3},{"damage":0,"enemies":"3 Shapes","floor":36,"turns":2},{"damage":1,"enemies":"Sphere and 2 Shapes","floor":38,"turns":3},{"damage":0,"enemies":"4 Shapes","floor":39,"turns":1},{"damage":11,"enemies":"Reptomancer","floor":41,"turns":5},{"damage":48,"enemies":"Spire Growth","floor":42,"turns":5}],"seed_played":"-7217784921549266961","potions_obtained":[{"floor":8.0,"key":"Explosive Potion"},{"floor":10.0,"key":"blueLaboratory:ImpenetrablePotion"},{"floor":11.0,"key":"blueLaboratory:LouseDecoction"},{"floor":18.0,"key":"Fire Potion"},{"floor":29,"key":"SteroidPotion"},{"floor":31,"key":"blueLaboratory:NullPotion"},{"floor":39,"key":"Adrenaline Potion"},{"floor":41,"key":"AttackPotion"}],"is_trial":false,"path_per_floor":["M","?","$","?","?","R","M","E","T","E","M","R","M","$","R","B",null,"M","M","M","M","$","R","E","T","T","?","R","E","$","M","R","B",null,"M","M","?","M","M","R","E","M"],"character_chosen":"JUDGE_CLASS","items_purchased":["WordoMod:CurseBuckler","Peace Pipe","WordoMod:LanternFlame","WordoMod:MementoMori","WordoMod:Unchained+1","WordoMod:CurseBuckler","WordoMod:ICurseThee"],"campfire_rested":5,"item_purchase_floors":[3,14,14,22,22,22,30],"current_hp_per_floor":[68,68,68,53,53,53,52,42,42,37,37,37,37,37,59,51,69,48,48,30,30,30,52,36,36,36,36,58,58,58,49,71,51,65,37,37,37,36,36,57,46,0,0],"gold":158,"neow_bonus":"BOSS_RELIC","is_daily":false,"chose_seed":false,"campfire_upgraded":2,"win_rate":0.0,"timestamp":1613842974,"path_taken":["M","?","$","?","?","R","M","E","T","E","M","R","M","$","R","BOSS","M","M","?","M","$","R","E","?","T","?","R","E","$","M","R","BOSS","M","M","?","M","M","R","E","M"],"items_purchased_type":["Card","Relic","Card","Card","Card","Card","Card"],"build_version":"2020-12-22","purchased_purges":1,"victory":false,"max_hp_per_floor":[75,75,75,75,75,75,75,75,75,75,75,75,75,75,75,75,75,75,75,75,75,75,75,75,75,75,75,75,75,75,75,75,75,70,70,70,70,70,70,70,70,70,70],"relic_stats":{"Peace Pipe":0,"Gremlin Horn":[21,21],"counters":[21,86],"Mummified Hand":[29],"obtain_stats":[{"WordoMod:Effigy":0,"Gremlin Horn":29,"WordoMod:Obsidian":0,"Omamori":24,"Peace Pipe":14,"Du-Vu Doll":25,"reliquary:ExpiredCoupon":8,"reliquary:TridentHead":9,"Mummified Hand":10,"Replay:Bronze Core":0,"Iron Hammer":26,"CosmicIsotope":17,"energizedSpire:HugeHouse":34,"StuffTheSpire:NeowsTribute":41},{"WordoMod:Effigy":0,"Gremlin Horn":13,"WordoMod:Obsidian":0,"Omamori":12,"Peace Pipe":6,"Du-Vu Doll":12,"reliquary:ExpiredCoupon":3,"reliquary:TridentHead":3,"Mummified Hand":4,"Replay:Bronze Core":0,"Iron Hammer":12,"CosmicIsotope":7,"energizedSpire:HugeHouse":15,"StuffTheSpire:NeowsTribute":20},{"WordoMod:Effigy":0,"Gremlin Horn":56,"WordoMod:Obsidian":0,"Omamori":52,"Peace Pipe":23,"Du-Vu Doll":52,"reliquary:ExpiredCoupon":18,"reliquary:TridentHead":18,"Mummified Hand":20,"Replay:Bronze Core":0,"Iron Hammer":52,"CosmicIsotope":34,"energizedSpire:HugeHouse":68,"StuffTheSpire:NeowsTribute":82}]},"card_choices":[{"not_picked":["WordoMod:Unchained","WordoMod:Retaliate"],"picked":"WordoMod:BreakChains","floor":1.0},{"not_picked":["WordoMod:Exorcism","WordoMod:BadMemories"],"picked":"WordoMod:SoulSpear","floor":7.0},{"not_picked":["WordoMod:Combo","WordoMod:Sacrilege"],"picked":"WordoMod:DarkForm","floor":8.0},{"not_picked":["WordoMod:SurgicalPrecision","WordoMod:Retaliate"],"picked":"WordoMod:Sacrilege","floor":10.0},{"not_picked":["WordoMod:Vulgarity","WordoMod:BadMemories"],"picked":"WordoMod:LanternFlame","floor":11.0},{"not_picked":["WordoMod:Taunt","WordoMod:Exorcism"],"picked":"WordoMod:Cataclysm","floor":13.0},{"not_picked":["WordoMod:TheCure","WordoMod:BurnMyDread"],"picked":"WordoMod:GreatSeal","floor":16.0},{"not_picked":["WordoMod:Unchained","WordoMod:LanternFlame"],"picked":"WordoMod:Repent+1","floor":18.0},{"not_picked":["WordoMod:Hysteria","WordoMod:Malice"],"picked":"WordoMod:FamousTechnique","floor":19.0},{"not_picked":["WordoMod:ProfanedFlame+1","WordoMod:Rise","WordoMod:Retaliate"],"picked":"SKIP","floor":20.0},{"not_picked":["WordoMod:Pestilence","WordoMod:MonkeysPaw","WordoMod:BoundlessGreed"],"picked":"SKIP","floor":21.0},{"not_picked":["WordoMod:SoulSpear","WordoMod:CloudOfDust","WordoMod:Spite"],"picked":"SKIP","floor":24.0},{"not_picked":["WordoMod:SoulSpear","WordoMod:ScatterAshes"],"picked":"WordoMod:Repent","floor":29},{"not_picked":["WordoMod:WillOWisp+1","WordoMod:Sickness"],"picked":"WordoMod:Sacrilege","floor":31},{"not_picked":["WordoMod:ShackleGuard","WordoMod:SoulSpear+1"],"picked":"WordoMod:BloodThinning+1","floor":35},{"not_picked":["WordoMod:ShackleGuard","WordoMod:BadMemories+1","WordoMod:Sacrilege"],"picked":"SKIP","floor":36},{"not_picked":["WordoMod:Exorcism","WordoMod:Resurrection"],"picked":"WordoMod:MementoMori+1","floor":38},{"not_picked":["WordoMod:MementoMori","WordoMod:Malice+1","WordoMod:Pestilence"],"picked":"SKIP","floor":39},{"not_picked":["WordoMod:SecondChance","WordoMod:HighwayToHell","WordoMod:WillOWisp+1"],"picked":"SKIP","floor":41}],"player_experience":2053467,"relics_obtained":[{"floor":8.0,"key":"reliquary:ExpiredCoupon"},{"floor":9.0,"key":"reliquary:TridentHead"},{"floor":10.0,"key":"Mummified Hand"},{"floor":24.0,"key":"Omamori"},{"floor":25.0,"key":"Du-Vu Doll"},{"floor":26.0,"key":"Iron Hammer"},{"floor":29,"key":"Gremlin Horn"},{"floor":41,"key":"StuffTheSpire:NeowsTribute"}],"event_choices":[{"damage_healed":0.0,"max_hp_gain":0.0,"max_hp_loss":0.0,"gold_gain":0.0,"event_name":"conspire:Investor","player_choice":"Leave","floor":2.0,"gold_loss":0.0,"damage_taken":0.0},{"damage_healed":68.0,"max_hp_gain":0.0,"max_hp_loss":75.0,"gold_gain":0.0,"event_name":"betterThird:BetterShining","player_choice":"Upgrade","floor":4.0,"gold_loss":0.0,"damage_taken":15.0,"cards_upgraded":["WordoMod:DefendCard","WordoMod:StrikeCard"]},{"cards_removed":["WordoMod:IllWill"],"damage_healed":0.0,"max_hp_gain":0.0,"max_hp_loss":0.0,"gold_gain":0.0,"event_name":"Bonfire Elementals","player_choice":"Offered Basic","floor":5.0,"gold_loss":0.0,"damage_taken":0.0},{"damage_healed":0.0,"max_hp_gain":0.0,"max_hp_loss":0.0,"gold_gain":0.0,"event_name":"Vampires","player_choice":"Ignored","floor":27.0,"gold_loss":0.0,"damage_taken":0.0},{"damage_healed":0,"gold_gain":0,"player_choice":"Upgraded","damage_taken":0,"max_hp_gain":0,"max_hp_loss":0,"event_name":"Upgrade Shrine","floor":37,"gold_loss":0,"cards_upgraded":["WordoMod:ICurseThee"]}],"is_beta":false,"boss_relics":[{"not_picked":["aspiration:RitualDagger","Ring of Chaos"],"picked":"CosmicIsotope"},{"not_picked":["Busted Crown","energizedSpire:StickyHand"],"picked":"energizedSpire:HugeHouse"}],"items_purged_floors":[22],"is_endless":false,"potions_floor_spawned":[8,10,11,18,29,31,33,39,41],"killed_by":"Spire Growth","ascension_level":10}}