{"host":"szp1d6dso4pv7ddl","time":1613840858,"event":{"mods":["AchievementEnabler","Alarm Clock","BaseMod","Bestiary","Block Reminder","Colored Map","Colored Powertips","Curses Come First","Dark Map","Displayed Cursed Tome","Highlight Path","Minty Spire (QoL Compilation)","Permanent Neow","Quick Restart","Relic Sorter","Relic Stats","StSLib","Synergy Search"],"gold_per_floor":[10,29,29,29,41,41,57,57,57,20,54,54,82,97,97,171,171,190,29,40,57,57,57,57,88,115,115,215,215,230,155,155,155,155],"floor_reached":33,"language":"ENG","playtime":1760,"items_purged":["Normality"],"score":532,"play_id":"1081bc14-2bbf-486f-92db-3ef26faa7b50","local_time":"20210220090738","is_ascension_mode":true,"campfire_choices":[{"data":"Entrench","floor":6.0,"key":"SMITH"},{"data":"Cleave","floor":8.0,"key":"SMITH"},{"floor":12.0,"key":"REST"},{"data":"Body Slam","floor":15.0,"key":"SMITH"},{"floor":23.0,"key":"REST"},{"floor":27.0,"key":"REST"},{"data":"Dark Embrace","floor":32.0,"key":"SMITH"}],"circlet_count":0,"master_deck":["AscendersBane","Strike_R","Defend_R","Defend_R","Defend_R","Defend_R","Bash","Cleave+1","Twin Strike","Feed","Entrench+1","Ghostly Armor","Armaments","Fiend Fire","Body Slam+1","Immolate","Corruption+1","Second Wind+1","Body Slam","Dark Embrace+1","Flame Barrier+1","Reckless Charge","Metallicize","Feel No Pain","Ghostly","Ghostly","Ghostly","Sentinel"],"relics":["Burning Blood","FossilizedHelix","Mercury Hourglass","Calipers","Akabeko","Gambling Chip","Astrolabe","MealTicket","Smiling Mask","CaptainsWheel","Frozen Egg 2"],"acts_visited":["Exordium","TheCity"],"potions_floor_usage":[],"damage_taken":[{"damage":6.0,"enemies":"Cultist","floor":1.0,"turns":4.0},{"damage":0.0,"enemies":"2 Louse","floor":2.0,"turns":2.0},{"damage":7.0,"enemies":"Jaw Worm","floor":5.0,"turns":3.0},{"damage":25.0,"enemies":"Exordium Wildlife","floor":7.0,"turns":4.0},{"damage":17.0,"enemies":"3 Sentries","floor":11.0,"turns":6.0},{"damage":40.0,"enemies":"Lagavulin","floor":13.0,"turns":5.0},{"damage":0.0,"enemies":"Large Slime","floor":14.0,"turns":5.0},{"damage":39.0,"enemies":"Slime Boss","floor":16.0,"turns":10.0},{"damage":6.0,"enemies":"Shell Parasite","floor":18.0,"turns":7.0},{"damage":22.0,"enemies":"2 Thieves","floor":20.0,"turns":3.0},{"damage":8.0,"enemies":"Sentry and Sphere","floor":21.0,"turns":5.0},{"damage":39.0,"enemies":"Book of Stabbing","floor":25.0,"turns":5.0},{"damage":14.0,"enemies":"Colosseum Slavers","floor":28.0,"turns":3.0},{"damage":0.0,"enemies":"Colosseum Nobs","floor":28.0,"turns":5.0},{"damage":0.0,"enemies":"3 Cultists","floor":30.0,"turns":5.0},{"damage":62,"enemies":"Champ","floor":33,"turns":17}],"seed_played":"1451590562035871390","potions_obtained":[{"floor":1.0,"key":"SpeedPotion"},{"floor":7.0,"key":"Ancient Potion"},{"floor":14.0,"key":"FearPotion"},{"floor":16.0,"key":"LiquidBronze"},{"floor":28.0,"key":"Explosive Potion"}],"is_trial":false,"path_per_floor":["M","M","?","?","M","R","M","R","T","?","E","R","E","M","R","B",null,"M","$","M","M","?","R","?","E","T","R","?","?","M","?","R","B"],"character_chosen":"IRONCLAD","items_purchased":["Dark Embrace"],"campfire_rested":3,"item_purchase_floors":[19],"current_hp_per_floor":[68,74,74,74,73,73,54,54,54,54,46,69,35,41,41,8,61,61,61,48,49,49,74,74,45,45,71,75,47,50,50,50,0,0],"gold":155,"neow_bonus":"ONE_RARE_RELIC","is_daily":false,"chose_seed":false,"campfire_upgraded":4,"win_rate":0.0,"timestamp":1613840858,"path_taken":["M","M","?","?","M","R","M","R","T","?","E","R","E","M","R","BOSS","M","$","M","M","?","R","?","E","T","R","?","?","M","?","R","BOSS"],"items_purchased_type":["Card"],"build_version":"2020-12-22","purchased_purges":1,"victory":false,"max_hp_per_floor":[75,75,75,75,75,75,75,75,75,75,78,78,78,78,78,78,78,78,78,81,84,84,84,84,88,88,88,94,47,50,50,50,50,50],"relic_stats":{"counters":[16,87],"Gambling Chip":[32],"Astrolabe":["Normality","Corruption","Second Wind"],"MealTicket":0,"Smiling Mask":0,"obtain_stats":[{"CaptainsWheel":28,"Calipers":9,"Gambling Chip":13,"Astrolabe":17,"MealTicket":25,"Frozen Egg 2":28,"Smiling Mask":26,"Burning Blood":0,"FossilizedHelix":0,"Akabeko":11,"Mercury Hourglass":4},{"CaptainsWheel":14,"Calipers":4,"Gambling Chip":6,"Astrolabe":8,"MealTicket":12,"Frozen Egg 2":14,"Smiling Mask":12,"Burning Blood":0,"FossilizedHelix":0,"Akabeko":5,"Mercury Hourglass":2},{"CaptainsWheel":65,"Calipers":13,"Gambling Chip":24,"Astrolabe":37,"MealTicket":57,"Frozen Egg 2":65,"Smiling Mask":57,"Burning Blood":0,"FossilizedHelix":0,"Akabeko":19,"Mercury Hourglass":6}],"Burning Blood":84,"Mercury Hourglass":[302]},"card_choices":[{"not_picked":["Pommel Strike","Headbutt"],"picked":"Cleave","floor":1.0},{"not_picked":["Bloodletting","Burning Pact"],"picked":"Twin Strike","floor":2.0},{"not_picked":["Iron Wave","Wild Strike"],"picked":"Entrench","floor":5.0},{"not_picked":["Blood for Blood","Heavy Blade"],"picked":"Ghostly Armor","floor":7.0},{"not_picked":["Perfected Strike","Sever Soul"],"picked":"Armaments","floor":11.0},{"not_picked":["Infernal Blade","Clothesline"],"picked":"Fiend Fire","floor":13.0},{"not_picked":["Armaments","Heavy Blade"],"picked":"Body Slam","floor":14.0},{"not_picked":["Bludgeon","Berserk"],"picked":"Immolate","floor":16.0},{"not_picked":["Perfected Strike","Iron Wave"],"picked":"Body Slam","floor":18.0},{"not_picked":["Pommel Strike","Sentinel+1"],"picked":"Flame Barrier+1","floor":20.0},{"not_picked":["Corruption","Havoc+1"],"picked":"Reckless Charge","floor":21.0},{"not_picked":["Twin Strike+1","Armaments+1"],"picked":"Feel No Pain","floor":25.0},{"not_picked":["Infernal Blade","Warcry"],"picked":"Sentinel","floor":30.0}],"player_experience":1607360,"relics_obtained":[{"floor":9.0,"key":"Calipers"},{"floor":11.0,"key":"Akabeko"},{"floor":13.0,"key":"Gambling Chip"},{"floor":25.0,"key":"MealTicket"},{"floor":26.0,"key":"Smiling Mask"},{"floor":28.0,"key":"CaptainsWheel"},{"floor":28.0,"key":"Frozen Egg 2"}],"event_choices":[{"damage_healed":0.0,"max_hp_gain":0.0,"max_hp_loss":0.0,"gold_gain":0.0,"cards_transformed":["Strike_R"],"event_name":"Living Wall","player_choice":"Change","floor":3.0,"gold_loss":0.0,"damage_taken":0.0,"cards_obtained":["Feed"]},{"damage_healed":0.0,"max_hp_gain":0.0,"max_hp_loss":0.0,"gold_gain":0.0,"event_name":"Big Fish","player_choice":"Box","floor":4.0,"gold_loss":0.0,"damage_taken":0.0,"relics_obtained":["Mercury Hourglass"],"cards_obtained":["Regret"]},{"damage_healed":0.0,"max_hp_gain":0.0,"max_hp_loss":0.0,"gold_gain":0.0,"event_name":"World of Goop","player_choice":"Left Gold","floor":10.0,"gold_loss":37.0,"damage_taken":0.0},{"damage_healed":0.0,"max_hp_gain":0.0,"max_hp_loss":0.0,"gold_gain":0.0,"event_name":"Vampires","player_choice":"Ignored","floor":22.0,"gold_loss":0.0,"damage_taken":0.0},{"damage_healed":0.0,"max_hp_gain":0.0,"max_hp_loss":0.0,"gold_gain":0.0,"event_name":"The Library","player_choice":"Read","floor":24.0,"gold_loss":0.0,"damage_taken":0.0,"cards_obtained":["Metallicize"]},{"damage_healed":0.0,"max_hp_gain":0.0,"max_hp_loss":0.0,"gold_gain":0.0,"event_name":"Colosseum","player_choice":"Fight","floor":28.0,"gold_loss":0.0,"damage_taken":0.0},{"damage_healed":0.0,"max_hp_gain":0.0,"max_hp_loss":0.0,"gold_gain":0.0,"event_name":"Colosseum","player_choice":"Fought Nobs","floor":28.0,"gold_loss":0.0,"damage_taken":0.0},{"damage_healed":0.0,"max_hp_gain":0.0,"max_hp_loss":47.0,"gold_gain":0.0,"event_name":"Ghosts","player_choice":"Became a Ghost","floor":29.0,"gold_loss":0.0,"damage_taken":0.0,"cards_obtained":["Ghostly","Ghostly","Ghostly"]},{"cards_removed":["Strike_R"],"damage_healed":0.0,"max_hp_gain":0.0,"max_hp_loss":0.0,"gold_gain":0.0,"event_name":"Beggar","player_choice":"Gave Gold","floor":31.0,"gold_loss":75.0,"damage_taken":0.0}],"is_beta":false,"boss_relics":[{"not_picked":["Sozu","Runic Cube"],"picked":"Astrolabe"}],"items_purged_floors":[19],"is_endless":false,"potions_floor_spawned":[1,7,14,16,21,28],"killed_by":"Champ","ascension_level":19}}