{"host":"7gquyva492f4udta","time":1613783548,"event":{"mods":["BaseMod","Minty Spire (QoL Compilation)"],"gold_per_floor":[110,128,141,154,168,194,210,210,284,384,384,394,413,445,445,445,445],"floor_reached":16,"language":"ENG","playtime":888,"items_purged":[],"score":176,"play_id":"87af2fe9-61da-4533-b141-d658d692437f","local_time":"20210219191228","is_ascension_mode":true,"campfire_choices":[{"data":"Eruption","floor":8,"key":"SMITH"},{"data":"Adaptation","floor":11,"key":"SMITH"},{"data":"ThirdEye","floor":15,"key":"SMITH"}],"circlet_count":0,"master_deck":["Strike_P","Strike_P","Strike_P","Strike_P","Defend_P","Defend_P","Defend_P","Defend_P","Eruption+1","Vigilance","ThirdEye+1","Nirvana","Weave","Adaptation+1","FlurryOfBlows","Wireheading","Tantrum","Scrawl"],"relics":["PureWater","Lantern","Darkstone Periapt","Sundial"],"acts_visited":["Exordium"],"potions_floor_usage":[6,14,16],"damage_taken":[{"damage":0,"enemies":"Small Slimes","floor":1,"turns":2},{"damage":0,"enemies":"Cultist","floor":2,"turns":5},{"damage":3,"enemies":"Jaw Worm","floor":3,"turns":5},{"damage":3,"enemies":"2 Fungi Beasts","floor":4,"turns":6},{"damage":15,"enemies":"Large Slime","floor":5,"turns":4},{"damage":17,"enemies":"Gremlin Nob","floor":6,"turns":4},{"damage":1,"enemies":"Blue Slaver","floor":7,"turns":5},{"damage":0,"enemies":"2 Fungi Beasts","floor":12,"turns":2},{"damage":1,"enemies":"Exordium Wildlife","floor":13,"turns":3},{"damage":0,"enemies":"Lagavulin","floor":14,"turns":3},{"damage":53,"enemies":"Slime Boss","floor":16,"turns":6}],"seed_played":"-3236222956744031093","potions_obtained":[{"floor":1,"key":"StancePotion"},{"floor":4,"key":"BottledMiracle"},{"floor":7,"key":"SteroidPotion"},{"floor":12,"key":"SpeedPotion"}],"is_trial":false,"path_per_floor":["M","M","M","M","M","E","M","R","T","?","R","M","M","E","R","B"],"character_chosen":"WATCHER","items_purchased":[],"campfire_rested":0,"item_purchase_floors":[],"current_hp_per_floor":[79,79,76,73,58,41,40,40,40,40,40,40,39,39,39,0,0],"gold":445,"neow_bonus":"TEN_PERCENT_HP_BONUS","is_daily":false,"chose_seed":false,"campfire_upgraded":3,"win_rate":0.0,"timestamp":1613783548,"path_taken":["M","M","M","M","M","E","M","R","T","?","R","M","M","E","R","BOSS"],"items_purchased_type":[],"build_version":"2020-12-22","purchased_purges":0,"victory":false,"max_hp_per_floor":[79,79,79,79,79,79,79,79,79,79,79,79,79,79,79,79,79],"card_choices":[{"not_picked":["WheelKick","CrushJoints"],"picked":"ThirdEye","floor":1},{"not_picked":["Worship","Halt"],"picked":"Nirvana","floor":2},{"not_picked":["Nirvana","Prostrate","SandsOfTime"],"picked":"SKIP","floor":3},{"not_picked":["Consecrate","EmptyBody"],"picked":"Weave","floor":4},{"not_picked":["BowlingBash","CarveReality"],"picked":"Adaptation","floor":5},{"not_picked":["Pray","WaveOfTheHand","Worship"],"picked":"SKIP","floor":6},{"not_picked":["Indignation","Wireheading"],"picked":"FlurryOfBlows","floor":7},{"not_picked":["Protect","Crescendo"],"picked":"Wireheading","floor":12},{"not_picked":["Conclude","BowlingBash"],"picked":"Tantrum","floor":13},{"not_picked":["Collect","Prostrate"],"picked":"Scrawl","floor":14}],"player_experience":292296,"relics_obtained":[{"floor":6,"key":"Lantern"},{"floor":9,"key":"Darkstone Periapt"},{"floor":14,"key":"Sundial"}],"event_choices":[{"damage_healed":0,"gold_gain":100,"player_choice":"Gold","damage_taken":0,"max_hp_gain":0,"max_hp_loss":0,"event_name":"Wheel of Change","floor":10,"gold_loss":0}],"is_beta":false,"boss_relics":[],"items_purged_floors":[],"is_endless":false,"potions_floor_spawned":[1,4,7,12],"killed_by":"Slime Boss","ascension_level":5}}