{"host":"x4ats5ishrj7ufnw","time":1613852921,"event":{"mods":["BaseMod","Colored Map","Colored Powertips","DeckTracker","KOR Keyword Fix","Minty Spire (QoL Compilation)","Permanent Neow","Quick Restart","Relic Stats","StSLib","SuperFastMode"],"gold_per_floor":[126,150,177,204,235,247,259,271,308,335,365,388,400,432,444,456,456],"floor_reached":16,"language":"KOR","playtime":500,"items_purged":[],"score":98,"play_id":"af0d0957-e4e3-44b4-89f0-c790c5b20b9d","local_time":"20210221052841","is_ascension_mode":false,"campfire_choices":[{"data":"Skewer","floor":6,"key":"SMITH"},{"data":"Leg Sweep","floor":8,"key":"SMITH"},{"floor":15,"key":"REST"}],"circlet_count":0,"master_deck":["Strike_G","Strike_G","Strike_G","Strike_G","Strike_G","Defend_G+1","Defend_G","Defend_G","Defend_G+1","Defend_G","Survivor","Neutralize","Skewer+1","Poisoned Stab","Acrobatics","Leg Sweep+1","Heel Hook","Noxious Fumes+1"],"relics":["Ring of the Snake","MawBank","War Paint","Bag of Preparation"],"acts_visited":["Exordium"],"potions_floor_usage":[5],"damage_taken":[{"damage":0,"enemies":"Cultist","floor":1,"turns":5},{"damage":1,"enemies":"Small Slimes","floor":2,"turns":3},{"damage":1,"enemies":"Jaw Worm","floor":3,"turns":4},{"damage":20,"enemies":"Lots of Slimes","floor":4,"turns":5},{"damage":22,"enemies":"Exordium Thugs","floor":5,"turns":5},{"damage":0,"enemies":"Blue Slaver","floor":10,"turns":4},{"damage":2,"enemies":"2 Fungi Beasts","floor":11,"turns":5},{"damage":12,"enemies":"Lots of Slimes","floor":12,"turns":5},{"damage":8,"enemies":"Exordium Thugs","floor":14,"turns":4},{"damage":31,"enemies":"Slime Boss","floor":16,"turns":8}],"seed_played":"-263074136308451014","potions_obtained":[{"floor":1,"key":"Energy Potion"},{"floor":4,"key":"Explosive Potion"},{"floor":14,"key":"CunningPotion"}],"is_trial":false,"path_per_floor":["M","M","M","M","M","R","?","R","T","M","M","M","?","M","R","B"],"character_chosen":"THE_SILENT","items_purchased":[],"campfire_rested":1,"item_purchase_floors":[],"current_hp_per_floor":[70,69,68,48,26,26,26,26,26,26,24,12,12,4,25,0,0],"gold":456,"neow_bonus":"RANDOM_COMMON_RELIC","is_daily":false,"chose_seed":false,"campfire_upgraded":2,"win_rate":0.0,"timestamp":1613852921,"path_taken":["M","M","?","M","M","R","?","R","T","M","?","M","?","M","R","BOSS"],"items_purchased_type":[],"build_version":"2020-12-22","purchased_purges":0,"victory":false,"max_hp_per_floor":[70,70,70,70,70,70,70,70,70,70,70,70,70,70,70,70,70],"relic_stats":{"counters":[10,48],"Bag of Preparation":[10],"War Paint":["Defend_G","Defend_G"],"MawBank":192,"obtain_stats":[{"Bag of Preparation":9,"War Paint":7,"MawBank":0,"Ring of the Snake":0},{"Bag of Preparation":5,"War Paint":5,"MawBank":0,"Ring of the Snake":0},{"Bag of Preparation":22,"War Paint":22,"MawBank":0,"Ring of the Snake":0}],"Ring of the Snake":[20]},"card_choices":[{"not_picked":["Backflip","Underhanded Strike"],"picked":"Skewer","floor":1},{"not_picked":["Backflip","Blade Dance"],"picked":"Poisoned Stab","floor":2},{"not_picked":["Heel Hook","Outmaneuver"],"picked":"Acrobatics","floor":3},{"not_picked":["Flying Knee","Outmaneuver","Deflect"],"picked":"SKIP","floor":4},{"not_picked":["PiercingWail","Endless Agony"],"picked":"Leg Sweep","floor":5},{"not_picked":["Quick Slash","PiercingWail","Outmaneuver"],"picked":"SKIP","floor":10},{"not_picked":["Slice","Doppelganger"],"picked":"Heel Hook","floor":11},{"not_picked":["Heel Hook","Dagger Spray"],"picked":"Noxious Fumes","floor":12},{"not_picked":["Dagger Spray","All Out Attack","Expertise"],"picked":"SKIP","floor":14}],"player_experience":1494,"relics_obtained":[{"floor":9,"key":"Bag of Preparation"}],"event_choices":[{"damage_healed":0,"gold_gain":0,"player_choice":"Gave Potion","damage_taken":0,"relics_obtained":["War Paint"],"max_hp_gain":0,"max_hp_loss":0,"event_name":"WeMeetAgain","floor":7,"gold_loss":0},{"damage_healed":0,"gold_gain":0,"player_choice":"Grow","damage_taken":0,"max_hp_gain":0,"max_hp_loss":0,"event_name":"Living Wall","floor":13,"gold_loss":0,"cards_upgraded":["Noxious Fumes"]}],"is_beta":false,"boss_relics":[],"items_purged_floors":[],"is_endless":false,"potions_floor_spawned":[1,4,14],"killed_by":"Slime Boss","ascension_level":0}}