{"host":"oigynbtg272c19pw","time":1613837930,"event":{"mods":["BaseMod","Colored Map","Minty Spire (QoL Compilation)","Relic Stats","Slay the Relics Exporter","StSLib"],"gold_per_floor":[115,115,40,40,0,0,31,31,109,125,163,48,48,66,66,159,159,174,50,77,89,89],"floor_reached":21,"playtime":625,"items_purged":[],"score":370,"play_id":"6a3dfd89-255c-4c4d-bf78-6ffd3c07f9c9","local_time":"20210220171850","is_ascension_mode":true,"campfire_choices":[{"data":"Ball Lightning","floor":6.0,"key":"SMITH"},{"floor":8.0,"key":"REST"},{"floor":13.0,"key":"REST"},{"data":"Defragment","floor":15.0,"key":"SMITH"}],"circlet_count":0,"master_deck":["AscendersBane","Strike_B","Strike_B","Strike_B","Defend_B","Defend_B","Defend_B","Zap","Dualcast","Ball Lightning+1","Lockon","Go for the Eyes","Coolheaded","Defragment+1","Cold Snap","Aggregate","Fission","Rebound","Consume"],"relics":["Philosopher\u0027s Stone","Golden Idol","Thread and Needle","Question Card","Ancient Tea Set","Nuclear Battery","MawBank"],"acts_visited":["Exordium","TheCity"],"potions_floor_usage":[],"damage_taken":[{"damage":4.0,"enemies":"Small Slimes","floor":1.0,"turns":3.0},{"damage":46.0,"enemies":"Gremlin Nob","floor":7.0,"turns":4.0},{"damage":0.0,"enemies":"2 Louse","floor":10.0,"turns":2.0},{"damage":14.0,"enemies":"Lagavulin","floor":11.0,"turns":5.0},{"damage":0.0,"enemies":"Cultist","floor":14.0,"turns":3.0},{"damage":18.0,"enemies":"The Guardian","floor":16.0,"turns":10.0},{"damage":0.0,"enemies":"Spheric Guardian","floor":18.0,"turns":5.0},{"damage":38,"enemies":"Chosen","floor":20,"turns":6},{"damage":20,"enemies":"Snecko","floor":21,"turns":5}],"seed_played":"-4481250246758909400","potions_obtained":[{"floor":11.0,"key":"DistilledChaos"},{"floor":16.0,"key":"BlessingOfTheForge"}],"is_trial":false,"path_per_floor":["M","?","?","?","?","R","E","R","T","M","E","$","R","M","R","B",null,"M","?","M","M"],"character_chosen":"DEFECT","items_purchased":["Defragment","Cold Snap"],"campfire_rested":2,"item_purchase_floors":[12,12],"current_hp_per_floor":[60,53,53,53,53,53,7,26,26,26,12,12,31,31,31,13,51,51,51,13,0,0],"gold":89,"neow_bonus":"BOSS_RELIC","is_daily":false,"chose_seed":false,"campfire_upgraded":2,"win_rate":0.0,"timestamp":1613837930,"path_taken":["M","?","?","?","?","R","E","R","T","M","E","$","R","M","R","BOSS","M","?","?","M"],"items_purchased_type":["Card","Card"],"build_version":"2020-12-13","purchased_purges":0,"victory":false,"max_hp_per_floor":[71,71,71,64,64,64,64,64,64,64,64,64,64,64,64,64,64,64,64,64,64,64],"relic_stats":{"counters":[9,43],"Golden Idol":46,"Question Card":6,"MawBank":24,"obtain_stats":[{"Golden Idol":4,"Philosopher\u0027s Stone":0,"Thread and Needle":7,"Cracked Core":0,"Question Card":9,"Ancient Tea Set":11,"MawBank":19,"Nuclear Battery":17},{"Golden Idol":1,"Philosopher\u0027s Stone":0,"Thread and Needle":2,"Cracked Core":0,"Question Card":2,"Ancient Tea Set":4,"MawBank":7,"Nuclear Battery":6},{"Golden Idol":3,"Philosopher\u0027s Stone":0,"Thread and Needle":7,"Cracked Core":0,"Question Card":7,"Ancient Tea Set":14,"MawBank":32,"Nuclear Battery":27}]},"card_choices":[{"not_picked":["Turbo","Barrage"],"picked":"Ball Lightning","floor":1.0},{"not_picked":["FTL","Capacitor"],"picked":"Lockon","floor":7.0},{"not_picked":["Barrage","Turbo","Redo"],"picked":"Go for the Eyes","floor":10.0},{"not_picked":["Skim","Storm","Meteor Strike"],"picked":"Coolheaded","floor":11.0},{"not_picked":["Turbo","Stack","Compile Driver"],"picked":"Aggregate","floor":14.0},{"not_picked":["Multi-Cast","Creative AI","Meteor Strike"],"picked":"Fission","floor":16.0},{"not_picked":["Gash","Ball Lightning+1","Conserve Battery"],"picked":"Rebound","floor":18.0},{"not_picked":["Steam","Fusion","Beam Cell"],"picked":"Consume","floor":20}],"player_experience":1632417,"relics_obtained":[{"floor":7.0,"key":"Thread and Needle"},{"floor":9.0,"key":"Question Card"},{"floor":11.0,"key":"Ancient Tea Set"}],"event_choices":[{"cards_removed":["Strike_B"],"damage_healed":0.0,"max_hp_gain":0.0,"max_hp_loss":0.0,"gold_gain":0.0,"event_name":"Golden Wing","player_choice":"Card Removal","floor":2.0,"gold_loss":0.0,"damage_taken":7.0},{"cards_removed":["Defend_B"],"damage_healed":0.0,"max_hp_gain":0.0,"max_hp_loss":0.0,"gold_gain":0.0,"event_name":"The Cleric","player_choice":"Card Removal","floor":3.0,"gold_loss":75.0,"damage_taken":0.0},{"damage_healed":0.0,"max_hp_gain":0.0,"max_hp_loss":7.0,"gold_gain":0.0,"event_name":"Golden Idol","player_choice":"Lose Max HP","floor":4.0,"gold_loss":0.0,"damage_taken":0.0,"relics_obtained":["Golden Idol"]},{"damage_healed":0.0,"max_hp_gain":0.0,"max_hp_loss":0.0,"gold_gain":0.0,"event_name":"World of Goop","player_choice":"Left Gold","floor":5.0,"gold_loss":40.0,"damage_taken":0.0},{"damage_healed":0.0,"max_hp_gain":0.0,"max_hp_loss":0.0,"gold_gain":0.0,"event_name":"WeMeetAgain","player_choice":"Paid Gold","floor":19.0,"gold_loss":124.0,"damage_taken":0.0,"relics_obtained":["MawBank"]}],"is_beta":false,"boss_relics":[{"not_picked":["Sozu","Coffee Dripper"],"picked":"Nuclear Battery"}],"items_purged_floors":[],"is_endless":false,"potions_floor_spawned":[11,16],"killed_by":"Snecko","ascension_level":20}}