{"host":"5f8yr5jxnqok2jdo","time":1613833959,"event":{"mods":["AchievementEnabler","BaseMod","Better Altar","Better Match","Better Note","Better Skull","Better Third Choice","Block Reminder","Colored Map","Colored Powertips","DeckTracker","Displayed Cursed Tome","Filter the Spire","Googly Eyes","Highlight Path","Key Reminder","Minty Spire (QoL Compilation)","Quick Restart","Rare Cards Sparkle","Relic Sorter","Relic Stats","ShortenTheSpire","Smile Girya","Spire Arcade","Spire Birthday Party","StSLib","Steal the Spire","SuperFastMode","Uncapped","Unceasing Turn Reminder","UnlockEverythingMod","Weighted Paths","everything is the same but u backflip on backflip","slay the spire mod where everything is the same but ironclad has a cowboy hat"],"gold_per_floor":[112,42,53,65,80,80,92,103,103,134,152,152,152],"floor_reached":12,"language":"ENG","playtime":339,"items_purged":[],"score":218,"play_id":"7ae86852-503e-418e-ba9a-c3e2695622a5","local_time":"20210220161239","is_ascension_mode":true,"campfire_choices":[{"data":"Bash","floor":6,"key":"SMITH"}],"circlet_count":0,"master_deck":["AscendersBane","Strike_R","Strike_R","Strike_R","Strike_R","Strike_R","Defend_R","Defend_R","Defend_R","Defend_R","Bash+1","Barricade","Metallicize","Carnage","Whirlwind"],"relics":["Snecko Eye","Paper Frog","Bottled Tornado","Bag of Marbles"],"acts_visited":["Exordium"],"potions_floor_usage":[11],"damage_taken":[{"damage":2,"enemies":"Jaw Worm","floor":1,"turns":3},{"damage":0,"enemies":"Cultist","floor":3,"turns":2},{"damage":1,"enemies":"2 Louse","floor":4,"turns":3},{"damage":21,"enemies":"Exordium Wildlife","floor":5,"turns":4},{"damage":4,"enemies":"Exordium Thugs","floor":7,"turns":5},{"damage":8,"enemies":"Blue Slaver","floor":8,"turns":2},{"damage":0,"enemies":"Lagavulin","floor":10,"turns":8},{"damage":1,"enemies":"3 Louse","floor":11,"turns":2},{"damage":39,"enemies":"3 Sentries","floor":12,"turns":4}],"seed_played":"6912783645035818206","potions_obtained":[{"floor":3,"key":"DistilledChaos"},{"floor":7,"key":"DistilledChaos"},{"floor":8,"key":"LiquidBronze"}],"is_trial":false,"path_per_floor":["M","?","M","M","M","R","M","M","T","E","M","E"],"character_chosen":"IRONCLAD","items_purchased":[],"campfire_rested":0,"item_purchase_floors":[],"current_hp_per_floor":[66,66,66,65,44,44,40,32,32,32,31,0,0],"gold":152,"neow_bonus":"BOSS_RELIC","is_daily":false,"chose_seed":false,"campfire_upgraded":1,"win_rate":0.0,"timestamp":1613833959,"path_taken":["M","?","?","M","?","R","M","M","T","E","M","E"],"items_purchased_type":[],"build_version":"2020-12-22","purchased_purges":0,"victory":false,"max_hp_per_floor":[75,75,75,75,75,75,75,75,75,75,75,75,75],"relic_stats":{"counters":[9,33],"Snecko Eye":[56,53,44,63],"obtain_stats":[{"Snecko Eye":0,"Bag of Marbles":10,"Bottled Tornado":9,"Burning Blood":0,"Paper Frog":2},{"Snecko Eye":0,"Bag of Marbles":7,"Bottled Tornado":6,"Burning Blood":0,"Paper Frog":1},{"Snecko Eye":0,"Bag of Marbles":27,"Bottled Tornado":19,"Burning Blood":0,"Paper Frog":3}]},"card_choices":[{"not_picked":["True Grit","Twin Strike","Headbutt"],"picked":"SKIP","floor":1},{"not_picked":["Armaments","Headbutt","Body Slam"],"picked":"SKIP","floor":3},{"not_picked":["Pommel Strike","Pummel"],"picked":"Barricade","floor":4},{"not_picked":["Rupture","Cleave"],"picked":"Metallicize","floor":5},{"not_picked":["Intimidate","Reckless Charge"],"picked":"Carnage","floor":7},{"not_picked":["Body Slam","Battle Trance","Twin Strike"],"picked":"SKIP","floor":8},{"not_picked":["Rupture","Cleave"],"picked":"Whirlwind","floor":10},{"not_picked":["Warcry","Headbutt","Havoc"],"picked":"SKIP","floor":11}],"player_experience":371717,"relics_obtained":[{"floor":9,"key":"Bottled Tornado"},{"floor":10,"key":"Bag of Marbles"}],"event_choices":[{"damage_healed":0,"gold_gain":0,"player_choice":"Paid Gold","damage_taken":0,"relics_obtained":["Paper Frog"],"max_hp_gain":0,"max_hp_loss":0,"event_name":"WeMeetAgain","floor":2,"gold_loss":70}],"is_beta":false,"boss_relics":[],"items_purged_floors":[],"is_endless":false,"potions_floor_spawned":[3,7,8],"killed_by":"3 Sentries","ascension_level":20}}