{"host":"e5vsl4ezcfxwu44d","time":1613845765,"event":{"mods":["BaseMod","Colored Powertips","Downfall","Highlight Path","Minty Spire (QoL Compilation)","StSLib","Unceasing Turn Reminder"],"gold_per_floor":[99,116,134,284,284,309,321,363,360,383,410,432,444,487,518,630,642,354,377,389,420,451,498,510,522,133,147,147,167,197,197,211,211,211,211],"floor_reached":33,"language":"ENG","playtime":4033,"items_purged":["downfall:Icky"],"score":326,"play_id":"32a466ff-2661-4548-951c-1f841acd6fa4","local_time":"20210220132925","is_ascension_mode":false,"campfire_choices":[{"floor":1,"key":"RECALL"},{"data":"champ:ShieldWall","floor":13,"key":"SMITH"},{"data":"champ:SwordSigil","floor":18,"key":"SMITH"},{"data":"champ:UltimateStance","floor":25,"key":"SMITH"}],"circlet_count":0,"master_deck":["champ:Strike","champ:Strike","champ:Strike","champ:Strike","champ:Defend","champ:Defend","champ:Defend","champ:Defend","champ:Execute","champ:Taunt","champ:ShieldWall","champ:ShieldWall+1","champ:SwordSigil+1","champ:Circumvent","champ:TornadoPunch","champ:PreciseThrust","champ:Duel","champ:BerserkerStyle","champ:LastStand","champ:DefensiveShout","champ:UltimateStance+1","champ:SetATrap","champ:StanceDance+1","champ:FocusedDefense","champ:EndlessRage+1","champ:StanceDance","champ:ShieldSigil","champ:GutPunch","downfall:Bewildered","champ:RapidStrikes+1","champ:ArenaPreparation","champ:StanceDance+1"],"relics":["champ:ChampionCrown","MawBank","Dream Catcher","Bag of Preparation","SlaversCollar","downfall:HeartBlessingRed","downfall:HeartBlessingGreen","downfall:HeartBlessingBlue","Blood Vial","Calipers","Bottled Lightning","sneckomod:BabySnecko","Anchor"],"acts_visited":["Exordium","TheCity"],"potions_floor_usage":[3,8,8,9,14,16,21,23,26,32,33],"damage_taken":[{"damage":10,"enemies":"Small Slimes","floor":2,"turns":4},{"damage":26,"enemies":"Jaw Worm","floor":3,"turns":4},{"damage":10,"enemies":"Cultist","floor":6,"turns":4},{"damage":25,"enemies":"3 Sentries","floor":8,"turns":8},{"damage":12,"enemies":"downfall:FleeingMerchant","floor":9,"turns":4},{"damage":13,"enemies":"downfall:LooterAlt","floor":10,"turns":4},{"damage":2,"enemies":"Large Slime","floor":11,"turns":6},{"damage":15,"enemies":"Exordium Wildlife","floor":12,"turns":5},{"damage":67,"enemies":"Lagavulin","floor":14,"turns":5},{"damage":7,"enemies":"Blue Slaver","floor":15,"turns":3},{"damage":15,"enemies":"WA_ARCHETYPE_RETAIN","floor":16,"turns":6},{"damage":24,"enemies":"Spheric Guardian","floor":19,"turns":3},{"damage":27,"enemies":"Chosen","floor":21,"turns":6},{"damage":31,"enemies":"Sentry and Sphere","floor":22,"turns":6},{"damage":69,"enemies":"Book of Stabbing","floor":23,"turns":6},{"damage":14,"enemies":"downfall:FleeingMerchant","floor":26,"turns":4},{"damage":52,"enemies":"Snecko","floor":27,"turns":5},{"damage":35,"enemies":"Centurion and Healer","floor":29,"turns":6},{"damage":89,"enemies":"Gremlin Leader","floor":30,"turns":5},{"damage":27,"enemies":"Snake Plant","floor":32,"turns":3},{"damage":51,"enemies":"SI_MIRROR_ARCHETYPE","floor":33,"turns":4}],"seed_played":"359082871243901870","potions_obtained":[{"floor":2,"key":"EntropicBrew"},{"floor":8,"key":"champ:OpenerPotion"},{"floor":15,"key":"PowerPotion"},{"floor":16,"key":"Swift Potion"},{"floor":19,"key":"champ:OpenerPotion"},{"floor":22,"key":"Regen Potion"},{"floor":30,"key":"champ:OpenerPotion"},{"floor":32,"key":"bronze:BurnAndBuffPotion"}],"is_trial":false,"path_per_floor":["R","M","M","?","?","M","T","E","$","M","M","M","R","E","M","B",null,"R","M","?","M","M","E","T","R","$","M","?","M","E","?","M","B"],"character_chosen":"THE_CHAMP","items_purchased":["Bottled Lightning","champ:ShieldSigil"],"campfire_rested":0,"item_purchase_floors":[26,26],"current_hp_per_floor":[99,99,93,93,90,90,90,75,73,70,68,68,68,39,32,27,99,109,109,109,87,66,56,56,56,51,53,53,48,38,38,33,0,0,0],"gold":211,"neow_bonus":"TEN_PERCENT_HP_BONUS","is_daily":false,"chose_seed":false,"campfire_upgraded":3,"win_rate":0.0,"timestamp":1613845765,"path_taken":["R","M","M","?","?","M","T","E","$","M","M","M","R","E","M","BOSS","R","M","?","M","M","E","T","R","$","?","?","M","E","?","M","BOSS"],"items_purchased_type":["Relic","Card"],"build_version":"2020-12-22","purchased_purges":1,"victory":false,"max_hp_per_floor":[99,99,99,99,99,99,99,99,99,99,99,99,99,99,99,99,99,109,109,109,109,109,109,109,109,109,109,109,109,109,109,109,109,109,109],"card_choices":[{"not_picked":["champ:BringItOn","champ:RageSigil"],"picked":"champ:ShieldWall","floor":2},{"not_picked":["champ:Circumvent","champ:ArenaPreparation"],"picked":"champ:ShieldWall","floor":3},{"not_picked":["champ:CalledShot","champ:ShieldWall"],"picked":"champ:SwordSigil","floor":6},{"not_picked":["champ:CrownThrow","champ:FanOfKnives"],"picked":"champ:Circumvent","floor":8},{"not_picked":["champ:Backstep","champ:ShieldSigil"],"picked":"champ:TornadoPunch","floor":9},{"not_picked":["champ:SkillfulDodge","champ:Haymaker"],"picked":"champ:PreciseThrust","floor":10},{"not_picked":["champ:IronFortress","champ:FanOfKnives"],"picked":"champ:Duel","floor":11},{"not_picked":["champ:IronFortress","champ:Endure"],"picked":"champ:BerserkerStyle","floor":12},{"not_picked":["champ:Haymaker","champ:PerfectedStrike"],"picked":"champ:LastStand","floor":14},{"not_picked":["champ:SwordSigil","champ:TornadoPunch"],"picked":"champ:DefensiveShout","floor":15},{"not_picked":["champ:HoldFirm","champ:CheapShot"],"picked":"champ:UltimateStance","floor":16},{"not_picked":["champ:DefensiveStyle","champ:FancyFootwork"],"picked":"champ:SetATrap","floor":19},{"not_picked":["champ:CalledShot+1","champ:Endure"],"picked":"champ:StanceDance+1","floor":21},{"not_picked":["champ:PreemptiveStrike","champ:DefensiveShout+1"],"picked":"champ:FocusedDefense","floor":22},{"not_picked":["champ:SkillfulDodge+1","champ:DancingMaster"],"picked":"champ:EndlessRage+1","floor":23},{"not_picked":["champ:ShieldSigil","champ:CrownThrow"],"picked":"champ:StanceDance","floor":26},{"not_picked":["champ:PerfectedStrike","champ:AdrenalArmor"],"picked":"champ:GutPunch","floor":27},{"not_picked":["champ:GutPunch","champ:Shatter+1"],"picked":"champ:RapidStrikes+1","floor":29},{"not_picked":["champ:TornadoPunch","champ:PerfectedStrike"],"picked":"champ:ArenaPreparation","floor":30},{"not_picked":["champ:Circumvent","champ:IronFortress+1"],"picked":"champ:StanceDance+1","floor":32}],"player_experience":211009,"relics_obtained":[{"floor":8,"key":"Dream Catcher"},{"floor":14,"key":"Bag of Preparation"},{"floor":23,"key":"Blood Vial"},{"floor":24,"key":"Calipers"},{"floor":30,"key":"Anchor"}],"event_choices":[{"damage_healed":0,"gold_gain":0,"player_choice":"Success","damage_taken":3,"relics_obtained":["MawBank"],"max_hp_gain":0,"max_hp_loss":0,"event_name":"Scrap Ooze","floor":5,"gold_loss":0},{"damage_healed":0,"gold_gain":0,"player_choice":"Ignored","damage_taken":0,"max_hp_gain":0,"max_hp_loss":0,"event_name":"NoteForYourself","floor":20,"gold_loss":0}],"is_beta":false,"boss_relics":[{"not_picked":["Fusion Hammer","Philosopher\u0027s Stone"],"picked":"SlaversCollar"}],"items_purged_floors":[26],"is_endless":false,"potions_floor_spawned":[2,3,8,15,16,19,22,30,32],"killed_by":"SI_MIRROR_ARCHETYPE","ascension_level":0}}