{"host":"1c52r9kaxdyo25eq","time":1613841678,"event":{"mods":["AchievementEnabler","BaseMod","DeckTracker","Minty Spire (QoL Compilation)","Rare Cards Sparkle","SuperFastMode","everything is the same but u backflip on backflip"],"gold_per_floor":[16,16,33,47,63,63,63,79,79,44,120,138,179,200,200,200,200],"floor_reached":16,"language":"KOR","playtime":416,"items_purged":[],"score":252,"play_id":"245ca37f-d68a-4e4c-9013-7d1b040c3ce7","local_time":"20210221022118","is_ascension_mode":true,"campfire_choices":[{"data":"Evolve","floor":6.0,"key":"SMITH"},{"data":"Bludgeon","floor":15,"key":"SMITH"}],"circlet_count":0,"master_deck":["AscendersBane","Strike_R","Strike_R","Strike_R","Strike_R","Strike_R","Defend_R","Defend_R","Defend_R","Defend_R","Bash","Offering+1","Feel No Pain","Evolve+1","Bludgeon+1","Battle Trance","Dark Embrace+1"],"relics":["Burning Blood","Golden Idol","FossilizedHelix","Lizard Tail","Frozen Egg 2"],"acts_visited":["Exordium"],"potions_floor_usage":[13],"damage_taken":[{"damage":8.0,"enemies":"Jaw Worm","floor":1.0,"turns":3.0},{"damage":7.0,"enemies":"Cultist","floor":3.0,"turns":3.0},{"damage":9.0,"enemies":"Small Slimes","floor":4.0,"turns":3.0},{"damage":24.0,"enemies":"Looter","floor":5.0,"turns":4.0},{"damage":35.0,"enemies":"Exordium Wildlife","floor":8.0,"turns":6.0},{"damage":11.0,"enemies":"3 Sentries","floor":11.0,"turns":11.0},{"damage":12.0,"enemies":"2 Fungi Beasts","floor":12.0,"turns":3.0},{"damage":6,"enemies":"3 Sentries","floor":13,"turns":7},{"damage":7,"enemies":"Looter","floor":14,"turns":3},{"damage":25,"enemies":"Hexaghost","floor":16,"turns":6}],"seed_played":"-7324233688900917969","potions_obtained":[{"floor":3.0,"key":"Explosive Potion"},{"floor":4.0,"key":"Fruit Juice"},{"floor":11.0,"key":"HeartOfIron"}],"is_trial":false,"path_per_floor":["M","?","M","M","M","R","?","M","T","?","?","M","E","M","R","B"],"character_chosen":"IRONCLAD","items_purchased":[],"campfire_rested":0,"item_purchase_floors":[],"current_hp_per_floor":[66,66,65,62,44,44,49,20,20,38,33,27,27,26,26,1,1],"gold":200,"neow_bonus":"THREE_RARE_CARDS","is_daily":false,"chose_seed":false,"campfire_upgraded":2,"win_rate":0.0,"timestamp":1613841678,"path_taken":["M","?","?","M","M","R","?","M","T","?","?","M","E","M","R","BOSS"],"items_purchased_type":[],"build_version":"2020-12-22","purchased_purges":0,"victory":false,"max_hp_per_floor":[75,75,75,75,75,75,73,73,73,73,73,73,73,73,73,73,73],"card_choices":[{"not_picked":["Double Tap","Fiend Fire"],"picked":"Offering","floor":0.0},{"not_picked":["Sword Boomerang","Seeing Red"],"picked":"Feel No Pain","floor":1.0},{"not_picked":["Second Wind","Whirlwind"],"picked":"Evolve","floor":3.0},{"not_picked":["Iron Wave","Sentinel","Metallicize"],"picked":"SKIP","floor":4.0},{"not_picked":["Intimidate","Disarm","True Grit"],"picked":"SKIP","floor":5.0},{"not_picked":["Wild Strike","Heavy Blade","Twin Strike"],"picked":"SKIP","floor":8.0},{"not_picked":["Heavy Blade","Warcry"],"picked":"Bludgeon","floor":11.0},{"not_picked":["Flex","Pommel Strike"],"picked":"Battle Trance","floor":12.0},{"not_picked":["Perfected Strike","Flex"],"picked":"Dark Embrace+1","floor":13},{"not_picked":["Warcry","Armaments","Headbutt"],"picked":"SKIP","floor":14}],"player_experience":657115,"relics_obtained":[{"floor":9.0,"key":"FossilizedHelix"},{"floor":11.0,"key":"Lizard Tail"},{"floor":13,"key":"Frozen Egg 2"}],"event_choices":[{"damage_healed":0.0,"max_hp_gain":0.0,"max_hp_loss":0.0,"gold_gain":0.0,"event_name":"Upgrade Shrine","player_choice":"Upgraded","floor":2.0,"gold_loss":0.0,"damage_taken":0.0,"cards_upgraded":["Offering"]},{"damage_healed":0.0,"max_hp_gain":0.0,"max_hp_loss":7.0,"gold_gain":0.0,"event_name":"Golden Idol","player_choice":"Lose Max HP","floor":7.0,"gold_loss":0.0,"damage_taken":0.0,"relics_obtained":["Golden Idol"]},{"damage_healed":18.0,"max_hp_gain":0.0,"max_hp_loss":0.0,"gold_gain":0.0,"event_name":"The Cleric","player_choice":"Healed","floor":10.0,"gold_loss":35.0,"damage_taken":0.0},{"damage_healed":0.0,"max_hp_gain":0.0,"max_hp_loss":0.0,"gold_gain":0.0,"event_name":"Dead Adventurer","player_choice":"Searched \u00271\u0027 times","floor":11.0,"gold_loss":0.0,"damage_taken":0.0}],"is_beta":false,"boss_relics":[],"items_purged_floors":[],"is_endless":false,"potions_floor_spawned":[3,4,11],"killed_by":"Hexaghost","ascension_level":19}}