{"host":"sxnl403xm2xmiyj1","time":1613817848,"event":{"mods":["BaseMod","Colored Map","Keyboard Shortcuts","Koishi","Lobotomy","Minty Spire (QoL Compilation)","Quick Restart","StSLib","SuperFastMode"],"gold_per_floor":[111,128,49,69,88,88,118,118,171,62,62,62,62,27,27,27,27],"floor_reached":16,"language":"KOR","playtime":298,"items_purged":["Koishi:BasicStrike"],"score":186,"play_id":"208961d8-4c48-4e1b-ab6f-a49cde7286d1","local_time":"20210220194408","is_ascension_mode":true,"campfire_choices":[{"data":"Koishi:ImGoingToCallYouNow","floor":6.0,"key":"SMITH"},{"data":"Koishi:TerrifyingSpectre","floor":8,"key":"SMITH"},{"data":"Koishi:HauntingSlash","floor":11,"key":"SMITH"},{"data":"Koishi:SubterraneanRose","floor":13,"key":"SMITH"},{"data":"Koishi:BloodcurdlingScream","floor":15,"key":"SMITH"}],"circlet_count":0,"master_deck":["AscendersBane","Koishi:BasicStrike","Koishi:BasicStrike","Koishi:BasicStrike","Koishi:BasicDefend","Koishi:BasicDefend","Koishi:BasicDefend","Koishi:BasicDefend","Koishi:Provoke+1","Koishi:HauntingSlash+1","OldLady","Koishi:SubterraneanRose+1","Koishi:ImGoingToCallYouNow+1","Koishi:TremblingHands+1","BlackSwan","Koishi:TerrifyingSpectre+1","Koishi:BloodcurdlingScream+1"],"relics":["Koishi:ImaginaryFriend","CogitoBucket","RabbitCall","InkBottle","Smiling Mask"],"acts_visited":["Exordium"],"potions_floor_usage":[16,16],"damage_taken":[{"damage":5.0,"enemies":"2 Louse","floor":1.0,"turns":4.0},{"damage":2.0,"enemies":"Jaw Worm","floor":2.0,"turns":6.0},{"damage":0.0,"enemies":"Small Slimes","floor":4.0,"turns":5.0},{"damage":0.0,"enemies":"Looter","floor":5.0,"turns":4.0},{"damage":8,"enemies":"Gremlin Nob","floor":7,"turns":3},{"damage":46,"enemies":"Slime Boss","floor":16,"turns":10}],"seed_played":"-4533940898680947398","potions_obtained":[{"floor":2.0,"key":"Dexterity Potion"},{"floor":4.0,"key":"DistilledChaos"},{"floor":7,"key":"LiquidMemories"}],"is_trial":false,"path_per_floor":["M","M","$","M","M","R","E","R","T","$","R","?","R","?","R","B"],"character_chosen":"KOISHI","items_purchased":["Koishi:TremblingHands","Koishi:BloodcurdlingScream"],"campfire_rested":0,"item_purchase_floors":[3,10],"current_hp_per_floor":[47,47,47,51,54,54,57,57,57,57,57,40,40,54,54,8,8],"gold":27,"neow_bonus":"","is_daily":false,"chose_seed":false,"campfire_upgraded":5,"win_rate":0.0,"timestamp":1613817848,"path_taken":["M","M","$","M","M","R","E","R","T","$","R","?","R","?","R","BOSS"],"items_purchased_type":["Card","Card"],"build_version":"2020-12-22","purchased_purges":1,"victory":false,"max_hp_per_floor":[57,57,57,57,57,57,57,57,57,57,57,57,57,57,57,57,57],"card_choices":[{"not_picked":["RedShoes","SnowQueen","ShyLook"],"picked":"Singing Bowl","floor":1.0},{"not_picked":["HappyTeddy","CherryBlossoms"],"picked":"OldLady","floor":1.0},{"not_picked":["Koishi:ParalyzingFear","Koishi:FleetingPhantom"],"picked":"Koishi:SubterraneanRose","floor":1.0},{"not_picked":["PunishingBird","FairyFestival","Woodsman"],"picked":"Singing Bowl","floor":2.0},{"not_picked":["Koishi:Untouchable","Koishi:Prune"],"picked":"Koishi:ImGoingToCallYouNow","floor":2.0},{"not_picked":["Wellcheers","ShyLook"],"picked":"BlackSwan","floor":4.0},{"not_picked":["Koishi:ReleaseOfTheId","Koishi:CatchAndRose","Koishi:PhantomStrike"],"picked":"SKIP","floor":4.0},{"not_picked":["Rudolta","ShyLook","LongBird"],"picked":"Singing Bowl","floor":5.0},{"not_picked":["Koishi:JumpScare","Koishi:PhilosophyOfTheDespised"],"picked":"Koishi:TerrifyingSpectre","floor":5.0},{"not_picked":["Wellcheers","SingingMachine","UniverseFragment"],"picked":"Singing Bowl","floor":7},{"not_picked":["Koishi:ConditionedTeleport","Koishi:EmbryosDream","Koishi:IdleWhim"],"picked":"SKIP","floor":7}],"player_experience":349668,"relics_obtained":[{"floor":7,"key":"InkBottle"},{"floor":9,"key":"Smiling Mask"}],"event_choices":[{"damage_healed":0,"gold_gain":0,"player_choice":"Entered Light","damage_taken":17,"max_hp_gain":0,"max_hp_loss":0,"event_name":"Shining Light","floor":12,"gold_loss":0,"cards_upgraded":["Koishi:TremblingHands","Koishi:Provoke"]},{"damage_healed":14,"gold_gain":0,"player_choice":"Healed","damage_taken":0,"max_hp_gain":0,"max_hp_loss":0,"event_name":"The Cleric","floor":14,"gold_loss":35}],"is_beta":false,"boss_relics":[],"items_purged_floors":[10],"is_endless":false,"potions_floor_spawned":[2,4,7],"killed_by":"Slime Boss","ascension_level":18}}