{"host":"b5mzvg96njlg7ry9","time":1613835758,"event":{"mods":["AlwaysNeverKeys","BaseMod","Colored Map","Colored Powertips","Downfall","Highlight Path","Minty Spire (QoL Compilation)","Quick Restart","Relic Sorter","Shop Mod","StSLib","SuperFastMode","everything is the same but u backflip on backflip"],"gold_per_floor":[299,317,336,336,14,31,57,87,101,101,101,101,133,133,148,243,243,243,262,282,432,432,432,486,221,250,250,281,294,306,340,350,450,450,450,467,486,486,170,200,200,233,233,233,243,256,206,206,226,226,226,258,61,61,61,61],"floor_reached":57,"language":"ENG","playtime":4170,"items_purged":["champ:Defend","champ:Strike","champ:Defend","champ:Execute","champ:Defend+1","champ:SetATrap+1"],"score":1981,"play_id":"cf446f67-b6c2-437f-99de-df79d6bacaaf","local_time":"20210220164238","is_ascension_mode":true,"campfire_choices":[{"data":"champ:EnchantShield","floor":1.0,"key":"SMITH"},{"data":"champ:ShieldSigil","floor":10.0,"key":"SMITH"},{"data":"champ:Backstep","floor":18.0,"key":"SMITH"},{"data":"champ:ShieldSlam","floor":27.0,"key":"SMITH"},{"data":"champ:SkillfulDodge","floor":35.0,"key":"SMITH"},{"data":"champ:RageSigil","floor":54,"key":"SMITH"}],"circlet_count":0,"master_deck":["champ:Taunt+1","champ:EnchantShield+1","champ:Backstep+1","champ:ShieldSlam+1","champ:DefensiveStyle","champ:PreemptiveStrike+1","champ:ShieldSigil+1","champ:SkillfulDodge+1","champ:EnchantCrown","CurseOfTheBell","champ:RageSigil+1","champ:GladiatorForm","champ:GladiatorForm"],"relics":["champ:ChampionCrown","downfall:HeartBlessingRed","downfall:HeartBlessingGreen","downfall:HeartBlessingBlue","Toy Ornithopter","Juzu Bracelet","Ice Cream","CultistMask","FossilizedHelix","downfall:ShatteredFragment","Calling Bell","Smiling Mask","Sundial","Mango","Bag of Preparation","MerchantsRug","Mummified Hand","ClockworkSouvenir","Enchiridion","sneckomod:BlankCard","champ:DeflectingBracers","Matryoshka","Dream Catcher","Red Mask","Unceasing Top","Membership Card","CaptainsWheel","Meat on the Bone","Whetstone","Gambling Chip","Darkstone Periapt","Omamori","Boot","champ:GladiatorsBookOfMartialProwess","Centennial Puzzle","Anchor"],"acts_visited":["Exordium","TheCity","TheBeyond","TheEnding"],"potions_floor_usage":[37],"damage_taken":[{"damage":10.0,"enemies":"Small Slimes","floor":2.0,"turns":3.0},{"damage":10.0,"enemies":"2 Louse","floor":3.0,"turns":3.0},{"damage":20.0,"enemies":"downfall:FleeingMerchant","floor":5.0,"turns":4.0},{"damage":10.0,"enemies":"Cultist","floor":6.0,"turns":3.0},{"damage":35.0,"enemies":"3 Sentries","floor":8.0,"turns":10.0},{"damage":2.0,"enemies":"3 Louse","floor":9.0,"turns":4.0},{"damage":0.0,"enemies":"Lagavulin","floor":13.0,"turns":5.0},{"damage":0.0,"enemies":"Blue Slaver","floor":15.0,"turns":3.0},{"damage":30.0,"enemies":"WA_ARCHETYPE_RETAIN","floor":16.0,"turns":12.0},{"damage":0.0,"enemies":"Chosen","floor":19.0,"turns":6.0},{"damage":19.0,"enemies":"downfall:LooterAlt2","floor":20.0,"turns":4.0},{"damage":10.0,"enemies":"downfall:FleeingMerchant","floor":21.0,"turns":4.0},{"damage":30.0,"enemies":"downfall:FleeingMerchant","floor":25.0,"turns":4.0},{"damage":30.0,"enemies":"Slavers","floor":26.0,"turns":5.0},{"damage":0.0,"enemies":"Masked Bandits","floor":28.0,"turns":2.0},{"damage":0.0,"enemies":"Cultist and Chosen","floor":29.0,"turns":3.0},{"damage":0.0,"enemies":"Sentry and Sphere","floor":30.0,"turns":2.0},{"damage":0.0,"enemies":"Gremlin Leader","floor":31.0,"turns":4.0},{"damage":0.0,"enemies":"Centurion and Healer","floor":32.0,"turns":1.0},{"damage":10.0,"enemies":"SI_MIRROR_ARCHETYPE","floor":33.0,"turns":6.0},{"damage":0,"enemies":"3 Shapes","floor":36,"turns":4},{"damage":5,"enemies":"Orb Walker","floor":37,"turns":3},{"damage":1,"enemies":"Nemesis","floor":40,"turns":7},{"damage":0,"enemies":"Giant Head","floor":42,"turns":2},{"damage":0,"enemies":"Transient","floor":45,"turns":2},{"damage":0,"enemies":"Writhing Mass","floor":46,"turns":2},{"damage":0,"enemies":"Jaw Worm Horde","floor":49,"turns":1},{"damage":0,"enemies":"DF_ARCHETYPE_ORBS","floor":50,"turns":2},{"damage":0,"enemies":"downfall:CharBossMerchant","floor":52,"turns":3},{"damage":0,"enemies":"downfall:NeowBoss","floor":55,"turns":6},{"damage":0,"enemies":"downfall:NeowBossFinal","floor":56,"turns":2}],"seed_played":"4702139860429702360","potions_obtained":[{"floor":3.0,"key":"LiquidBronze"},{"floor":8.0,"key":"DistilledChaos"},{"floor":13.0,"key":"CultistPotion"},{"floor":16.0,"key":"SmokeBomb"},{"floor":19.0,"key":"PowerPotion"},{"floor":20.0,"key":"Explosive Potion"},{"floor":31.0,"key":"DistilledChaos"},{"floor":42,"key":"champ:UltimateStancePotion"},{"floor":52,"key":"LiquidMemories"}],"is_trial":false,"path_per_floor":["R","M","M","?","$","M","T","E","M","R","?","?","E","?","M","B",null,"R","M","M","$","?","?","T","$","E","R","?","M","M","E","M","B",null,"R","M","M","?","$","E","T","E","?","?","M","M","$","?","M","B",null,"E","$","R","B","B",null],"character_chosen":"THE_CHAMP","items_purchased":["champ:ShieldSlam","Juzu Bracelet","Bag of Preparation","MerchantsRug","champ:RageSigil","Mummified Hand","ClockworkSouvenir","champ:DeflectingBracers","Matryoshka","Membership Card","CaptainsWheel","Centennial Puzzle","Anchor"],"campfire_rested":0,"item_purchase_floors":[5,5,21,21,21,21,21,25,25,39,39,53,53],"current_hp_per_floor":[73,73,73,55,60,60,60,55,53,53,53,53,53,26,26,19,94,94,94,85,95,95,79,79,89,79,79,89,99,109,114,114,114,114,114,114,114,114,114,113,113,113,113,113,113,113,113,113,113,113,114,114,114,114,114,114],"gold":61,"neow_bonus":"THREE_RARE_CARDS","is_daily":false,"chose_seed":false,"campfire_upgraded":6,"win_rate":0.0,"timestamp":1613835758,"path_taken":["R","M","M","?","$","M","T","E","M","R","?","?","E","?","M","BOSS","R","M","M","$","?","?","T","$","E","R","?","M","M","E","M","BOSS","R","M","M","?","$","E","T","E","?","?","M","M","$","?","M","BOSS","E","$","R","BOSS","BOSS"],"items_purchased_type":["Card","Relic","Relic","Relic","Card","Relic","Relic","Relic","Relic","Relic","Relic","Relic","Relic"],"build_version":"2020-12-22","purchased_purges":6,"victory":true,"max_hp_per_floor":[100,100,100,100,100,100,100,100,100,100,100,100,100,100,100,100,114,114,114,114,114,114,114,114,114,114,114,114,114,114,114,114,114,114,114,114,114,114,114,114,114,114,114,114,114,114,114,114,114,114,114,114,114,114,114,114],"card_choices":[{"not_picked":["champ:GladiatorForm","champ:UltimateStance"],"picked":"champ:EnchantShield","floor":0.0},{"not_picked":["champ:TornadoPunch","champ:IronFortress","champ:PreciseThrust"],"picked":"SKIP","floor":2.0},{"not_picked":["champ:StanceDance","champ:Haymaker","champ:GutPunch"],"picked":"SKIP","floor":3.0},{"not_picked":["champ:Circumvent","champ:TornadoPunch"],"picked":"champ:Backstep","floor":5.0},{"not_picked":["champ:Backstep","champ:ShieldThrow"],"picked":"champ:DefensiveStyle","floor":6.0},{"not_picked":["champ:PreemptiveStrike","champ:GladiatorStyle","champ:Shatter"],"picked":"SKIP","floor":8.0},{"not_picked":["champ:GladiatorStyle","champ:Shatter"],"picked":"champ:PreemptiveStrike","floor":8.0},{"not_picked":["champ:AdrenalArmor","champ:Parry"],"picked":"champ:ShieldSigil","floor":9.0},{"not_picked":["champ:PerfectedStrike","champ:FalseCounter","champ:ShieldSigil"],"picked":"SKIP","floor":13.0},{"not_picked":["champ:Devastate","champ:RisingSlash"],"picked":"champ:SkillfulDodge","floor":15.0},{"not_picked":["champ:SwordThrow","champ:CheapShot"],"picked":"champ:EnchantCrown","floor":16.0},{"not_picked":["champ:Shatter","champ:Endure"],"picked":"champ:SetATrap+1","floor":19.0},{"not_picked":["champ:ArenaPreparation","champ:SetATrap","champ:DefensiveShout+1"],"picked":"SKIP","floor":20.0},{"not_picked":["champ:CrownThrow+1","champ:BringItOn","champ:PreciseThrust"],"picked":"SKIP","floor":21.0},{"not_picked":["champ:RapidStrikes+1","champ:Backstep","champ:Encircle"],"picked":"SKIP","floor":25.0},{"not_picked":["champ:Circumvent","champ:Encircle","champ:StrikeOfGenius"],"picked":"SKIP","floor":26.0},{"not_picked":["champ:CrownThrow+1","champ:FaceSlap+1","champ:Shatter"],"picked":"SKIP","floor":29.0},{"not_picked":["champ:DefensiveShout","champ:EnGarde","champ:FanOfKnives+1"],"picked":"SKIP","floor":30.0},{"not_picked":["champ:LastStand","champ:CalledShot","champ:DeathBlow"],"picked":"SKIP","floor":31.0},{"not_picked":["champ:EnGarde","champ:FaceSlap","champ:PerfectedStrike"],"picked":"SKIP","floor":32.0},{"not_picked":["champ:SwordThrow","champ:IgnorePain"],"picked":"champ:GladiatorForm","floor":33.0},{"not_picked":["champ:BladeFlurry","champ:EnGarde","champ:FocusedDefense+1"],"picked":"SKIP","floor":36},{"not_picked":["champ:FlashCut+1","champ:Shatter","champ:DefensiveShout"],"picked":"SKIP","floor":37},{"not_picked":["champ:BerserkersShout+1","champ:FanOfKnives","champ:Circumvent"],"picked":"SKIP","floor":40},{"not_picked":["champ:Haymaker+1","champ:Backstep","champ:PreciseThrust+1"],"picked":"SKIP","floor":42},{"not_picked":["champ:Haymaker+1","champ:Backstep","champ:PreciseThrust+1"],"picked":"SKIP","floor":42},{"not_picked":["champ:BringItOn","champ:Improvising","champ:Circumvent"],"picked":"SKIP","floor":45},{"not_picked":["champ:PerfectedStrike+1","champ:AdrenalArmor+1","champ:FlashCut"],"picked":"SKIP","floor":46},{"not_picked":["champ:PreciseThrust","champ:EnGarde+1","champ:BladeFlurry"],"picked":"SKIP","floor":49},{"not_picked":["champ:Backstep+1","champ:FanOfKnives+1","champ:FocusedDefense"],"picked":"SKIP","floor":52}],"player_experience":854397,"relics_obtained":[{"floor":7.0,"key":"War Paint"},{"floor":8.0,"key":"Ice Cream"},{"floor":13.0,"key":"FossilizedHelix"},{"floor":17.0,"key":"Smiling Mask"},{"floor":17.0,"key":"Sundial"},{"floor":17.0,"key":"Mango"},{"floor":23.0,"key":"Enchiridion"},{"floor":24.0,"key":"sneckomod:BlankCard"},{"floor":26.0,"key":"Dream Catcher"},{"floor":28.0,"key":"Red Mask"},{"floor":31.0,"key":"Unceasing Top"},{"floor":40,"key":"Meat on the Bone"},{"floor":41,"key":"Whetstone"},{"floor":41,"key":"Gambling Chip"},{"floor":42,"key":"Darkstone Periapt"},{"floor":43,"key":"Omamori"},{"floor":43,"key":"Boot"},{"floor":52,"key":"champ:GladiatorsBookOfMartialProwess"}],"event_choices":[{"damage_healed":0.0,"max_hp_gain":0.0,"max_hp_loss":0.0,"gold_gain":0.0,"event_name":"Scrap Ooze","player_choice":"Success","floor":4.0,"gold_loss":0.0,"damage_taken":18.0,"relics_obtained":["Toy Ornithopter"]},{"damage_healed":0.0,"max_hp_gain":0.0,"max_hp_loss":0.0,"gold_gain":0.0,"event_name":"FaceTrader","player_choice":"Trade","floor":11.0,"gold_loss":0.0,"damage_taken":0.0,"relics_obtained":["CultistMask"]},{"damage_healed":0.0,"max_hp_gain":0.0,"max_hp_loss":0.0,"gold_gain":0.0,"event_name":"Masked Bandits","player_choice":"Fought Bandits","floor":28.0,"gold_loss":0.0,"damage_taken":0.0}],"is_beta":false,"boss_relics":[{"not_picked":["Sozu","Coffee Dripper"],"picked":"Calling Bell"},{"not_picked":["SacredBark","bronze:MakeshiftBattery"],"picked":"Empty Cage"}],"items_purged_floors":[5,21,25,39,47,53],"is_endless":false,"potions_floor_spawned":[3,8,13,16,19,20,28,29,31,33,36,42,52],"ascension_level":5}}