{"host":"krw8kyiy0um8ye49","time":1613821995,"event":{"mods":["BaseMod","Minty Spire (QoL Compilation)","StSLib"],"gold_per_floor":[110,127,86,96,96,96,111,142,199,211,211],"floor_reached":10,"language":"ENG","playtime":484,"items_purged":[],"score":82,"play_id":"5e73e13d-7e99-4b74-9781-1ffdee6d0dbb","local_time":"20210220125315","is_ascension_mode":true,"campfire_choices":[{"data":"Dualcast","floor":6,"key":"SMITH"}],"circlet_count":0,"master_deck":["Strike_B","Strike_B","Strike_B","Defend_B","Defend_B","Defend_B","Defend_B","Zap","Dualcast+1","Coolheaded","Reinforced Body","Storm","Leap","Capacitor","Skim"],"relics":["Cracked Core","Mummified Hand","MawBank","DataDisk"],"acts_visited":["Exordium"],"potions_floor_usage":[],"damage_taken":[{"damage":0,"enemies":"Jaw Worm","floor":1,"turns":6},{"damage":6,"enemies":"Cultist","floor":2,"turns":3},{"damage":0,"enemies":"2 Louse","floor":4,"turns":2},{"damage":5,"enemies":"Blue Slaver","floor":7,"turns":4},{"damage":46,"enemies":"Gremlin Nob","floor":8,"turns":5},{"damage":30,"enemies":"Lagavulin","floor":10,"turns":6}],"seed_played":"4347774567992398582","potions_obtained":[{"floor":1,"key":"SteroidPotion"},{"floor":8,"key":"SpeedPotion"}],"is_trial":false,"path_per_floor":["M","M","$","M","?","R","M","E","T","E"],"character_chosen":"DEFECT","items_purchased":["Storm"],"campfire_rested":0,"item_purchase_floors":[3],"current_hp_per_floor":[75,69,69,69,69,69,64,18,18,0,0],"gold":211,"neow_bonus":"TRANSFORM_CARD","is_daily":false,"chose_seed":false,"campfire_upgraded":1,"win_rate":0.0,"timestamp":1613821995,"path_taken":["M","M","$","M","?","R","M","E","T","E"],"items_purchased_type":["Card"],"build_version":"2020-12-22","purchased_purges":0,"victory":false,"max_hp_per_floor":[75,75,75,75,75,75,75,75,75,75,75],"card_choices":[{"not_picked":["Rip and Tear","Stack"],"picked":"Reinforced Body","floor":1},{"not_picked":["Compile Driver","Double Energy","Redo"],"picked":"SKIP","floor":2},{"not_picked":["Glacier","Barrage"],"picked":"Leap","floor":4},{"not_picked":["Conserve Battery","Coolheaded"],"picked":"Capacitor","floor":7},{"not_picked":["Rebound","Sweeping Beam"],"picked":"Skim","floor":8}],"player_experience":189315,"relics_obtained":[{"floor":8,"key":"MawBank"},{"floor":9,"key":"DataDisk"}],"event_choices":[{"damage_healed":0,"gold_gain":0,"player_choice":"Gave Potion","damage_taken":0,"relics_obtained":["Mummified Hand"],"max_hp_gain":0,"max_hp_loss":0,"event_name":"WeMeetAgain","floor":5,"gold_loss":0}],"is_beta":false,"boss_relics":[],"items_purged_floors":[],"is_endless":false,"potions_floor_spawned":[1,8],"killed_by":"Lagavulin","ascension_level":4}}