{"host":"xltl1aroowo69o4n","time":1613832796,"event":{"mods":["BaseMod","Colored Map","Colored Powertips","Downfall","Marisa????????","Minty Spire (QoL Compilation)","Replay The Spire","StSLib","The Cursed","The Hierophant","The Mystic","The Necromancer","The Servant 0.9.4"],"gold_per_floor":[367,367,416,428,502,502,49,49,104,116,131,131,142,156,156,253,253,264,15,29,45,45,45,45,98,98,112,27,42,62,65,65,65,65],"floor_reached":33,"language":"ENG","playtime":1661,"items_purged":["Regret","downfall:Bewildered"],"score":239,"play_id":"592fba60-54f1-4cb7-968a-343d2ecdb81d","local_time":"20210220095316","is_ascension_mode":false,"campfire_choices":[{"floor":6,"key":"REST"},{"data":"mysticmod:Momentum","floor":8,"key":"SMITH"},{"data":"mysticmod:PureInstinct","floor":12,"key":"SMITH"},{"data":"mysticmod:Spellstrike","floor":23,"key":"SMITH"},{"floor":32,"key":"DIG"}],"circlet_count":0,"master_deck":["mysticmod:Strike_Mystic","mysticmod:Strike_Mystic","mysticmod:Strike_Mystic","mysticmod:Strike_Mystic","mysticmod:Defend_Mystic","mysticmod:Defend_Mystic","mysticmod:Defend_Mystic","mysticmod:Defend_Mystic","mysticmod:ArcaneDodge","mysticmod:ShockingGrasp","mysticmod:PureInstinct+1","mysticmod:Momentum+1","mysticmod:Snowball","mysticmod:CorrosiveTouch","mysticmod:Disengage","mysticmod:Alacrity","mysticmod:PowerSlash","mysticmod:KeenEdge","mysticmod:ComboCaster","mysticmod:Spellstrike+1","mysticmod:GreaterInvisibility","mysticmod:Grapple","ReplayTheSpireMod:IOU","mysticmod:Fireball+1","mysticmod:Daze","mysticmod:StyleChange","mysticmod:Flurry+1","Slimebound:CheckThePlaybook","downfall:Icky","mysticmod:TomeOfSpells","mysticmod:Flourish","mysticmod:Sideswipe+1","ReplayTheSpireMod:IOU","Discovery"],"relics":["mysticmod:SpellBook","Replay:Accelerometer","Mummified Hand","Matryoshka","Oddly Smooth Stone","Happy Flower","Blood Vial","Replay:Wax Seal","Snecko Heart","Tiny Chest","MutagenicStrength","ReplayTheSpireMod:Lightbulb","Replay:Bottled Flurry","White Beast Statue","ReplayTheSpireMod:TigerMarble","Replay:Mystery Machine"],"acts_visited":["Exordium","TheCity"],"potions_floor_usage":[16,20,33,33],"damage_taken":[{"damage":1,"enemies":"Cultist","floor":1,"turns":4},{"damage":8,"enemies":"Small Slimes","floor":4,"turns":4},{"damage":0,"enemies":"Jaw Worm","floor":10,"turns":3},{"damage":6,"enemies":"Blue Slaver","floor":11,"turns":3},{"damage":0,"enemies":"Exordium Wildlife","floor":13,"turns":3},{"damage":19,"enemies":"Gremlin Gang","floor":14,"turns":5},{"damage":34,"enemies":"Hexaghost","floor":16,"turns":8},{"damage":9,"enemies":"Shell Parasite","floor":18,"turns":8},{"damage":6,"enemies":"Chosen","floor":20,"turns":6},{"damage":0,"enemies":"Snecko","floor":21,"turns":6},{"damage":10,"enemies":"Centurion and Healer","floor":27,"turns":5},{"damage":13,"enemies":"Snake Plant","floor":29,"turns":5},{"damage":4,"enemies":"Cultist and Chosen","floor":30,"turns":5},{"damage":53,"enemies":"Pondfish","floor":33,"turns":10}],"seed_played":"-7207050235534910649","potions_obtained":[{"floor":10,"key":"SpeedPotion"},{"floor":14,"key":"Venom Potion"},{"floor":16,"key":"Block Potion"},{"floor":18,"key":"Block Potion"},{"floor":27,"key":"SpeedPotion"}],"is_trial":false,"path_per_floor":["M","?","?","M","T","R","$","R","T","M","M","R","M","M","R_BF","B",null,"M","$","M","M","?","R","?","T","T","M","?","M","M","$","R_BF","B"],"character_chosen":"MYSTIC_CLASS","items_purchased":["Oddly Smooth Stone","mysticmod:Disengage","Happy Flower","mysticmod:Alacrity","mysticmod:Fireball+1","Tiny Chest","mysticmod:Daze","Discovery"],"campfire_rested":1,"item_purchase_floors":[7,7,7,7,19,19,19,31],"current_hp_per_floor":[76,76,57,49,49,72,72,72,72,74,70,70,72,55,55,23,77,68,68,64,66,66,66,66,66,66,58,58,47,45,45,45,0,0],"gold":65,"neow_bonus":"TWO_FIFTY_GOLD","is_daily":false,"chose_seed":false,"campfire_upgraded":3,"win_rate":0.0,"timestamp":1613832796,"path_taken":["M","?","?","M","?","R","?","R","T","M","?","R","M","M","R_BF","BOSS","M","$","M","?","?","R","?","?","T","M","?","M","M","$","R_BF","BOSS"],"items_purchased_type":["Relic","Card","Relic","Card","Card","Relic","Card","Card"],"build_version":"2020-12-13","purchased_purges":2,"victory":false,"max_hp_per_floor":[77,77,77,77,77,77,77,77,77,77,77,77,77,77,77,77,77,77,77,77,77,77,77,77,77,77,77,77,77,77,77,77,77,77],"card_choices":[{"not_picked":["mysticmod:Flourish","mysticmod:BulkUp"],"picked":"mysticmod:PureInstinct","floor":1},{"not_picked":["mysticmod:BulkUp","mysticmod:CureLightWounds"],"picked":"mysticmod:Momentum","floor":3},{"not_picked":["mysticmod:ChargedParry","mysticmod:Daze"],"picked":"mysticmod:Snowball","floor":3},{"not_picked":["mysticmod:PureInstinct","mysticmod:Grease"],"picked":"mysticmod:CorrosiveTouch","floor":4},{"not_picked":["mysticmod:LightningBolt","mysticmod:SuddenClarity"],"picked":"mysticmod:PowerSlash","floor":10},{"not_picked":["mysticmod:LightningBolt","mysticmod:BladeMaster"],"picked":"mysticmod:KeenEdge","floor":11},{"not_picked":["mysticmod:Alacrity","mysticmod:AllIn"],"picked":"mysticmod:ComboCaster","floor":13},{"not_picked":["mysticmod:Daze","mysticmod:Fireball"],"picked":"mysticmod:Spellstrike","floor":14},{"not_picked":["mysticmod:SpontaneousCaster","mysticmod:Natural20"],"picked":"mysticmod:GreaterInvisibility","floor":16},{"not_picked":["mysticmod:PureInstinct","mysticmod:Alacrity"],"picked":"mysticmod:Grapple","floor":18},{"not_picked":["mysticmod:MagicMissile","mysticmod:FloatingDisk"],"picked":"mysticmod:StyleChange","floor":20},{"not_picked":["mysticmod:MightyMagic","mysticmod:SpellCombat"],"picked":"mysticmod:Flurry+1","floor":21},{"not_picked":["mysticmod:Daze","mysticmod:HeavyStrike+1"],"picked":"mysticmod:TomeOfSpells","floor":27},{"not_picked":["mysticmod:Disengage","mysticmod:Riposte"],"picked":"mysticmod:Flourish","floor":29},{"not_picked":["mysticmod:MirrorStrike","mysticmod:Flurry"],"picked":"mysticmod:Sideswipe+1","floor":30}],"player_experience":231110,"relics_obtained":[{"floor":3,"key":"Mummified Hand"},{"floor":5,"key":"Matryoshka"},{"floor":9,"key":"Blood Vial"},{"floor":9,"key":"Replay:Wax Seal"},{"floor":25,"key":"ReplayTheSpireMod:Lightbulb"},{"floor":25,"key":"Replay:Bottled Flurry"},{"floor":26,"key":"White Beast Statue"},{"floor":32,"key":"Replay:Mystery Machine"}],"event_choices":[{"damage_healed":0,"gold_gain":0,"player_choice":"Box","damage_taken":0,"relics_obtained":["Replay:Accelerometer"],"max_hp_gain":0,"max_hp_loss":0,"event_name":"Big Fish","floor":2,"gold_loss":0,"cards_obtained":["Regret"]},{"damage_healed":0,"gold_gain":0,"player_choice":"Inject Mutagens","damage_taken":0,"relics_obtained":["MutagenicStrength"],"max_hp_gain":0,"max_hp_loss":0,"event_name":"Drug Dealer","floor":22,"gold_loss":0},{"damage_healed":0,"gold_gain":0,"player_choice":"Obtained Relic","damage_taken":0,"relics_obtained":["ReplayTheSpireMod:TigerMarble"],"max_hp_gain":0,"max_hp_loss":0,"event_name":"Addict","floor":28,"gold_loss":85}],"is_beta":false,"boss_relics":[{"not_picked":["Replay:Drink Me","Replay:Wanted Poster"],"picked":"Snecko Heart"}],"items_purged_floors":[7,19],"is_endless":false,"potions_floor_spawned":[10,14,16,18,27,29,30],"killed_by":"Pondfish","ascension_level":0}}