{"host":"6406jj8da6015sxr","time":1613805952,"event":{"mods":["AchievementEnabler","BaseMod","Colored Map","DeckTracker","Keyboard Shortcuts","Minty Spire (QoL Compilation)","Permanent Neow","Relic Stats","SuperFastMode","everything is the same but u backflip on backflip"],"gold_per_floor":[117,42,42,55,75,75,85,85,85,85,98,129,129,147,147,225,225,244,88,88,100,115,143,143,161,211,211,238,258,291,311,311,388,388,399,133,145,195,209,209,229,229,229,258,258,133,146,156,156,156],"floor_reached":51,"language":"KOR","playtime":2091,"items_purged":["Strike_G","All Out Attack+1","Defend_G"],"score":1529,"play_id":"6b3cff34-71db-4c8f-b76b-ea7c33165a8c","local_time":"20210220162552","is_ascension_mode":true,"campfire_choices":[{"data":"Blade Dance","floor":6.0,"key":"SMITH"},{"data":"Blade Dance","floor":8.0,"key":"SMITH"},{"data":"Neutralize","floor":10.0,"key":"SMITH"},{"data":"Cloak And Dagger","floor":15.0,"key":"SMITH"},{"data":"Acrobatics","floor":24.0,"key":"SMITH"},{"data":"Expertise","floor":27.0,"key":"SMITH"},{"data":"Prepared","floor":32.0,"key":"SMITH"},{"data":"Tactician","floor":40.0,"key":"SMITH"},{"data":"Tactician","floor":42.0,"key":"SMITH"},{"data":"Apotheosis","floor":49,"key":"SMITH"}],"circlet_count":0,"master_deck":["AscendersBane","Defend_G","Defend_G","Defend_G","Defend_G","Survivor","Neutralize+1","Panache","Blade Dance+1","Deflect","Escape Plan","Blade Dance+1","Calculated Gamble","Cloak And Dagger+1","Accuracy","Adrenaline","Terror","Acrobatics+1","Tactician+1","Prepared+1","Escape Plan","Tactician+1","Backflip","Expertise+1","Blade Dance","Escape Plan","After Image","Accuracy+1","Reflex+1","Secret Technique","Acrobatics+1","Escape Plan","Apotheosis+1","Impatience","Acrobatics"],"relics":["Ring of the Snake","Pantograph","Paper Crane","MealTicket","Black Star","Orrery","MutagenicStrength","Gambling Chip","Akabeko","Lizard Tail","Letter Opener","Tough Bandages","Boot","Astrolabe","Girya","Shuriken","Strawberry","Gremlin Horn"],"acts_visited":["Exordium","TheCity","TheBeyond"],"potions_floor_usage":[50],"damage_taken":[{"damage":3.0,"enemies":"Small Slimes","floor":1.0,"turns":5.0},{"damage":0.0,"enemies":"Jaw Worm","floor":4.0,"turns":4.0},{"damage":0.0,"enemies":"2 Louse","floor":5.0,"turns":4.0},{"damage":0.0,"enemies":"Blue Slaver","floor":7.0,"turns":3.0},{"damage":0.0,"enemies":"Looter","floor":11.0,"turns":3.0},{"damage":2.0,"enemies":"Lagavulin","floor":12.0,"turns":6.0},{"damage":0.0,"enemies":"Exordium Wildlife","floor":14.0,"turns":1.0},{"damage":14.0,"enemies":"Slime Boss","floor":16.0,"turns":6.0},{"damage":0.0,"enemies":"2 Thieves","floor":18.0,"turns":3.0},{"damage":0.0,"enemies":"Spheric Guardian","floor":21.0,"turns":1.0},{"damage":0.0,"enemies":"Centurion and Healer","floor":22.0,"turns":3.0},{"damage":10.0,"enemies":"Gremlin Leader","floor":23.0,"turns":5.0},{"damage":0.0,"enemies":"3 Cultists","floor":25.0,"turns":1.0},{"damage":11.0,"enemies":"Slavers","floor":28.0,"turns":4.0},{"damage":0.0,"enemies":"Sentry and Sphere","floor":29.0,"turns":2.0},{"damage":0.0,"enemies":"Book of Stabbing","floor":30.0,"turns":3.0},{"damage":0.0,"enemies":"Snecko","floor":31.0,"turns":1.0},{"damage":0.0,"enemies":"Collector","floor":33.0,"turns":2.0},{"damage":0.0,"enemies":"3 Shapes","floor":35.0,"turns":1.0},{"damage":0.0,"enemies":"3 Darklings","floor":37.0,"turns":3.0},{"damage":0.0,"enemies":"2 Orb Walkers","floor":38.0,"turns":1.0},{"damage":0.0,"enemies":"4 Shapes","floor":39.0,"turns":3.0},{"damage":0.0,"enemies":"Writhing Mass","floor":41.0,"turns":3.0},{"damage":0.0,"enemies":"Reptomancer","floor":44.0,"turns":1.0},{"damage":0.0,"enemies":"Spire Growth","floor":47.0,"turns":2.0},{"damage":0,"enemies":"Maw","floor":48,"turns":3},{"damage":0,"enemies":"Awakened One","floor":50,"turns":2}],"seed_played":"8233066679406589164","potions_obtained":[{"floor":1.0,"key":"Weak Potion"},{"floor":4.0,"key":"Weak Potion"},{"floor":16.0,"key":"PowerPotion"},{"floor":25.0,"key":"DistilledChaos"},{"floor":28.0,"key":"CunningPotion"},{"floor":29.0,"key":"GhostInAJar"}],"is_trial":false,"path_per_floor":["M","$","?","M","M","R","M","R","T","R","M","E","?","M","R","B",null,"M","$","?","M","M","E","R","M","T","R","E","M","E","M","R","B",null,"M","$","M","?","M","R","M","R","T","E","?","$","M","M","R","B",null],"character_chosen":"THE_SILENT","items_purchased":["Orrery","Secret Technique"],"campfire_rested":0,"item_purchase_floors":[19,36],"current_hp_per_floor":[60,60,57,57,57,57,57,57,57,57,57,55,48,48,48,49,60,60,63,63,63,63,53,53,53,53,53,42,42,42,42,42,63,63,63,63,63,63,63,63,63,63,63,70,60,70,70,70,70,70],"gold":156,"neow_bonus":"RANDOM_COLORLESS_2","is_daily":false,"chose_seed":false,"campfire_upgraded":10,"win_rate":0.0,"timestamp":1613805952,"path_taken":["M","$","?","M","M","R","M","R","T","R","M","E","?","M","R","BOSS","M","$","?","M","M","E","R","M","T","R","E","M","E","M","R","BOSS","M","$","M","?","M","R","M","R","T","E","?","?","M","M","R","BOSS"],"items_purchased_type":["Relic","Card"],"build_version":"2020-12-22","purchased_purges":3,"victory":true,"max_hp_per_floor":[63,63,63,63,63,63,63,63,63,63,63,63,63,63,63,63,63,63,63,63,63,63,63,63,63,63,63,63,63,63,63,63,63,63,63,63,63,63,63,63,63,63,63,70,70,70,70,70,70,70],"relic_stats":{"Gremlin Horn":[3,3],"counters":[27,76],"Astrolabe":["All Out Attack","Accuracy","Reflex"],"Letter Opener":[384],"Boot":[0],"Lizard Tail":0,"Tough Bandages":[384],"Shuriken":[17],"Pantograph":36,"Gambling Chip":[51],"MealTicket":13,"Black Star":4,"obtain_stats":[{"Girya":38,"Gremlin Horn":44,"Astrolabe":34,"Letter Opener":28,"Paper Crane":9,"Boot":30,"Akabeko":23,"Lizard Tail":28,"Tough Bandages":30,"Shuriken":43,"Pantograph":3,"MutagenicStrength":20,"Gambling Chip":23,"Strawberry":44,"Orrery":19,"MealTicket":12,"Black Star":17,"Ring of the Snake":0},{"Girya":21,"Gremlin Horn":24,"Astrolabe":18,"Letter Opener":14,"Paper Crane":4,"Boot":16,"Akabeko":12,"Lizard Tail":14,"Tough Bandages":16,"Shuriken":23,"Pantograph":1,"MutagenicStrength":9,"Gambling Chip":12,"Strawberry":24,"Orrery":9,"MealTicket":6,"Black Star":8,"Ring of the Snake":0},{"Girya":62,"Gremlin Horn":69,"Astrolabe":57,"Letter Opener":49,"Paper Crane":16,"Boot":54,"Akabeko":44,"Lizard Tail":49,"Tough Bandages":54,"Shuriken":68,"Pantograph":5,"MutagenicStrength":35,"Gambling Chip":44,"Strawberry":69,"Orrery":35,"MealTicket":25,"Black Star":32,"Ring of the Snake":0}],"Ring of the Snake":[54]},"card_choices":[{"not_picked":["Secret Weapon","Metamorphosis"],"picked":"Panache","floor":0.0},{"not_picked":["Dash","Slice"],"picked":"Blade Dance","floor":1.0},{"not_picked":["Outmaneuver","Dodge and Roll"],"picked":"Deflect","floor":4.0},{"not_picked":["Terror","Backflip"],"picked":"Escape Plan","floor":5.0},{"not_picked":["Quick Slash","Deadly Poison"],"picked":"Blade Dance","floor":7.0},{"not_picked":["Slice","Flying Knee"],"picked":"Calculated Gamble","floor":11.0},{"not_picked":["Deflect","Underhanded Strike"],"picked":"Cloak And Dagger","floor":12.0},{"not_picked":["Flechettes","Quick Slash"],"picked":"Accuracy","floor":14.0},{"not_picked":["Storm of Steel","Wraith Form v2"],"picked":"Adrenaline","floor":16.0},{"not_picked":["Flechettes","Backflip"],"picked":"Terror","floor":18.0},{"not_picked":["Accuracy","Bane"],"picked":"Acrobatics","floor":19.0},{"not_picked":["Masterful Stab","Catalyst"],"picked":"Tactician","floor":19.0},{"not_picked":["Outmaneuver","Riddle With Holes"],"picked":"Prepared","floor":19.0},{"not_picked":["Concentrate","Deflect"],"picked":"Escape Plan","floor":19.0},{"not_picked":["Riddle With Holes","Slice"],"picked":"Tactician","floor":19.0},{"not_picked":["Prepared","Outmaneuver"],"picked":"Backflip","floor":21.0},{"not_picked":["Glass Knife","Dash","Setup"],"picked":"SKIP","floor":22.0},{"not_picked":["Masterful Stab","Flying Knee","Doppelganger"],"picked":"SKIP","floor":23.0},{"not_picked":["Concentrate","Dodge and Roll"],"picked":"Expertise","floor":25.0},{"not_picked":["PiercingWail","Dagger Throw","Prepared"],"picked":"SKIP","floor":28.0},{"not_picked":["Expertise","Backflip"],"picked":"Blade Dance","floor":29.0},{"not_picked":["Dagger Throw","Backflip"],"picked":"Escape Plan","floor":30.0},{"not_picked":["Backstab","Dodge and Roll","Riddle With Holes"],"picked":"SKIP","floor":31.0},{"not_picked":["Wraith Form v2","Doppelganger"],"picked":"After Image","floor":33.0},{"not_picked":["Masterful Stab+1","Outmaneuver","Backflip"],"picked":"SKIP","floor":35.0},{"not_picked":["Concentrate+1","Dagger Spray+1","Masterful Stab"],"picked":"SKIP","floor":37.0},{"not_picked":["Backflip","Terror","Riddle With Holes"],"picked":"SKIP","floor":39.0},{"not_picked":["Outmaneuver","Quick Slash+1"],"picked":"Acrobatics+1","floor":41.0},{"not_picked":["Noxious Fumes","Leg Sweep"],"picked":"Escape Plan","floor":44.0},{"not_picked":["Dramatic Entrance","Impatience"],"picked":"Apotheosis","floor":45.0},{"not_picked":["Purity","Enlightenment"],"picked":"Impatience","floor":45.0},{"not_picked":["Quick Slash","Deflect"],"picked":"Acrobatics","floor":47},{"not_picked":["Backstab","Deadly Poison","Dash+1"],"picked":"SKIP","floor":48}],"player_experience":53133,"relics_obtained":[{"floor":9.0,"key":"Paper Crane"},{"floor":12.0,"key":"MealTicket"},{"floor":23.0,"key":"Gambling Chip"},{"floor":23.0,"key":"Akabeko"},{"floor":28.0,"key":"Lizard Tail"},{"floor":28.0,"key":"Letter Opener"},{"floor":30.0,"key":"Tough Bandages"},{"floor":30.0,"key":"Boot"},{"floor":38.0,"key":"Girya"},{"floor":43.0,"key":"Shuriken"},{"floor":44.0,"key":"Strawberry"},{"floor":44.0,"key":"Gremlin Horn"}],"event_choices":[{"damage_healed":0.0,"max_hp_gain":0.0,"max_hp_loss":0.0,"gold_gain":0.0,"event_name":"Scrap Ooze","player_choice":"Success","floor":3.0,"gold_loss":0.0,"damage_taken":3.0,"relics_obtained":["Pantograph"]},{"cards_removed":["Strike_G"],"damage_healed":0.0,"max_hp_gain":0.0,"max_hp_loss":0.0,"gold_gain":0.0,"event_name":"Golden Wing","player_choice":"Card Removal","floor":13.0,"gold_loss":0.0,"damage_taken":7.0},{"damage_healed":0.0,"max_hp_gain":0.0,"max_hp_loss":0.0,"gold_gain":0.0,"event_name":"Drug Dealer","player_choice":"Inject Mutagens","floor":20.0,"gold_loss":0.0,"damage_taken":0.0,"relics_obtained":["MutagenicStrength"]},{"damage_healed":0.0,"max_hp_gain":0.0,"max_hp_loss":0.0,"gold_gain":0.0,"event_name":"Mysterious Sphere","player_choice":"Fight","floor":38.0,"gold_loss":0.0,"damage_taken":0.0},{"damage_healed":0.0,"max_hp_gain":0.0,"max_hp_loss":0.0,"gold_gain":0.0,"event_name":"SensoryStone","player_choice":"Memory 3","floor":45.0,"gold_loss":0.0,"damage_taken":10.0}],"is_beta":false,"boss_relics":[{"not_picked":["Empty Cage","Tiny House"],"picked":"Black Star"},{"not_picked":["Cursed Key","Snecko Eye"],"picked":"Astrolabe"}],"items_purged_floors":[2,36,46],"is_endless":false,"potions_floor_spawned":[1,4,16,22,25,28,29,30,33,39,41,44,47],"ascension_level":13}}