{"host":"vx9g5eyuglzorf3u","time":1613845920,"event":{"mods":["2.2 Compatiblity","BaseMod","DeckTracker","Keyboard Shortcuts","Minty Spire (QoL Compilation)","Relic Stats","StSLib","SuperFastMode","everything is the same but u backflip on backflip"],"gold_per_floor":[113,125,135,147,163,195,195,220,232,244,256,298,329,366,378,463,475,464,476,502,729,760,772,784,784],"floor_reached":24,"language":"KOR","playtime":568,"items_purged":[],"score":456,"play_id":"8e28fbf5-c3df-464b-96e4-0ae9eb0f8e41","local_time":"20210221033200","is_ascension_mode":true,"campfire_choices":[{"floor":7.0,"key":"REST"},{"floor":10.0,"key":"REST"},{"floor":15.0,"key":"REST"},{"floor":23.0,"key":"DIG"}],"circlet_count":0,"master_deck":["AscendersBane","Strike_R","Strike_R","Strike_R","Strike_R","Strike_R","Defend_R","Defend_R","Defend_R","Defend_R","Bash","Blood for Blood","Armaments","Dual Wield","Battle Trance","Carnage","Shrug It Off"],"relics":["Burning Blood","NeowsBlessing","Art of War","MawBank","Paper Frog","Shovel","Coffee Dripper","Old Coin","Eternal Feather"],"acts_visited":["Exordium","TheCity"],"potions_floor_usage":[],"damage_taken":[{"damage":0.0,"enemies":"Cultist","floor":1.0,"turns":1.0},{"damage":0.0,"enemies":"Jaw Worm","floor":2.0,"turns":1.0},{"damage":0.0,"enemies":"Small Slimes","floor":3.0,"turns":1.0},{"damage":19.0,"enemies":"Exordium Wildlife","floor":4.0,"turns":4.0},{"damage":28.0,"enemies":"Large Slime","floor":5.0,"turns":9.0},{"damage":34.0,"enemies":"Gremlin Nob","floor":6.0,"turns":4.0},{"damage":30.0,"enemies":"3 Sentries","floor":8.0,"turns":9.0},{"damage":0.0,"enemies":"Gremlin Nob","floor":11.0,"turns":1.0},{"damage":4.0,"enemies":"2 Fungi Beasts","floor":13.0,"turns":3.0},{"damage":27.0,"enemies":"3 Sentries","floor":14.0,"turns":8.0},{"damage":26.0,"enemies":"The Guardian","floor":16.0,"turns":14.0},{"damage":12.0,"enemies":"2 Thieves","floor":18.0,"turns":4.0},{"damage":19.0,"enemies":"Chosen","floor":20.0,"turns":4.0},{"damage":49.0,"enemies":"Snecko","floor":22.0,"turns":7.0},{"damage":29,"enemies":"Gremlin Leader","floor":24,"turns":3}],"seed_played":"-129575463738512552","potions_obtained":[{"floor":3.0,"key":"EssenceOfSteel"},{"floor":6.0,"key":"SmokeBomb"},{"floor":8.0,"key":"Swift Potion"},{"floor":13.0,"key":"ColorlessPotion"},{"floor":14.0,"key":"DistilledChaos"}],"is_trial":false,"path_per_floor":["M","M","M","M","M","E","R","E","T","R","E","?","M","E","R","B",null,"M","?","M","?","M","R","E"],"character_chosen":"IRONCLAD","items_purchased":[],"campfire_rested":3,"item_purchase_floors":[],"current_hp_per_floor":[74,75,75,62,40,12,34,10,10,32,38,38,40,19,41,21,62,56,85,72,72,29,29,0,0],"gold":784,"neow_bonus":"THREE_ENEMY_KILL","is_daily":false,"chose_seed":false,"campfire_upgraded":0,"win_rate":0.0,"timestamp":1613845920,"path_taken":["M","?","M","M","M","E","R","E","T","R","E","?","M","E","R","BOSS","M","?","?","?","M","R","E"],"items_purchased_type":[],"build_version":"2020-12-22","purchased_purges":0,"victory":false,"max_hp_per_floor":[75,75,75,75,75,75,75,75,75,75,75,75,75,75,75,75,75,75,85,85,85,85,85,85,85],"relic_stats":{"Shovel":1,"counters":[15,73],"Eternal Feather":0,"Art of War":[5],"MawBank":192,"obtain_stats":[{"Shovel":14,"NeowsBlessing":0,"Eternal Feather":23,"Art of War":6,"Coffee Dripper":17,"MawBank":8,"Burning Blood":0,"Paper Frog":9,"Old Coin":21},{"Shovel":10,"NeowsBlessing":0,"Eternal Feather":14,"Art of War":6,"Coffee Dripper":11,"MawBank":7,"Burning Blood":0,"Paper Frog":7,"Old Coin":13},{"Shovel":41,"NeowsBlessing":0,"Eternal Feather":70,"Art of War":20,"Coffee Dripper":55,"MawBank":29,"Burning Blood":0,"Paper Frog":29,"Old Coin":63}],"Burning Blood":73},"card_choices":[{"not_picked":["Clash","Iron Wave"],"picked":"Blood for Blood","floor":1.0},{"not_picked":["Perfected Strike","Exhume"],"picked":"Armaments","floor":2.0},{"not_picked":["Sword Boomerang","Sever Soul"],"picked":"Dual Wield","floor":3.0},{"not_picked":["Thunderclap","Reckless Charge"],"picked":"Battle Trance","floor":4.0},{"not_picked":["Armaments","Whirlwind"],"picked":"Carnage","floor":5.0},{"not_picked":["Heavy Blade","Entrench"],"picked":"Shrug It Off","floor":6.0},{"not_picked":["Shrug It Off","Pummel","Iron Wave"],"picked":"SKIP","floor":8.0},{"not_picked":["Clash","Searing Blow","Inflame"],"picked":"SKIP","floor":13.0},{"not_picked":["Warcry","Sword Boomerang"],"picked":"Impervious","floor":14.0},{"not_picked":["True Grit","Wild Strike","Feel No Pain"],"picked":"SKIP","floor":18.0},{"not_picked":["True Grit","Iron Wave","Wild Strike"],"picked":"SKIP","floor":20.0},{"not_picked":["Havoc","Body Slam","Flex"],"picked":"SKIP","floor":22.0}],"player_experience":1539315,"relics_obtained":[{"floor":6.0,"key":"Art of War"},{"floor":8.0,"key":"MawBank"},{"floor":9.0,"key":"Paper Frog"},{"floor":14.0,"key":"Shovel"},{"floor":23.0,"key":"Eternal Feather"}],"event_choices":[{"damage_healed":0.0,"max_hp_gain":0.0,"max_hp_loss":0.0,"gold_gain":30.0,"event_name":"Dead Adventurer","player_choice":"Searched \u00272\u0027 times","floor":12.0,"gold_loss":0.0,"damage_taken":0.0},{"cards_removed":["Impervious"],"damage_healed":19.0,"max_hp_gain":10.0,"max_hp_loss":0.0,"gold_gain":0.0,"event_name":"Bonfire Elementals","player_choice":"Offered Rare","floor":19.0,"gold_loss":0.0,"damage_taken":0.0},{"damage_healed":0.0,"max_hp_gain":0.0,"max_hp_loss":0.0,"gold_gain":0.0,"event_name":"Addict","player_choice":"Obtained Relic","floor":21.0,"gold_loss":85.0,"damage_taken":0.0,"relics_obtained":["Old Coin"]}],"is_beta":false,"boss_relics":[{"not_picked":["Velvet Choker","Black Star"],"picked":"Coffee Dripper"}],"items_purged_floors":[],"is_endless":false,"potions_floor_spawned":[3,6,8,11,13,14],"killed_by":"Gremlin Leader","ascension_level":20}}