{"host":"v0dnu0zs4qo0v13s","time":1613840721,"event":{"mods":["BaseMod","Colored Map","Colored Powertips","Minty Spire (QoL Compilation)","Relic Stats","StSLib","SuperFastMode","everything is the same but u backflip on backflip"],"gold_per_floor":[115,390,315,334,38,38,49,49,49,75,90,90,103,130,130,207,207,224,164,164],"floor_reached":19,"language":"ENG","playtime":814,"items_purged":["Regret"],"score":310,"play_id":"4ad242ab-4f9c-498a-a0ba-ca7f3ec9ca4b","local_time":"20210220120521","is_ascension_mode":true,"campfire_choices":[{"data":"Bash","floor":6.0,"key":"SMITH"},{"data":"Flex","floor":8.0,"key":"SMITH"},{"data":"Dual Wield","floor":12.0,"key":"SMITH"},{"data":"Reaper","floor":15.0,"key":"SMITH"}],"circlet_count":0,"master_deck":["AscendersBane","Strike_R","Strike_R","Defend_R","Defend_R","Defend_R","Defend_R","Bash+1","Flex+1","Dropkick","Intimidate","Cleave","Dual Wield+1","Reaper+1","Warcry","Burning Pact+1","Barricade","Fiend Fire+1","Impervious+1","Fire Breathing+1","Shockwave+1"],"relics":["Burning Blood","NeowsBlessing","ClockworkSouvenir","Question Card","Potion Belt","Toxic Egg 2","Astrolabe"],"acts_visited":["Exordium","TheCity"],"potions_floor_usage":[],"damage_taken":[{"damage":0.0,"enemies":"Small Slimes","floor":1.0,"turns":1.0},{"damage":0.0,"enemies":"Cultist","floor":4.0,"turns":1.0},{"damage":0.0,"enemies":"2 Louse","floor":7.0,"turns":1.0},{"damage":8.0,"enemies":"Gremlin Nob","floor":10.0,"turns":3.0},{"damage":6.0,"enemies":"Looter","floor":11.0,"turns":3.0},{"damage":7.0,"enemies":"2 Fungi Beasts","floor":13.0,"turns":3.0},{"damage":35.0,"enemies":"Lagavulin","floor":14.0,"turns":5.0},{"damage":95.0,"enemies":"Hexaghost","floor":16.0,"turns":11.0},{"damage":47.0,"enemies":"3 Byrds","floor":18.0,"turns":7.0},{"damage":11,"enemies":"2 Thieves","floor":19,"turns":3}],"seed_played":"5863509676714447406","potions_obtained":[{"floor":4.0,"key":"ColorlessPotion"},{"floor":10.0,"key":"SteroidPotion"},{"floor":16.0,"key":"BlessingOfTheForge"}],"is_trial":false,"path_per_floor":["M","?","$","M","$","R","M","R","T","E","M","R","M","E","R","B",null,"M","M"],"character_chosen":"IRONCLAD","items_purchased":["ClockworkSouvenir","FairyPotion","Intimidate"],"campfire_rested":0,"item_purchase_floors":[5,5,5],"current_hp_per_floor":[74,74,74,75,75,75,75,75,75,73,73,73,74,45,45,47,68,27,16,16],"gold":164,"neow_bonus":"THREE_ENEMY_KILL","is_daily":false,"chose_seed":false,"campfire_upgraded":4,"win_rate":0.0,"timestamp":1613840721,"path_taken":["M","?","$","M","$","R","M","R","T","E","M","R","M","E","R","BOSS","M","?"],"items_purchased_type":["Relic","Potion","Card"],"build_version":"2020-12-22","purchased_purges":1,"victory":false,"max_hp_per_floor":[75,75,75,75,75,75,75,75,75,75,75,75,75,75,75,75,75,75,75,75],"relic_stats":{"counters":[10,38],"Astrolabe":["Fiend Fire","Impervious","Fire Breathing"],"Question Card":7,"obtain_stats":[{"Potion Belt":10,"NeowsBlessing":0,"Astrolabe":17,"Toxic Egg 2":14,"Question Card":9,"Burning Blood":0,"ClockworkSouvenir":5},{"Potion Belt":4,"NeowsBlessing":0,"Astrolabe":8,"Toxic Egg 2":7,"Question Card":3,"Burning Blood":0,"ClockworkSouvenir":2},{"Potion Belt":6,"NeowsBlessing":0,"Astrolabe":28,"Toxic Egg 2":17,"Question Card":3,"Burning Blood":0,"ClockworkSouvenir":2}],"Burning Blood":43},"card_choices":[{"not_picked":["Havoc","Clash"],"picked":"Flex","floor":1.0},{"not_picked":["Flex","Combust"],"picked":"Dropkick","floor":4.0},{"not_picked":["Blood for Blood","Rupture"],"picked":"Cleave","floor":7.0},{"not_picked":["Twin Strike","Warcry","Infernal Blade"],"picked":"Dual Wield","floor":10.0},{"not_picked":["Sword Boomerang","Blood for Blood","Armaments"],"picked":"Reaper","floor":11.0},{"not_picked":["Perfected Strike","Rage","Flex"],"picked":"Warcry","floor":13.0},{"not_picked":["Evolve","Infernal Blade+1","Fiend Fire"],"picked":"Burning Pact+1","floor":14.0},{"not_picked":["Berserk","Double Tap+1","Impervious+1"],"picked":"Barricade","floor":16.0},{"not_picked":["Flame Barrier+1","Uppercut","Dual Wield+1"],"picked":"Shockwave+1","floor":18.0}],"player_experience":740268,"relics_obtained":[{"floor":9.0,"key":"Question Card"},{"floor":10.0,"key":"Potion Belt"},{"floor":14.0,"key":"Toxic Egg 2"}],"event_choices":[{"damage_healed":0.0,"max_hp_gain":0.0,"max_hp_loss":0.0,"gold_gain":275.0,"event_name":"Golden Shrine","player_choice":"Desecrate","floor":2.0,"gold_loss":0.0,"damage_taken":0.0,"cards_obtained":["Regret"]}],"is_beta":false,"boss_relics":[{"not_picked":["Empty Cage","Coffee Dripper"],"picked":"Astrolabe"}],"items_purged_floors":[3],"is_endless":false,"potions_floor_spawned":[4,7,10,16],"killed_by":"2 Thieves","ascension_level":15}}