{"host":"vh33hu3wddwn6yt6","time":1613844738,"event":{"mods":["AchievementEnabler","Act Like it!","Aspiration","BaseMod","Better Altar","Better Match","Better Note","Better Sensory Stone","Better Skull","Better Third Choice","BetterRewards","Bossed Relics","Downfall","Hermit","Hubris","Infinite Spire","Minty Spire (QoL Compilation)","Permanent Neow","Replay The Spire","Robot Space Explorer","Shade Mod","Shop Mod","Spicy Shops","StSLib","SuperFastMode","The Blackbeard","The Necromancer","The Runesmith","The Servant 0.9.4","TheBandit","Wandering Minibosses"],"gold_per_floor":[99,119,136,121,121,155,179,214,230,246,46,75,75,100,123,233,333,333,352,352,346,346,364,387,415,440,440,471,229,129,129,144,250,250,250,267,267,267,286,320,320,349,349,368,368,368,368,386,401,513,513,513,527,537,537,882,892,892,892,921,932,946,645,665,675,692,794,794,794,810,823,513,529,538,577,577,607,607,619,651,651,663,676,782,782,782,795,795,645,672,672,699,712,731,771,771,784,784,804,823,920,920,920,937,956,1080,1093,836,861,861,861,861,901,919,919,929,946,1050,1059,1059,1079,1091,1091,879,879,910,930,945,945,945,945,986,1000,1020,1115,1115,1115,1126,1146,1165,1180,1180,1214,1214,1246,1246,1246,1281,1281,1299,1318,1318,1318],"floor_reached":152,"language":"DEU","playtime":3805,"items_purged":["Pride"],"score":3817,"play_id":"312f3bd2-b558-4b22-9be6-e8dd2e438f7d","local_time":"20210220191218","is_ascension_mode":true,"campfire_choices":[{"floor":1,"key":"RECALL"},{"data":"RobotSpaceExplorer:TrailblazerForm","floor":11,"key":"SMITH"},{"data":"RobotSpaceExplorer:PowerCollector","floor":18,"key":"SMITH"},{"floor":30,"key":"REST"},{"data":"RobotSpaceExplorer:PowerCollector","floor":35,"key":"SMITH"},{"floor":43,"key":"REST"},{"floor":45,"key":"REST"},{"floor":47,"key":"REST"},{"data":"ReplayUltimateDefense","floor":52,"key":"SMITH"},{"data":"RobotSpaceExplorer:PowerCollector","floor":59,"key":"SMITH"},{"data":"RobotSpaceExplorer:ShockMissile","floor":69,"key":"SMITH"},{"data":"infinitespire:FutureSight","floor":76,"key":"SMITH"},{"floor":78,"key":"REST"},{"data":"RobotSpaceExplorer:ShockMissile","floor":81,"key":"SMITH"},{"data":"Specialist","floor":96,"key":"SMITH"},{"data":"RobotSpaceExplorer:MiniBoosters","floor":98,"key":"SMITH"},{"data":"Enlightenment","floor":110,"key":"SMITH"},{"data":"RobotSpaceExplorer:StarLightning","floor":112,"key":"SMITH"},{"data":"RobotSpaceExplorer:Blaster","floor":115,"key":"SMITH"},{"data":"RobotSpaceExplorer:MiniDrones","floor":120,"key":"SMITH"},{"floor":129,"key":"REST"},{"data":"RobotSpaceExplorer:FreezeRay","floor":137,"key":"SMITH"},{"floor":146,"key":"REST"},{"floor":149,"key":"REST"}],"circlet_count":0,"master_deck":["RobotSpaceExplorer:DroneSwarm","RobotSpaceExplorer:Strike","RobotSpaceExplorer:Strike","RobotSpaceExplorer:Strike","RobotSpaceExplorer:Defend","RobotSpaceExplorer:Defend","RobotSpaceExplorer:Defend","RobotSpaceExplorer:Defend","RobotSpaceExplorer:Scan","RobotSpaceExplorer:MiniLasers+1","RobotSpaceExplorer:TrailblazerForm+1","RobotSpaceExplorer:GlueShot","RobotSpaceExplorer:MiniDrones","RobotSpaceExplorer:PowerCollector+1","RobotSpaceExplorer:PowerCollector+1","RobotSpaceExplorer:FreezeRay+1","RobotSpaceExplorer:MiniDrones+1","RobotSpaceExplorer:ScrapMissile","RobotSpaceExplorer:ShockMissile+1","RobotSpaceExplorer:PowerCollector+1","RobotSpaceExplorer:StarLightning+1","RobotSpaceExplorer:MiniDrones+1","RobotSpaceExplorer:PowerCollector+1","ReplayUltimateDefense+1","Specialist+1","RobotSpaceExplorer:ShockMissile+1","RobotSpaceExplorer:Blaster+1","infinitespire:FutureSight+1","RobotSpaceExplorer:DroneSwarm+1","RobotSpaceExplorer:MiniBoosters+1","RobotSpaceExplorer:DualCore+1","RobotSpaceExplorer:FreezeRay","Enlightenment+1","RobotSpaceExplorer:MiniDrones","AbeCurse","RobotSpaceExplorer:StarLightning+1"],"relics":["RobotSpaceExplorer:RoboCore","infinitespire:EmpoweringShard","Darkstone Periapt","downfall:HeartBlessingBlue","downfall:HeartBlessingRed","CeramicFish","Replay:Wanted Poster","Replay:Rubber Ducky","MerchantsRug","Pantograph","downfall:HeartBlessingGreen","hubris:HollowSoul","hubris:BottledRain","Sundial","Black Star","ReplayTheSpireMod:ShopPack","aspiration:MobileForge","hubris:GlazedTorus","hubris:TenFootPole","Sling","SlaversCollar","Vajra","aspiration:StickyExplosives_weak","hubris:Backtick","Ice Cream","hubris:Metronome","hubris:ScarierMask","Membership Card","Lee\u0027s Waffle","Abe\u0027s Treasure","hubris:Icosahedron","infinitespire:WardingShard","hubris:EmptyBottle","Blue Doll","Astrolabe","Question Card","Blue Candle"],"acts_visited":["Exordium","TheCity","TheBeyond","Exordium","TheCity","TheBeyond","Exordium","TheCity","TheBeyond"],"potions_floor_usage":[4,6,15,15,29,29,29,49,50,64,65,65,65,73,75,80,87,92,95,99,101,111,128,128,132,143,143,143,152],"damage_taken":[{"damage":5,"enemies":"Jaw Worm","floor":2,"turns":3},{"damage":0,"enemies":"2 Louse","floor":3,"turns":2},{"damage":0,"enemies":"downfall:FleeingMerchant","floor":4,"turns":4},{"damage":6,"enemies":"3 Sentries","floor":6,"turns":5},{"damage":0,"enemies":"Replay:BlueRogue","floor":8,"turns":7},{"damage":6,"enemies":"Small Slimes","floor":9,"turns":2},{"damage":4,"enemies":"downfall:LooterAlt","floor":10,"turns":3},{"damage":5,"enemies":"Lagavulin","floor":12,"turns":8},{"damage":6,"enemies":"Exordium Wildlife","floor":15,"turns":3},{"damage":4,"enemies":"SI_SHIV_ARCHETYPE","floor":16,"turns":5},{"damage":11,"enemies":"Shell Parasite","floor":19,"turns":4},{"damage":9,"enemies":"downfall:FleeingMerchant","floor":21,"turns":4},{"damage":9,"enemies":"Chosen","floor":23,"turns":3},{"damage":34,"enemies":"Snake Plant","floor":25,"turns":4},{"damage":11,"enemies":"Book of Stabbing","floor":26,"turns":5},{"damage":0,"enemies":"Nightmare","floor":28,"turns":9},{"damage":3,"enemies":"downfall:FleeingMerchant","floor":29,"turns":4},{"damage":0,"enemies":"Snecko","floor":32,"turns":5},{"damage":32,"enemies":"DF_ARCHETYPE_CLAW","floor":33,"turns":7},{"damage":10,"enemies":"3 Darklings","floor":36,"turns":4},{"damage":6,"enemies":"Orb Walker","floor":39,"turns":3},{"damage":59,"enemies":"Nemesis","floor":40,"turns":11},{"damage":0,"enemies":"Sphere and 2 Shapes","floor":42,"turns":3},{"damage":16,"enemies":"Jaw Worm Horde","floor":44,"turns":3},{"damage":3,"enemies":"4 Shapes","floor":49,"turns":4},{"damage":6,"enemies":"WA_ARCHETYPE_DIVINITY","floor":50,"turns":8},{"damage":0,"enemies":"Cultist","floor":53,"turns":2},{"damage":0,"enemies":"2 Louse","floor":54,"turns":2},{"damage":0,"enemies":"downfall:FleeingMerchant","floor":56,"turns":1},{"damage":0,"enemies":"Small Slimes","floor":57,"turns":1},{"damage":0,"enemies":"Gremlin Nob","floor":60,"turns":1},{"damage":0,"enemies":"2 Fungi Beasts","floor":61,"turns":1},{"damage":0,"enemies":"3 Louse","floor":62,"turns":2},{"damage":0,"enemies":"downfall:LooterAlt","floor":64,"turns":1},{"damage":0,"enemies":"Exordium Thugs","floor":65,"turns":2},{"damage":9,"enemies":"2 Fungi Beasts","floor":66,"turns":2},{"damage":0,"enemies":"The Guardian","floor":67,"turns":6},{"damage":4,"enemies":"3 Byrds","floor":70,"turns":3},{"damage":0,"enemies":"Spheric Guardian","floor":71,"turns":3},{"damage":0,"enemies":"Shelled Parasite and Fungi","floor":73,"turns":2},{"damage":27,"enemies":"Gremlin Leader","floor":75,"turns":4},{"damage":11,"enemies":"Book of Stabbing","floor":77,"turns":4},{"damage":0,"enemies":"Snecko","floor":79,"turns":3},{"damage":0,"enemies":"Gremlin Leader","floor":80,"turns":3},{"damage":0,"enemies":"Sentry and Sphere","floor":82,"turns":3},{"damage":0,"enemies":"3 Cultists","floor":83,"turns":3},{"damage":20,"enemies":"Champ","floor":84,"turns":5},{"damage":12,"enemies":"3 Shapes","floor":87,"turns":3},{"damage":0,"enemies":"Orb Walker","floor":90,"turns":3},{"damage":0,"enemies":"R_Hoarder","floor":92,"turns":4},{"damage":15,"enemies":"3 Darklings","floor":93,"turns":4},{"damage":0,"enemies":"4 Shapes","floor":94,"turns":1},{"damage":0,"enemies":"Nemesis","floor":95,"turns":4},{"damage":3,"enemies":"Spire Growth","floor":97,"turns":3},{"damage":0,"enemies":"3 Darklings","floor":99,"turns":3},{"damage":18,"enemies":"Maw","floor":100,"turns":5},{"damage":84,"enemies":"Awakened One","floor":101,"turns":6},{"damage":0,"enemies":"2 Louse","floor":104,"turns":1},{"damage":3,"enemies":"Jaw Worm","floor":105,"turns":2},{"damage":0,"enemies":"Cultist","floor":107,"turns":2},{"damage":0,"enemies":"3 Sentries","floor":109,"turns":3},{"damage":0,"enemies":"Large Slime","floor":111,"turns":1},{"damage":0,"enemies":"Replay:BlueRogue","floor":113,"turns":2},{"damage":0,"enemies":"2 Fungi Beasts","floor":114,"turns":1},{"damage":0,"enemies":"Exordium Wildlife","floor":116,"turns":1},{"damage":6,"enemies":"Exordium Thugs","floor":117,"turns":2},{"damage":0,"enemies":"Slime Boss","floor":118,"turns":3},{"damage":0,"enemies":"Chosen","floor":121,"turns":3},{"damage":0,"enemies":"Spheric Guardian","floor":122,"turns":1},{"damage":2,"enemies":"Slavers","floor":126,"turns":3},{"damage":0,"enemies":"Cultist and Chosen","floor":127,"turns":3},{"damage":43,"enemies":"Snake Plant","floor":128,"turns":2},{"damage":19,"enemies":"Book of Stabbing","floor":132,"turns":3},{"damage":0,"enemies":"Snecko","floor":133,"turns":2},{"damage":0,"enemies":"3 Cultists","floor":134,"turns":2},{"damage":31,"enemies":"hubris:MusketHawk","floor":135,"turns":3},{"damage":14,"enemies":"Orb Walker","floor":138,"turns":3},{"damage":0,"enemies":"3 Darklings","floor":139,"turns":3},{"damage":7,"enemies":"Sphere and 2 Shapes","floor":140,"turns":2},{"damage":0,"enemies":"Jaw Worm Horde","floor":141,"turns":1},{"damage":53,"enemies":"Nemesis","floor":143,"turns":5},{"damage":27,"enemies":"Nightmare","floor":145,"turns":5},{"damage":20,"enemies":"Giant Head","floor":148,"turns":5},{"damage":0,"enemies":"Maw","floor":150,"turns":4},{"damage":5,"enemies":"Writhing Mass","floor":151,"turns":3},{"damage":41,"enemies":"infinitespire:LordOfFortification","floor":152,"turns":2}],"seed_played":"865889220160022079","potions_obtained":[{"floor":2,"key":"SteroidPotion"},{"floor":3,"key":"Weak Potion"},{"floor":10,"key":"EssenceOfSteel"},{"floor":12,"key":"Regen Potion"},{"floor":15,"key":"sneckomod:MuddlingPotion"},{"floor":23,"key":"Elixir"},{"floor":26,"key":"Cursed Concoction"},{"floor":28,"key":"AttackPotion"},{"floor":42,"key":"SkillPotion"},{"floor":49,"key":"Swift Potion"},{"floor":50,"key":"Fire Potion"},{"floor":53,"key":"Block Potion"},{"floor":60,"key":"Flashbang"},{"floor":64,"key":"Adrenaline Potion"},{"floor":67,"key":"RobotSpaceExplorer:RecyclePotion"},{"floor":70,"key":"DistilledChaos"},{"floor":73,"key":"ColorlessPotion"},{"floor":79,"key":"SpeedPotion"},{"floor":83,"key":"RobotSpaceExplorer:RecyclePotion"},{"floor":86,"key":"Guardian:BlockOnCardUsePotion"},{"floor":90,"key":"ColorlessPotion"},{"floor":94,"key":"Flashbang"},{"floor":100,"key":"Venom Potion"},{"floor":101,"key":"SmokeBomb"},{"floor":107,"key":"FearPotion"},{"floor":113,"key":"bronze:BurnAndBuffPotion"},{"floor":114,"key":"Dexterity Potion"},{"floor":116,"key":"ColorlessPotion"},{"floor":127,"key":"ColorlessPotion"},{"floor":131,"key":"Guardian:BlockOnCardUsePotion"},{"floor":131,"key":"Toxic Potion"},{"floor":145,"key":"BlessingOfTheForge"},{"floor":150,"key":"Explosive Potion"}],"is_trial":false,"path_per_floor":["R","M","M","$","?","E","T","E","M","M","R","E","?","T","M","B",null,"R","M","?","$","?","M","T","M","E","?","NM","$","R","?","M","B",null,"R","M","?","?","M","E","T","M","R","M","R","?","R","AVR","M","B",null,"R","M","M","?","$","M","T","R","E","M","M","$","M","M","M","B",null,"R","M","M","$","M","?","E","R","E","R","M","E","R","M","M","B",null,"R","M","$","?","M","?","E","M","M","E","R","M","R","M","M","B",null,"R","M","M","?","M","$","E","R","M","R","E","M","R","M","M","B",null,"R","M","M","?","$","?","E","M","M","R","?","?","E","M","M","B",null,"R","M","M","M","M","AVR","E","?","NM","R","?","E","R","M","M","B"],"character_chosen":"RobotSpaceExplorer","items_purchased":["MerchantsRug","Pantograph","hubris:TenFootPole","Sling","Vajra","aspiration:StickyExplosives_weak","Membership Card","Lee\u0027s Waffle","Enlightenment","infinitespire:WardingShard","hubris:EmptyBottle","Blue Doll"],"campfire_rested":8,"item_purchase_floors":[29,29,63,63,72,72,108,108,108,124,124,124],"current_hp_per_floor":[75,70,70,70,70,64,64,64,58,54,64,59,62,62,65,61,88,88,77,98,89,89,80,80,46,35,35,35,32,61,61,61,54,98,98,88,88,88,82,23,23,23,52,36,65,65,94,94,91,92,98,98,98,98,98,98,98,98,98,98,98,98,98,98,98,89,98,98,98,94,94,100,100,100,73,73,62,93,93,93,93,93,93,84,104,104,92,92,114,114,114,114,99,99,99,99,96,96,96,78,19,114,114,114,111,89,89,121,121,121,121,121,121,121,121,121,115,121,127,127,127,127,127,127,127,125,125,82,120,120,120,101,101,101,95,127,127,113,113,106,106,106,53,53,26,64,62,42,80,80,75,0,0],"gold":1318,"neow_bonus":"UPGRADE_CARD","is_daily":false,"chose_seed":false,"campfire_upgraded":15,"win_rate":0.0,"timestamp":1613844738,"path_taken":["R","M","M","$","?","E","T","E","M","M","R","E","?","?","M","BOSS","R","M","?","$","?","?","T","M","E","?","NM","?","R","?","M","BOSS","R","M","?","?","M","E","T","M","R","M","R","?","R","AVR","M","BOSS","R","M","M","?","?","M","T","R","E","M","M","$","M","?","M","BOSS","R","M","M","$","M","?","E","R","E","R","M","E","R","?","M","BOSS","R","M","$","?","?","?","E","M","M","E","R","?","R","M","M","BOSS","R","M","M","?","M","$","E","R","M","R","E","M","R","M","M","BOSS","R","M","M","?","$","?","E","M","?","R","?","?","E","M","M","BOSS","R","M","M","M","?","AVR","E","?","NM","R","?","E","R","M","M","BOSS"],"items_purchased_type":["Relic","Relic","Relic","Relic","Relic","Relic","Relic","Relic","Card","Relic","Relic","Relic"],"build_version":"2020-12-22","purchased_purges":1,"victory":false,"max_hp_per_floor":[75,75,75,75,75,75,75,75,75,75,85,85,88,88,88,88,88,88,88,98,98,98,98,98,98,98,98,98,98,98,98,98,98,98,98,98,98,98,98,98,98,98,98,98,98,98,98,98,98,98,98,98,98,98,98,98,98,98,98,98,98,98,98,98,98,98,98,98,98,98,98,104,104,104,104,104,104,104,104,104,104,104,104,104,104,104,104,104,114,114,114,114,114,114,114,114,114,114,114,114,114,114,114,114,114,114,114,121,121,121,121,121,121,121,121,121,121,121,127,127,127,127,127,127,127,127,127,127,127,127,127,127,127,127,127,127,127,127,127,127,127,127,127,127,127,127,127,127,127,127,127,127,127],"card_choices":[{"not_picked":["RobotSpaceExplorer:SlimeMissile","RobotSpaceExplorer:GearShield","RobotSpaceExplorer:Reload"],"picked":"SKIP","floor":2},{"not_picked":["RobotSpaceExplorer:ShockKick","RobotSpaceExplorer:ImprovisedAttack","RobotSpaceExplorer:RigExplosive"],"picked":"SKIP","floor":3},{"not_picked":["RobotSpaceExplorer:SurgingStrike","RobotSpaceExplorer:FranticSearch"],"picked":"RobotSpaceExplorer:TrailblazerForm","floor":4},{"not_picked":["RobotSpaceExplorer:ImprovisedAttack","RobotSpaceExplorer:Wormhole"],"picked":"RobotSpaceExplorer:GlueShot","floor":6},{"not_picked":["RobotSpaceExplorer:FrostMissile","RobotSpaceExplorer:MetalStrike"],"picked":"RobotSpaceExplorer:MiniDrones","floor":8},{"not_picked":["RobotSpaceExplorer:FrostMissile","RobotSpaceExplorer:PowerCollector","RobotSpaceExplorer:Fix"],"picked":"SKIP","floor":9},{"not_picked":["RobotSpaceExplorer:LuckyStrike","RobotSpaceExplorer:Smokescreen"],"picked":"RobotSpaceExplorer:PowerCollector","floor":10},{"not_picked":["RobotSpaceExplorer:LuckyStrike","RobotSpaceExplorer:Probe"],"picked":"RobotSpaceExplorer:PowerCollector","floor":12},{"not_picked":["RobotSpaceExplorer:MiniDrones","RobotSpaceExplorer:ShockKick","Stop_Heart"],"picked":"RobotSpaceExplorer:FreezeRay","floor":15},{"not_picked":["RobotSpaceExplorer:ChargingLaser","RobotSpaceExplorer:Arsenal","Grasp_Heart"],"picked":"RobotSpaceExplorer:TrailblazerForm","floor":16},{"not_picked":["RobotSpaceExplorer:Ammunition+1","RobotSpaceExplorer:GlueShot+1","RobotSpaceExplorer:ImprovisedAttack","Bone_Spikes"],"picked":"SKIP","floor":19},{"not_picked":["RobotSpaceExplorer:DualCore","RobotSpaceExplorer:MakeshiftVolley","Strike_from_Beyond"],"picked":"RobotSpaceExplorer:MiniDrones","floor":21},{"not_picked":["RobotSpaceExplorer:FranticSearch","RobotSpaceExplorer:PlasmaMissile","RobotSpaceExplorer:Counterblock","Death_March_Dance"],"picked":"SKIP","floor":23},{"not_picked":["RobotSpaceExplorer:Pulsar","RobotSpaceExplorer:MetalStrike","Slay_Living"],"picked":"RobotSpaceExplorer:ScrapMissile","floor":25},{"not_picked":["RobotSpaceExplorer:LuckyStrike+1","RobotSpaceExplorer:StunGrenade","RobotSpaceExplorer:TrailblazerForm","Scare"],"picked":"SKIP","floor":26},{"not_picked":["RobotSpaceExplorer:SwiftStep","RobotSpaceExplorer:Ammunition+1","RobotSpaceExplorer:DualCore","Blood_Shield"],"picked":"SKIP","floor":28},{"not_picked":["RobotSpaceExplorer:Counterblock","RobotSpaceExplorer:SurgingStrike","RobotSpaceExplorer:FrostMissile+1","Chill_Blood"],"picked":"SKIP","floor":29},{"not_picked":["RobotSpaceExplorer:PlasmaMissile","RobotSpaceExplorer:Discharger+1","RobotSpaceExplorer:Counterblock"],"picked":"SKIP","floor":32},{"not_picked":["RobotSpaceExplorer:Asteroid","RobotSpaceExplorer:BlastShield"],"picked":"RobotSpaceExplorer:ShockMissile","floor":33},{"not_picked":["RobotSpaceExplorer:GlueShot","RobotSpaceExplorer:MetalStrike","RobotSpaceExplorer:ImprovisedAttack"],"picked":"SKIP","floor":36},{"not_picked":["RobotSpaceExplorer:Probe+1","RobotSpaceExplorer:SurgingStrike"],"picked":"RobotSpaceExplorer:PowerCollector+1","floor":39},{"not_picked":["RobotSpaceExplorer:ScrapMissile+1","RobotSpaceExplorer:Pulsar"],"picked":"RobotSpaceExplorer:StarLightning","floor":40},{"not_picked":["RobotSpaceExplorer:Discharger+1","RobotSpaceExplorer:Ammunition+1"],"picked":"RobotSpaceExplorer:MiniDrones","floor":42},{"not_picked":["RobotSpaceExplorer:FrostMissile+1","RobotSpaceExplorer:ScrapToss"],"picked":"RobotSpaceExplorer:PowerCollector","floor":44},{"not_picked":["Metamorphosis","The Bomb"],"picked":"ReplayUltimateDefense","floor":48},{"not_picked":["Replay:Parry","Forethought"],"picked":"Specialist","floor":48},{"not_picked":["RobotSpaceExplorer:Pulsar+1","RobotSpaceExplorer:ExhaustFan","RobotSpaceExplorer:Ammunition"],"picked":"SKIP","floor":49},{"not_picked":["RobotSpaceExplorer:BlastShield","RobotSpaceExplorer:Explosion"],"picked":"RobotSpaceExplorer:ShockMissile","floor":50},{"not_picked":["RobotSpaceExplorer:Pulsar","RobotSpaceExplorer:ShockKick","RobotSpaceExplorer:SlimeMissile"],"picked":"SKIP","floor":53},{"not_picked":["RobotSpaceExplorer:PlasmaMissile","RobotSpaceExplorer:ImprovisedAttack","RobotSpaceExplorer:Ammunition"],"picked":"SKIP","floor":54},{"not_picked":["RobotSpaceExplorer:ScrapShield","RobotSpaceExplorer:MetalStrike","RobotSpaceExplorer:SurgingShield"],"picked":"SKIP","floor":56},{"not_picked":["RobotSpaceExplorer:FrostMissile","RobotSpaceExplorer:Pulsar","RobotSpaceExplorer:FreezingShield"],"picked":"SKIP","floor":57},{"not_picked":["RobotSpaceExplorer:LuckyStrike","RobotSpaceExplorer:ScrapShield","RobotSpaceExplorer:DoubleFind"],"picked":"SKIP","floor":60},{"not_picked":["RobotSpaceExplorer:Ammunition","RobotSpaceExplorer:StunGrenade","RobotSpaceExplorer:PowerCollector"],"picked":"SKIP","floor":61},{"not_picked":["RobotSpaceExplorer:Smokescreen","RobotSpaceExplorer:MetalStrike","RobotSpaceExplorer:SurgingStrike"],"picked":"SKIP","floor":62},{"not_picked":["RobotSpaceExplorer:Fix","RobotSpaceExplorer:SwiftStep","RobotSpaceExplorer:ToxicBomb"],"picked":"SKIP","floor":64},{"not_picked":["RobotSpaceExplorer:ShovelStrike","RobotSpaceExplorer:SwiftStep","RobotSpaceExplorer:Electroshield"],"picked":"SKIP","floor":65},{"not_picked":["RobotSpaceExplorer:Pulsar","RobotSpaceExplorer:ScrapToss","RobotSpaceExplorer:Smokescreen"],"picked":"SKIP","floor":66},{"not_picked":["RobotSpaceExplorer:FrostMissile+1","RobotSpaceExplorer:ShockKick+1","RobotSpaceExplorer:IronShell"],"picked":"SKIP","floor":70},{"not_picked":["RobotSpaceExplorer:SlimeMissile","RobotSpaceExplorer:Probe","RobotSpaceExplorer:Jetpack"],"picked":"SKIP","floor":71},{"not_picked":["RobotSpaceExplorer:ShovelStrike","RobotSpaceExplorer:SurgingStrike+1","RobotSpaceExplorer:TurboDodge+1"],"picked":"SKIP","floor":73},{"not_picked":["infinitespire:UltimateForm","hubris:Fate"],"picked":"infinitespire:FutureSight","floor":75},{"not_picked":["RobotSpaceExplorer:MakeshiftVolley+1","RobotSpaceExplorer:IronShell+1","RobotSpaceExplorer:SwiftStep"],"picked":"SKIP","floor":75},{"not_picked":["RobotSpaceExplorer:ExhaustFan","RobotSpaceExplorer:StarLightning","RobotSpaceExplorer:GearShield"],"picked":"SKIP","floor":77},{"not_picked":["RobotSpaceExplorer:RigExplosive","RobotSpaceExplorer:ToxicBomb","RobotSpaceExplorer:GlueSpray"],"picked":"SKIP","floor":79},{"not_picked":["RobotSpaceExplorer:PowerCollector","RobotSpaceExplorer:BigMissile+1","RobotSpaceExplorer:Reload+1"],"picked":"SKIP","floor":80},{"not_picked":["RobotSpaceExplorer:GlueShot","RobotSpaceExplorer:SurgingStrike","RobotSpaceExplorer:TurboDodge"],"picked":"SKIP","floor":82},{"not_picked":["RobotSpaceExplorer:FrostMissile","RobotSpaceExplorer:ScrapToss","RobotSpaceExplorer:JunkDive"],"picked":"SKIP","floor":83},{"not_picked":["RobotSpaceExplorer:Wormhole","RobotSpaceExplorer:Autoloader"],"picked":"RobotSpaceExplorer:DroneSwarm","floor":84},{"not_picked":["RobotSpaceExplorer:BigMissile","RobotSpaceExplorer:Fix+1","RobotSpaceExplorer:ShockKick+1"],"picked":"SKIP","floor":87},{"not_picked":["RobotSpaceExplorer:SwiftStep+1","RobotSpaceExplorer:Smokescreen+1"],"picked":"RobotSpaceExplorer:MiniBoosters","floor":90},{"not_picked":["RobotSpaceExplorer:SwiftStep+1","RobotSpaceExplorer:Reload+1","RobotSpaceExplorer:StunGrenade+1"],"picked":"SKIP","floor":92},{"not_picked":["RobotSpaceExplorer:ScrapShield","RobotSpaceExplorer:GlueShot+1","RobotSpaceExplorer:Calculate+1"],"picked":"SKIP","floor":93},{"not_picked":["RobotSpaceExplorer:ExhaustFan","RobotSpaceExplorer:SwiftStep","RobotSpaceExplorer:DualCore"],"picked":"SKIP","floor":94},{"not_picked":["RobotSpaceExplorer:BigMissile","RobotSpaceExplorer:StarDust"],"picked":"RobotSpaceExplorer:DualCore+1","floor":95},{"not_picked":["RobotSpaceExplorer:GlueSpray","RobotSpaceExplorer:Blitz","RobotSpaceExplorer:ShovelStrike+1"],"picked":"SKIP","floor":97},{"not_picked":["RobotSpaceExplorer:ExhaustFan+1","RobotSpaceExplorer:MetalStrike","RobotSpaceExplorer:SlimeMissile"],"picked":"SKIP","floor":99},{"not_picked":["RobotSpaceExplorer:ShockKick","RobotSpaceExplorer:MakeshiftVolley+1","RobotSpaceExplorer:ExhaustFan+1"],"picked":"SKIP","floor":100},{"not_picked":["RobotSpaceExplorer:SwiftStep","RobotSpaceExplorer:SurgingShield","RobotSpaceExplorer:ScrapMissile"],"picked":"SKIP","floor":104},{"not_picked":["RobotSpaceExplorer:Electroshield","RobotSpaceExplorer:GlueShot","RobotSpaceExplorer:ExhaustFan"],"picked":"SKIP","floor":105},{"not_picked":["RobotSpaceExplorer:SwiftStep","RobotSpaceExplorer:LuckyStrike"],"picked":"RobotSpaceExplorer:FreezeRay","floor":106},{"not_picked":["RobotSpaceExplorer:Pulsar","RobotSpaceExplorer:SurgingStrike","RobotSpaceExplorer:StunGrenade"],"picked":"SKIP","floor":107},{"not_picked":["RobotSpaceExplorer:Pulsar","RobotSpaceExplorer:Fix","RobotSpaceExplorer:Ammunition"],"picked":"SKIP","floor":109},{"not_picked":["RobotSpaceExplorer:SwiftStep","RobotSpaceExplorer:ImprovisedAttack"],"picked":"RobotSpaceExplorer:MiniDrones","floor":113},{"not_picked":["RobotSpaceExplorer:SurgingShield","RobotSpaceExplorer:GlueShot","RobotSpaceExplorer:MetalStrike"],"picked":"SKIP","floor":114},{"not_picked":["RobotSpaceExplorer:PlasmaMissile","RobotSpaceExplorer:MetalStrike","RobotSpaceExplorer:SurgingStrike"],"picked":"SKIP","floor":116},{"not_picked":["RobotSpaceExplorer:FreezingShield","RobotSpaceExplorer:PlasmaMissile","RobotSpaceExplorer:Pulsar"],"picked":"SKIP","floor":117},{"not_picked":["RobotSpaceExplorer:FrostMissile+1","RobotSpaceExplorer:ToxicBomb","RobotSpaceExplorer:SwiftStep"],"picked":"SKIP","floor":121},{"not_picked":["RobotSpaceExplorer:Jetpack","RobotSpaceExplorer:Ammunition+1","RobotSpaceExplorer:GearShield"],"picked":"SKIP","floor":122},{"not_picked":["RobotSpaceExplorer:SwiftStep+1","RobotSpaceExplorer:ScrapMissile","RobotSpaceExplorer:SlimeMissile"],"picked":"SKIP","floor":126},{"not_picked":["RobotSpaceExplorer:FrostMissile","RobotSpaceExplorer:Calculate","RobotSpaceExplorer:SwiftStep"],"picked":"SKIP","floor":127},{"not_picked":["RobotSpaceExplorer:SwiftStep+1","RobotSpaceExplorer:ShockMissile","RobotSpaceExplorer:SlimeMissile"],"picked":"SKIP","floor":128},{"not_picked":["RobotSpaceExplorer:Pulsar+1","RobotSpaceExplorer:Probe"],"picked":"RobotSpaceExplorer:StarLightning+1","floor":132},{"not_picked":["RobotSpaceExplorer:ShockKick","RobotSpaceExplorer:GlueShot","RobotSpaceExplorer:Ammunition"],"picked":"SKIP","floor":133},{"not_picked":["RobotSpaceExplorer:Counterblock+1","RobotSpaceExplorer:DualCore","RobotSpaceExplorer:SlimeMissile"],"picked":"SKIP","floor":134},{"not_picked":["RobotSpaceExplorer:Electroshield+1","RobotSpaceExplorer:ShovelStrike+1","RobotSpaceExplorer:Calculate+1"],"picked":"SKIP","floor":138},{"not_picked":["RobotSpaceExplorer:ScrapToss","RobotSpaceExplorer:MetalStrike+1","RobotSpaceExplorer:Reload+1"],"picked":"SKIP","floor":139},{"not_picked":["RobotSpaceExplorer:ShockKick+1","RobotSpaceExplorer:LaserBurst+1","RobotSpaceExplorer:Pulsar+1"],"picked":"SKIP","floor":140},{"not_picked":["RobotSpaceExplorer:StunGrenade+1","RobotSpaceExplorer:ExhaustFan+1","RobotSpaceExplorer:GlueShot+1"],"picked":"SKIP","floor":141},{"not_picked":["RobotSpaceExplorer:StunGrenade","RobotSpaceExplorer:Reload","RobotSpaceExplorer:GearShield","RobotSpaceExplorer:ShovelStrike"],"picked":"SKIP","floor":143},{"not_picked":["RobotSpaceExplorer:Ammunition","RobotSpaceExplorer:LaserBurst+1","RobotSpaceExplorer:Discharger+1","RobotSpaceExplorer:ShovelStrike+1"],"picked":"SKIP","floor":145},{"not_picked":["RobotSpaceExplorer:Electroshield+1","RobotSpaceExplorer:BigMissile+1","RobotSpaceExplorer:Autoloader","RobotSpaceExplorer:ShovelStrike"],"picked":"SKIP","floor":148},{"not_picked":["RobotSpaceExplorer:Counterblock","RobotSpaceExplorer:ScrapMissile","RobotSpaceExplorer:TurboDodge+1","RobotSpaceExplorer:FranticSearch"],"picked":"SKIP","floor":150},{"not_picked":["RobotSpaceExplorer:IronShell","RobotSpaceExplorer:Probe+1","RobotSpaceExplorer:JunkDive+1","RobotSpaceExplorer:SurgingShield"],"picked":"SKIP","floor":151}],"player_experience":695475,"relics_obtained":[{"floor":6,"key":"infinitespire:EmpoweringShard"},{"floor":8,"key":"Darkstone Periapt"},{"floor":12,"key":"hubris:DisguiseKit"},{"floor":14,"key":"CeramicFish"},{"floor":24,"key":"aspiration:TomeofQuesting"},{"floor":26,"key":"Replay:Rubber Ducky"},{"floor":28,"key":"Runesmith:Locket"},{"floor":40,"key":"hubris:BottledRain"},{"floor":41,"key":"Sundial"},{"floor":58,"key":"hubris:GlazedTorus"},{"floor":91,"key":"hubris:Metronome"}],"event_choices":[{"cards_removed":["RobotSpaceExplorer:TrailblazerForm"],"damage_healed":11,"gold_gain":0,"player_choice":"Offered Rare","damage_taken":0,"max_hp_gain":10,"max_hp_loss":0,"event_name":"Bonfire Elementals","floor":20,"gold_loss":0},{"damage_healed":0,"gold_gain":0,"player_choice":"Ignored","damage_taken":0,"max_hp_gain":0,"max_hp_loss":0,"event_name":"betterNote:BetterNote","floor":22,"gold_loss":0,"cards_obtained":["Defend_S"]},{"cards_removed":["RobotSpaceExplorer:Strike"],"damage_healed":0,"gold_gain":0,"player_choice":"Removed Attack","damage_taken":0,"max_hp_gain":0,"max_hp_loss":0,"event_name":"Falling","floor":46,"gold_loss":0},{"damage_healed":0,"gold_gain":0,"player_choice":"Relic","damage_taken":0,"max_hp_gain":0,"max_hp_loss":0,"event_name":"Wheel of Change","floor":91,"gold_loss":0},{"damage_healed":0,"gold_gain":0,"player_choice":"Forge","damage_taken":0,"max_hp_gain":0,"max_hp_loss":0,"event_name":"Accursed Blacksmith","floor":125,"gold_loss":0,"cards_upgraded":["RobotSpaceExplorer:MiniDrones"]},{"damage_healed":0,"gold_gain":0,"player_choice":"Got Potions","damage_taken":0,"max_hp_gain":0,"max_hp_loss":0,"event_name":"Lab","floor":131,"gold_loss":0},{"damage_healed":0,"gold_gain":9,"player_choice":"1","damage_taken":0,"max_hp_gain":0,"max_hp_loss":0,"event_name":"betterStone:BetterStone","floor":144,"gold_loss":0}],"is_beta":false,"boss_relics":[{"not_picked":["SlaversCollar","hubris:TerracottaHorce"],"picked":"Replay:Wanted Poster"},{"not_picked":["hubris:GrandSneckoEye","aspiration:WatcherSkillbook"],"picked":"hubris:HollowSoul"},{"not_picked":["Fusion Hammer","Runic Dome"],"picked":"aspiration:MobileForge"},{"not_picked":["hubris:VirtuousBlindfold","Philosopher\u0027s Stone"],"picked":"SlaversCollar"},{"not_picked":["Runic Pyramid","RobotSpaceExplorer:Reprocessor"],"picked":"hubris:Backtick"},{"not_picked":["Replay:Drink Me","hubris:GrandSneckoEye"],"picked":"hubris:ScarierMask"},{"not_picked":["Pandora\u0027s Box","aspiration:PoetsPen_weak"],"picked":"Abe\u0027s Treasure"},{"not_picked":["aspiration:FutureDiary","hubris:TerracottaHorce"],"picked":"Astrolabe"}],"items_purged_floors":[72],"is_endless":true,"potions_floor_spawned":[2,3,10,12,15,23,26,28,42,49,50,53,60,61,64,67,70,73,79,83,90,94,95,97,100,101,107,113,114,116,118,122,127,134,140,141,145,150],"killed_by":"infinitespire:LordOfFortification","ascension_level":1}}