{"host":"oa6k97wu5e2gk8tn","time":1613855938,"event":{"mods":["BaseMod","BetterRewards","Colored Map","Highlight Path","Minty Spire (QoL Compilation)","Permanent Neow","Shop Mod","StSLib"],"gold_per_floor":[111,124,31,31,44,44,76,76,101,112,387,407,407,41,41,143,143,157,21,39,56,9,9,9,44,98,98,98,115,115,129,129,129,129],"floor_reached":33,"language":"ENG","playtime":4114,"items_purged":["Regret"],"score":265,"play_id":"0cfcbc5b-3d27-43ea-8fb6-a2dd0f2581b1","local_time":"20210220161858","is_ascension_mode":false,"campfire_choices":[{"floor":6,"key":"REST"},{"floor":8,"key":"REST"},{"floor":13,"key":"REST"},{"data":"Armaments","floor":15,"key":"SMITH"},{"floor":23,"key":"REST"},{"floor":27,"key":"REST"},{"floor":32,"key":"REST"}],"circlet_count":0,"master_deck":["Strike_R+1","Strike_R+1","Strike_R+1","Strike_R+1","Strike_R+1","Defend_R+1","Defend_R+1","Defend_R+1","Defend_R+1","Bash","Whirlwind","Perfected Strike","Deep Breath+1","Twin Strike","True Grit","Armaments+1","Flex","Pommel Strike","Barricade","Blood for Blood","Panacea","Rampage","Body Slam","Clash","Ghostly Armor","Perfected Strike","Blood for Blood"],"relics":["Burning Blood","Boot","Bronze Scales","Paper Frog","Busted Crown","Lantern","Anchor","MutagenicStrength"],"acts_visited":["Exordium","TheCity"],"potions_floor_usage":[25,31,33,33,33],"damage_taken":[{"damage":2,"enemies":"Small Slimes","floor":1,"turns":3},{"damage":0,"enemies":"2 Louse","floor":2,"turns":1},{"damage":0,"enemies":"Cultist","floor":5,"turns":3},{"damage":45,"enemies":"Lagavulin","floor":7,"turns":6},{"damage":5,"enemies":"Looter","floor":10,"turns":3},{"damage":15,"enemies":"Large Slime","floor":12,"turns":7},{"damage":68,"enemies":"Slime Boss","floor":16,"turns":12},{"damage":16,"enemies":"Shell Parasite","floor":18,"turns":6},{"damage":21,"enemies":"2 Thieves","floor":20,"turns":4},{"damage":19,"enemies":"Cultist and Chosen","floor":21,"turns":5},{"damage":53,"enemies":"Slavers","floor":25,"turns":6},{"damage":35,"enemies":"3 Cultists","floor":29,"turns":6},{"damage":0,"enemies":"Snake Plant","floor":31,"turns":3},{"damage":53,"enemies":"Automaton","floor":33,"turns":8}],"seed_played":"6402231403521844209","potions_obtained":[{"floor":1,"key":"PowerPotion"},{"floor":7,"key":"BlessingOfTheForge"},{"floor":18,"key":"LiquidMemories"},{"floor":29,"key":"Explosive Potion"},{"floor":31,"key":"Dexterity Potion"}],"is_trial":false,"path_per_floor":["M","M","$","?","M","R","E","R","T","M","?","M","R","$","R","B",null,"M","$","M","M","$","R","?","E","T","R","?","M","?","M","R","B"],"character_chosen":"IRONCLAD","items_purchased":["Deep Breath","Pommel Strike","Paper Frog","Panacea","Block Potion","Clash"],"campfire_rested":6,"item_purchase_floors":[3,14,14,19,19,22],"current_hp_per_floor":[80,80,80,64,70,80,41,65,65,66,66,57,80,80,80,18,80,70,70,55,42,42,66,66,19,19,43,43,14,14,20,44,0,0],"gold":129,"neow_bonus":"UPGRADE_CARD","is_daily":false,"chose_seed":false,"campfire_upgraded":1,"win_rate":0.0,"timestamp":1613855938,"path_taken":["M","M","$","?","M","R","E","R","T","M","?","?","R","$","R","BOSS","M","$","M","M","$","R","?","E","T","R","?","M","?","M","R","BOSS"],"items_purchased_type":["Card","Card","Relic","Card","Potion","Card"],"build_version":"2020-12-22","purchased_purges":1,"victory":false,"max_hp_per_floor":[80,80,80,80,80,80,80,80,80,80,80,80,80,80,80,80,80,80,80,80,80,80,80,80,80,80,80,80,80,80,80,80,80,80],"card_choices":[{"not_picked":["Dual Wield","Warcry"],"picked":"Whirlwind","floor":1},{"not_picked":["Twin Strike","Shrug It Off"],"picked":"Perfected Strike","floor":2},{"not_picked":["Headbutt","Warcry"],"picked":"Twin Strike","floor":5},{"not_picked":["Uppercut","Warcry"],"picked":"True Grit","floor":7},{"not_picked":["Body Slam","Dual Wield"],"picked":"Armaments","floor":10},{"not_picked":["Battle Trance","Twin Strike"],"picked":"Flex","floor":12},{"not_picked":["Feed","Brutality"],"picked":"Barricade","floor":16},{"not_picked":[],"picked":"Blood for Blood","floor":18},{"not_picked":[],"picked":"Rampage","floor":20},{"not_picked":[],"picked":"Body Slam","floor":21},{"not_picked":[],"picked":"Ghostly Armor","floor":25},{"not_picked":[],"picked":"Perfected Strike","floor":29},{"not_picked":[],"picked":"Blood for Blood","floor":31}],"player_experience":10916,"relics_obtained":[{"floor":7,"key":"Boot"},{"floor":9,"key":"Bronze Scales"},{"floor":25,"key":"Lantern"},{"floor":26,"key":"Anchor"}],"event_choices":[{"damage_healed":0,"gold_gain":0,"player_choice":"Entered Light","damage_taken":16,"max_hp_gain":0,"max_hp_loss":0,"event_name":"Shining Light","floor":4,"gold_loss":0,"cards_upgraded":["Deep Breath","Strike_R"]},{"damage_healed":0,"gold_gain":275,"player_choice":"Desecrate","damage_taken":0,"max_hp_gain":0,"max_hp_loss":0,"event_name":"Golden Shrine","floor":11,"gold_loss":0,"cards_obtained":["Regret"]},{"damage_healed":0,"gold_gain":0,"player_choice":"Ignored","damage_taken":0,"max_hp_gain":0,"max_hp_loss":0,"event_name":"Ghosts","floor":24,"gold_loss":0},{"damage_healed":0,"gold_gain":0,"player_choice":"Inject Mutagens","damage_taken":0,"relics_obtained":["MutagenicStrength"],"max_hp_gain":0,"max_hp_loss":0,"event_name":"Drug Dealer","floor":28,"gold_loss":0},{"damage_healed":0,"gold_gain":0,"player_choice":"Simplicity","damage_taken":0,"max_hp_gain":0,"max_hp_loss":0,"event_name":"Back to Basics","floor":30,"gold_loss":0,"cards_upgraded":["Strike_R","Strike_R","Strike_R","Strike_R","Defend_R","Defend_R","Defend_R"]}],"is_beta":false,"boss_relics":[{"not_picked":["Philosopher\u0027s Stone","Runic Pyramid"],"picked":"Busted Crown"}],"items_purged_floors":[14],"is_endless":false,"potions_floor_spawned":[1,7,12,18,20,29,31],"killed_by":"Automaton","ascension_level":0}}