{"host":"fauqrvll5t0ss0vm","time":1613819985,"event":{"mods":["2.2 Compatiblity","Act Like it!","Aspiration","Bard","BaseMod","Beaked The Cultist","Better Altar","Better Match","Better Note","Better Sensory Stone","Better Skull","Better Third Choice","Better Vampires","Card Filter","Clockwork Mod","Colored Map","Conspire","Displayed Cursed Tome","Downfall","Emptier Cage","Energized Spire","Friendly Minions","GifTheSpireLib","Glutton Mod","Gremlin Mod","Gremlin Skip","Halation","Hermit","Highlight Path","Hubris","Jorbs\u0027s Wanderer Trilogy","Mad Scientist","Marked Mod","Minty Spire (QoL Compilation)","Permanent Neow","Random Character Button","Relic Filter","Reorder Act Four","Replay The Spire","Shop Mod","Somnambulant","Spikes Relics","StSLib","Stuff the Spire","SuperFastMode","The Construct","The Cursed","The Disciple","The Elementalist","The Judge","The Juggle","The Mystic","The Runesmith","The Sage","The Servant 0.9.4","The Valiant","Trackpad","Uncapped"],"gold_per_floor":[109,207,207,207,207,282,282,354,354,354,365,233,233,258,258,353,353,364,16,29,29,29,29,59,59,59,88,106,106,137,147,147,250,250,264,264,1263,1273,1273,1273,1302,1302,1380,1380,1398,1418,1418,1431,1431,1476,1476,461,461,492,492],"floor_reached":56,"language":"ENG","playtime":6315,"items_purged":["Strike_G","Strike_G","Poisoned Stab"],"score":1479,"play_id":"fd925119-0bc7-4a3c-84f4-b95d24981576","local_time":"20210220121945","is_ascension_mode":true,"campfire_choices":[{"data":"hubris:Counter","floor":7,"key":"SMITH"},{"data":"Replay:Bag of Tricks","floor":10,"key":"SMITH"},{"floor":15,"key":"DIG"},{"data":"StuffTheSpire:Incantation","floor":23,"key":"SMITH"},{"data":"StuffTheSpire:Incantation","floor":25,"key":"SMITH"},{"data":"Bane","floor":29,"key":"SMITH"},{"data":"Bane","floor":32,"key":"SMITH"},{"data":"Normality","floor":40,"key":"SMITH"},{"data":"Normality","floor":44,"key":"SMITH"},{"floor":47,"key":"RECALL"},{"data":"Cloak And Dagger","floor":49,"key":"SMITH"},{"data":"StuffTheSpire:Repulse","floor":53,"key":"SMITH"}],"circlet_count":0,"master_deck":["Defend_G","Defend_G","Defend_G+1","Survivor","Neutralize","StuffTheSpire:Repulse+1","hubris:Counter+1","Prepared+1","Replay:Bag of Tricks+1","Cloak And Dagger","StuffTheSpire:Incantation+1","Footwork+1","Footwork+1","PiercingWail","Storm of Steel","Bane+1","hubris:Counter+1","Bane+1","StuffTheSpire:Incantation+1","Terror+1","Infinite Blades+1","Bane+1","Acrobatics","Night Terror+1","Calculated Gamble","Replay:BasicMightCard+1","Deep Breath","Cloak And Dagger+1","Deflect+1","Infinite Blades+1","StuffTheSpire:Shiver","Cloak And Dagger+1"],"relics":["NeowsBlessing","ReplayTheSpireMod:Ring of Challenge","Ring of Fangs","hubris:TinFlute","hubris:TenFootPole","Frozen Egg 2","Sizzling Blood","Gambling Chip","halation:PrussianBluePaint","aspiration:RandomNobGenerator","Bag of Preparation","Snake Skull","aspiration:StickyExplosives_weak","hubris:SlimyHat","Huge Egg","Replay:Drink Me","trackpad:AdjectivePendant","Bloody Idol","Blood Vial","Meat on the Bone","StuffTheSpire:Tea","CaptainsWheel","HandDrill","Snack Pack"],"acts_visited":[],"potions_floor_usage":[14,27,45,46,55,55,55],"damage_taken":[{"damage":0,"enemies":"2 Louse","floor":1,"turns":1},{"damage":0,"enemies":"Gremlin Nob","floor":6,"turns":2},{"damage":3,"enemies":"Lagavulin","floor":8,"turns":2},{"damage":0,"enemies":"Jaw Worm","floor":11,"turns":6},{"damage":1,"enemies":"3 Sentries","floor":14,"turns":10},{"damage":15,"enemies":"Fading Forest","floor":16,"turns":11},{"damage":12,"enemies":"Spheric Guardian","floor":18,"turns":7},{"damage":0,"enemies":"Chosen","floor":20,"turns":6},{"damage":0,"enemies":"Gremlin Leader","floor":24,"turns":4},{"damage":0,"enemies":"Book of Stabbing","floor":27,"turns":6},{"damage":0,"enemies":"Snake Plant","floor":28,"turns":3},{"damage":0,"enemies":"Gremlin Leader","floor":30,"turns":4},{"damage":0,"enemies":"Cultist and Chosen","floor":31,"turns":6},{"damage":11,"enemies":"hubris:MusketHawk","floor":33,"turns":5},{"damage":0,"enemies":"3 Darklings","floor":35,"turns":5},{"damage":0,"enemies":"Orb Walker","floor":38,"turns":4},{"damage":0,"enemies":"Reptomancer","floor":41,"turns":5},{"damage":0,"enemies":"Jaw Worm Horde","floor":45,"turns":3},{"damage":4,"enemies":"Sphere and 2 Shapes","floor":46,"turns":6},{"damage":0,"enemies":"Writhing Mass","floor":48,"turns":5},{"damage":0,"enemies":"hubris:GrandSnecko","floor":50,"turns":10},{"damage":15,"enemies":"Shield and Spear","floor":54,"turns":6},{"damage":33,"enemies":"The Heart","floor":55,"turns":7}],"seed_played":"-5400698841925644383","potions_obtained":[{"floor":8,"key":"Swift Potion"},{"floor":18,"key":"Strength Potion"},{"floor":31,"key":"Fruit Juice"},{"floor":38,"key":"Weak Potion"},{"floor":45,"key":"Block Potion"}],"is_trial":false,"path_per_floor":["M","?","?","?","?","E","R","E","T","R","M","$","?","E","R_BF","B",null,"M","$","M","?","?","R","E","R","T","E","M","R","E","M","R","B",null,"M","?","?","M","T","R","E","?","T","R","M","M","R","M","R_BF","B",null,"$","R","E","B",null],"character_chosen":"THE_SILENT","items_purchased":["Footwork+1","Bag of Preparation","hubris:Counter+1","Fire Potion","StuffTheSpire:Tea","CaptainsWheel","Infinite Blades+1","Strength Potion","StuffTheSpire:Shiver","HandDrill"],"campfire_rested":0,"item_purchase_floors":[12,19,19,19,52,52,52,52,52,52],"current_hp_per_floor":[70,53,53,53,46,46,46,43,43,43,43,43,47,50,50,49,74,66,66,70,70,74,74,74,74,74,74,74,74,74,74,74,67,56,56,56,56,56,56,56,56,35,40,40,56,61,61,61,61,61,61,61,61,55,50],"gold":492,"neow_bonus":"THREE_ENEMY_KILL","is_daily":false,"chose_seed":false,"campfire_upgraded":10,"win_rate":0.0,"timestamp":1613819985,"path_taken":["M","?","?","?","?","E","R","E","T","R","?","$","?","E","R_BF","BOSS","M","$","M","?","?","R","E","R","T","E","M","R","E","M","R","BOSS","M","?","?","M","?","R","E","?","T","R","M","M","R","M","R_BF","BOSS","$","R","E","BOSS"],"items_purchased_type":["Card","Relic","Card","Potion","Relic","Relic","Card","Potion","Card","Relic"],"build_version":"2020-12-22","purchased_purges":3,"victory":true,"max_hp_per_floor":[70,70,70,70,70,70,70,70,70,70,70,70,74,74,74,74,74,74,74,74,74,74,74,74,74,74,74,74,74,74,74,74,74,56,56,56,56,56,56,56,56,56,56,56,61,61,61,61,61,61,61,61,61,61,61],"card_choices":[{"not_picked":["StuffTheSpire:MirrorStance","Prepared"],"picked":"Poisoned Stab","floor":1},{"not_picked":["Flying Knee","StuffTheSpire:ReptileScales"],"picked":"StuffTheSpire:Repulse","floor":2},{"not_picked":["Deadly Poison","Outmaneuver"],"picked":"hubris:Counter","floor":2},{"not_picked":["Outmaneuver","Acrobatics"],"picked":"Prepared","floor":2},{"not_picked":["Cloak And Dagger","Blade Dance"],"picked":"Replay:Bag of Tricks","floor":6},{"not_picked":["Fluid Movement","Underhanded Strike"],"picked":"Cloak And Dagger","floor":8},{"not_picked":["Underhanded Strike","Slice"],"picked":"StuffTheSpire:Incantation","floor":11},{"not_picked":["Grand Finale","Bane"],"picked":"PiercingWail","floor":14},{"not_picked":["Grand Finale","Unload"],"picked":"Storm of Steel","floor":16},{"not_picked":["hubris:TrickCloak","Quick Slash"],"picked":"Bane+1","floor":18},{"not_picked":["Backflip","ReplayTheSpireMod:Shiv Toss"],"picked":"Bane","floor":20},{"not_picked":["Backflip+1","Deadly Poison"],"picked":"Terror+1","floor":24},{"not_picked":["Accuracy+1","Flying Knee+1"],"picked":"Infinite Blades+1","floor":27},{"not_picked":["StuffTheSpire:Sprint","Outmaneuver+1"],"picked":"Bane","floor":28},{"not_picked":["Slice+1","ShadowRift","Quick Slash+1"],"picked":"SKIP","floor":30},{"not_picked":["Flying Knee","Cloak And Dagger"],"picked":"Acrobatics","floor":31},{"not_picked":["Phantasmal Killer","Poison Darts"],"picked":"Night Terror","floor":33},{"not_picked":["Finisher","Dagger Spray"],"picked":"Calculated Gamble","floor":35},{"not_picked":["StuffTheSpire:Recharge","Replay:Parry"],"picked":"Replay:BasicMightCard+1","floor":36},{"not_picked":["Magnetism+1","Violence"],"picked":"Deep Breath","floor":36},{"not_picked":["Expertise+1","StuffTheSpire:Python"],"picked":"Cloak And Dagger","floor":38},{"not_picked":["Bouncing Flask+1","Quick Slash+1"],"picked":"Deflect+1","floor":41},{"not_picked":["Flying Knee+1","All Out Attack+1","Dagger Spray"],"picked":"SKIP","floor":45},{"not_picked":["Bouncing Flask+1","StuffTheSpire:Injection","conspire:DoublingDagger"],"picked":"SKIP","floor":46},{"not_picked":["Bouncing Flask+1","StuffTheSpire:Injection","conspire:DoublingDagger"],"picked":"SKIP","floor":46},{"not_picked":["Poisoned Stab+1","Terror+1","ReplayTheSpireMod:Exploit Weakness+1"],"picked":"SKIP","floor":48},{"not_picked":["hubris:SlightOfHand","Phantasmal Killer"],"picked":"Cloak And Dagger+1","floor":54}],"player_experience":7559291,"relics_obtained":[{"floor":3,"key":"ReplayTheSpireMod:Ring of Challenge"},{"floor":3,"key":"Ring of Fangs"},{"floor":6,"key":"hubris:TinFlute"},{"floor":8,"key":"hubris:TenFootPole"},{"floor":9,"key":"Frozen Egg 2"},{"floor":14,"key":"Gambling Chip"},{"floor":15,"key":"halation:PrussianBluePaint"},{"floor":24,"key":"Snake Skull"},{"floor":26,"key":"aspiration:StickyExplosives_weak"},{"floor":27,"key":"hubris:SlimyHat"},{"floor":30,"key":"Huge Egg"},{"floor":41,"key":"trackpad:AdjectivePendant"},{"floor":43,"key":"Meat on the Bone"},{"floor":54,"key":"Snack Pack"}],"event_choices":[{"cards_removed":["Defend_G"],"damage_healed":0,"gold_gain":0,"player_choice":"Card Removal","damage_taken":7,"max_hp_gain":0,"max_hp_loss":0,"event_name":"Golden Wing","floor":5,"gold_loss":0},{"damage_healed":0,"gold_gain":0,"player_choice":"Copied","damage_taken":0,"max_hp_gain":0,"max_hp_loss":0,"event_name":"Duplicator","floor":21,"gold_loss":0,"cards_obtained":["StuffTheSpire:Incantation"]},{"damage_healed":4,"gold_gain":0,"player_choice":"Full Heal","damage_taken":0,"max_hp_gain":0,"max_hp_loss":0,"event_name":"Wheel of Change","floor":22,"gold_loss":0},{"damage_healed":0,"gold_gain":3,"player_choice":"1","damage_taken":0,"max_hp_gain":0,"max_hp_loss":0,"event_name":"betterStone:BetterStone","floor":36,"gold_loss":0},{"damage_healed":0,"gold_gain":999,"player_choice":"Gold","damage_taken":0,"max_hp_gain":0,"max_hp_loss":0,"event_name":"MindBloom","floor":37,"gold_loss":0,"cards_obtained":["Normality","Normality"]},{"damage_healed":0,"gold_gain":0,"player_choice":"Random: Violet","damage_taken":0,"max_hp_gain":0,"max_hp_loss":0,"event_name":"betterThird:BetterPortal","floor":42,"gold_loss":0},{"damage_healed":0,"gold_gain":0,"player_choice":" Idol Vial ","damage_taken":43,"relics_obtained":["Bloody Idol","Blood Vial"],"max_hp_gain":56,"max_hp_loss":35,"event_name":"betterAltar:BetterAltar","floor":42,"potions_obtained":[],"relics_lost":[],"gold_loss":0}],"is_beta":false,"boss_relics":[{"not_picked":["conspire:SlowCooker","Ectoplasm"],"picked":"aspiration:RandomNobGenerator"},{"not_picked":["aspiration:SecretTechniqueScroll","energizedSpire:OgreHead"],"picked":"Replay:Drink Me"}],"items_purged_floors":[12,19,52],"is_endless":false,"potions_floor_spawned":[8,18,31,38,45,54],"ascension_level":1}}