{"host":"ppiucu9uavkq1hgp","time":1613818916,"event":{"mods":["Act Like it!","BaseMod","CapriCore","Gensokyo","Minty Spire (QoL Compilation)","Quick Restart","Reimu£¨²©ÀöÁéÃÎ£©","Relic Stats","Replay The Spire","RumiaBox-Â¶Ã×æ«µÄÉñÃØºÐ×Ó","StSLib","SuperFastMode","TestMod","The Alterego","The Immortal","Yakumo Yukari mod","noobMod","¡¾¹¦ÄÜMod¡¿»ìãçÖ®»·ÐÞ¸´²¹¶¡","¡¾ÒÅÎï¿¨ÅÆ¡¿REMEMod"],"gold_per_floor":[109,509,523,523,41,41,72,88,166,166,246,286,236,279,343,499,499,526,532,532,532],"floor_reached":19,"language":"ZHS","playtime":746,"items_purged":["MokouMod:Defend"],"score":192,"play_id":"7865522a-0845-4175-ac55-9f83f275de48","local_time":"20210220190156","is_ascension_mode":false,"campfire_choices":[{"data":"MokouMod:Wildfire","floor":6,"key":"SMITH"},{"data":"MokouMod:HeatSpark","floor":10,"key":"SMITH"}],"circlet_count":0,"master_deck":["MokouMod:Strike","MokouMod:Strike","MokouMod:Strike","MokouMod:Strike","MokouMod:Strike","MokouMod:Defend","MokouMod:Defend","MokouMod:HeatSpark+1","alterego_mod:RidiculouslyBig","MokouMod:Scorch","MokouMod:ImperishableFlame","MokouMod:HeatCyclone","MokouMod:Wildfire+1","MokouMod:GuidingSmoke","MokouMod:AdaptivePyromancy","MokouMod:IndiscriminateIgnition","MokouMod:RadiantBlade"],"relics":["MokouMod:PhoenixFeather","testmod-TestBox","ice","testmod-GiftOfSatan","NeowsBlessing","Golden Idol","Matryoshka","Simple Rune","Omamori","testmod-RandomTest","Potion Belt","REME_ArchaeologicalTools","testmod-CardMagician"],"acts_visited":["Exordium","TheCity"],"potions_floor_usage":[],"damage_taken":[{"damage":0,"enemies":"Small Slimes","floor":1,"turns":1},{"damage":0,"enemies":"Jaw Worm","floor":3,"turns":1},{"damage":0,"enemies":"Replay:BlueRogue","floor":7,"turns":1},{"damage":0,"enemies":"2 Louse","floor":8,"turns":3},{"damage":0,"enemies":"Blue Slaver","floor":12,"turns":1},{"damage":0,"enemies":"Lots of Slimes","floor":14,"turns":2},{"damage":24,"enemies":"The Guardian","floor":16,"turns":8},{"damage":0,"enemies":"Chosen","floor":18,"turns":2},{"damage":0,"enemies":"Spheric Guardian","floor":19,"turns":3}],"seed_played":"-5425261263380544009","potions_obtained":[{"floor":7,"key":"Adrenaline Potion"},{"floor":8,"key":"SteroidPotion"},{"floor":16,"key":"ColorlessPotion"},{"floor":18,"key":"Death Potion"}],"is_trial":false,"path_per_floor":["M","?","M","?","$","R","E","M","T","R","T","M","?","M","R","B",null,"M","M"],"character_chosen":"MKU","items_purchased":["MokouMod:HeatCyclone","MokouMod:Wildfire","Matryoshka"],"campfire_rested":0,"item_purchase_floors":[5,5,5],"current_hp_per_floor":[75,75,75,57,57,57,57,57,57,57,57,57,57,68,68,51,80,80,80,80,80],"gold":532,"neow_bonus":"THREE_ENEMY_KILL","is_daily":false,"chose_seed":false,"campfire_upgraded":2,"win_rate":0.0,"timestamp":1613818916,"path_taken":["M","?","M","?","$","R","E","M","T","R","?","?","?","M","R","BOSS","M","M"],"items_purchased_type":["Card","Card","Relic"],"build_version":"2020-12-22","purchased_purges":1,"victory":false,"max_hp_per_floor":[75,75,75,75,75,75,75,75,75,75,75,75,75,80,80,80,80,80,80,80,80],"relic_stats":{"counters":[9,22],"Golden Idol":58,"obtain_stats":[{"Potion Belt":11,"testmod-TestBox":0,"NeowsBlessing":0,"Golden Idol":4,"testmod-CardMagician":17,"ice":0,"Omamori":9,"testmod-RandomTest":9,"testmod-GiftOfSatan":0,"Matryoshka":5,"MokouMod:PhoenixFeather":0,"Simple Rune":7,"REME_ArchaeologicalTools":11,"REME_ComplimentaryCards":0},{"Potion Belt":4,"testmod-TestBox":0,"NeowsBlessing":0,"Golden Idol":2,"testmod-CardMagician":7,"ice":0,"Omamori":4,"testmod-RandomTest":4,"testmod-GiftOfSatan":0,"Matryoshka":2,"MokouMod:PhoenixFeather":0,"Simple Rune":3,"REME_ArchaeologicalTools":4,"REME_ComplimentaryCards":0},{"Potion Belt":6,"testmod-TestBox":0,"NeowsBlessing":0,"Golden Idol":2,"testmod-CardMagician":17,"ice":0,"Omamori":6,"testmod-RandomTest":6,"testmod-GiftOfSatan":0,"Matryoshka":2,"MokouMod:PhoenixFeather":0,"Simple Rune":3,"REME_ArchaeologicalTools":6,"REME_ComplimentaryCards":0}]},"card_choices":[{"not_picked":["MokouMod:Ember","MokouMod:Stoke"],"picked":"MokouMod:Scorch","floor":1},{"not_picked":["MokouMod:WarmUp","MokouMod:AdaptivePyromancy"],"picked":"MokouMod:ImperishableFlame","floor":3},{"not_picked":["MokouMod:HeatTransfer","MokouMod:AdaptivePyromancy","MokouMod:BurningDraft"],"picked":"SKIP","floor":7},{"not_picked":["MokouMod:ThermalPressure","MokouMod:Combust"],"picked":"MokouMod:GuidingSmoke","floor":8},{"not_picked":["MokouMod:EternalBurstReactor","MokouMod:Stoke"],"picked":"MokouMod:AdaptivePyromancy","floor":12},{"not_picked":["MokouMod:InfernalWave","MokouMod:Ember"],"picked":"MokouMod:IndiscriminateIgnition","floor":14},{"not_picked":["MokouMod:HouraiForge","MokouMod:Rebirth"],"picked":"MokouMod:RadiantBlade","floor":16},{"not_picked":["MokouMod:ThermalPressure+1","MokouMod:FlareStarter+1","MokouMod:BlazingComet"],"picked":"SKIP","floor":18}],"player_experience":17085,"relics_obtained":[{"floor":7,"key":"Simple Rune"},{"floor":9,"key":"Omamori"},{"floor":9,"key":"testmod-RandomTest"},{"floor":11,"key":"Potion Belt"},{"floor":11,"key":"REME_ArchaeologicalTools"}],"event_choices":[{"damage_healed":0,"gold_gain":400,"player_choice":"Sell","damage_taken":0,"max_hp_gain":0,"max_hp_loss":0,"event_name":"¶÷ÂåË¹µÄÅÌ×Ó","floor":2,"relics_lost":["REME_ComplimentaryCards"],"gold_loss":0},{"damage_healed":0,"gold_gain":0,"player_choice":"Take Damage","damage_taken":18,"relics_obtained":["Golden Idol"],"max_hp_gain":0,"max_hp_loss":0,"event_name":"Golden Idol","floor":4,"gold_loss":0},{"cards_removed":["MokouMod:Defend"],"damage_healed":0,"gold_gain":0,"player_choice":"Card Removal","damage_taken":0,"max_hp_gain":0,"max_hp_loss":0,"event_name":"The Cleric","floor":13,"gold_loss":50}],"is_beta":false,"boss_relics":[{"not_picked":["Replay:Drink Me","Tiny House"],"picked":"testmod-CardMagician"}],"items_purged_floors":[5],"is_endless":false,"potions_floor_spawned":[7,8,16,18],"killed_by":"Spheric Guardian","ascension_level":0}}