{"host":"d2gh6suihlstufn7","time":1613809050,"event":{"mods":["AchievementEnabler","BaseMod","Colored Map","Colored Powertips","Minty Spire (QoL Compilation)","Permanent Neow","Quick Restart"],"gold_per_floor":[363,62,81,81,95,95,115,115,142,217,10,10,34,54,54,174,174,188,287,300,26,26,26],"floor_reached":22,"language":"KOR","playtime":730,"items_purged":[],"score":176,"play_id":"c167a220-76b1-40a9-8a85-38125cd08a39","local_time":"20210220171730","is_ascension_mode":false,"campfire_choices":[{"floor":6,"key":"RECALL"},{"data":"Dark Embrace","floor":8,"key":"SMITH"},{"data":"Rage","floor":15,"key":"SMITH"}],"circlet_count":0,"master_deck":["Strike_R","Strike_R","Strike_R+1","Strike_R","Defend_R","Defend_R","Defend_R","Defend_R","Bash+1","Uppercut","Dark Embrace+1","Armaments","Intimidate","Headbutt","Rage+1","Fire Breathing","Feed"],"relics":["Burning Blood","Membership Card","Boot","Golden Idol","Toolbox","Centennial Puzzle","Red Skull","Empty Cage","StrikeDummy","Whetstone","ClockworkSouvenir"],"acts_visited":["Exordium","TheCity"],"potions_floor_usage":[14],"damage_taken":[{"damage":16,"enemies":"Jaw Worm","floor":1,"turns":5},{"damage":0,"enemies":"Small Slimes","floor":3,"turns":2},{"damage":10,"enemies":"2 Louse","floor":5,"turns":3},{"damage":13,"enemies":"2 Fungi Beasts","floor":7,"turns":3},{"damage":0,"enemies":"Looter","floor":13,"turns":2},{"damage":14,"enemies":"Exordium Wildlife","floor":14,"turns":4},{"damage":29,"enemies":"Hexaghost","floor":16,"turns":9},{"damage":39,"enemies":"Spheric Guardian","floor":18,"turns":8},{"damage":11,"enemies":"Shell Parasite","floor":20,"turns":8},{"damage":15,"enemies":"Centurion and Healer","floor":22,"turns":2}],"seed_played":"-3466896119066409490","potions_obtained":[{"floor":1,"key":"SpeedPotion"},{"floor":3,"key":"SmokeBomb"},{"floor":14,"key":"BloodPotion"},{"floor":18,"key":"Block Potion"},{"floor":20,"key":"SneckoOil"}],"is_trial":false,"path_per_floor":["M","$","M","?","M","R","M","R","T","?","$","?","M","M","R","B",null,"M","?","M","$","M"],"character_chosen":"IRONCLAD","items_purchased":["Membership Card","Dark Embrace","Boot","Armaments","Fire Breathing","Toolbox","Centennial Puzzle","Fire Potion","StrikeDummy","Whetstone","ClockworkSouvenir"],"campfire_rested":0,"item_purchase_floors":[2,2,2,2,11,11,11,11,21,21,21],"current_hp_per_floor":[46,46,52,52,48,48,41,41,41,30,30,27,33,41,41,18,80,51,51,46,46,31,31],"gold":26,"neow_bonus":"TWO_FIFTY_GOLD","is_daily":false,"chose_seed":false,"campfire_upgraded":2,"win_rate":0.0,"timestamp":1613809050,"path_taken":["M","$","M","?","M","R","M","R","T","?","$","?","M","M","R","BOSS","M","?","M","$","M"],"items_purchased_type":["Relic","Card","Relic","Card","Card","Relic","Relic","Potion","Relic","Relic","Relic"],"build_version":"2020-12-22","purchased_purges":0,"victory":false,"max_hp_per_floor":[80,80,80,80,80,80,80,80,80,80,80,80,80,80,80,80,80,84,84,84,84,84,84],"card_choices":[{"not_picked":["Havoc","Anger"],"picked":"Uppercut","floor":1},{"not_picked":["Warcry","Iron Wave"],"picked":"Intimidate","floor":3},{"not_picked":["Twin Strike","Entrench"],"picked":"Headbutt","floor":5},{"not_picked":["Intimidate","True Grit"],"picked":"Rage","floor":7},{"not_picked":["Body Slam","Armaments","Thunderclap"],"picked":"SKIP","floor":13},{"not_picked":["Flex","Demon Form","Disarm"],"picked":"SKIP","floor":14},{"not_picked":["Juggernaut","Reaper"],"picked":"Feed","floor":16},{"not_picked":["Iron Wave","Burning Pact","Cleave+1"],"picked":"SKIP","floor":18},{"not_picked":["Thunderclap","Anger+1","Sword Boomerang"],"picked":"SKIP","floor":20}],"player_experience":179284,"relics_obtained":[],"event_choices":[{"damage_healed":0,"gold_gain":0,"player_choice":"Take Wound","damage_taken":0,"relics_obtained":["Golden Idol"],"max_hp_gain":0,"max_hp_loss":0,"event_name":"Golden Idol","floor":4,"gold_loss":0,"cards_obtained":["Injury"]},{"damage_healed":0,"gold_gain":75,"player_choice":"Gather Gold","damage_taken":11,"max_hp_gain":0,"max_hp_loss":0,"event_name":"World of Goop","floor":10,"gold_loss":0},{"damage_healed":0,"gold_gain":0,"player_choice":"Success","damage_taken":3,"relics_obtained":["Red Skull"],"max_hp_gain":0,"max_hp_loss":0,"event_name":"Scrap Ooze","floor":12,"gold_loss":0},{"damage_healed":0,"gold_gain":99,"player_choice":"Stole From Cult","damage_taken":0,"max_hp_gain":0,"max_hp_loss":0,"event_name":"Nest","floor":19,"gold_loss":0}],"is_beta":false,"boss_relics":[{"not_picked":["Runic Cube","Ectoplasm"],"picked":"Empty Cage"}],"items_purged_floors":[],"is_endless":false,"potions_floor_spawned":[1,3,14,18,20],"killed_by":"Centurion and Healer","ascension_level":0}}