{"host":"jm9833yuloeli2yd","time":1613847999,"event":{"mods":["BaseMod","Better Altar","Better Match","Better Note","Better Sensory Stone","Better Skull","Better Third Choice","Better Vampires","BetterRewards","Colored Map","Colored Powertips","DeckTracker","Minty Spire (QoL Compilation)","Permanent Neow","Quick Restart","StSLib","SuperFastMode"],"gold_per_floor":[115,115,15,15,30,62,62,74,154,154,50,88,107,145,145,239,239,262,280,69,69,87,87,121,121,121,194,233,233,248,213,213,307,307,323,373,442,492,517,558,582,595,647,665,690,19,19,16,16,16,16,16],"floor_reached":51,"language":"ENG","playtime":3017,"items_purged":["Strike_G","Regret"],"score":1449,"play_id":"c03d5d83-f099-4499-a200-5f47d5f3785b","local_time":"20210220140639","is_ascension_mode":true,"campfire_choices":[{"data":"Slice","floor":7.0,"key":"SMITH"},{"data":"Predator","floor":15.0,"key":"SMITH"},{"data":"Blade Dance","floor":23.0,"key":"SMITH"},{"data":"After Image","floor":29.0,"key":"SMITH"},{"data":"Cloak And Dagger","floor":32.0,"key":"SMITH"},{"floor":47,"key":"RECALL"},{"floor":49,"key":"REST"}],"circlet_count":0,"master_deck":["AscendersBane","Defend_G","Defend_G","Defend_G","Defend_G","Defend_G+1","Survivor","Neutralize+1","Bouncing Flask","Footwork","Deadly Poison","Slice+1","Quick Slash","Dagger Throw","Slice","Deflect","Predator+1","After Image+1","Heel Hook","Deflect","Blade Dance+1","Bite","Bite","Bite","Bite","Backflip","Predator","Shame","Cloak And Dagger+1","PiercingWail+1","Dodge and Roll","Envenom+1","Acrobatics","Cloak And Dagger+1","Escape Plan","Choke","Dagger Throw","Acrobatics","Accuracy+1","Parasite","PiercingWail","Calculated Gamble","Backflip"],"relics":["SlaversCollar","Strawberry","Kunai","Golden Idol","Nunchaku","Eternal Feather","Cursed Key","Tough Bandages","SsserpentHead","Frozen Egg 2","Ornamental Fan","Fusion Hammer","Ice Cream","Juzu Bracelet","ClockworkSouvenir","Mummified Hand"],"acts_visited":["Exordium","TheCity","TheBeyond"],"potions_floor_usage":[44,44,44,45,51,51],"damage_taken":[{"damage":0.0,"enemies":"Jaw Worm","floor":1.0,"turns":4.0},{"damage":0.0,"enemies":"Small Slimes","floor":5.0,"turns":3.0},{"damage":4.0,"enemies":"Lagavulin","floor":6.0,"turns":8.0},{"damage":1.0,"enemies":"2 Louse","floor":8.0,"turns":2.0},{"damage":15.0,"enemies":"3 Sentries","floor":12.0,"turns":6.0},{"damage":1.0,"enemies":"Exordium Thugs","floor":13.0,"turns":4.0},{"damage":4.0,"enemies":"Gremlin Nob","floor":14.0,"turns":3.0},{"damage":17.0,"enemies":"Slime Boss","floor":16.0,"turns":14.0},{"damage":11.0,"enemies":"Chosen","floor":18.0,"turns":6.0},{"damage":21.0,"enemies":"3 Byrds","floor":19.0,"turns":6.0},{"damage":11.0,"enemies":"Centurion and Healer","floor":22.0,"turns":12.0},{"damage":24.0,"enemies":"Gremlin Leader","floor":24.0,"turns":8.0},{"damage":16.0,"enemies":"Snecko","floor":27.0,"turns":6.0},{"damage":20.0,"enemies":"Book of Stabbing","floor":28.0,"turns":6.0},{"damage":19.0,"enemies":"Snake Plant","floor":30.0,"turns":8.0},{"damage":20.0,"enemies":"Collector","floor":33.0,"turns":12.0},{"damage":13.0,"enemies":"3 Darklings","floor":35.0,"turns":7.0},{"damage":0.0,"enemies":"3 Shapes","floor":37.0,"turns":9.0},{"damage":0.0,"enemies":"3 Darklings","floor":39.0,"turns":10.0},{"damage":52.0,"enemies":"Reptomancer","floor":40.0,"turns":11.0},{"damage":0.0,"enemies":"4 Shapes","floor":41.0,"turns":9.0},{"damage":0,"enemies":"Maw","floor":42,"turns":8},{"damage":3,"enemies":"Jaw Worm Horde","floor":44,"turns":6},{"damage":10,"enemies":"Writhing Mass","floor":45,"turns":7},{"damage":7,"enemies":"Awakened One","floor":50,"turns":18},{"damage":79,"enemies":"Time Eater","floor":51,"turns":14}],"seed_played":"2571342838727447709","potions_obtained":[{"floor":8.0,"key":"SkillPotion"},{"floor":13.0,"key":"PowerPotion"},{"floor":14.0,"key":"PowerPotion"},{"floor":18.0,"key":"Regen Potion"},{"floor":24.0,"key":"AttackPotion"},{"floor":27.0,"key":"SpeedPotion"},{"floor":33.0,"key":"Fire Potion"},{"floor":39.0,"key":"PowerPotion"},{"floor":40.0,"key":"SkillPotion"},{"floor":41.0,"key":"Fire Potion"},{"floor":42,"key":"EntropicBrew"},{"floor":45,"key":"DistilledChaos"}],"is_trial":false,"path_per_floor":["M","?","$","?","M","E","R","M","T","?","$","E","M","E","R","B",null,"M","M","$","?","M","R","E","?","T","M","E","R","M","?","R","B",null,"M","?","M","?","M","E","M","M","T","M","M","$","R","$","R","B","B"],"character_chosen":"THE_SILENT","items_purchased":["Footwork","Fire Potion","Dagger Throw","Slice","Blade Dance","DistilledChaos","ClockworkSouvenir","Mummified Hand","Calculated Gamble","AttackPotion","Backflip"],"campfire_rested":1,"item_purchase_floors":[3,3,11,11,20,20,46,46,46,46,48],"current_hp_per_floor":[59,39,39,39,39,42,42,41,41,41,41,26,25,21,33,16,54,43,37,37,37,50,50,28,28,28,24,12,30,23,23,41,39,47,44,44,50,60,60,20,26,38,38,47,47,47,60,60,60,60,0,0],"gold":16,"neow_bonus":"BOSS_RELIC","is_daily":false,"chose_seed":false,"campfire_upgraded":5,"win_rate":0.0,"timestamp":1613847999,"path_taken":["M","?","$","?","M","E","R","M","T","?","$","E","M","E","R","BOSS","M","M","$","?","M","R","E","?","T","?","E","R","M","?","R","BOSS","M","?","?","?","M","E","M","M","T","M","M","$","R","?","R","BOSS","BOSS"],"items_purchased_type":["Card","Potion","Card","Card","Card","Potion","Relic","Relic","Card","Potion","Card"],"build_version":"2020-12-22","purchased_purges":2,"victory":false,"max_hp_per_floor":[66,66,66,66,66,73,73,73,73,66,66,66,66,66,66,66,66,66,66,66,50,50,50,50,50,50,50,50,50,50,50,50,50,50,50,50,50,60,60,60,60,60,60,60,60,60,60,60,60,60,60,60],"card_choices":[{"not_picked":["PiercingWail","Prepared"],"picked":"Bouncing Flask","floor":1.0},{"not_picked":["Deflect","Outmaneuver"],"picked":"Deadly Poison","floor":5.0},{"not_picked":["Tactician","Riddle With Holes"],"picked":"Slice","floor":6.0},{"not_picked":["Escape Plan","Blade Dance"],"picked":"Quick Slash","floor":8.0},{"not_picked":["Calculated Gamble","Storm of Steel"],"picked":"Deflect","floor":12.0},{"not_picked":["Slice","Reflex"],"picked":"Predator","floor":13.0},{"not_picked":["Riddle With Holes","Outmaneuver"],"picked":"Die Die Die","floor":14.0},{"not_picked":["Wraith Form v2","Bullet Time"],"picked":"After Image","floor":16.0},{"not_picked":["Eviscerate","Catalyst"],"picked":"Heel Hook","floor":18.0},{"not_picked":["Bane","Choke"],"picked":"Deflect","floor":19.0},{"not_picked":["Accuracy","Escape Plan"],"picked":"Backflip","floor":22.0},{"not_picked":["Eviscerate","Deadly Poison"],"picked":"Predator","floor":24.0},{"not_picked":["Endless Agony","Bane+1"],"picked":"Cloak And Dagger","floor":27.0},{"not_picked":["Backflip","Flying Knee"],"picked":"PiercingWail+1","floor":28.0},{"not_picked":["Masterful Stab+1","Deadly Poison"],"picked":"Dodge and Roll","floor":30.0},{"not_picked":["Bullet Time","Venomology"],"picked":"Envenom+1","floor":33.0},{"not_picked":["Cloak And Dagger","Dodge and Roll"],"picked":"Acrobatics","floor":35.0},{"not_picked":["Dodge and Roll","Flying Knee","Predator"],"picked":"SKIP","floor":37.0},{"not_picked":["Backflip","Setup"],"picked":"Escape Plan","floor":39.0},{"not_picked":["Blade Dance","Dagger Throw"],"picked":"Choke","floor":40.0},{"not_picked":["Slice+1","Riddle With Holes"],"picked":"Dagger Throw","floor":41.0},{"not_picked":["Terror","Flechettes"],"picked":"Acrobatics","floor":42},{"not_picked":["PiercingWail","Dodge and Roll"],"picked":"Accuracy+1","floor":44},{"not_picked":["Sucker Punch","Riddle With Holes"],"picked":"PiercingWail","floor":45}],"player_experience":1376654,"relics_obtained":[{"floor":6.0,"key":"Strawberry"},{"floor":9.0,"key":"Kunai"},{"floor":12.0,"key":"Nunchaku"},{"floor":14.0,"key":"Eternal Feather"},{"floor":24.0,"key":"Tough Bandages"},{"floor":28.0,"key":"Frozen Egg 2"},{"floor":40.0,"key":"Ice Cream"},{"floor":43,"key":"Juzu Bracelet"}],"event_choices":[{"damage_healed":59.0,"max_hp_gain":0.0,"max_hp_loss":66.0,"gold_gain":0.0,"event_name":"betterThird:BetterShining","player_choice":"Upgrade","floor":2.0,"gold_loss":0.0,"damage_taken":20.0,"cards_upgraded":["Defend_G","Strike_G"]},{"damage_healed":0.0,"max_hp_gain":0.0,"max_hp_loss":0.0,"gold_gain":0.0,"event_name":"Living Wall","player_choice":"Grow","floor":4.0,"gold_loss":0.0,"damage_taken":0.0,"cards_upgraded":["Neutralize"]},{"damage_healed":0.0,"max_hp_gain":0.0,"max_hp_loss":7.0,"gold_gain":0.0,"event_name":"Golden Idol","player_choice":"Lose Max HP","floor":10.0,"gold_loss":0.0,"damage_taken":0.0,"relics_obtained":["Golden Idol"]},{"damage_healed":0.0,"max_hp_gain":0.0,"max_hp_loss":16.0,"gold_gain":0.0,"event_name":"Vampires","player_choice":"Became a vampire","floor":21.0,"gold_loss":0.0,"damage_taken":0.0,"cards_obtained":["Bite","Bite","Bite","Bite"]},{"damage_healed":0.0,"max_hp_gain":0.0,"max_hp_loss":0.0,"gold_gain":0.0,"event_name":"FaceTrader","player_choice":"Trade","floor":25.0,"gold_loss":0.0,"damage_taken":0.0,"relics_obtained":["SsserpentHead"]},{"damage_healed":0.0,"max_hp_gain":0.0,"max_hp_loss":0.0,"gold_gain":0.0,"event_name":"Addict","player_choice":"Obtained Relic","floor":31.0,"gold_loss":85.0,"damage_taken":0.0,"relics_obtained":["Ornamental Fan"]},{"damage_healed":0.0,"max_hp_gain":0.0,"max_hp_loss":0.0,"gold_gain":0.0,"event_name":"Duplicator","player_choice":"Copied","floor":36.0,"gold_loss":0.0,"damage_taken":0.0,"cards_obtained":["Cloak And Dagger"]},{"cards_removed":["Die Die Die"],"damage_healed":0.0,"max_hp_gain":10.0,"max_hp_loss":0.0,"gold_gain":0.0,"event_name":"Bonfire Elementals","player_choice":"Offered Rare","floor":38.0,"gold_loss":0.0,"damage_taken":0.0}],"is_beta":false,"boss_relics":[{"not_picked":["Busted Crown","Tiny House"],"picked":"Cursed Key"},{"not_picked":["Pandora\u0027s Box","Sozu"],"picked":"Fusion Hammer"}],"items_purged_floors":[20,46],"is_endless":false,"potions_floor_spawned":[8,13,14,18,24,27,28,33,39,40,41,42,45],"killed_by":"Time Eater","ascension_level":20}}