{"host":"y080dcqw8fj32q7d","time":1613820934,"event":{"mods":["AchievementEnabler","BaseMod","Colored Map","Colored Powertips","DeckTracker","Minty Spire (QoL Compilation)","Relic Sorter"],"gold_per_floor":[113,188,18,34,53,85,104,131,131,131,158,158,192,202,202,298,298,310,48,66,83,83,109,109,109],"floor_reached":24,"language":"ENG","playtime":2543,"items_purged":[],"score":311,"play_id":"36bbcabc-a32a-4c8f-9867-3264456a25d0","local_time":"20210220143534","is_ascension_mode":true,"campfire_choices":[{"floor":10,"key":"REST"},{"floor":15,"key":"REST"}],"circlet_count":0,"master_deck":["Strike_R","Strike_R","Strike_R","Strike_R","Strike_R","Defend_R","Defend_R","Defend_R","Defend_R","Bash","Clothesline","Discovery","Flame Barrier","Flex","Flame Barrier","Searing Blow","Heavy Blade","Carnage","Perfected Strike","Armaments+1","Whirlwind","Warcry","Clash","Combust+1","Exhume","Pommel Strike","Body Slam","Heavy Blade","Bludgeon"],"relics":["Burning Blood","Dream Catcher","TungstenRod","Du-Vu Doll","Frozen Egg 2","HornCleat","Dead Branch","Black Star","Shuriken","Pen Nib","Matryoshka","Lantern"],"acts_visited":["Exordium","TheCity"],"potions_floor_usage":[6,11,16,16,16,21,23,24],"damage_taken":[{"damage":0,"enemies":"Small Slimes","floor":1,"turns":3},{"damage":11,"enemies":"Jaw Worm","floor":4,"turns":4},{"damage":0,"enemies":"Cultist","floor":5,"turns":4},{"damage":23,"enemies":"Lagavulin","floor":6,"turns":7},{"damage":10,"enemies":"Large Slime","floor":7,"turns":8},{"damage":16,"enemies":"Gremlin Nob","floor":8,"turns":5},{"damage":14,"enemies":"3 Sentries","floor":11,"turns":7},{"damage":31,"enemies":"Lagavulin","floor":13,"turns":7},{"damage":6,"enemies":"Exordium Thugs","floor":14,"turns":7},{"damage":4,"enemies":"Hexaghost","floor":16,"turns":8},{"damage":0,"enemies":"3 Byrds","floor":18,"turns":3},{"damage":20,"enemies":"2 Thieves","floor":20,"turns":5},{"damage":25,"enemies":"Shelled Parasite and Fungi","floor":21,"turns":9},{"damage":29,"enemies":"Slavers","floor":23,"turns":4},{"damage":34,"enemies":"Cultist and Chosen","floor":24,"turns":7}],"seed_played":"-7557158963720120410","potions_obtained":[{"floor":1,"key":"BlessingOfTheForge"},{"floor":4,"key":"Explosive Potion"},{"floor":7,"key":"Weak Potion"},{"floor":13,"key":"EssenceOfSteel"},{"floor":14,"key":"SkillPotion"},{"floor":20,"key":"BlessingOfTheForge"},{"floor":21,"key":"Fruit Juice"},{"floor":23,"key":"Dexterity Potion"}],"is_trial":false,"path_per_floor":["M","?","$","M","M","E","M","E","T","R","E","?","E","M","R","B",null,"M","$","M","M","?","E","M"],"character_chosen":"IRONCLAD","items_purchased":["Discovery","Flame Barrier","Flex","Shuriken"],"campfire_rested":2,"item_purchase_floors":[3,3,3,19],"current_hp_per_floor":[80,69,69,64,70,53,49,39,39,63,55,55,30,30,54,56,80,80,80,66,52,52,29,0,0],"gold":109,"neow_bonus":"RANDOM_COMMON_RELIC","is_daily":false,"chose_seed":false,"campfire_upgraded":0,"win_rate":0.0,"timestamp":1613820934,"path_taken":["M","?","?","M","M","E","?","E","T","R","E","?","E","M","R","BOSS","M","$","M","M","?","E","M"],"items_purchased_type":["Card","Card","Card","Relic"],"build_version":"2020-12-22","purchased_purges":0,"victory":false,"max_hp_per_floor":[80,80,80,80,80,80,80,80,80,80,80,80,80,80,80,80,80,80,80,80,85,85,85,85,85],"card_choices":[{"not_picked":["Rage","True Grit"],"picked":"Clothesline","floor":1},{"not_picked":["Hemokinesis","Carnage"],"picked":"Flame Barrier","floor":4},{"not_picked":["Burning Pact","Headbutt"],"picked":"Searing Blow","floor":5},{"not_picked":["Pommel Strike","Perfected Strike"],"picked":"Heavy Blade","floor":6},{"not_picked":["Rampage","Metallicize"],"picked":"Carnage","floor":7},{"not_picked":["Rage","Metallicize"],"picked":"Perfected Strike","floor":8},{"not_picked":["Pommel Strike","True Grit"],"picked":"Armaments","floor":10},{"not_picked":["Pommel Strike","Headbutt"],"picked":"Whirlwind","floor":11},{"not_picked":["Twin Strike","Havoc"],"picked":"Warcry","floor":13},{"not_picked":["Dual Wield","Headbutt"],"picked":"Clash","floor":14},{"not_picked":["Dropkick","Thunderclap"],"picked":"Combust+1","floor":15},{"not_picked":["Limit Break","Offering"],"picked":"Exhume","floor":16},{"not_picked":["Perfected Strike","Headbutt"],"picked":"Pommel Strike","floor":18},{"not_picked":["Reckless Charge","Heavy Blade"],"picked":"Body Slam","floor":20},{"not_picked":["Thunderclap","Iron Wave"],"picked":"Heavy Blade","floor":21},{"not_picked":["Twin Strike+1","Fire Breathing+1"],"picked":"Bludgeon","floor":23}],"player_experience":345674,"relics_obtained":[{"floor":6,"key":"TungstenRod"},{"floor":8,"key":"Du-Vu Doll"},{"floor":9,"key":"Frozen Egg 2"},{"floor":11,"key":"HornCleat"},{"floor":13,"key":"Dead Branch"},{"floor":23,"key":"Matryoshka"},{"floor":23,"key":"Lantern"}],"event_choices":[{"damage_healed":0,"gold_gain":75,"player_choice":"Gather Gold","damage_taken":11,"max_hp_gain":0,"max_hp_loss":0,"event_name":"World of Goop","floor":2,"gold_loss":0},{"damage_healed":0,"gold_gain":0,"player_choice":"Upgraded","damage_taken":0,"max_hp_gain":0,"max_hp_loss":0,"event_name":"Upgrade Shrine","floor":12,"gold_loss":0,"cards_upgraded":["Armaments"]},{"damage_healed":0,"gold_gain":0,"player_choice":"Opened","damage_taken":0,"relics_obtained":["Pen Nib"],"max_hp_gain":0,"max_hp_loss":0,"event_name":"The Mausoleum","floor":22,"gold_loss":0}],"is_beta":false,"boss_relics":[{"not_picked":["SlaversCollar","Empty Cage"],"picked":"Black Star"}],"items_purged_floors":[],"is_endless":false,"potions_floor_spawned":[1,4,7,13,14,20,21,23],"killed_by":"Cultist and Chosen","ascension_level":1}}