{"host":"vx488ommchhibo3k","time":1613825122,"event":{"mods":["BaseMod","BetterRewards","Minty Spire (QoL Compilation)","Shop Mod","StSLib"],"gold_per_floor":[112,123,123,138,148,148,223,223,223,236,411,438,463,480,480,579,579,592,592,612,405,405,405,430,430,483,483,514,531,531,550,550,652,652,665,625,440,456,472,472,485,504,504,504,504,520,570,63,63,63,63,63,37,65,65],"floor_reached":56,"language":"JPN","playtime":4451,"items_purged":["Strike_G"],"score":1237,"play_id":"da91e241-c0f0-4dca-b246-c60e770b1be5","local_time":"20210220214522","is_ascension_mode":false,"campfire_choices":[{"floor":6,"key":"RECALL"},{"data":"Catalyst","floor":8,"key":"SMITH"},{"floor":15,"key":"REST"},{"data":"Catalyst","floor":23,"key":"SMITH"},{"data":"Wraith Form v2","floor":25,"key":"SMITH"},{"data":"Bouncing Flask","floor":27,"key":"SMITH"},{"floor":32,"key":"REST"},{"data":"Well Laid Plans","floor":40,"key":"SMITH"},{"data":"Footwork","floor":45,"key":"SMITH"},{"data":"Apotheosis","floor":49,"key":"SMITH"},{"data":"Footwork","floor":52,"key":"SMITH"}],"circlet_count":0,"master_deck":["Survivor","Neutralize","Catalyst+1","PiercingWail","Poisoned Stab","Catalyst+1","Caltrops","Flying Knee","Dagger Throw","Leg Sweep","Backstab","Doubt","Deflect","Poisoned Stab","Wraith Form v2+1","Distraction","Finisher","Escape Plan","Quick Slash","All Out Attack","Phantasmal Killer","Slice","Predator","Backflip","Bouncing Flask+1","Footwork+1","Blur","Poisoned Stab","Dodge and Roll","Slice","Burst+1","Night Terror+1","Backflip+1","Caltrops+1","Outmaneuver+1","Leg Sweep","Well Laid Plans+1","Deflect","Dramatic Entrance","Footwork+1","Well Laid Plans+1","Backflip+1","PiercingWail+1","Deadly Poison+1","Quick Slash+1","Apotheosis+1","PiercingWail","Outmaneuver"],"relics":["Ring of the Snake","TungstenRod","Snake Skull","Bag of Marbles","Toy Ornithopter","Boot","Pen Nib","MerchantsRug","Happy Flower","TwistedFunnel","Potion Belt","Strawberry"],"acts_visited":["Exordium","TheCity","TheBeyond","TheEnding"],"potions_floor_usage":[12,12,20,28,28,41,41,50,54,54,54,54,55,55,55],"damage_taken":[{"damage":0,"enemies":"Cultist","floor":1,"turns":4},{"damage":0,"enemies":"Small Slimes","floor":2,"turns":2},{"damage":0,"enemies":"Jaw Worm","floor":4,"turns":4},{"damage":6,"enemies":"3 Louse","floor":5,"turns":3},{"damage":0,"enemies":"Exordium Wildlife","floor":10,"turns":5},{"damage":3,"enemies":"3 Sentries","floor":12,"turns":7},{"damage":3,"enemies":"2 Fungi Beasts","floor":14,"turns":3},{"damage":18,"enemies":"Hexaghost","floor":16,"turns":8},{"damage":4,"enemies":"Shell Parasite","floor":18,"turns":4},{"damage":0,"enemies":"3 Byrds","floor":20,"turns":2},{"damage":24,"enemies":"Gremlin Leader","floor":24,"turns":4},{"damage":19,"enemies":"Slavers","floor":28,"turns":3},{"damage":14,"enemies":"Cultist and Chosen","floor":29,"turns":7},{"damage":0,"enemies":"Centurion and Healer","floor":31,"turns":4},{"damage":9,"enemies":"Champ","floor":33,"turns":5},{"damage":2,"enemies":"3 Shapes","floor":35,"turns":5},{"damage":9,"enemies":"Orb Walker","floor":38,"turns":3},{"damage":3,"enemies":"Transient","floor":39,"turns":5},{"damage":3,"enemies":"Spire Growth","floor":41,"turns":4},{"damage":12,"enemies":"Maw","floor":42,"turns":4},{"damage":26,"enemies":"Sphere and 2 Shapes","floor":46,"turns":6},{"damage":0,"enemies":"Mind Bloom Boss Battle","floor":47,"turns":7},{"damage":49,"enemies":"Donu and Deca","floor":50,"turns":9},{"damage":0,"enemies":"Shield and Spear","floor":54,"turns":6},{"damage":92,"enemies":"The Heart","floor":55,"turns":9}],"seed_played":"2379345495877587527","potions_obtained":[{"floor":1,"key":"Fire Potion"},{"floor":5,"key":"Explosive Potion"},{"floor":10,"key":"Ancient Potion"},{"floor":12,"key":"SteroidPotion"},{"floor":18,"key":"Explosive Potion"},{"floor":24,"key":"Explosive Potion"},{"floor":29,"key":"Swift Potion"},{"floor":38,"key":"DuplicationPotion"},{"floor":41,"key":"Weak Potion"},{"floor":42,"key":"Strength Potion"},{"floor":54,"key":"BlessingOfTheForge"}],"is_trial":false,"path_per_floor":["M","M","$","M","M","R","?","R","T","M","?","E","T","M","R","B",null,"M","?","M","$","?","R","E","R","T","R","E","M","?","M","R","B",null,"M","?","$","M","M","R","M","M","T","?","R","M","?","$","R","B",null,"R","$","E","B",null],"character_chosen":"THE_SILENT","items_purchased":["Catalyst","PiercingWail","Poisoned Stab","Snake Skull","Bag of Marbles","DollysMirror","MerchantsRug","Bouncing Flask","Footwork","Blur","Leg Sweep","Well Laid Plans","Deflect","Dramatic Entrance","Apotheosis","TwistedFunnel","Potion Belt","PiercingWail","EntropicBrew"],"campfire_rested":2,"item_purchase_floors":[0,0,0,0,0,0,21,21,21,21,37,37,37,37,48,48,48,48,53],"current_hp_per_floor":[38,38,38,38,32,32,22,22,22,22,22,19,19,16,37,19,70,66,66,70,70,58,58,34,34,34,34,25,11,11,11,47,38,70,68,68,70,61,58,58,65,53,53,53,53,27,41,56,56,12,84,84,84,91,4],"gold":65,"neow_bonus":"","is_daily":false,"chose_seed":false,"campfire_upgraded":8,"win_rate":0.0,"timestamp":1613825122,"path_taken":["M","M","$","M","M","R","?","R","T","M","?","E","?","M","R","BOSS","M","?","M","$","?","R","E","R","T","R","E","M","?","M","R","BOSS","M","?","$","M","M","R","?","M","T","?","R","M","?","$","R","BOSS","R","$","E","BOSS"],"items_purchased_type":["Card","Card","Card","Relic","Relic","Relic","Relic","Card","Card","Card","Card","Card","Card","Card","Card","Relic","Relic","Card","Potion"],"build_version":"2020-12-22","purchased_purges":1,"victory":true,"max_hp_per_floor":[70,70,70,70,70,70,70,70,70,70,70,70,70,70,70,70,70,70,70,70,70,70,70,70,70,70,70,70,70,70,70,70,70,70,70,70,70,70,70,70,70,70,70,70,70,70,84,84,84,84,84,84,84,91,91],"card_choices":[{"not_picked":["Dodge and Roll","Flechettes"],"picked":"Caltrops","floor":1},{"not_picked":["Heel Hook","Finisher"],"picked":"Flying Knee","floor":2},{"not_picked":["Bane","Deflect"],"picked":"Dagger Throw","floor":4},{"not_picked":["Flying Knee","Caltrops"],"picked":"Leg Sweep","floor":5},{"not_picked":["Dodge and Roll","Dagger Spray"],"picked":"Backstab","floor":10},{"not_picked":["A Thousand Cuts","Underhanded Strike"],"picked":"Deflect","floor":12},{"not_picked":["Quick Slash","Calculated Gamble"],"picked":"Poisoned Stab","floor":14},{"not_picked":["Phantasmal Killer","Doppelganger"],"picked":"Wraith Form v2","floor":16},{"not_picked":["Heel Hook","Dagger Spray"],"picked":"Predator","floor":18},{"not_picked":["Deflect","Flechettes"],"picked":"Backflip","floor":20},{"not_picked":["Finisher","Concentrate"],"picked":"Eviscerate","floor":24},{"not_picked":["A Thousand Cuts","Glass Knife"],"picked":"Poisoned Stab","floor":28},{"not_picked":["Sucker Punch","Quick Slash"],"picked":"Dodge and Roll","floor":29},{"not_picked":["Distraction","Bane"],"picked":"Slice","floor":31},{"not_picked":["Tools of the Trade","Die Die Die"],"picked":"Burst","floor":33},{"not_picked":["Backstab","Cloak And Dagger+1"],"picked":"Outmaneuver+1","floor":35},{"not_picked":["Underhanded Strike+1","Tactician+1"],"picked":"Footwork","floor":38},{"not_picked":["Deflect","Distraction+1"],"picked":"Well Laid Plans+1","floor":39},{"not_picked":["Dodge and Roll","Terror"],"picked":"Backflip+1","floor":41},{"not_picked":["Deflect+1","Acrobatics"],"picked":"PiercingWail+1","floor":42},{"not_picked":["Doppelganger","Catalyst+1"],"picked":"Deadly Poison+1","floor":46},{"not_picked":["Masterful Stab","Accuracy+1"],"picked":"Quick Slash+1","floor":47},{"not_picked":["Deflect","Phantasmal Killer"],"picked":"Outmaneuver","floor":54}],"player_experience":139660,"relics_obtained":[{"floor":12,"key":"Toy Ornithopter"},{"floor":13,"key":"Boot"},{"floor":22,"key":"Necronomicon"},{"floor":24,"key":"MealTicket"},{"floor":26,"key":"Regal Pillow"},{"floor":28,"key":"Happy Flower"},{"floor":47,"key":"Mango"},{"floor":54,"key":"Strawberry"}],"event_choices":[{"damage_healed":0,"gold_gain":75,"player_choice":"Gather Gold","damage_taken":11,"max_hp_gain":0,"max_hp_loss":0,"event_name":"World of Goop","floor":7,"gold_loss":0},{"damage_healed":0,"gold_gain":175,"player_choice":"AGREE","damage_taken":0,"max_hp_gain":0,"max_hp_loss":0,"event_name":"Liars Game","floor":11,"gold_loss":0,"cards_obtained":["Doubt"]},{"damage_healed":0,"gold_gain":0,"player_choice":"Opened","damage_taken":0,"relics_obtained":["Pen Nib"],"max_hp_gain":0,"max_hp_loss":0,"event_name":"The Mausoleum","floor":19,"gold_loss":0},{"damage_healed":0,"gold_gain":0,"player_choice":"Obtained Book","damage_taken":16,"max_hp_gain":0,"max_hp_loss":0,"event_name":"Cursed Tome","floor":22,"gold_loss":0},{"damage_healed":0,"gold_gain":0,"player_choice":"Ignored","damage_taken":0,"max_hp_gain":0,"max_hp_loss":0,"event_name":"Beggar","floor":30,"gold_loss":0},{"damage_healed":0,"gold_gain":0,"player_choice":"Upgrade","damage_taken":0,"max_hp_gain":0,"max_hp_loss":0,"event_name":"Designer","floor":36,"gold_loss":40,"cards_upgraded":["Burst"]},{"damage_healed":0,"gold_gain":0,"player_choice":"Ignored","damage_taken":0,"max_hp_gain":0,"max_hp_loss":0,"event_name":"Mysterious Sphere","floor":44,"gold_loss":0},{"damage_healed":0,"gold_gain":0,"player_choice":"Fight","damage_taken":0,"max_hp_gain":0,"max_hp_loss":0,"event_name":"MindBloom","floor":47,"gold_loss":0}],"is_beta":false,"boss_relics":[{"not_picked":["Coffee Dripper","SacredBark"],"picked":"Pandora\u0027s Box"},{"not_picked":["Snecko Eye","Cursed Key"],"picked":"Astrolabe"}],"items_purged_floors":[0],"is_endless":false,"potions_floor_spawned":[1,5,10,12,18,24,29,38,41,42,47,54],"ascension_level":0}}