{"host":"v0dnu0zs4qo0v13s","time":1613854675,"event":{"mods":["BaseMod","Colored Map","Colored Powertips","Minty Spire (QoL Compilation)","Relic Stats","StSLib","SuperFastMode","everything is the same but u backflip on backflip"],"gold_per_floor":[113,113,132,132,149,149,162,162,162,48,82,60,60,92,92,92,92],"floor_reached":16,"language":"ENG","playtime":392,"items_purged":["Defend_B"],"score":213,"play_id":"0e0dfdb6-1512-439b-b39b-dcbbda6b821c","local_time":"20210220155755","is_ascension_mode":true,"campfire_choices":[{"data":"Hologram","floor":6.0,"key":"SMITH"},{"data":"Streamline","floor":8.0,"key":"SMITH"},{"floor":15.0,"key":"REST"}],"circlet_count":0,"master_deck":["AscendersBane","Strike_B","Strike_B","Strike_B","Defend_B","Defend_B","Defend_B","Zap","Dualcast","Aggregate","Streamline+1","Pain","Hologram+1","Sweeping Beam","Melter","Genetic Algorithm"],"relics":["Cracked Core","NeowsBlessing","WarpedTongs","Mercury Hourglass","StrikeDummy","FossilizedHelix"],"acts_visited":["Exordium"],"potions_floor_usage":[],"damage_taken":[{"damage":0.0,"enemies":"2 Louse","floor":1.0,"turns":1.0},{"damage":0.0,"enemies":"Small Slimes","floor":3.0,"turns":1.0},{"damage":0.0,"enemies":"Cultist","floor":5.0,"turns":1.0},{"damage":13.0,"enemies":"Exordium Wildlife","floor":7.0,"turns":3.0},{"damage":32.0,"enemies":"Lagavulin","floor":11.0,"turns":5.0},{"damage":3.0,"enemies":"Gremlin Nob","floor":14.0,"turns":2.0},{"damage":33,"enemies":"The Guardian","floor":16,"turns":7}],"seed_played":"8699721125582379687","potions_obtained":[{"floor":1.0,"key":"BlessingOfTheForge"},{"floor":11.0,"key":"SkillPotion"}],"is_trial":false,"path_per_floor":["M","?","M","?","M","R","M","R","T","$","E","?","?","E","R","B"],"character_chosen":"DEFECT","items_purchased":["Melter"],"campfire_rested":1,"item_purchase_floors":[10],"current_hp_per_floor":[68,61,61,61,61,61,48,48,48,48,16,16,16,13,35,2,2],"gold":92,"neow_bonus":"THREE_ENEMY_KILL","is_daily":false,"chose_seed":false,"campfire_upgraded":2,"win_rate":0.0,"timestamp":1613854675,"path_taken":["M","?","M","?","?","R","M","R","T","$","E","?","?","E","R","BOSS"],"items_purchased_type":["Card"],"build_version":"2020-12-22","purchased_purges":1,"victory":false,"max_hp_per_floor":[75,75,75,75,75,75,75,75,75,75,75,75,75,75,75,75,75],"relic_stats":{"counters":[7,19],"obtain_stats":[{"NeowsBlessing":0,"Cracked Core":0,"StrikeDummy":11,"FossilizedHelix":14,"WarpedTongs":4,"Mercury Hourglass":9},{"NeowsBlessing":0,"Cracked Core":0,"StrikeDummy":5,"FossilizedHelix":6,"WarpedTongs":2,"Mercury Hourglass":4},{"NeowsBlessing":0,"Cracked Core":0,"StrikeDummy":10,"FossilizedHelix":12,"WarpedTongs":2,"Mercury Hourglass":6}],"WarpedTongs":[17],"Mercury Hourglass":[39]},"card_choices":[{"not_picked":["Conserve Battery","Compile Driver"],"picked":"Aggregate","floor":1.0},{"not_picked":["Hologram","Heatsinks"],"picked":"Streamline","floor":3.0},{"not_picked":["White Noise","Go for the Eyes"],"picked":"Hologram","floor":5.0},{"not_picked":["Consume","Hologram"],"picked":"Sweeping Beam","floor":7.0},{"not_picked":["Heatsinks","Cold Snap"],"picked":"Genetic Algorithm","floor":11.0},{"not_picked":["Hologram","Steam","Melter"],"picked":"SKIP","floor":14.0}],"player_experience":747430,"relics_obtained":[{"floor":9.0,"key":"Mercury Hourglass"},{"floor":11.0,"key":"StrikeDummy"},{"floor":14.0,"key":"FossilizedHelix"}],"event_choices":[{"cards_removed":["Strike_B"],"damage_healed":0.0,"max_hp_gain":0.0,"max_hp_loss":0.0,"gold_gain":0.0,"event_name":"Golden Wing","player_choice":"Card Removal","floor":2.0,"gold_loss":0.0,"damage_taken":7.0},{"damage_healed":0.0,"max_hp_gain":0.0,"max_hp_loss":0.0,"gold_gain":0.0,"event_name":"Accursed Blacksmith","player_choice":"Rummage","floor":4.0,"gold_loss":0.0,"damage_taken":0.0,"relics_obtained":["WarpedTongs"],"cards_obtained":["Pain"]},{"damage_healed":0.0,"max_hp_gain":0.0,"max_hp_loss":0.0,"gold_gain":0.0,"event_name":"World of Goop","player_choice":"Left Gold","floor":12.0,"gold_loss":22.0,"damage_taken":0.0},{"damage_healed":0.0,"max_hp_gain":0.0,"max_hp_loss":0.0,"gold_gain":0.0,"event_name":"Shining Light","player_choice":"Ignored","floor":13.0,"gold_loss":0.0,"damage_taken":0.0}],"is_beta":false,"boss_relics":[],"items_purged_floors":[10],"is_endless":false,"potions_floor_spawned":[1,11],"killed_by":"The Guardian","ascension_level":12}}