{"host":"ko648z0jc8ve0z18","time":1613850187,"event":{"mods":["BaseMod","Colored Map","Colored Powertips","DeckTracker","KOR Keyword Fix","Minty Spire (QoL Compilation)","Permanent Neow","Quick Restart","Relic Stats","StSLib","SuperFastMode"],"gold_per_floor":[114,114,8,28,41,68,86,86,168,187,187,112,112,129,129,227,227,243,273,273,198,20,20,20,20,66,78,104,116,128,158,170,182,182],"floor_reached":33,"language":"KOR","playtime":713,"items_purged":["Defend_R","Clothesline"],"score":245,"play_id":"caa2b4c8-5711-4aad-836c-3608e5396af3","local_time":"20210221044307","is_ascension_mode":false,"campfire_choices":[{"floor":8,"key":"REST"},{"data":"Perfected Strike","floor":13,"key":"SMITH"},{"data":"Perfected Strike","floor":15,"key":"SMITH"},{"floor":27,"key":"REST"},{"data":"Uppercut","floor":32,"key":"SMITH"}],"circlet_count":0,"master_deck":["Strike_R","Strike_R","Strike_R","Strike_R","Strike_R","Defend_R+1","Defend_R+1","Defend_R","Bash","Perfected Strike+1","Uppercut+1","Perfected Strike+1","Bludgeon","Second Wind+1","Fire Breathing+1","Power Through","Metallicize+1"],"relics":["Burning Blood","TungstenRod","Oddly Smooth Stone","Eternal Feather","Magic Flower","Black Star","Red Mask","Frozen Egg 2","MawBank","Ornamental Fan"],"acts_visited":["Exordium","TheCity"],"potions_floor_usage":[24],"damage_taken":[{"damage":10.0,"enemies":"Jaw Worm","floor":1.0,"turns":5.0},{"damage":0.0,"enemies":"Small Slimes","floor":4.0,"turns":3.0},{"damage":3.0,"enemies":"Cultist","floor":5.0,"turns":3.0},{"damage":31.0,"enemies":"Gremlin Nob","floor":6.0,"turns":5.0},{"damage":19,"enemies":"Gremlin Gang","floor":7,"turns":6},{"damage":9,"enemies":"Exordium Wildlife","floor":10,"turns":5},{"damage":0,"enemies":"Exordium Thugs","floor":14,"turns":4},{"damage":52,"enemies":"The Guardian","floor":16,"turns":11},{"damage":49,"enemies":"3 Byrds","floor":18,"turns":9},{"damage":30,"enemies":"Masked Bandits","floor":19,"turns":5},{"damage":12,"enemies":"2 Thieves","floor":24,"turns":4},{"damage":14,"enemies":"Snake Plant","floor":28,"turns":4},{"damage":0,"enemies":"Snecko","floor":31,"turns":3},{"damage":64,"enemies":"Champ","floor":33,"turns":13}],"seed_played":"-3511494945528242946","potions_obtained":[{"floor":4.0,"key":"DuplicationPotion"},{"floor":16,"key":"SteroidPotion"},{"floor":18,"key":"LiquidBronze"},{"floor":19,"key":"PowerPotion"},{"floor":28,"key":"Strength Potion"}],"is_trial":false,"path_per_floor":["M","?","?","M","M","E","M","R","T","M","T","$","R","M","R","B",null,"M","?","?","?","$","?","M","?","T","R","M","T","$","M","R","B"],"character_chosen":"IRONCLAD","items_purchased":["Fire Breathing+1"],"campfire_rested":2,"item_purchase_floors":[22],"current_hp_per_floor":[76,60,60,66,69,44,31,55,55,52,52,52,58,67,73,30,80,40,19,19,19,19,19,16,16,16,49,44,44,44,53,62,0,0],"gold":182,"neow_bonus":"","is_daily":false,"chose_seed":false,"campfire_upgraded":3,"win_rate":0.0,"timestamp":1613850187,"path_taken":["M","?","?","?","?","E","M","R","T","M","?","$","R","M","R","BOSS","M","?","?","?","?","?","M","?","T","R","M","?","?","?","R","BOSS"],"items_purchased_type":["Card"],"build_version":"2020-12-22","purchased_purges":2,"victory":false,"max_hp_per_floor":[80,80,80,80,80,80,80,80,80,80,80,80,80,80,80,80,80,80,80,80,80,80,80,80,80,80,80,80,80,80,80,80,80,80],"relic_stats":{"counters":[14,80],"Ornamental Fan":[0],"Magic Flower":[21],"Eternal Feather":30,"Black Star":0,"MawBank":84,"obtain_stats":[{"Ornamental Fan":29,"Oddly Smooth Stone":6,"Magic Flower":11,"Eternal Feather":9,"Black Star":17,"Red Mask":19,"Frozen Egg 2":20,"MawBank":26,"Burning Blood":0,"TungstenRod":3},{"Ornamental Fan":12,"Oddly Smooth Stone":4,"Magic Flower":6,"Eternal Feather":5,"Black Star":8,"Red Mask":10,"Frozen Egg 2":10,"MawBank":11,"Burning Blood":0,"TungstenRod":1},{"Ornamental Fan":64,"Oddly Smooth Stone":16,"Magic Flower":27,"Eternal Feather":22,"Black Star":42,"Red Mask":56,"Frozen Egg 2":56,"MawBank":60,"Burning Blood":0,"TungstenRod":5}],"Burning Blood":99,"TungstenRod":72},"card_choices":[{"not_picked":["Iron Wave","True Grit"],"picked":"Clothesline","floor":1.0},{"not_picked":["Sword Boomerang","Intimidate","Iron Wave"],"picked":"SKIP","floor":4.0},{"not_picked":["Iron Wave","Shockwave","Clash"],"picked":"SKIP","floor":5.0},{"not_picked":["Armaments","Bloodletting"],"picked":"Perfected Strike","floor":6.0},{"not_picked":["Cleave","Sword Boomerang"],"picked":"Uppercut","floor":7},{"not_picked":["Battle Trance","Intimidate"],"picked":"Perfected Strike","floor":10},{"not_picked":["Battle Trance","Clothesline","Warcry"],"picked":"SKIP","floor":14},{"not_picked":["Impervious","Berserk"],"picked":"Bludgeon","floor":16},{"not_picked":["Warcry","Dual Wield","Flex"],"picked":"SKIP","floor":18},{"not_picked":["Warcry","Armaments"],"picked":"Second Wind+1","floor":19},{"not_picked":["Headbutt","Clothesline+1","Cleave"],"picked":"SKIP","floor":24},{"not_picked":["Rampage","Clothesline+1"],"picked":"Metallicize+1","floor":28},{"not_picked":["Clothesline+1","Flex+1","True Grit"],"picked":"SKIP","floor":31}],"player_experience":0,"relics_obtained":[{"floor":6.0,"key":"Oddly Smooth Stone"},{"floor":9,"key":"Eternal Feather"},{"floor":11,"key":"Magic Flower"},{"floor":19,"key":"Red Mask"},{"floor":26,"key":"MawBank"},{"floor":29,"key":"Ornamental Fan"}],"event_choices":[{"damage_healed":0.0,"max_hp_gain":0.0,"max_hp_loss":0.0,"gold_gain":0.0,"event_name":"Shining Light","player_choice":"Entered Light","floor":2.0,"gold_loss":0.0,"damage_taken":16.0,"cards_upgraded":["Defend_R","Defend_R"]},{"damage_healed":0.0,"max_hp_gain":0.0,"max_hp_loss":0.0,"gold_gain":0.0,"event_name":"WeMeetAgain","player_choice":"Paid Gold","floor":3.0,"gold_loss":106.0,"damage_taken":0.0,"relics_obtained":["TungstenRod"]},{"damage_healed":0,"gold_gain":0,"player_choice":"Fought Bandits","damage_taken":0,"max_hp_gain":0,"max_hp_loss":0,"event_name":"Masked Bandits","floor":19,"gold_loss":0},{"damage_healed":0,"gold_gain":0,"player_choice":"Opened","damage_taken":0,"relics_obtained":["Frozen Egg 2"],"max_hp_gain":0,"max_hp_loss":0,"event_name":"The Mausoleum","floor":20,"gold_loss":0,"cards_obtained":["Writhe"]},{"cards_removed":["Writhe"],"damage_healed":0,"gold_gain":0,"player_choice":"Gave Gold","damage_taken":0,"max_hp_gain":0,"max_hp_loss":0,"event_name":"Beggar","floor":21,"gold_loss":75},{"damage_healed":0,"gold_gain":0,"player_choice":"Read","damage_taken":0,"max_hp_gain":0,"max_hp_loss":0,"event_name":"The Library","floor":23,"gold_loss":0,"cards_obtained":["Power Through"]},{"damage_healed":0,"gold_gain":0,"player_choice":"Ignored","damage_taken":0,"max_hp_gain":0,"max_hp_loss":0,"event_name":"Ghosts","floor":25,"gold_loss":0}],"is_beta":false,"boss_relics":[{"not_picked":["Tiny House","Ectoplasm"],"picked":"Black Star"}],"items_purged_floors":[12,22],"is_endless":false,"potions_floor_spawned":[4,16,18,19,28],"killed_by":"Champ","ascension_level":0}}