{"host":"tdq5vwehmzjlkkx3","time":1613813351,"event":{"mods":["2.2 Compatiblity","Act Like it!","Aspiration","Astrologer","BaseMod","Beaked The Cultist","Better Altar","Better Match","Better Note","Better Third Choice","BetterRewards","Clockwork Mod","Colored Map","Colorless Booster Pack","Conjunction","Conspire","Defuse TimeMaze Blight","Downfall","Energized Spire","FetchMod","Friendly Minions","FruityMod","GifTheSpireLib","Glutton Mod","Gremlin Mod","Halation","Hallownest","Highlight Path","Hubris","Infinite Spire","Key Reminder","Lotus Mark","Mimic Mod","Minty Spire (QoL Compilation)","Pale of the Ancients","Random Character Button","Reworked Bosses","SCP261 Mod","Small Relic Pack","StSLib","Stuff the Spire","The Bladedancer","The Clintock","The Construct","The Disciple","The Jungle","The Marked","The Mystic","The Servant","TheFirefly","Trackpad","Unceasing Turn Reminder"],"gold_per_floor":[99,118,137,150,186,35,74,84,84,103,103,132,32,45,65,174,174,174,187,214,214,214,214,238,271,291,291,91,105,120,35,53,162,162,162,184,237,237,260,260,260,283,30,91,91,117,117,79,101,117,117],"floor_reached":50,"language":"ENG","playtime":3531,"items_purged":["ShatteredReality","FlawlessForm"],"score":539,"play_id":"1b8afbb2-93c2-4595-bcf1-ccd9d9637cbc","local_time":"20210220012911","is_ascension_mode":false,"campfire_choices":[{"data":"KidneyShot","floor":1,"key":"SMITH"},{"data":"Moondial","floor":9,"key":"SMITH"},{"data":"Ghostly","floor":18,"key":"SMITH"},{"data":"Initiator","floor":28,"key":"SMITH"},{"data":"MurderousAura","floor":35,"key":"SMITH"},{"data":"MurderousAura","floor":45,"key":"SMITH"},{"data":"InstantArmor","floor":47,"key":"SMITH"}],"circlet_count":0,"master_deck":["Strike_S","Strike_S","Strike_S","Defend_S","Defend_S","Defend_S","KidneyShot+1","Exchange","FastForward","SurpressingFire","Ricochet","Read","Rewind","Moondial+1","Ghostly+1","MurderousAura+1","Revamp","Initiator+1","Hightail","BottledTime","MurderousAura+1","SilverBlades","Manipulate+1","infinitespire:FutureSight+1","BottledTime+1","WasteNot+1","InstantArmor+1","RealityMarble+1","Ghostly+1","Parasite"],"relics":["Uniform","halation:Thesaurus","Bag of Marbles","aspiration:EmptySkull","halation:IllGainedPizza","keyreminder:keyreminder","energizedSpire:DeadBattery","hubris:Metronome","hubris:ToyBattleship","downfall:HeartBlessingBlue","downfall:HeartBlessingGreen","StoneMask","StuffTheSpire:Nightcore","Calipers","Juzu Bracelet","DollysMirror","aspiration:HatOfInfinitePower","StuffTheSpire:Gunfinga","Sundial"],"acts_visited":["Exordium","TheCity","TheBeyond"],"potions_floor_usage":[16,16,26,30,33,50,50],"damage_taken":[{"damage":1,"enemies":"conspire:RoseBush","floor":2,"turns":4},{"damage":12,"enemies":"Small Slimes","floor":3,"turns":5},{"damage":0,"enemies":"Cultist","floor":4,"turns":4},{"damage":18,"enemies":"conspire:MimicChest","floor":5,"turns":10},{"damage":0,"enemies":"downfall:FleeingMerchant","floor":6,"turns":4},{"damage":0,"enemies":"Blue Slaver","floor":7,"turns":9},{"damage":0,"enemies":"Blue Slaver","floor":8,"turns":4},{"damage":0,"enemies":"2 Fungi Beasts","floor":10,"turns":2},{"damage":0,"enemies":"3 Sentries","floor":12,"turns":8},{"damage":0,"enemies":"downfall:LooterAlt","floor":14,"turns":3},{"damage":0,"enemies":"3 Louse","floor":15,"turns":1},{"damage":21,"enemies":"IC_STATUS_ARCHETYPE","floor":16,"turns":8},{"damage":0,"enemies":"Chosen","floor":19,"turns":4},{"damage":10,"enemies":"3 Byrds","floor":20,"turns":4},{"damage":2,"enemies":"conspire:SneckoGhost","floor":25,"turns":9},{"damage":1,"enemies":"Snake Plant","floor":26,"turns":3},{"damage":0,"enemies":"Snecko","floor":29,"turns":3},{"damage":0,"enemies":"Cultist and Chosen","floor":30,"turns":4},{"damage":0,"enemies":"downfall:FleeingMerchant","floor":31,"turns":4},{"damage":0,"enemies":"Shelled Parasite and Fungi","floor":32,"turns":2},{"damage":3,"enemies":"WA_ARCHETYPE_CALM","floor":33,"turns":10},{"damage":0,"enemies":"Orb Walker","floor":36,"turns":3},{"damage":49,"enemies":"2 Orb Walkers","floor":37,"turns":5},{"damage":5,"enemies":"3 Shapes","floor":39,"turns":5},{"damage":0,"enemies":"downfall:FleeingMerchant","floor":43,"turns":4},{"damage":8,"enemies":"downfall:FleeingMerchant","floor":44,"turns":7},{"damage":6,"enemies":"Sphere and 2 Shapes","floor":46,"turns":4},{"damage":0,"enemies":"downfall:FleeingMerchant","floor":48,"turns":3},{"damage":13,"enemies":"Writhing Mass","floor":49,"turns":5},{"damage":75,"enemies":"DF_ARCHETYPE_ORBS","floor":50,"turns":5}],"seed_played":"-120238880831545924","potions_obtained":[{"floor":5,"key":"ColorlessPotion"},{"floor":8,"key":"Regen Potion"},{"floor":12,"key":"Strength Potion"},{"floor":15,"key":"FairyPotion"},{"floor":16,"key":"Swift Potion"},{"floor":19,"key":"DuplicationPotion"},{"floor":25,"key":"Slimebound:ThreeZeroPotion"},{"floor":29,"key":"Swift Potion"},{"floor":37,"key":"LiquidBronze"},{"floor":44,"key":"SkillPotion"}],"is_trial":false,"path_per_floor":["R","M","M","M","?","$","MIM","M","R","M","?","E","?","M","M","B",null,"R","M","M","?","?","?","T","E","M","AVR","R","M","M","$","M","B",null,"R","M","?","?","M","?","T","?","$","?","R","M","R","$","M","B"],"character_chosen":"THE_SERVANT","items_purchased":["halation:Thesaurus","DollysMirror","StuffTheSpire:Gunfinga","Sundial"],"campfire_rested":0,"item_purchase_floors":[6,43,48,48],"current_hp_per_floor":[65,64,52,52,34,34,34,34,34,34,34,34,34,34,34,13,65,65,65,55,55,55,55,55,53,52,52,62,62,62,62,62,59,75,75,76,33,33,37,37,37,37,37,32,32,35,35,38,28,0,0],"gold":117,"neow_bonus":"THREE_CARDS","is_daily":false,"chose_seed":false,"campfire_upgraded":7,"win_rate":0.0,"timestamp":1613813351,"path_taken":["R","M","M","M","?","?","MIM","M","R","M","?","E","?","M","M","BOSS","R","M","M","?","?","?","T","E","M","AVR","R","M","M","$","M","BOSS","R","M","?","?","?","?","T","?","$","?","R","M","R","?","M","BOSS"],"items_purchased_type":["Relic","Relic","Relic","Relic"],"build_version":"2020-12-22","purchased_purges":2,"victory":false,"max_hp_per_floor":[65,65,65,65,65,65,65,65,65,65,65,65,65,65,65,65,65,65,65,65,65,65,65,65,65,65,65,75,75,75,75,75,75,75,75,76,78,78,81,81,81,81,81,82,82,85,85,86,87,87,87],"card_choices":[{"not_picked":["Starlight","Unruled"],"picked":"FastForward","floor":0},{"not_picked":["BottledTime","ShatteredReality"],"picked":"SurpressingFire","floor":2},{"not_picked":["BottledTime","Desolation"],"picked":"Ricochet","floor":3},{"not_picked":["Ricochet","Advance"],"picked":"Read","floor":4},{"not_picked":["Ricochet","Unruled"],"picked":"Rewind","floor":5},{"not_picked":["ReturningBlade","SpecialFormula"],"picked":"Moondial","floor":6},{"not_picked":["Rearm","Ricochet","Unruled"],"picked":"SKIP","floor":8},{"not_picked":["Shuttle","FastForward","SpecialFormula"],"picked":"SKIP","floor":10},{"not_picked":["MoonPhase","TimeWarp"],"picked":"ShatteredReality","floor":12},{"not_picked":["Foresight","Rewind"],"picked":"MurderousAura","floor":14},{"not_picked":["Foresight","MoonPhase"],"picked":"Revamp","floor":15},{"not_picked":["SoulSculpture","Sunlight"],"picked":"Initiator","floor":16},{"not_picked":["Unruled+1","Ricochet"],"picked":"Hightail","floor":19},{"not_picked":["Spin+1","Snipe"],"picked":"BottledTime","floor":20},{"not_picked":["Starlight","TimeWarp"],"picked":"SilverBlades","floor":25},{"not_picked":["Initiator","BottledTime"],"picked":"Manipulate+1","floor":26},{"not_picked":["Comet","Collapse"],"picked":"BottledTime+1","floor":29},{"not_picked":["Spin","Defy+1","Deadline"],"picked":"SKIP","floor":30},{"not_picked":["Defy","Alleviate"],"picked":"WasteNot+1","floor":31},{"not_picked":["Defy","Replace"],"picked":"InstantArmor","floor":32},{"not_picked":["LightFlow","ForgedInTime"],"picked":"FlawlessForm","floor":33},{"not_picked":["TimeWarp","Replace+1"],"picked":"RealityMarble+1","floor":36},{"not_picked":["Defy","Spin+1","FastForward+1"],"picked":"SKIP","floor":39},{"not_picked":["Rearm","Barrier","LightFlow"],"picked":"SKIP","floor":43},{"not_picked":["Rearm+1","FastForward+1","DoubleEdge+1"],"picked":"SKIP","floor":46},{"not_picked":["Foresight","Ricochet+1","Revamp"],"picked":"SKIP","floor":48},{"not_picked":["Manipulate+1","Ricochet","Unruled+1"],"picked":"SKIP","floor":49}],"player_experience":408916,"relics_obtained":[{"floor":5,"key":"MawBank"},{"floor":7,"key":"aspiration:EmptySkull"},{"floor":12,"key":"halation:IllGainedPizza"},{"floor":25,"key":"hubris:Metronome"},{"floor":37,"key":"StuffTheSpire:Nightcore"},{"floor":41,"key":"Calipers"},{"floor":42,"key":"Juzu Bracelet"},{"floor":44,"key":"aspiration:HatOfInfinitePower"}],"event_choices":[{"damage_healed":0,"gold_gain":0,"player_choice":"Argue","damage_taken":0,"max_hp_gain":0,"max_hp_loss":0,"event_name":"conspire:LoneGhost","floor":13,"gold_loss":0},{"damage_healed":0,"gold_gain":0,"player_choice":"Fight","damage_taken":0,"max_hp_gain":0,"max_hp_loss":0,"event_name":"Mysterious Sphere","floor":37,"gold_loss":0},{"damage_healed":0,"gold_gain":0,"player_choice":"Forge","damage_taken":0,"max_hp_gain":0,"max_hp_loss":0,"event_name":"Accursed Blacksmith","floor":38,"gold_loss":0,"cards_upgraded":["infinitespire:FutureSight"]}],"is_beta":false,"boss_relics":[{"not_picked":["halation:HeavySnake","aspiration:BeakedSkillbook"],"picked":"energizedSpire:DeadBattery"},{"not_picked":["Sozu","energizedSpire:NeverEndingSparkler"],"picked":"StoneMask"}],"items_purged_floors":[31,43],"is_endless":false,"potions_floor_spawned":[5,8,12,14,15,16,19,25,29,37,44,46],"killed_by":"DF_ARCHETYPE_ORBS","ascension_level":0}}