{"host":"siagz6a7l016lv9o","time":1613788148,"event":{"mods":["AchievementEnabler","BaseMod","Colored Map","Downfall","Minty Spire (QoL Compilation)","Quick Restart","StSLib"],"gold_per_floor":[116,71,84,95,95,121,121,121,121,148,163,88,106,106,106],"floor_reached":14,"language":"ENG","playtime":473,"items_purged":["Strike_B"],"score":100,"play_id":"5314973f-a801-4df2-91d2-a8eaca77c457","local_time":"20210220032908","is_ascension_mode":false,"campfire_choices":[{"data":"Go for the Eyes","floor":8,"key":"SMITH"}],"circlet_count":0,"master_deck":["Strike_B","Strike_B","Strike_B","Defend_B","Defend_B","Defend_B","Defend_B","Zap","Dualcast","Go for the Eyes+1","Gash","Go for the Eyes","Coolheaded","Seek"],"relics":["Cracked Core","NeowsBlessing","Ice Cream","Pantograph","Du-Vu Doll","Juzu Bracelet"],"acts_visited":["Exordium"],"potions_floor_usage":[13],"damage_taken":[{"damage":0.0,"enemies":"Cultist","floor":1.0,"turns":1.0},{"damage":0.0,"enemies":"Jaw Worm","floor":3.0,"turns":1.0},{"damage":0.0,"enemies":"2 Louse","floor":4.0,"turns":1.0},{"damage":28.0,"enemies":"Gremlin Nob","floor":6.0,"turns":5.0},{"damage":17,"enemies":"Lagavulin","floor":10,"turns":8},{"damage":0,"enemies":"Looter","floor":11,"turns":3},{"damage":6,"enemies":"Lots of Slimes","floor":13,"turns":4},{"damage":16,"enemies":"3 Sentries","floor":14,"turns":2}],"seed_played":"-1929504243802608375","potions_obtained":[{"floor":6,"key":"FocusPotion"},{"floor":10,"key":"Swift Potion"},{"floor":13,"key":"SpeedPotion"}],"is_trial":false,"path_per_floor":["M","$","M","M","?","E","?","R","T","E","M","$","M","E"],"character_chosen":"DEFECT","items_purchased":["Gash"],"campfire_rested":0,"item_purchase_floors":[2],"current_hp_per_floor":[75,75,75,75,80,52,34,34,34,17,17,17,11,0,0],"gold":106,"neow_bonus":"THREE_ENEMY_KILL","is_daily":false,"chose_seed":false,"campfire_upgraded":1,"win_rate":0.0,"timestamp":1613788148,"path_taken":["M","$","?","M","?","E","?","R","T","E","M","$","M","E"],"items_purchased_type":["Card"],"build_version":"2020-12-22","purchased_purges":1,"victory":false,"max_hp_per_floor":[75,75,75,75,80,80,80,80,80,80,80,80,80,80,80],"card_choices":[{"not_picked":["Ball Lightning","Heatsinks"],"picked":"Go for the Eyes","floor":1.0},{"not_picked":["Streamline","Fusion","Doom and Gloom"],"picked":"SKIP","floor":3.0},{"not_picked":["Streamline","Fusion","Doom and Gloom"],"picked":"SKIP","floor":3.0},{"not_picked":["Storm","Steam"],"picked":"Go for the Eyes","floor":4.0},{"not_picked":["Sweeping Beam","Rip and Tear","Compile Driver"],"picked":"SKIP","floor":6},{"not_picked":["Static Discharge","Tempest"],"picked":"Coolheaded","floor":10},{"not_picked":["Ball Lightning","Storm"],"picked":"Seek","floor":11},{"not_picked":["Storm","Sweeping Beam","Steam"],"picked":"SKIP","floor":13}],"player_experience":10170,"relics_obtained":[{"floor":6,"key":"Ice Cream"},{"floor":9,"key":"Du-Vu Doll"},{"floor":10,"key":"Juzu Bracelet"}],"event_choices":[{"damage_healed":0.0,"max_hp_gain":5.0,"max_hp_loss":0.0,"gold_gain":0.0,"event_name":"Big Fish","player_choice":"Donut","floor":5.0,"gold_loss":0.0,"damage_taken":0.0},{"damage_healed":0,"gold_gain":0,"player_choice":"Success","damage_taken":18,"relics_obtained":["Pantograph"],"max_hp_gain":0,"max_hp_loss":0,"event_name":"Scrap Ooze","floor":7,"gold_loss":0}],"is_beta":false,"boss_relics":[],"items_purged_floors":[12],"is_endless":false,"potions_floor_spawned":[6,10,13],"killed_by":"3 Sentries","ascension_level":0}}