{"host":"ja1hwiq7y0qwrz6v","time":1613786171,"event":{"mods":["BaseMod","Bestiary","Minty Spire (QoL Compilation)","Relic Stats"],"gold_per_floor":[118,193,115,126,144,171,184,214,214,248,127,157,157,107,107,186,186,204,204,8,108,118,449,449,479,479,479,504,134,148,165,165,237,237,247,263,58,58,71,96,96,123,123,153,187,213,231,264,264,264,264,264,71,98,98],"floor_reached":56,"language":"ENG","playtime":5127,"items_purged":["Strike_B","Strike_B","Strike_B","Strike_B","Defend_B","Defend_B"],"score":2535,"play_id":"6e81aa29-2c10-40aa-b252-d8e458135e29","local_time":"20210219175611","is_ascension_mode":true,"campfire_choices":[{"data":"Defragment","floor":13,"key":"SMITH"},{"data":"Coolheaded","floor":15,"key":"SMITH"},{"floor":24,"key":"REST"},{"data":"Chaos","floor":27,"key":"SMITH"},{"data":"Defragment","floor":32,"key":"SMITH"},{"data":"Consume","floor":41,"key":"SMITH"},{"floor":49,"key":"RECALL"},{"data":"Seek","floor":52,"key":"SMITH"}],"circlet_count":0,"master_deck":["AscendersBane","Defend_B+1","Defend_B","Zap+1","Dualcast","Chaos+1","Sweeping Beam","Cold Snap","Ball Lightning","BootSequence","FTL","Coolheaded+1","Defragment+1","Glacier","Electrodynamics","Conserve Battery","Ghostly","Ghostly","Ghostly","Ghostly","Ghostly","Glacier","FTL","Defragment+1","Compile Driver","Coolheaded+1","Seek+1","Consume+1","Skim","Coolheaded+1","Reboot"],"relics":["Cracked Core","NeowsBlessing","Smiling Mask","Pear","Odd Mushroom","War Paint","PreservedInsect","Question Card","Inserter","Frozen Eye","Old Coin","WingedGreaves","Ice Cream","Cables","Sozu","Toolbox","Shuriken","Gremlin Horn","White Beast Statue","Girya","Bronze Scales","Meat on the Bone","Unceasing Top","Lantern","Oddly Smooth Stone"],"acts_visited":["Exordium","TheCity","TheBeyond","TheEnding"],"potions_floor_usage":[10,12,22,55,55],"damage_taken":[{"damage":0,"enemies":"2 Louse","floor":1,"turns":1},{"damage":0,"enemies":"Small Slimes","floor":4,"turns":1},{"damage":0,"enemies":"Cultist","floor":5,"turns":1},{"damage":22,"enemies":"Gremlin Nob","floor":6,"turns":4},{"damage":4,"enemies":"Looter","floor":7,"turns":3},{"damage":17,"enemies":"The Mushroom Lair","floor":8,"turns":4},{"damage":15,"enemies":"Lagavulin","floor":10,"turns":5},{"damage":0,"enemies":"3 Sentries","floor":12,"turns":4},{"damage":0,"enemies":"The Guardian","floor":16,"turns":11},{"damage":0,"enemies":"Chosen","floor":18,"turns":4},{"damage":0,"enemies":"Shell Parasite","floor":22,"turns":6},{"damage":35,"enemies":"Slavers","floor":23,"turns":7},{"damage":1,"enemies":"Book of Stabbing","floor":25,"turns":7},{"damage":0,"enemies":"Gremlin Leader","floor":28,"turns":5},{"damage":5,"enemies":"3 Cultists","floor":30,"turns":4},{"damage":0,"enemies":"Sentry and Sphere","floor":31,"turns":4},{"damage":1,"enemies":"Automaton","floor":33,"turns":12},{"damage":0,"enemies":"3 Darklings","floor":35,"turns":5},{"damage":0,"enemies":"3 Shapes","floor":36,"turns":4},{"damage":1,"enemies":"3 Darklings","floor":39,"turns":4},{"damage":2,"enemies":"Reptomancer","floor":40,"turns":6},{"damage":0,"enemies":"Giant Head","floor":42,"turns":10},{"damage":3,"enemies":"Reptomancer","floor":44,"turns":4},{"damage":0,"enemies":"Giant Head","floor":45,"turns":10},{"damage":0,"enemies":"Reptomancer","floor":46,"turns":5},{"damage":0,"enemies":"Sphere and 2 Shapes","floor":47,"turns":4},{"damage":0,"enemies":"Giant Head","floor":48,"turns":8},{"damage":0,"enemies":"Donu and Deca","floor":50,"turns":10},{"damage":5,"enemies":"Shield and Spear","floor":54,"turns":5},{"damage":16,"enemies":"The Heart","floor":55,"turns":13}],"seed_played":"3256689254492975408","potions_obtained":[{"floor":5,"key":"GamblersBrew"},{"floor":6,"key":"FocusPotion"},{"floor":8,"key":"Regen Potion"},{"floor":10,"key":"Ancient Potion"},{"floor":12,"key":"DistilledChaos"},{"floor":23,"key":"Weak Potion"},{"floor":30,"key":"Energy Potion"},{"floor":31,"key":"DuplicationPotion"}],"is_trial":false,"path_per_floor":["M","?","?","M","M","E","M","?","T","E","$","E","R","$","R","B",null,"M","?","$","?","M","E","R","E","T","R","E","$","M","M","R","B",null,"M","M","$","?","M","E","R","E","T","E","E","E","M","E","R","B",null,"R","$","E","B",null],"character_chosen":"DEFECT","items_purchased":["Defragment","Frozen Eye","Cables","Defragment","Toolbox","Lantern"],"campfire_rested":1,"item_purchase_floors":[11,20,29,29,37,53],"current_hp_per_floor":[68,57,57,57,57,45,41,24,24,9,9,21,21,21,21,21,69,69,42,42,42,42,7,19,18,18,18,18,18,13,13,13,12,35,35,35,35,35,34,32,32,32,32,29,29,29,29,29,29,29,39,39,39,34,30],"gold":98,"neow_bonus":"THREE_ENEMY_KILL","is_daily":false,"chose_seed":false,"campfire_upgraded":6,"win_rate":0.0,"timestamp":1613786171,"path_taken":["M","?","?","?","M","E","M","?","T","E","$","E","R","?","R","BOSS","M","?","$","?","?","E","R","E","T","R","E","$","M","M","R","BOSS","M","M","$","?","M","E","R","E","T","E","E","E","?","E","R","BOSS","R","$","E","BOSS"],"items_purchased_type":["Card","Relic","Relic","Card","Relic","Relic"],"build_version":"2020-12-22","purchased_purges":6,"victory":true,"max_hp_per_floor":[75,75,75,75,75,85,85,85,85,85,85,85,85,85,85,85,85,85,42,42,42,42,42,42,42,42,42,42,42,42,42,42,42,42,42,42,42,42,42,42,42,42,42,42,42,42,42,42,42,42,42,42,42,42,42],"relic_stats":{"Inserter":[68],"Gremlin Horn":[11,11],"counters":[30,171],"PreservedInsect":811,"War Paint":["Zap","Defend_B"],"Smiling Mask":525,"Question Card":20,"Cables":[101,64,34,2,1],"Sozu":6,"Shuriken":[9],"Bronze Scales":[288],"obtain_stats":[{"Ice Cream":28,"Lantern":53,"Gremlin Horn":42,"Smiling Mask":3,"Old Coin":23,"Sozu":34,"Frozen Eye":20,"Toolbox":37,"WingedGreaves":25,"Cracked Core":0,"Girya":44,"Pear":6,"Inserter":17,"NeowsBlessing":0,"Oddly Smooth Stone":54,"PreservedInsect":10,"Odd Mushroom":8,"War Paint":9,"Question Card":12,"White Beast Statue":43,"Cables":29,"Shuriken":40,"Bronze Scales":45,"Unceasing Top":48,"Meat on the Bone":46},{"Ice Cream":14,"Lantern":28,"Gremlin Horn":22,"Smiling Mask":1,"Old Coin":12,"Sozu":17,"Frozen Eye":10,"Toolbox":19,"WingedGreaves":13,"Cracked Core":0,"Girya":23,"Pear":4,"Inserter":9,"NeowsBlessing":0,"Oddly Smooth Stone":29,"PreservedInsect":7,"Odd Mushroom":6,"War Paint":6,"Question Card":8,"White Beast Statue":22,"Cables":14,"Shuriken":21,"Bronze Scales":24,"Unceasing Top":27,"Meat on the Bone":25},{"Ice Cream":63,"Lantern":153,"Gremlin Horn":112,"Smiling Mask":1,"Old Coin":51,"Sozu":83,"Frozen Eye":38,"Toolbox":92,"WingedGreaves":58,"Cracked Core":0,"Girya":116,"Pear":7,"Inserter":34,"NeowsBlessing":0,"Oddly Smooth Stone":158,"PreservedInsect":19,"Odd Mushroom":14,"War Paint":14,"Question Card":23,"White Beast Statue":112,"Cables":63,"Shuriken":102,"Bronze Scales":126,"Unceasing Top":143,"Meat on the Bone":131}],"Unceasing Top":[0],"Meat on the Bone":12},"card_choices":[{"not_picked":["Barrage","Skim"],"picked":"Chaos","floor":1},{"not_picked":["Redo","Leap"],"picked":"Sweeping Beam","floor":4},{"not_picked":["Sweeping Beam","Double Energy"],"picked":"Cold Snap","floor":5},{"not_picked":["Scrape","Redo"],"picked":"Ball Lightning","floor":6},{"not_picked":["Sweeping Beam","Ball Lightning"],"picked":"BootSequence","floor":7},{"not_picked":["Sweeping Beam","Force Field"],"picked":"FTL","floor":8},{"not_picked":["All For One","Beam Cell"],"picked":"Coolheaded","floor":10},{"not_picked":["Streamline","Skim"],"picked":"Glacier","floor":12},{"not_picked":["Creative AI","All For One","Amplify"],"picked":"Electrodynamics","floor":16},{"not_picked":["Barrage","Static Discharge+1","Doom and Gloom"],"picked":"Conserve Battery","floor":18},{"not_picked":["Rebound","Chill","Cold Snap","Sweeping Beam"],"picked":"SKIP","floor":22},{"not_picked":["Sunder","Hello World","Recycle","Leap"],"picked":"SKIP","floor":23},{"not_picked":["Undo","Reinforced Body","Barrage"],"picked":"Glacier","floor":25},{"not_picked":["Rainbow","Compile Driver","Stack+1"],"picked":"FTL","floor":28},{"not_picked":["Leap","Coolheaded","Hologram"],"picked":"Compile Driver","floor":30},{"not_picked":["Hologram","Hello World","BootSequence+1"],"picked":"Coolheaded+1","floor":31},{"not_picked":["Machine Learning","Core Surge","Meteor Strike"],"picked":"Seek","floor":33},{"not_picked":["Compile Driver","Sweeping Beam","Rebound","Redo"],"picked":"SKIP","floor":35},{"not_picked":["Hologram","Ball Lightning","Scrape","Streamline"],"picked":"SKIP","floor":36},{"not_picked":["Streamline+1","Scrape","Go for the Eyes","Gash"],"picked":"SKIP","floor":39},{"not_picked":["Amplify","Loop+1","Creative AI"],"picked":"Consume","floor":40},{"not_picked":["Fusion","Cold Snap","Conserve Battery"],"picked":"Skim","floor":42},{"not_picked":["Stack","Cold Snap+1","Skim","Force Field"],"picked":"SKIP","floor":44},{"not_picked":["Consume","Sweeping Beam","Compile Driver","Static Discharge+1"],"picked":"SKIP","floor":45},{"not_picked":["Static Discharge","Blizzard","Steam Power","Self Repair+1"],"picked":"SKIP","floor":46},{"not_picked":["Melter","Gash","Aggregate","Barrage"],"picked":"SKIP","floor":47},{"not_picked":["Recycle","Rip and Tear+1","Rebound"],"picked":"Coolheaded+1","floor":48},{"not_picked":["Stack","Gash","Undo"],"picked":"Reboot","floor":54}],"player_experience":438018,"relics_obtained":[{"floor":6,"key":"Pear"},{"floor":8,"key":"Odd Mushroom"},{"floor":9,"key":"War Paint"},{"floor":10,"key":"PreservedInsect"},{"floor":12,"key":"Question Card"},{"floor":23,"key":"Old Coin"},{"floor":25,"key":"WingedGreaves"},{"floor":28,"key":"Ice Cream"},{"floor":40,"key":"Shuriken"},{"floor":42,"key":"Gremlin Horn"},{"floor":43,"key":"White Beast Statue"},{"floor":44,"key":"Girya"},{"floor":45,"key":"Bronze Scales"},{"floor":46,"key":"Meat on the Bone"},{"floor":48,"key":"Unceasing Top"},{"floor":54,"key":"Oddly Smooth Stone"}],"event_choices":[{"damage_healed":0,"gold_gain":75,"player_choice":"Gather Gold","damage_taken":11,"max_hp_gain":0,"max_hp_loss":0,"event_name":"World of Goop","floor":2,"gold_loss":0},{"damage_healed":0,"gold_gain":0,"player_choice":"Paid Gold","damage_taken":0,"relics_obtained":["Smiling Mask"],"max_hp_gain":0,"max_hp_loss":0,"event_name":"WeMeetAgain","floor":3,"gold_loss":78},{"damage_healed":0,"gold_gain":0,"player_choice":"Fought Mushrooms","damage_taken":0,"max_hp_gain":0,"max_hp_loss":0,"event_name":"Mushrooms","floor":8,"gold_loss":0},{"damage_healed":0,"gold_gain":0,"player_choice":"Became a Ghost","damage_taken":0,"max_hp_gain":0,"max_hp_loss":43,"event_name":"Ghosts","floor":19,"gold_loss":0,"cards_obtained":["Ghostly","Ghostly","Ghostly","Ghostly","Ghostly"]},{"damage_healed":0,"gold_gain":100,"player_choice":"Pray","damage_taken":0,"max_hp_gain":0,"max_hp_loss":0,"event_name":"Golden Shrine","floor":21,"gold_loss":0},{"damage_healed":0,"gold_gain":0,"player_choice":"Got Potions","damage_taken":0,"max_hp_gain":0,"max_hp_loss":0,"event_name":"Lab","floor":38,"gold_loss":0}],"is_beta":false,"boss_relics":[{"not_picked":["Coffee Dripper","Fusion Hammer"],"picked":"Inserter"},{"not_picked":["Empty Cage","Philosopher\u0027s Stone"],"picked":"Sozu"}],"items_purged_floors":[11,14,20,29,37,53],"is_endless":false,"potions_floor_spawned":[5,6,8,10,12,23,30,31,33,35,36,39,44,45,46,47,48,54],"ascension_level":13}}