{"host":"s924z949m5wc23z2","time":1613835101,"event":{"mods":["100% Spire Juice","ATMod(∞¢Ë™Mod)","Act Like it!","Arknights","BaseMod","Colored Map","Colored Powertips","Conspire","Downfall","Good Game Mod","Lobotomy","LobotomyExtend","Luminous","Marisa£®ÏF”Í°°ƒß¿Ì…≥£©","Minty Spire (QoL Compilation)","MostiFishMod","Reimu£®≤©¿ˆ¡È√Œ£©","Relic Stats","Reliquary","Replay The Spire","Ruina","Spicy Shops","StSLib","WarShipGirlsR/’ΩΩ¢…Ÿ≈ÆR mod","Yakumo Yukari mod","Youmu£®ªÍ∆«—˝√Œ£©","Yuyuko","noobMod"],"gold_per_floor":[110,185,185,58,0,335,351,361,433,454,469,43,43,54,54,151,151,163,163,163,176,190,220,220,223,249,249,262,289,6,38,38,143,143,162,162,212,212,231,261,7,7,88,102,134,185,210,223,223,226,226,226,226,-1383,-1348,-1319],"floor_reached":57,"language":"ZHS","playtime":8186,"items_purged":["Strike_B"],"score":1803,"play_id":"8b70116b-4908-404c-b56b-a25983f65b46","local_time":"20210221003141","is_ascension_mode":true,"campfire_choices":[{"floor":13.0,"key":"RECALL"},{"data":"Defragment","floor":15.0,"key":"SMITH"},{"data":"Rainbow","floor":24.0,"key":"SMITH"},{"data":"Storm","floor":27.0,"key":"SMITH"},{"data":"AT_Dispersion","floor":32,"key":"SMITH"},{"data":"FIFO Queue","floor":42,"key":"SMITH"},{"data":"Turbo","floor":53,"key":"SMITH"}],"circlet_count":0,"master_deck":["Strike_B+1","Defend_B+1","Zap","Dualcast","AT_Dispersion+1","Rainbow+1","Skim","MostiFishMod:KingOfFree+1","ReplayUltimateDefense+1","MostiFishMod:Awakening+1","SpiderBud","MostiFishMod:Nova+1","MHz","AT_ThreeBodyProblem+1","MostiFishMod:IntelligentEquipment+1","Reboot+1","ReplayTheSpireMod:Dual Polarity","Electrodynamics+1","AT_HeatAcrobatics","Hologram","MostiFishMod:ActiveDefenseSystem+1","Finesse","Cold Snap+1","MostiFishMod:Nova+1","Defragment+1","HeroicMonk","MostiFishMod:TalkingToTheRain+1","Seek+1","Multi-Cast+1","MostiFishMod:TalkingToTheRain+1","Hologram","Storm+1","Compile Driver+1","AT_DarkMatter","MostiFishMod:GatherIntelligence+1","MostiFishMod:Prepare+1","ReplayTheSpireMod:Dual Polarity","NothingThere","MostiFishMod:FluxCapactior","Time Bomb","MostiFishMod:PerfectForm+1","Turbo+1","Creative AI+1","ReplayRNGCard+1","Turbo+1","Redo","Buffer+1","MostiFishMod:Impulse+1","Skim+1","MostiFishMod:PerfectForm+1","FIFO Queue+1","Hologram","Streamline","Scarecrow","Panic Button+1","AT_WarpDrive+1","BodiesMountain","ReplayTheSpireMod:Omega Cannon+1","Compile Driver+1","BlueStar","Double Energy+1","MostiFishMod:ReadyAimFire+1","Turbo+1","Crystallizer+1","FTL","Defragment","Meteor Strike+1"],"relics":["Cracked Core","AT_ATBox","ice","REME:ComplimentaryCards","DaveBox","BrkXgEgg","CogitoBucket","RabbitCall","SynthV:TestCard","LetterFromLob","CrazyTorch:ReiMu","ReplayTheSpireMod:ShopPack","reliquary:Boomerang","ats:Originium","Old Coin","Prayer Wheel","SkinProphecy","BargainBundle","conspire:GiftBox","Sling","Astrolabe","BehaviorAdjustment","Simple Rune","Gaze_r","HonorFeather","reliquary:Buckler","Whetstone","MostiFishMod:Haymaker","Quantum Egg","reliquary:ThirdArm","HellTrain","Durian","ReplayTheSpireMod:Ring of Challenge","Ring of Shattering","ReplayTheSpireMod:TigerMarble","DollysMirror","Question Card","Pondfish Scales","Prayer Wheel","CatCart","AT_BellowingDragoncrestRing","Replay:Rubber Ducky","SynthV:MejaisSoulstealer","AT_MibuBalloonWealth"],"acts_visited":["Exordium","TheCity","TheBeyond","TheEnding"],"potions_floor_usage":[31,33,48],"damage_taken":[{"damage":12.0,"enemies":"ats:Genji","floor":1.0,"turns":3.0},{"damage":32.0,"enemies":"Lagavulin","floor":6.0,"turns":6.0},{"damage":6.0,"enemies":"2 Louse","floor":7.0,"turns":3.0},{"damage":0.0,"enemies":"Small Slimes","floor":8.0,"turns":2.0},{"damage":4.0,"enemies":"Exordium Thugs","floor":10.0,"turns":3.0},{"damage":28.0,"enemies":"Blue Slaver","floor":11.0,"turns":3.0},{"damage":3.0,"enemies":"conspire:2 RoseBushes","floor":14.0,"turns":3.0},{"damage":25.0,"enemies":"Slime Boss","floor":16.0,"turns":5.0},{"damage":56.0,"enemies":"2 Thieves","floor":18.0,"turns":3.0},{"damage":18.0,"enemies":"3 Byrds","floor":21.0,"turns":3.0},{"damage":5.0,"enemies":"Centurion and Healer","floor":22.0,"turns":3.0},{"damage":5.0,"enemies":"Replay:Snechameleon","floor":23.0,"turns":2.0},{"damage":0.0,"enemies":"Book of Stabbing","floor":25.0,"turns":2.0},{"damage":49.0,"enemies":"Book of Stabbing","floor":25.0,"turns":2.0},{"damage":4.0,"enemies":"conspire:HollyBat","floor":28.0,"turns":3.0},{"damage":0.0,"enemies":"Book of Stabbing","floor":29.0,"turns":2.0},{"damage":49,"enemies":"conspire:MimicChest","floor":31,"turns":4},{"damage":1,"enemies":"Automaton","floor":33,"turns":3},{"damage":4,"enemies":"3 Darklings","floor":35,"turns":4},{"damage":0,"enemies":"2 Orb Walkers","floor":37,"turns":4},{"damage":4,"enemies":"3 Shapes","floor":39,"turns":2},{"damage":55,"enemies":"R_Hoarder","floor":40,"turns":4},{"damage":12,"enemies":"Transient","floor":44,"turns":5},{"damage":1,"enemies":"Nemesis","floor":45,"turns":3},{"damage":20,"enemies":"Orin","floor":46,"turns":3},{"damage":17,"enemies":"R_Hoarder","floor":47,"turns":3},{"damage":9,"enemies":"Maw","floor":48,"turns":3},{"damage":1,"enemies":"Donu and Deca","floor":50,"turns":3},{"damage":23,"enemies":"Shield and Spear","floor":55,"turns":1},{"damage":1,"enemies":"The Heart","floor":56,"turns":3}],"seed_played":"-4496595297391712935","potions_obtained":[{"floor":6.0,"key":"SneckoOil"},{"floor":7.0,"key":"Fire Potion"},{"floor":8.0,"key":"Fire Potion"},{"floor":31,"key":"Guardian:BlockOnCardUsePotion"},{"floor":33,"key":"FearPotion"},{"floor":47,"key":"Fire Potion"}],"is_trial":false,"path_per_floor":["M","?","T","$","?","E","M","M","T","M","M","$","R","M","R","B",null,"M","?","?","M","M","E","R","E","T","R","M","E","$","?","R","B",null,"M","?","?","?","M","E","$","R","T","M","E","?","E","M","R_BF","B",null,null,"R","$","E","B",null],"character_chosen":"DEFECT","items_purchased":["ReplayTheSpireMod:ShopPack","BargainBundle","conspire:GiftBox","Finesse","Cold Snap","Sling","PanachePotion","MostiFishMod:PerfectForm+1","MostiFishMod:Haymaker","DollysMirror","FIFO Queue","Hologram","Streamline","Replay:Rubber Ducky","Defragment","SynthV:MejaisSoulstealer"],"campfire_rested":0,"item_purchase_floors":[4,12,12,12,12,12,12,30,30,41,41,41,41,54,54,54],"current_hp_per_floor":[63,52,52,52,52,22,16,16,16,13,59,59,59,52,52,25,88,29,29,29,8,118,111,111,155,155,155,148,162,162,114,164,166,166,170,170,177,177,179,170,170,181,181,183,185,187,189,191,191,193,193,193,193,193,195,197],"gold":-1319,"neow_bonus":"","is_daily":false,"chose_seed":false,"campfire_upgraded":6,"win_rate":0.0,"timestamp":1613835101,"path_taken":["M","?","?","$","?","E","M","?","T","M","M","$","R","M","R","BOSS","M","?","?","M","?","E","R","E","T","R","M","E","$","?","R","BOSS","M","?","?","?","M","E","$","R","T","M","E","?","E","M","R_BF","BOSS","R","$","E","BOSS"],"items_purchased_type":["Relic","Relic","Relic","Card","Card","Relic","Potion","Card","Relic","Relic","Card","Card","Card","Relic","Card","Relic"],"build_version":"2020-12-22","purchased_purges":1,"victory":true,"max_hp_per_floor":[75,75,75,75,75,75,75,75,75,75,79,79,79,85,85,88,88,94,94,94,116,142,149,149,155,155,155,158,162,162,164,164,166,166,170,170,177,177,179,181,181,181,181,183,185,187,189,191,191,193,193,193,193,193,195,197],"relic_stats":{"counters":[33,94],"Astrolabe":["Seek","Multi-Cast","MostiFishMod:TalkingToTheRain"],"Prayer Wheel":12,"Whetstone":["Strike_B"],"Question Card":22,"obtain_stats":[{"RabbitCall":0,"HonorFeather":25,"AT_ATBox":0,"reliquary:Boomerang":5,"DaveBox":0,"MostiFishMod:Haymaker":30,"AT_MibuBalloonWealth":55,"ice":0,"Whetstone":29,"SkinProphecy":11,"Sling":12,"reliquary:ThirdArm":34,"Old Coin":6,"Replay:Rubber Ducky":54,"CogitoBucket":0,"DollysMirror":41,"Prayer Wheel":8,"reliquary:Buckler":26,"Ring of Shattering":38,"Cracked Core":0,"BargainBundle":12,"SynthV:MejaisSoulstealer":54,"Astrolabe":17,"Quantum Egg":31,"BrkXgEgg":0,"Question Card":43,"Gaze_r":25,"REME:ComplimentaryCards":0,"conspire:GiftBox":12,"Pondfish Scales":45,"SynthV:TestCard":1,"AT_BellowingDragoncrestRing":47,"ats:Originium":6,"CrazyTorch:ReiMu":3,"Simple Rune":23,"BehaviorAdjustment":22,"LetterFromLob":1,"Durian":37,"ReplayTheSpireMod:TigerMarble":40,"HellTrain":35,"ReplayTheSpireMod:Ring of Challenge":38,"CatCart":46,"ReplayTheSpireMod:ShopPack":4},{"RabbitCall":0,"HonorFeather":16,"AT_ATBox":0,"reliquary:Boomerang":1,"DaveBox":0,"MostiFishMod:Haymaker":18,"AT_MibuBalloonWealth":32,"ice":0,"Whetstone":18,"SkinProphecy":7,"Sling":7,"reliquary:ThirdArm":20,"Old Coin":2,"Replay:Rubber Ducky":31,"CogitoBucket":0,"DollysMirror":25,"Prayer Wheel":4,"reliquary:Buckler":16,"Ring of Shattering":23,"Cracked Core":0,"BargainBundle":7,"SynthV:MejaisSoulstealer":31,"Astrolabe":9,"Quantum Egg":19,"BrkXgEgg":0,"Question Card":25,"Gaze_r":15,"REME:ComplimentaryCards":0,"conspire:GiftBox":7,"Pondfish Scales":27,"SynthV:TestCard":1,"AT_BellowingDragoncrestRing":29,"ats:Originium":2,"CrazyTorch:ReiMu":1,"Simple Rune":14,"BehaviorAdjustment":13,"LetterFromLob":1,"Durian":23,"ReplayTheSpireMod:TigerMarble":25,"HellTrain":22,"ReplayTheSpireMod:Ring of Challenge":23,"CatCart":28,"ReplayTheSpireMod:ShopPack":1},{"RabbitCall":0,"HonorFeather":43,"AT_ATBox":0,"reliquary:Boomerang":3,"DaveBox":0,"MostiFishMod:Haymaker":48,"AT_MibuBalloonWealth":91,"ice":0,"Whetstone":48,"SkinProphecy":19,"Sling":19,"reliquary:ThirdArm":55,"Old Coin":8,"Replay:Rubber Ducky":90,"CogitoBucket":0,"DollysMirror":70,"Prayer Wheel":12,"reliquary:Buckler":43,"Ring of Shattering":64,"Cracked Core":0,"BargainBundle":19,"SynthV:MejaisSoulstealer":90,"Astrolabe":27,"Quantum Egg":52,"BrkXgEgg":0,"Question Card":70,"Gaze_r":41,"REME:ComplimentaryCards":0,"conspire:GiftBox":19,"Pondfish Scales":78,"SynthV:TestCard":3,"AT_BellowingDragoncrestRing":84,"ats:Originium":8,"CrazyTorch:ReiMu":3,"Simple Rune":39,"BehaviorAdjustment":37,"LetterFromLob":3,"Durian":64,"ReplayTheSpireMod:TigerMarble":70,"HellTrain":60,"ReplayTheSpireMod:Ring of Challenge":64,"CatCart":81,"ReplayTheSpireMod:ShopPack":3}]},"card_choices":[{"not_picked":["UniverseFragment","MHz","Yin"],"picked":"Singing Bowl","floor":1.0},{"not_picked":["Ball Lightning","BasicCrystalCard"],"picked":"Skim","floor":1.0},{"not_picked":["Crow Ritual","ReplayTheSpireMod:Necrogeddon","Mayhem","Apotheosis"],"picked":"MostiFishMod:KingOfFree","floor":4.0},{"not_picked":["Dark Shackles","Blind","Trip","ReplayTheSpireMod:Trickstab"],"picked":"ReplayUltimateDefense","floor":4.0},{"not_picked":["AT_BreakingExtremeWeapon","Forethought","Mind Blast","Blind"],"picked":"MostiFishMod:Awakening","floor":4.0},{"not_picked":["Wellcheers","WhitesApple","MeatLantern"],"picked":"Singing Bowl","floor":6.0},{"not_picked":["ShyLook","HappyTeddy"],"picked":"SpiderBud","floor":6.0},{"not_picked":["Coolheaded","Ball Lightning","Genetic Algorithm","MostiFishMod:IceShield"],"picked":"MostiFishMod:Nova+1","floor":6.0},{"not_picked":["PunishingBird","Wellcheers","Bloodbath"],"picked":"Singing Bowl","floor":7.0},{"not_picked":["OSAHOGD","ShyLook"],"picked":"MHz","floor":7.0},{"not_picked":["Sweeping Beam","MostiFishMod:Impulse","conspire:Rain","Ball Lightning"],"picked":"AT_ThreeBodyProblem","floor":7.0},{"not_picked":["MeatLantern","OldLady","PunishingBird"],"picked":"Singing Bowl","floor":8.0},{"not_picked":["MostiFishMod:Impulse","AT_ThunderBolt","Streamline","Conserve Battery"],"picked":"Reboot+1","floor":8.0},{"not_picked":["Reinforced Body","Coolheaded","AT_EMC2","Loop","Go for the Eyes"],"picked":"SKIP","floor":8.0},{"not_picked":["LittlePrince","WallGazer","Bloodbath"],"picked":"Singing Bowl","floor":10.0},{"not_picked":["MostiFishMod:Impulse","Hologram","Stack","Sweeping Beam"],"picked":"ReplayTheSpireMod:Dual Polarity","floor":10.0},{"not_picked":["AT_ThreeBodyProblem","Panic Button","Chaos","Beam Cell"],"picked":"Electrodynamics+1","floor":10.0},{"not_picked":["Wellcheers","CrumblingArmor","BlackSwan"],"picked":"Singing Bowl","floor":11.0},{"not_picked":["BasicCrystalCard","Gash","Self Repair","Glacier"],"picked":"AT_HeatAcrobatics","floor":11.0},{"not_picked":["Rip and Tear","Auto Shields","Streamline","Ball Lightning"],"picked":"Hologram","floor":11.0},{"not_picked":["MostiFishMod:Exploitation","Reboot"],"picked":"MostiFishMod:ActiveDefenseSystem","floor":12.0},{"not_picked":["GreedKing","BeautyBeast","BigBadWolf"],"picked":"Singing Bowl","floor":14.0},{"not_picked":["Rebound","Panic Button","Streamline","Hologram"],"picked":"MostiFishMod:Nova+1","floor":14.0},{"not_picked":["AT_ThunderBolt","Force Field","Turbo","Steam Power"],"picked":"Defragment","floor":14.0},{"not_picked":["GalaxyChild","SingingMachine","FairyFestival"],"picked":"Singing Bowl","floor":16.0},{"not_picked":["FairyFestival","ShyLook"],"picked":"HeroicMonk","floor":16.0},{"not_picked":["Biased Cognition+1","MostiFishMod:Distribution+1","MostiFishMod:Overload+1","Seek+1"],"picked":"MostiFishMod:TalkingToTheRain+1","floor":16.0},{"not_picked":["CherryBlossoms","PunishingBird","CrumblingArmor"],"picked":"Singing Bowl","floor":18.0},{"not_picked":["MostiFishMod:ReprogramOld","Skim+1","Turbo+1","Cold Snap"],"picked":"Hologram","floor":18.0},{"not_picked":["ReplayTheSpireMod:System Scan","Skim","Turbo","Cold Snap"],"picked":"Storm","floor":18.0},{"not_picked":["PunishingBird","Murderer","Bloodbath"],"picked":"Singing Bowl","floor":21.0},{"not_picked":["AT_HeatAcrobatics","Rip and Tear","Conserve Battery","Barrage"],"picked":"Compile Driver+1","floor":21.0},{"not_picked":["Conserve Battery+1","Force Field","Melter","Panic Button+1"],"picked":"AT_DarkMatter","floor":21.0},{"not_picked":["BeautyBeast","NakedNest","OldLady"],"picked":"Singing Bowl","floor":22.0},{"not_picked":["AT_ThunderBolt","Gash","BasicCrystalCard","Skim"],"picked":"MostiFishMod:GatherIntelligence+1","floor":22.0},{"not_picked":["Leap","MostiFishMod:PushDownKick","conspire:Rain","conspire:SharedLibrary+1"],"picked":"MostiFishMod:Prepare+1","floor":22.0},{"not_picked":["GreedKing","WallGazer","CrumblingArmor"],"picked":"Singing Bowl","floor":23.0},{"not_picked":["Conserve Battery","Gash+1","Rip and Tear+1","Beam Cell"],"picked":"ReplayTheSpireMod:Dual Polarity","floor":23.0},{"not_picked":["VoidDream","FieryBird"],"picked":"NothingThere","floor":28.0},{"not_picked":["Streamline","Sweeping Beam+1","Glacier","Aggregate"],"picked":"MostiFishMod:FluxCapactior","floor":28.0},{"not_picked":["MostiFishMod:ReprogramOld","Cold Snap","Lockon+1","Redo+1"],"picked":"Time Bomb","floor":28.0},{"not_picked":["BigBird","BigBadWolf","LittleHelper"],"picked":"Singing Bowl","floor":29.0},{"not_picked":["Turbo","Darkness","MostiFishMod:PushDownKick","Chaos+1"],"picked":"Sunder","floor":29.0},{"not_picked":["Laetitia","Scorched","MeatLantern"],"picked":"Singing Bowl","floor":31},{"not_picked":["Undo+1","Cold Snap","AT_RobotInSpace","Conserve Battery"],"picked":"Turbo+1","floor":31},{"not_picked":["ShyLook","FieryBird","CrumblingArmor"],"picked":"Singing Bowl","floor":33},{"not_picked":["Thunder Strike+1","MostiFishMod:IntelligentEquipment+1","Biased Cognition+1","Reboot+1"],"picked":"Creative AI+1","floor":33},{"not_picked":["WhiteNight","CrumblingArmor","WhitesApple"],"picked":"Singing Bowl","floor":35},{"not_picked":["Lockon+1","BasicCrystalCard","Go for the Eyes+1","Loop"],"picked":"ReplayRNGCard+1","floor":35},{"not_picked":["Stack","Cold Snap","Scrape","ReplayTheSpireMod:Dual Polarity"],"picked":"Turbo+1","floor":35},{"not_picked":["LittlePrince","Porccubus","SnowQueen"],"picked":"Singing Bowl","floor":37},{"not_picked":["Skim+1","Streamline","Tempest","Gash"],"picked":"Redo","floor":37},{"not_picked":["VoidDream","WallGazer","Freischutz"],"picked":"Singing Bowl","floor":39},{"not_picked":["Barrage+1","Gash+1","MostiFishMod:ReprogramOld+1","Glacier"],"picked":"Buffer+1","floor":39},{"not_picked":["Storm","Go for the Eyes+1","Heatsinks+1","ReplaySort+1"],"picked":"MostiFishMod:Impulse+1","floor":39},{"not_picked":["VoidDream","LittlePrince","Funeral"],"picked":"Singing Bowl","floor":40},{"not_picked":["Storm+1","Rebound+1","MostiFishMod:ActiveDefenseSystem+1","Redo"],"picked":"Skim+1","floor":40},{"not_picked":["Mercenary","BodiesMountain","MeltingLove"],"picked":"Singing Bowl","floor":44},{"not_picked":["WhiteNight","BodiesMountain"],"picked":"Scarecrow","floor":44},{"not_picked":["Steam","Conserve Battery","Compile Driver","Blizzard","Double Energy"],"picked":"Panic Button+1","floor":44},{"not_picked":["Rebound","ReplayTheSpireMod:Dual Polarity","Ball Lightning","BasicCrystalCard","FTL+1"],"picked":"AT_WarpDrive+1","floor":44},{"not_picked":["SingingMachine","GalaxyChild","UniverseFragment"],"picked":"Singing Bowl","floor":45},{"not_picked":["WhiteNight","NakedNest"],"picked":"BodiesMountain","floor":45},{"not_picked":["Hologram+1","Static Discharge+1","ReplayTheSpireMod:Repulse+1","Rip and Tear","Steam+1"],"picked":"ReplayTheSpireMod:Fabricate Wheel+1","floor":45},{"not_picked":["WallGazer","QueenBee","Bloodbath"],"picked":"Singing Bowl","floor":46},{"not_picked":["Leap+1","Panic Button","Gash","Barrage+1","Ball Lightning"],"picked":"Compile Driver+1","floor":46},{"not_picked":["Mercenary","LongBird"],"picked":"BlueStar","floor":47},{"not_picked":["AT_RightCognition+1","BasicCrystalCard+1","Barrage","AT_HeatAcrobatics+1","BootSequence+1"],"picked":"Double Energy+1","floor":47},{"not_picked":["Scorched","SnowQueen","SingingMachine"],"picked":"Singing Bowl","floor":48},{"not_picked":["ReplaySolidLightProjector+1","Panic Button","Streamline","Chaos+1","Compile Driver+1"],"picked":"MostiFishMod:ReadyAimFire+1","floor":48},{"not_picked":["MostiFishMod:PushDownKick+1","Steam","Compile Driver+1","Rebound","ReplayTheSpireMod:Reroute Power"],"picked":"Turbo","floor":48},{"not_picked":["Ball Lightning+1","AT_HeatAcrobatics+1","Beam Cell+1","Panic Button+1","Gash+1"],"picked":"Crystallizer+1","floor":48},{"not_picked":["UniverseFragment","LittleHelper","WhitesApple"],"picked":"Singing Bowl","floor":55},{"not_picked":["AT_DarkMatter+1","MostiFishMod:Impulse","AT_HeatAcrobatics+1","ReplaySort","Stack"],"picked":"Meteor Strike+1","floor":55}],"player_experience":370982,"relics_obtained":[{"floor":1.0,"key":"SynthV:TestCard"},{"floor":1.0,"key":"LetterFromLob"},{"floor":3.0,"key":"CrazyTorch:ReiMu"},{"floor":6.0,"key":"ats:Originium"},{"floor":6.0,"key":"Old Coin"},{"floor":23.0,"key":"Simple Rune"},{"floor":26.0,"key":"reliquary:Buckler"},{"floor":29.0,"key":"Whetstone"},{"floor":31,"key":"Quantum Egg"},{"floor":37,"key":"Durian"},{"floor":38,"key":"ReplayTheSpireMod:Ring of Challenge"},{"floor":38,"key":"Ring of Shattering"},{"floor":40,"key":"ReplayTheSpireMod:TigerMarble"},{"floor":43,"key":"Question Card"},{"floor":45,"key":"Pondfish Scales"},{"floor":46,"key":"CatCart"},{"floor":47,"key":"AT_BellowingDragoncrestRing"},{"floor":55,"key":"AT_MibuBalloonWealth"}],"event_choices":[{"damage_healed":0.0,"max_hp_gain":0.0,"max_hp_loss":0.0,"gold_gain":75.0,"event_name":"World of Goop","player_choice":"Gather Gold","floor":2.0,"gold_loss":0.0,"damage_taken":11.0},{"damage_healed":0.0,"max_hp_gain":0.0,"max_hp_loss":0.0,"gold_gain":0.0,"event_name":"WeMeetAgain","player_choice":"Paid Gold","floor":5.0,"gold_loss":58.0,"damage_taken":0.0,"relics_obtained":["reliquary:Boomerang"]},{"damage_healed":0.0,"max_hp_gain":0.0,"max_hp_loss":0.0,"gold_gain":0.0,"event_name":"Beggar","player_choice":"Ignored","floor":19.0,"gold_loss":0.0,"damage_taken":0.0},{"damage_healed":0.0,"max_hp_gain":0.0,"max_hp_loss":0.0,"gold_gain":0.0,"event_name":"Purifier","player_choice":"Ignored","floor":20.0,"gold_loss":0.0,"damage_taken":0.0},{"cards_removed":["Sunder"],"damage_healed":0,"gold_gain":0,"player_choice":"Removed Attack","damage_taken":0,"max_hp_gain":0,"max_hp_loss":0,"event_name":"Falling","floor":36,"gold_loss":0},{"damage_healed":0,"gold_gain":0,"player_choice":"Fight","damage_taken":0,"max_hp_gain":0,"max_hp_loss":0,"event_name":"Mysterious Sphere","floor":37,"gold_loss":0},{"damage_healed":0,"gold_gain":0,"player_choice":"Fight","damage_taken":0,"max_hp_gain":0,"max_hp_loss":0,"event_name":"OrinTheCat","floor":46,"gold_loss":0}],"is_beta":false,"boss_relics":[{"not_picked":["Tiny House","Abe\u0027s Treasure"],"picked":"Astrolabe"},{"not_picked":["reliquary:KinkedSpring","RhineFirstAidKit"],"picked":"reliquary:ThirdArm"}],"items_purged_floors":[12],"is_endless":false,"potions_floor_spawned":[6,7,8,22,25,28,31,33,37,39,46,47],"ascension_level":2}}