{"host":"n2sr453jcjz6vvl4","time":1613786447,"event":{"mods":["BaseMod","Colored Map","Minty Spire (QoL Compilation)","Permanent Neow","Relic Stats","StSLib"],"gold_per_floor":[114,124,43,43,63,63,88,102,102,116,116,126,126,140,140,140,140],"floor_reached":16,"language":"ENG","playtime":682,"items_purged":[],"score":114,"play_id":"a8d3e0ec-7379-4e3d-9ff2-d1b8705f346c","local_time":"20210219220047","is_ascension_mode":true,"campfire_choices":[{"data":"Defragment","floor":6,"key":"SMITH"},{"floor":13,"key":"REST"},{"floor":15,"key":"REST"}],"circlet_count":0,"master_deck":["Strike_B","Strike_B","Strike_B","Strike_B","Defend_B","Defend_B","Defend_B+1","Defend_B","Zap","Dualcast","Ball Lightning+1","Go for the Eyes","Defragment+1","Melter","Darkness","Genetic Algorithm","Streamline","Cold Snap","Self Repair"],"relics":["Cracked Core","Omamori","Art of War","Bag of Marbles","SsserpentHead"],"acts_visited":["Exordium"],"potions_floor_usage":[10,12,16],"damage_taken":[{"damage":0,"enemies":"Small Slimes","floor":1,"turns":3},{"damage":0,"enemies":"Cultist","floor":2,"turns":2},{"damage":0,"enemies":"2 Louse","floor":5,"turns":2},{"damage":31,"enemies":"3 Sentries","floor":7,"turns":7},{"damage":6,"enemies":"Red Slaver","floor":8,"turns":3},{"damage":8,"enemies":"3 Louse","floor":10,"turns":2},{"damage":10,"enemies":"2 Fungi Beasts","floor":12,"turns":3},{"damage":9,"enemies":"Exordium Thugs","floor":14,"turns":3},{"damage":43,"enemies":"Slime Boss","floor":16,"turns":7}],"seed_played":"4847198730730219085","potions_obtained":[{"floor":5,"key":"LiquidMemories"},{"floor":10,"key":"AttackPotion"},{"floor":14,"key":"PowerPotion"}],"is_trial":false,"path_per_floor":["M","M","$","?","M","R","E","M","T","M","?","M","R","M","R","B"],"character_chosen":"DEFECT","items_purchased":["Defragment"],"campfire_rested":2,"item_purchase_floors":[3],"current_hp_per_floor":[75,75,75,60,60,60,29,23,23,15,15,5,27,18,40,0,0],"gold":140,"neow_bonus":"RANDOM_COMMON_RELIC","is_daily":false,"chose_seed":false,"campfire_upgraded":1,"win_rate":0.0,"timestamp":1613786447,"path_taken":["M","M","$","?","M","R","E","M","T","M","?","M","R","M","R","BOSS"],"items_purchased_type":["Card"],"build_version":"2020-12-22","purchased_purges":0,"victory":false,"max_hp_per_floor":[75,75,75,75,75,75,75,75,75,75,75,75,75,75,75,75,75],"relic_stats":{"SsserpentHead":0,"counters":[9,32],"Art of War":[3],"obtain_stats":[{"SsserpentHead":11,"Omamori":0,"Art of War":7,"Bag of Marbles":9,"Cracked Core":0},{"SsserpentHead":6,"Omamori":0,"Art of War":4,"Bag of Marbles":5,"Cracked Core":0},{"SsserpentHead":19,"Omamori":0,"Art of War":14,"Bag of Marbles":17,"Cracked Core":0}]},"card_choices":[{"not_picked":["Streamline","Compile Driver"],"picked":"Ball Lightning","floor":1},{"not_picked":["Blizzard","Scrape"],"picked":"Go for the Eyes","floor":2},{"not_picked":["Streamline","Force Field"],"picked":"Melter","floor":5},{"not_picked":["Leap","Scrape"],"picked":"Darkness","floor":7},{"not_picked":["Melter","Ball Lightning"],"picked":"Genetic Algorithm","floor":8},{"not_picked":["Hello World","Stack"],"picked":"Streamline","floor":10},{"not_picked":["Scrape","Doom and Gloom"],"picked":"Cold Snap","floor":12},{"not_picked":["Hologram","Scrape"],"picked":"Self Repair","floor":14}],"player_experience":200750,"relics_obtained":[{"floor":7,"key":"Art of War"},{"floor":9,"key":"Bag of Marbles"}],"event_choices":[{"damage_healed":0,"gold_gain":0,"player_choice":"Entered Light","damage_taken":15,"max_hp_gain":0,"max_hp_loss":0,"event_name":"Shining Light","floor":4,"gold_loss":0,"cards_upgraded":["Ball Lightning","Defend_B"]},{"damage_healed":0,"gold_gain":0,"player_choice":"Trade","damage_taken":0,"relics_obtained":["SsserpentHead"],"max_hp_gain":0,"max_hp_loss":0,"event_name":"FaceTrader","floor":11,"gold_loss":0}],"is_beta":false,"boss_relics":[],"items_purged_floors":[],"is_endless":false,"potions_floor_spawned":[5,10,14],"killed_by":"Slime Boss","ascension_level":2}}