{"host":"i4d8tgqbnmcnjm0a","time":1613798525,"event":{"mods":["BaseMod","Keyboard Shortcuts","Minty Spire (QoL Compilation)"],"gold_per_floor":[367,383,401,20,30,46,71,71,71,90,90,20,51,66,66,66,66],"floor_reached":16,"language":"ENG","playtime":1334,"items_purged":["Regret"],"score":148,"play_id":"8ac6160e-490f-421a-bb6b-8639e87e4667","local_time":"20210220002205","is_ascension_mode":true,"campfire_choices":[{"floor":8,"key":"REST"},{"floor":11,"key":"REST"},{"floor":15,"key":"REST"}],"circlet_count":0,"master_deck":["Strike_G","Strike_G","Strike_G","Strike_G","Strike_G","Defend_G","Defend_G","Defend_G","Defend_G","Defend_G","Survivor","Neutralize","Flying Knee","Bouncing Flask","Leg Sweep","Tactician","Bullet Time","Prepared","Footwork","Catalyst","Reflex"],"relics":["Ring of the Snake","Membership Card","FossilizedHelix","Mummified Hand","Bag of Preparation","Potion Belt"],"acts_visited":["Exordium"],"potions_floor_usage":[6,7,13,16,16],"damage_taken":[{"damage":8,"enemies":"Cultist","floor":1,"turns":4},{"damage":9,"enemies":"2 Louse","floor":2,"turns":4},{"damage":0,"enemies":"Small Slimes","floor":3,"turns":3},{"damage":0,"enemies":"3 Louse","floor":5,"turns":2},{"damage":6,"enemies":"Looter","floor":6,"turns":3},{"damage":41,"enemies":"Gremlin Nob","floor":7,"turns":6},{"damage":0,"enemies":"Blue Slaver","floor":10,"turns":3},{"damage":13,"enemies":"3 Sentries","floor":13,"turns":10},{"damage":7,"enemies":"3 Louse","floor":14,"turns":3},{"damage":50,"enemies":"Slime Boss","floor":16,"turns":14}],"seed_played":"890382993754421086","potions_obtained":[{"floor":5,"key":"Dexterity Potion"},{"floor":6,"key":"Fruit Juice"},{"floor":10,"key":"FearPotion"}],"is_trial":false,"path_per_floor":["M","M","M","$","M","M","E","R","T","M","R","$","E","M","R","B"],"character_chosen":"THE_SILENT","items_purchased":["Membership Card","FossilizedHelix","Footwork","Swift Potion","PowerPotion"],"campfire_rested":3,"item_purchase_floors":[4,4,12,12,12],"current_hp_per_floor":[55,46,46,46,46,45,4,26,26,26,48,48,35,28,50,0,0],"gold":66,"neow_bonus":"TWO_FIFTY_GOLD","is_daily":false,"chose_seed":false,"campfire_upgraded":0,"win_rate":0.0,"timestamp":1613798525,"path_taken":["M","M","M","$","M","M","E","R","T","M","R","?","E","M","R","BOSS"],"items_purchased_type":["Relic","Relic","Card","Potion","Potion"],"build_version":"2020-12-22","purchased_purges":1,"victory":false,"max_hp_per_floor":[70,70,70,70,70,75,75,75,75,75,75,75,75,75,75,75,75],"card_choices":[{"not_picked":["Deadly Poison","Outmaneuver"],"picked":"Flying Knee","floor":1},{"not_picked":["Outmaneuver","Slice"],"picked":"Bouncing Flask","floor":2},{"not_picked":["Bane","Slice"],"picked":"Leg Sweep","floor":3},{"not_picked":["Deflect","Cloak And Dagger"],"picked":"Tactician","floor":5},{"not_picked":["Eviscerate","Expertise","Dagger Spray"],"picked":"SKIP","floor":6},{"not_picked":["Slice","Prepared"],"picked":"Bullet Time","floor":7},{"not_picked":["Dodge and Roll","Bane"],"picked":"Prepared","floor":10},{"not_picked":["Deflect","Sucker Punch"],"picked":"Catalyst","floor":13},{"not_picked":["Dagger Throw","Terror"],"picked":"Reflex","floor":14}],"player_experience":357441,"relics_obtained":[{"floor":7,"key":"Mummified Hand"},{"floor":9,"key":"Bag of Preparation"},{"floor":13,"key":"Potion Belt"}],"event_choices":[],"is_beta":false,"boss_relics":[],"items_purged_floors":[4],"is_endless":false,"potions_floor_spawned":[5,6,10],"killed_by":"Slime Boss","ascension_level":6}}