{"host":"qfskrnw3pl1q86j0","time":1613836209,"event":{"mods":["BaseMod","Block Reminder","Hermit","Marisa????????","Minty Spire (QoL Compilation)","Quick Restart","Random Character Button","Relic Stats","StSLib","The Poker Player","slay the spire mod where everything is the same but ironclad has a cowboy hat"],"gold_per_floor":[11,31,41,56,76,76,76,76,122,122,148,148,166,180,180,280,280,295,305,305,324,334,334,353,373,426,426,446,446,446,479,479,575,575,589,589,220,220,237,237,237,247,247,275,275,147,156,156,156,156,156],"floor_reached":50,"language":"ENG","playtime":1169,"items_purged":[],"score":516,"play_id":"fd3993cc-4bfe-4e62-844d-1cb4f1516760","local_time":"20210220165009","is_ascension_mode":false,"campfire_choices":[{"data":"Bash","floor":6.0,"key":"SMITH"},{"data":"Perfected Strike","floor":8.0,"key":"SMITH"},{"data":"Perfected Strike","floor":10.0,"key":"SMITH"},{"data":"Perfected Strike","floor":15.0,"key":"SMITH"},{"data":"Shrug It Off","floor":23.0,"key":"SMITH"},{"data":"Twin Strike","floor":27.0,"key":"SMITH"},{"data":"Power Through","floor":30.0,"key":"SMITH"},{"data":"Pommel Strike","floor":32.0,"key":"SMITH"},{"data":"Mayhem","floor":41.0,"key":"SMITH"},{"data":"Wild Strike","floor":45.0,"key":"SMITH"},{"floor":49,"key":"DIG"}],"circlet_count":0,"master_deck":["Strike_R","Strike_R","Strike_R","Strike_R","Strike_R","Defend_R","Defend_R","Defend_R","Defend_R","Bash+1","Perfected Strike+1","Battle Trance","Twin Strike+1","Perfected Strike+1","Pommel Strike+1","Perfected Strike+1","Shrug It Off+1","Wild Strike+1","Twin Strike+1","Pommel Strike","Twin Strike+1","Power Through+1","Twin Strike+1","Wild Strike+1","Wild Strike","Mayhem+1","Pommel Strike+1","Armaments+1","Pommel Strike","Wraith"],"relics":["Burning Blood","Shovel","Toy Ornithopter","Singing Bowl","Philosopher\u0027s Stone","Bronze Scales","Bag of Marbles","Sozu","ClockworkSouvenir","Happy Flower","CeramicFish","Pantograph"],"acts_visited":["Exordium","TheCity","TheBeyond"],"potions_floor_usage":[],"damage_taken":[{"damage":1.0,"enemies":"Jaw Worm","floor":1.0,"turns":4.0},{"damage":6.0,"enemies":"2 Louse","floor":2.0,"turns":2.0},{"damage":0.0,"enemies":"Cultist","floor":3.0,"turns":2.0},{"damage":11.0,"enemies":"Blue Slaver","floor":4.0,"turns":4.0},{"damage":1.0,"enemies":"Exordium Wildlife","floor":5.0,"turns":3.0},{"damage":12.0,"enemies":"3 Sentries","floor":11.0,"turns":5.0},{"damage":1.0,"enemies":"Exordium Thugs","floor":13.0,"turns":3.0},{"damage":6.0,"enemies":"Lots of Slimes","floor":14.0,"turns":3.0},{"damage":54.0,"enemies":"Hexaghost","floor":16.0,"turns":5.0},{"damage":8.0,"enemies":"3 Byrds","floor":18.0,"turns":4.0},{"damage":14.0,"enemies":"Shell Parasite","floor":19.0,"turns":2.0},{"damage":0.0,"enemies":"Snecko","floor":21.0,"turns":2.0},{"damage":12.0,"enemies":"Cultist and Chosen","floor":22.0,"turns":3.0},{"damage":0.0,"enemies":"Sentry and Sphere","floor":24.0,"turns":2.0},{"damage":16.0,"enemies":"Centurion and Healer","floor":25.0,"turns":3.0},{"damage":0.0,"enemies":"Snake Plant","floor":28.0,"turns":2.0},{"damage":21.0,"enemies":"Slavers","floor":31.0,"turns":4.0},{"damage":67.0,"enemies":"Champ","floor":33.0,"turns":6.0},{"damage":0.0,"enemies":"3 Darklings","floor":35.0,"turns":3.0},{"damage":0.0,"enemies":"Orb Walker","floor":39.0,"turns":1.0},{"damage":0.0,"enemies":"Transient","floor":42.0,"turns":5.0},{"damage":0.0,"enemies":"3 Darklings","floor":44.0,"turns":2.0},{"damage":98,"enemies":"Donu and Deca","floor":50,"turns":7}],"seed_played":"-107299868698563904","potions_obtained":[{"floor":1.0,"key":"FearPotion"},{"floor":5.0,"key":"Strength Potion"},{"floor":13.0,"key":"LiquidMemories"},{"floor":14.0,"key":"Ancient Potion"},{"floor":16.0,"key":"Block Potion"},{"floor":19.0,"key":"ColorlessPotion"},{"floor":31.0,"key":"BlessingOfTheForge"}],"is_trial":false,"path_per_floor":["M","M","M","M","M","R","?","R","T","R","E","?","M","M","R","B",null,"M","M","$","M","M","R","M","M","T","R","M","?","R","E","R","B",null,"M","?","$","?","M","$","R","M","T","M","R","$","?","?","R","B"],"character_chosen":"IRONCLAD","items_purchased":["Wild Strike","ClockworkSouvenir","Mayhem","Double Tap"],"campfire_rested":0,"item_purchase_floors":[37,37,37,46],"current_hp_per_floor":[80,80,80,75,80,80,85,85,85,85,81,81,86,87,87,41,89,89,81,81,87,81,81,87,77,77,77,83,83,83,76,76,22,93,93,93,93,93,93,93,93,93,93,93,93,93,93,93,93,0,0],"gold":156,"neow_bonus":"ONE_RARE_RELIC","is_daily":false,"chose_seed":false,"campfire_upgraded":10,"win_rate":0.0,"timestamp":1613836209,"path_taken":["M","M","M","M","M","R","?","R","T","R","E","?","M","M","R","BOSS","M","M","$","M","M","R","M","?","T","R","M","?","R","E","R","BOSS","M","?","$","?","?","?","R","M","T","M","R","$","?","?","R","BOSS"],"items_purchased_type":["Card","Relic","Card","Card"],"build_version":"2020-12-22","purchased_purges":0,"victory":false,"max_hp_per_floor":[80,80,80,80,80,80,85,85,85,85,87,87,87,87,87,89,89,91,91,91,91,91,91,91,91,91,91,91,91,91,91,91,93,93,93,93,93,93,93,93,93,93,93,93,93,93,93,93,93,93,93],"relic_stats":{"Sozu":1,"Shovel":1,"Singing Bowl":8,"Happy Flower":[5],"counters":[23,77],"Bronze Scales":[72],"CeramicFish":27,"Pantograph":0,"obtain_stats":[{"Sozu":34,"Shovel":0,"Singing Bowl":11,"Happy Flower":38,"Bronze Scales":26,"CeramicFish":43,"Pantograph":49,"Philosopher\u0027s Stone":17,"Bag of Marbles":31,"Burning Blood":0,"Toy Ornithopter":9,"ClockworkSouvenir":37},{"Sozu":18,"Shovel":0,"Singing Bowl":6,"Happy Flower":19,"Bronze Scales":15,"CeramicFish":21,"Pantograph":22,"Philosopher\u0027s Stone":9,"Bag of Marbles":17,"Burning Blood":0,"Toy Ornithopter":5,"ClockworkSouvenir":19},{"Sozu":59,"Shovel":0,"Singing Bowl":20,"Happy Flower":62,"Bronze Scales":47,"CeramicFish":68,"Pantograph":70,"Philosopher\u0027s Stone":31,"Bag of Marbles":53,"Burning Blood":0,"Toy Ornithopter":15,"ClockworkSouvenir":62}],"Burning Blood":97,"Toy Ornithopter":14},"card_choices":[{"not_picked":["Power Through","Body Slam"],"picked":"Perfected Strike","floor":1.0},{"not_picked":["Sword Boomerang","Carnage","Anger"],"picked":"SKIP","floor":2.0},{"not_picked":["Clothesline","Body Slam"],"picked":"Battle Trance","floor":3.0},{"not_picked":["Corruption","Wild Strike"],"picked":"Twin Strike","floor":4.0},{"not_picked":["Iron Wave","Dropkick"],"picked":"Perfected Strike","floor":5.0},{"not_picked":["Sever Soul","Offering","Pummel"],"picked":"Singing Bowl","floor":11.0},{"not_picked":["True Grit","Armaments"],"picked":"Pommel Strike","floor":13.0},{"not_picked":["Iron Wave","Wild Strike"],"picked":"Perfected Strike","floor":14.0},{"not_picked":["Exhume","Demon Form","Berserk"],"picked":"Singing Bowl","floor":16.0},{"not_picked":["Inflame+1","Rupture+1","Sword Boomerang"],"picked":"Singing Bowl","floor":18.0},{"not_picked":["Blood for Blood+1","Clash+1"],"picked":"Shrug It Off","floor":19.0},{"not_picked":["Sword Boomerang+1","Body Slam+1"],"picked":"Wild Strike","floor":21.0},{"not_picked":["Sword Boomerang+1","True Grit"],"picked":"Twin Strike+1","floor":22.0},{"not_picked":["Burning Pact","Clothesline"],"picked":"Pommel Strike","floor":24.0},{"not_picked":["Pummel+1","Reckless Charge+1"],"picked":"Twin Strike","floor":25.0},{"not_picked":["Sever Soul+1","Reaper"],"picked":"Power Through","floor":28.0},{"not_picked":["Heavy Blade","Berserk"],"picked":"Twin Strike+1","floor":31.0},{"not_picked":["Juggernaut","Reaper","Fiend Fire"],"picked":"Singing Bowl","floor":33.0},{"not_picked":["Dropkick+1","Rampage"],"picked":"Wild Strike+1","floor":35.0},{"not_picked":["Heavy Blade+1","Wild Strike"],"picked":"Pommel Strike+1","floor":39.0},{"not_picked":["Pummel+1","Thunderclap"],"picked":"Armaments+1","floor":42.0},{"not_picked":["Inflame+1","Shrug It Off+1"],"picked":"Pommel Strike","floor":44.0}],"player_experience":1093369,"relics_obtained":[{"floor":9.0,"key":"Toy Ornithopter"},{"floor":11.0,"key":"Singing Bowl"},{"floor":26.0,"key":"Bronze Scales"},{"floor":31.0,"key":"Bag of Marbles"},{"floor":43.0,"key":"CeramicFish"},{"floor":49,"key":"Pantograph"}],"event_choices":[{"damage_healed":0.0,"max_hp_gain":5.0,"max_hp_loss":0.0,"gold_gain":0.0,"event_name":"Big Fish","player_choice":"Donut","floor":7.0,"gold_loss":0.0,"damage_taken":0.0},{"damage_healed":0.0,"max_hp_gain":0.0,"max_hp_loss":0.0,"gold_gain":0.0,"event_name":"Accursed Blacksmith","player_choice":"Forge","floor":12.0,"gold_loss":0.0,"damage_taken":0.0,"cards_upgraded":["Twin Strike"]},{"damage_healed":0.0,"max_hp_gain":0.0,"max_hp_loss":0.0,"gold_gain":0.0,"event_name":"Vampires","player_choice":"Ignored","floor":29.0,"gold_loss":0.0,"damage_taken":0.0},{"damage_healed":0.0,"max_hp_gain":0.0,"max_hp_loss":0.0,"gold_gain":0.0,"event_name":"Tomb of Lord Red Mask","player_choice":"Ignored","floor":36.0,"gold_loss":0.0,"damage_taken":0.0},{"damage_healed":0.0,"max_hp_gain":0.0,"max_hp_loss":0.0,"gold_gain":0.0,"event_name":"WeMeetAgain","player_choice":"Gave Potion","floor":38.0,"gold_loss":0.0,"damage_taken":0.0,"relics_obtained":["Happy Flower"]},{"damage_healed":0,"gold_gain":0,"player_choice":"Ignored","damage_taken":0,"max_hp_gain":0,"max_hp_loss":0,"event_name":"OrinTheCat","floor":47,"gold_loss":0},{"cards_removed":["Double Tap"],"damage_healed":0,"gold_gain":0,"player_choice":"Removed Skill","damage_taken":0,"max_hp_gain":0,"max_hp_loss":0,"event_name":"Falling","floor":48,"gold_loss":0}],"is_beta":false,"boss_relics":[{"not_picked":["Runic Pyramid","SlaversCollar"],"picked":"Philosopher\u0027s Stone"},{"not_picked":["SacredBark","Tiny House"],"picked":"Sozu"}],"items_purged_floors":[],"is_endless":false,"potions_floor_spawned":[1,5,13,14,16,19,22,24,31,39],"killed_by":"Donu and Deca","ascension_level":0}}