{"host":"xltl1aroowo69o4n","time":1613843321,"event":{"mods":["BaseMod","Colored Map","Colored Powertips","Downfall","Koishi","Marisa????????","Minty Spire (QoL Compilation)","Replay The Spire","StSLib","The Cursed","The Hierophant","The Mystic","The Necromancer","The Servant 0.9.4"],"gold_per_floor":[119,132,132,145,160,185,195,195,195,195,221,221,241,258,258,356,356,376,71,71,91,104,104,104,123,123,123,140,140,65,98,98,197,197,217,217,42,61,74,74,99,99,99,99,99,126,179,199,199,199],"floor_reached":51,"language":"ENG","playtime":2548,"items_purged":["downfall:Icky","Writhe"],"score":637,"play_id":"70bd2702-23ad-4f97-b89a-e9ed26939e58","local_time":"20210220124841","is_ascension_mode":false,"campfire_choices":[{"data":"Koishi:JumpScare","floor":8,"key":"SMITH"},{"data":"Koishi:SilentAndRestless","floor":10,"key":"SMITH"},{"floor":12,"key":"REST"},{"data":"Koishi:SubterraneanRose","floor":15,"key":"SMITH"},{"data":"Apotheosis","floor":23,"key":"SMITH"},{"data":"Slimebound:CheckThePlaybook","floor":27,"key":"SMITH"},{"data":"Koishi:MindStellarRelief","floor":29,"key":"SMITH"},{"floor":32,"key":"DIG"},{"data":"Koishi:UnconsciousUprising","floor":40,"key":"SMITH"},{"floor":44,"key":"DIG"},{"floor":49,"key":"DIG"}],"circlet_count":0,"master_deck":["Koishi:BasicStrike","Koishi:BasicStrike","Koishi:BasicStrike","Koishi:BasicStrike","Koishi:BasicDefend","Koishi:BasicDefend","Koishi:BasicDefend","Koishi:BasicDefend","Koishi:Provoke","Koishi:HauntingSlash","Koishi:UnconsciousUprising+1","Koishi:SubconsciousSweep+1","Koishi:JumpScare+1","Koishi:CatchAndRose","Koishi:SilentAndRestless+1","Koishi:HeartfeltFancy","Koishi:PredatoryInstincts","Koishi:SubterraneanRose+1","Koishi:EmbryosDream","Koishi:MindStellarRelief+1","CurseOfTheBell","Koishi:FleetingPhantom","Apotheosis+1","Koishi:Vanish+1","Koishi:LastRemote","Koishi:ParalyzingFear","Koishi:UnconsciousUrges+1","Slimebound:CheckThePlaybook+1","Koishi:CatchAndRose","Koishi:Untouchable+1","Koishi:JumpScare","Koishi:RuptureMind+1","Koishi:ReleaseOfTheId","Koishi:Possession","Koishi:VengefulSpirit","Koishi:MindNumbingTerror+1","Koishi:UnansweredLove+1","Discovery","Secret Technique","Koishi:DreadfulBlow+1","Koishi:UnseenTerror","Koishi:RacingHeart+1"],"relics":["Koishi:ImaginaryFriend","NeowsBlessing","Onion Ring","Replay:Rubber Ducky","Darkstone Periapt","Turnip","Calling Bell","PreservedInsect","Quantum Egg","CaptainsWheel","Enchiridion","Tiny Chest","Simple Rune","Calipers","Snecko Heart","Shovel","Garlic","Whetstone","Replay:WaspNest","Incense Burner","Peace Pipe","ReplayTheSpireMod:Lightbulb"],"acts_visited":["Exordium","TheCity","TheBeyond"],"potions_floor_usage":[31,33,41,47,50,50,50],"damage_taken":[{"damage":0,"enemies":"Small Slimes","floor":1,"turns":1},{"damage":0,"enemies":"Cultist","floor":2,"turns":1},{"damage":0,"enemies":"Jaw Worm","floor":4,"turns":1},{"damage":10,"enemies":"Looter","floor":5,"turns":3},{"damage":7,"enemies":"Replay:BlueRogue","floor":6,"turns":7},{"damage":0,"enemies":"Exordium Wildlife","floor":7,"turns":1},{"damage":31,"enemies":"3 Sentries","floor":11,"turns":9},{"damage":3,"enemies":"Large Slime","floor":13,"turns":4},{"damage":0,"enemies":"Blue Slaver","floor":14,"turns":4},{"damage":44,"enemies":"Slime Boss","floor":16,"turns":14},{"damage":0,"enemies":"Spheric Guardian","floor":18,"turns":6},{"damage":0,"enemies":"Chosen","floor":21,"turns":6},{"damage":9,"enemies":"Snake Plant","floor":22,"turns":4},{"damage":6,"enemies":"Centurion and Healer","floor":25,"turns":7},{"damage":8,"enemies":"Snecko","floor":28,"turns":4},{"damage":2,"enemies":"Gremlin Leader","floor":31,"turns":4},{"damage":25,"enemies":"Collector","floor":33,"turns":10},{"damage":44,"enemies":"3 Darklings","floor":35,"turns":5},{"damage":0,"enemies":"3 Shapes","floor":38,"turns":6},{"damage":20,"enemies":"Sphere and 2 Shapes","floor":39,"turns":6},{"damage":3,"enemies":"Nemesis","floor":41,"turns":3},{"damage":4,"enemies":"Reptomancer","floor":46,"turns":4},{"damage":10,"enemies":"2 Orb Walkers","floor":47,"turns":4},{"damage":0,"enemies":"Writhing Mass","floor":48,"turns":5},{"damage":8,"enemies":"Replay:Hell Engine","floor":50,"turns":9}],"seed_played":"5862833463693667850","potions_obtained":[{"floor":4,"key":"Energy Potion"},{"floor":6,"key":"Death Potion"},{"floor":7,"key":"Strength Potion"},{"floor":25,"key":"LiquidBronze"},{"floor":31,"key":"Dexterity Potion"},{"floor":35,"key":"DistilledChaos"},{"floor":41,"key":"Swift Potion"},{"floor":48,"key":"Adrenaline Potion"}],"is_trial":false,"path_per_floor":["M","M","?","M","M","E","M","R","T","R","E","R","M","M","R","B",null,"M","$","?","M","M","R","?","M","T","R","M","R","$","E","R_BF","B",null,"M","?","$","M","M","R","E","?","T","R","T","E","?","M","R","B",null],"character_chosen":"KOISHI","items_purchased":["Apotheosis","Koishi:Vanish+1","Koishi:LastRemote","Koishi:Possession"],"campfire_rested":1,"item_purchase_floors":[19,19,19,37],"current_hp_per_floor":[60,60,60,60,53,50,52,52,52,52,23,41,47,56,56,17,66,66,66,50,58,53,53,59,65,65,65,65,65,65,67,67,42,72,52,76,76,78,68,68,73,68,68,68,68,78,78,78,78,78],"gold":199,"neow_bonus":"THREE_ENEMY_KILL","is_daily":false,"chose_seed":false,"campfire_upgraded":7,"win_rate":0.0,"timestamp":1613843321,"path_taken":["M","M","?","?","M","E","M","R","T","R","E","R","M","M","R","BOSS","M","$","?","M","M","R","?","M","T","R","M","R","?","E","R_BF","BOSS","M","?","$","M","M","R","E","?","T","R","?","E","?","M","R","BOSS"],"items_purchased_type":["Card","Card","Card","Card"],"build_version":"2020-12-13","purchased_purges":2,"victory":true,"max_hp_per_floor":[60,60,60,60,60,60,60,60,60,60,60,60,60,60,60,60,66,66,66,66,66,66,66,72,72,72,72,72,72,72,72,72,72,72,72,78,78,78,78,78,78,78,78,78,78,78,78,78,78,78],"card_choices":[{"not_picked":["Koishi:StingingMind","Koishi:LastRemote"],"picked":"Koishi:UnconsciousUprising","floor":1},{"not_picked":["Koishi:StingingMind","Koishi:SubterraneanRose"],"picked":"Koishi:SubconsciousSweep","floor":2},{"not_picked":["Koishi:DanmakuParanoia","Koishi:ReflexRadar"],"picked":"Koishi:JumpScare","floor":4},{"not_picked":["Koishi:Jaunt","Koishi:IdleWhim"],"picked":"Koishi:CatchAndRose","floor":5},{"not_picked":["Koishi:ReflexRadar","Koishi:EmbryosDream"],"picked":"Koishi:SilentAndRestless","floor":6},{"not_picked":["Koishi:ReflexRadar","Koishi:Prune"],"picked":"Koishi:HeartfeltFancy","floor":7},{"not_picked":["Koishi:SpiritedAway","Koishi:FidgetySnatcher"],"picked":"Koishi:PredatoryInstincts","floor":11},{"not_picked":["Koishi:Whimsy","Koishi:UnansweredLove"],"picked":"Koishi:SubterraneanRose","floor":13},{"not_picked":["Koishi:Vanish","Koishi:RorschachInDanmaku"],"picked":"Koishi:EmbryosDream","floor":14},{"not_picked":["Koishi:Heartbroken","Koishi:MentalBreakdown"],"picked":"Koishi:MindStellarRelief","floor":16},{"not_picked":["Koishi:UnansweredLove","Koishi:CatchAndRose+1"],"picked":"Koishi:FleetingPhantom","floor":18},{"not_picked":["Koishi:MindNumbingTerror","Koishi:StingingMind+1"],"picked":"Koishi:ParalyzingFear","floor":21},{"not_picked":["Koishi:MentalBreakdown","Koishi:BramblyRoseGarden"],"picked":"Koishi:UnconsciousUrges+1","floor":22},{"not_picked":["Koishi:UnansweredLove+1","Koishi:GeneticsOfTheUnconscious+1"],"picked":"Koishi:CatchAndRose","floor":25},{"not_picked":["Koishi:SubconsciousSweep","Koishi:SprinkleStarAndHeart"],"picked":"Koishi:Untouchable+1","floor":28},{"not_picked":["Koishi:HeartfeltFancy","Koishi:BramblyRoseGarden+1"],"picked":"Koishi:JumpScare","floor":31},{"not_picked":["Koishi:ConditionedTeleport","Koishi:SilentAndRestless"],"picked":"Koishi:RuptureMind","floor":33},{"not_picked":["Koishi:Jaunt+1","Koishi:CatchAndRose"],"picked":"Koishi:ReleaseOfTheId","floor":35},{"not_picked":["Koishi:ParalyzingFear+1","Koishi:ReflexRadar"],"picked":"Koishi:VengefulSpirit","floor":38},{"not_picked":["Koishi:RacingHeart+1","Koishi:RorschachInDanmaku"],"picked":"Koishi:MindNumbingTerror+1","floor":39},{"not_picked":["Koishi:Prune+1","Koishi:Catatonia"],"picked":"Koishi:UnansweredLove+1","floor":41},{"not_picked":["Survey Options","Specialist"],"picked":"Discovery","floor":42},{"not_picked":["Purity","Thinking Ahead"],"picked":"Secret Technique","floor":42},{"not_picked":["Koishi:StingingMind","Koishi:PhilosophyOfTheDespised+1"],"picked":"Koishi:DreadfulBlow+1","floor":46},{"not_picked":["Koishi:HeartfeltFancy","Koishi:FidgetySnatcher"],"picked":"Koishi:UnseenTerror","floor":47},{"not_picked":["Koishi:PhantomStrike+1","Koishi:StingingMind"],"picked":"Koishi:RacingHeart+1","floor":48}],"player_experience":237969,"relics_obtained":[{"floor":3,"key":"Onion Ring"},{"floor":6,"key":"Replay:Rubber Ducky"},{"floor":9,"key":"Darkstone Periapt"},{"floor":11,"key":"Turnip"},{"floor":17,"key":"PreservedInsect"},{"floor":17,"key":"Quantum Egg"},{"floor":17,"key":"CaptainsWheel"},{"floor":20,"key":"Enchiridion"},{"floor":26,"key":"Tiny Chest"},{"floor":31,"key":"Simple Rune"},{"floor":32,"key":"Calipers"},{"floor":41,"key":"Shovel"},{"floor":43,"key":"Garlic"},{"floor":44,"key":"Whetstone"},{"floor":45,"key":"Replay:WaspNest"},{"floor":46,"key":"Incense Burner"},{"floor":47,"key":"Peace Pipe"},{"floor":49,"key":"ReplayTheSpireMod:Lightbulb"}],"event_choices":[{"damage_healed":0,"gold_gain":0,"player_choice":"Relic","damage_taken":0,"max_hp_gain":0,"max_hp_loss":0,"event_name":"Wheel of Change","floor":3,"gold_loss":0},{"damage_healed":0,"gold_gain":0,"player_choice":"Obtained Book","damage_taken":16,"max_hp_gain":0,"max_hp_loss":0,"event_name":"Cursed Tome","floor":20,"gold_loss":0},{"damage_healed":18,"gold_gain":0,"player_choice":"Writhe","damage_taken":0,"max_hp_gain":0,"max_hp_loss":0,"event_name":"Winding Halls","floor":36,"gold_loss":0,"cards_obtained":["Writhe"]},{"damage_healed":0,"gold_gain":0,"player_choice":"Memory 2","damage_taken":5,"max_hp_gain":0,"max_hp_loss":0,"event_name":"SensoryStone","floor":42,"gold_loss":0},{"damage_healed":0,"gold_gain":0,"player_choice":"Fight","damage_taken":0,"max_hp_gain":0,"max_hp_loss":0,"event_name":"Mysterious Sphere","floor":47,"gold_loss":0}],"is_beta":false,"boss_relics":[{"not_picked":["SlaversCollar","Painkiller Herb"],"picked":"Calling Bell"},{"not_picked":["Replay:Wanted Poster","Runic Dome"],"picked":"Snecko Heart"}],"items_purged_floors":[30,37],"is_endless":false,"potions_floor_spawned":[4,6,7,11,25,28,31,35,41,46,48],"ascension_level":0}}