{"host":"buycw3k5d5tgqflx","time":1613843563,"event":{"mods":["AchievementEnabler","Act Like it!","Aspiration","BaseMod","Better Altar","Better Match","Better Note","Better Sensory Stone","Better Skull","Better Third Choice","BetterRewards","GifTheSpireLib","Halation","HexUI Lib","Hubris","Infinite Spire","Koishi","Lobotomy","LobotomyExtend","Minty Spire (QoL Compilation)","Permanent Neow","Quick Restart","Reimu??????","Relic Sorter","Relic Stats","Replay The Spire","Ruina","SacredBarkPlus","StSLib","The Wild Card"],"gold_per_floor":[114,124,140,39,51,51,51],"floor_reached":6,"language":"ENG","playtime":503,"items_purged":[],"score":38,"play_id":"00a24b63-7072-46f8-8202-280597f6ca1b","local_time":"20210220125243","is_ascension_mode":false,"campfire_choices":[],"circlet_count":0,"master_deck":["theWildCard:BasicStrike","theWildCard:BasicStrike","theWildCard:BasicStrike","theWildCard:BasicStrike","theWildCard:BasicDefend","theWildCard:BasicDefend","theWildCard:BasicDefend","theWildCard:BasicDefend","theWildCard:CallToAdventure","theWildCard:Arsene","Wellcheers","theWildCard:Michael","MeltingLove","theWildCard:StingingStrike","FairyFestival","theWildCard:ArcaneArts","theWildCard:UnendingRitual","theWildCard:ArcaneArts","Bloodbath","theWildCard:Unburden"],"relics":["theWildCard:VelvetContract","CogitoBucket","LetterFromLob"],"acts_visited":["Exordium"],"potions_floor_usage":[6],"damage_taken":[{"damage":10,"enemies":"Jaw Worm","floor":1,"turns":3},{"damage":26,"enemies":"2 Louse","floor":2,"turns":4},{"damage":5,"enemies":"Small Slimes","floor":3,"turns":2},{"damage":0,"enemies":"Looter","floor":5,"turns":1},{"damage":28,"enemies":"Gremlin Nob","floor":6,"turns":3}],"seed_played":"-7885912086572596315","potions_obtained":[{"floor":2,"key":"PowerPotion"}],"is_trial":false,"path_per_floor":["M","M","M","$","M","E"],"character_chosen":"THE_WILD_CARD","items_purchased":["theWildCard:UnendingRitual","theWildCard:ArcaneArts"],"campfire_rested":0,"item_purchase_floors":[4,4],"current_hp_per_floor":[50,24,22,22,22,0,0],"gold":51,"neow_bonus":"","is_daily":false,"chose_seed":false,"campfire_upgraded":0,"win_rate":0.0,"timestamp":1613843563,"path_taken":["M","M","M","$","M","E"],"items_purchased_type":["Card","Card"],"build_version":"2020-12-22","purchased_purges":0,"victory":false,"max_hp_per_floor":[60,60,60,60,60,60,60],"relic_stats":{"counters":[5,13],"obtain_stats":[{"theWildCard:VelvetContract":0,"CogitoBucket":0,"LetterFromLob":1},{"theWildCard:VelvetContract":0,"CogitoBucket":0,"LetterFromLob":1},{"theWildCard:VelvetContract":0,"CogitoBucket":0,"LetterFromLob":3}]},"card_choices":[{"not_picked":["UniverseFragment","QueenBee"],"picked":"Wellcheers","floor":1},{"not_picked":["theWildCard:SacrificialStroke","theWildCard:SeveringSlash"],"picked":"theWildCard:Michael","floor":1},{"not_picked":["Murderer","Scarecrow","LittleHelper"],"picked":"Singing Bowl","floor":2},{"not_picked":["MeatLantern","FairyFestival"],"picked":"MeltingLove","floor":2},{"not_picked":["theWildCard:MaskChange","theWildCard:Thanatos"],"picked":"theWildCard:StingingStrike","floor":2},{"not_picked":["Murderer","UniverseFragment","MeatLantern"],"picked":"Singing Bowl","floor":3},{"not_picked":["WallGazer","Scorched"],"picked":"FairyFestival","floor":3},{"not_picked":["theWildCard:EnergizedStroke","theWildCard:BladeOfGenerations"],"picked":"theWildCard:ArcaneArts","floor":3},{"not_picked":["RedShoes","ShyLook"],"picked":"Bloodbath","floor":5},{"not_picked":["theWildCard:Thanatos","theWildCard:SacrificialStroke"],"picked":"theWildCard:Unburden","floor":5}],"player_experience":151714,"relics_obtained":[{"floor":1,"key":"LetterFromLob"}],"event_choices":[],"is_beta":false,"boss_relics":[],"items_purged_floors":[],"is_endless":false,"potions_floor_spawned":[2],"killed_by":"Gremlin Nob","ascension_level":0}}