{"host":"rdkn868dy8jmb7gs","time":1613840836,"event":{"mods":["Act Like it!","Arknights","BaseMod","BetterRewards","Colored Map","Colored Powertips","Custom Start","Gensokyo","Hubris","Marisa£®ÏF”Í°°ƒß¿Ì…≥£©","Minty Spire (QoL Compilation)","Reimu£®≤©¿ˆ¡È√Œ£©","Remilia£®¿Ÿ√◊¿Ú—«£©","Replay The Spire","Spicy Shops","StSLib","The Servant 0.9.4","Youmu£®ªÍ∆«—˝√Œ£©","°æ“≈ŒÔø®≈∆°øREMEMod","ÛÙª÷∏ƒœ"],"gold_per_floor":[113,113,125,10,10,42,62,62,86,114,134,165,4,4,4,100,100,118,118,118,0,18,44,44,74,74,189,33,33,45,370,370,473,473,484,601,646,646,661,692,55,85,85,85,85,237,418,450,36,193,193,19,19,58,91],"floor_reached":56,"language":"ZHS","playtime":2753,"items_purged":["ats:Defend","ats:Blood Oath","Pot Of Greed"],"score":2550,"play_id":"97094eae-707f-4ef7-9ac0-342531757540","local_time":"20210221010716","is_ascension_mode":true,"campfire_choices":[{"data":"ats:Part Time Job","floor":8.0,"key":"SMITH"},{"data":"1","floor":15.0,"key":"LIFT"},{"data":"2","floor":24.0,"key":"LIFT"},{"data":"3","floor":29.0,"key":"LIFT"},{"data":"ats:Phantom","floor":32.0,"key":"SMITH"},{"floor":44.0,"key":"RECALL"}],"circlet_count":0,"master_deck":["AscendersBane","ats:Strike C","ats:Strike G","ats:Strike S","ats:Strike V","ats:Armor Crushing Shot+1","ats:Defend","ats:Defend","ats:Defend","ats:Emotion Absorption","Impervious+1","ats:Literary Storm+1","ats:Thorns","ats:Disruption Kick+1","ats:Curse Doll","ats:Shell Defense","ats:Revitalization","ats:Healing Strengthening","ats:Shadow Raid","ats:Closed Bolt Burst Fire","ats:Thorns","ats:Automatic Cover","ats:Soul Rend+1","ats:Calcification+1","ats:Fractured Body+1","ats:Durian","ats:Disruption Kick+1","ats:Shadow Raid","ats:Phantom+1","ats:Calcification","ats:Wolf Pack+1","ats:Calcification","ats:Wolf Pack","ats:Shadow Assault","ats:Charging Defense","ats:Red Shift","ats:Wolf Pack+1","Pot Of Greed","Pot Of Greed","Pot Of Greed","hubris:DuctTapeCard","ats:Roar Of Ursus"],"relics":["ats:Sanity","REME_ComplimentaryCards","Eternal Feather","HandDrill","ReplayFunnel","Regal Pillow","REME_CardOfGreed","Anchor","Gremlin Food","hubris:BundleOfHerbs","hubris:Icosahedron","ats:Originium","Letter Opener","Boot","Girya","hubris:DuctTape","REME_IWantAll","Runic Dome","hubris:Towel","Gensokyo:SongOfSouls","Replay:Rubber Ducky","Replay:Bottled Steam","Ice Cream","Guide Book","Bottled Flame","Fusion Hammer","AntiCross","ReplayTheSpireMod:Lightbulb","Frozen Eye","PreservedInsect","ClockworkSouvenir","Singing Bowl","Replay:Bottled Eggs","Omamori","REME_ArchaeologicalTools","DollysMirror","Pen Nib","Bottled Lightning","Grinning Jar","Bag of Marbles","ats:Spiritual Recovery","ReplayTheSpireMod:CursedCoin","Mummified Hand","hubris:ToyBattleship"],"acts_visited":["Exordium","Gensokyo:Gensokyo","Gensokyo:Gensokyoer","TheEnding"],"potions_floor_usage":[55,55],"damage_taken":[{"damage":0.0,"enemies":"Gensokyo:Python","floor":1.0,"turns":3.0},{"damage":4.0,"enemies":"Gensokyo:Gryphon","floor":3.0,"turns":2.0},{"damage":0.0,"enemies":"Gensokyo:Aya","floor":6.0,"turns":6.0},{"damage":0.0,"enemies":"Gensokyo:2_Kodama","floor":7.0,"turns":2.0},{"damage":20.0,"enemies":"Gensokyo:Mamizou","floor":10.0,"turns":7.0},{"damage":2.0,"enemies":"Gensokyo:2_Rabbits","floor":11.0,"turns":4.0},{"damage":4.0,"enemies":"Gensokyo:Cirno","floor":12.0,"turns":4.0},{"damage":56.0,"enemies":"Gensokyo:Reimu","floor":16.0,"turns":12.0},{"damage":15.0,"enemies":"Gensokyo:2_Gloops","floor":18.0,"turns":5.0},{"damage":12.0,"enemies":"Gensokyo:Chomper","floor":22.0,"turns":6.0},{"damage":10.0,"enemies":"Gensokyo:Koishi","floor":23.0,"turns":7.0},{"damage":34.0,"enemies":"Gensokyo:Tenshi","floor":25.0,"turns":4.0},{"damage":0.0,"enemies":"Gensokyo:Swordslinger","floor":27.0,"turns":4.0},{"damage":26.0,"enemies":"Gensokyo:Monolith_and_Dog","floor":30.0,"turns":6.0},{"damage":5.0,"enemies":"Gensokyo:Koishi","floor":31.0,"turns":6.0},{"damage":20.0,"enemies":"Gensokyo:Kaguya","floor":33.0,"turns":10.0},{"damage":0.0,"enemies":"Gensokyo:3_Boulders","floor":35.0,"turns":5.0},{"damage":0.0,"enemies":"Gensokyo:AncientGuardian","floor":36.0,"turns":7.0},{"damage":5.0,"enemies":"Gensokyo:AtlasGolem","floor":39.0,"turns":4.0},{"damage":0.0,"enemies":"Gensokyo:Doremy","floor":40.0,"turns":6.0},{"damage":8.0,"enemies":"Gensokyo:Marisa","floor":42.0,"turns":4.0},{"damage":0.0,"enemies":"Gensokyo:3_Boulders","floor":46.0,"turns":4.0},{"damage":0.0,"enemies":"Gensokyo:Doremy","floor":47.0,"turns":8.0},{"damage":0.0,"enemies":"Gensokyo:4_Bats","floor":48.0,"turns":3.0},{"damage":4.0,"enemies":"Gensokyo:Scarlet_Devils","floor":50.0,"turns":6.0},{"damage":0,"enemies":"Shield and Spear","floor":54,"turns":3},{"damage":10,"enemies":"The Heart","floor":55,"turns":4}],"seed_played":"-2271054799344900815","potions_obtained":[{"floor":6.0,"key":"Reflective Coating"},{"floor":7.0,"key":"REME_GoldPotion"},{"floor":10.0,"key":"SteroidPotion"},{"floor":16.0,"key":"Milkshake"},{"floor":27.0,"key":"ZuzhouPotion:ReiMu"},{"floor":40.0,"key":"SteroidPotion"}],"is_trial":false,"path_per_floor":["M","?","M","$","?","E","M","R","T","E","M","E","COS","$","R","B",null,"M","?","?","?","M","E","R","E","T","M","COS","R","M","E","R","B",null,"M","M","?","?","M","E","R","E","T","R","$","M","E","M","R","B",null,"R","$","E","B",null],"character_chosen":"DOCTOR_CLASS","items_purchased":["Eternal Feather","HandDrill","ReplayFunnel","Regal Pillow","REME_CardOfGreed","REME_Flogging","ats:Literary Storm+1","ats:Thorns","Anchor","Gremlin Food","ats:Disruption Kick","hubris:BundleOfHerbs","ats:Curse Doll","ats:Blood Oath","ats:Shell Defense","ats:Healing Strengthening","ats:Shadow Raid","ats:Red Shift","Frozen Eye","PreservedInsect","ClockworkSouvenir","Omamori","REME_ArchaeologicalTools","DollysMirror","Pen Nib","Bottled Lightning","Bag of Marbles","ats:Spiritual Recovery","ReplayTheSpireMod:CursedCoin","Mummified Hand","LiquidMemories"],"campfire_rested":0,"item_purchase_floors":[0,0,0,0,0,0,0,0,0,0,0,0,0,0,0,4,4,41,41,41,41,45,45,45,45,45,49,49,52,52,52],"current_hp_per_floor":[28,35,34,34,34,52,52,64,64,71,79,79,79,79,79,81,84,78,78,78,78,83,85,85,60,60,84,84,85,80,85,85,88,88,88,88,88,88,88,88,88,90,90,90,28,46,94,96,96,96,96,96,96,96,96],"gold":91,"neow_bonus":"","is_daily":false,"chose_seed":false,"campfire_upgraded":2,"win_rate":0.0,"timestamp":1613840836,"path_taken":["M","?","?","$","?","E","M","R","T","E","M","E","COS","?","R","BOSS","M","?","?","?","?","E","R","E","T","M","COS","R","M","E","R","BOSS","M","?","?","?","M","E","R","E","T","R","?","M","E","?","R","BOSS","R","$","E","BOSS"],"items_purchased_type":["Relic","Relic","Relic","Relic","Relic","Card","Card","Card","Relic","Relic","Card","Relic","Card","Card","Card","Card","Card","Card","Relic","Relic","Relic","Relic","Relic","Relic","Relic","Relic","Relic","Relic","Relic","Relic","Potion"],"build_version":"2020-12-22","purchased_purges":3,"victory":true,"max_hp_per_floor":[72,79,79,79,79,79,79,79,79,79,79,79,79,79,79,85,85,85,85,85,85,85,85,85,85,85,85,85,85,85,85,85,88,88,88,88,88,88,88,88,88,90,90,90,90,92,94,96,96,96,96,96,96,96,96],"card_choices":[{"not_picked":["ats:Poison Spread","ats:Absolute Focus","ats:Very Hot Blade"],"picked":"SKIP","floor":1.0},{"not_picked":["ats:Closed Bolt Burst Fire","ats:Thorns"],"picked":"ats:Revitalization","floor":3.0},{"not_picked":["ats:Hammer On","ats:Assault Order"],"picked":"ats:Closed Bolt Burst Fire","floor":6.0},{"not_picked":["ats:Revitalization","ats:Explosion Area Strengthen"],"picked":"ats:Part Time Job","floor":7.0},{"not_picked":["ats:Flame Of Heaven","ats:Leaping Hammer","ats:Very Hot Blade"],"picked":"SKIP","floor":10.0},{"not_picked":["ats:Dogmatic Field","ats:Support Order"],"picked":"ats:Thorns","floor":11.0},{"not_picked":["ats:Thorns","ats:Sword Rain"],"picked":"ats:Automatic Cover","floor":12.0},{"not_picked":["ats:Soul Rend+1","ats:Calcification+1","ats:Ambush+1"],"picked":"Singing Bowl","floor":16.0},{"not_picked":["ats:Fractured Body","ats:Durian","ats:Disruption Kick"],"picked":"Singing Bowl","floor":16.0},{"not_picked":["ats:Revitalization","ats:Cat Scratch","ats:Burning Ground"],"picked":"SKIP","floor":18.0},{"not_picked":["ats:Shell Defense","ats:Collapsing Strike"],"picked":"ats:Shadow Raid","floor":22.0},{"not_picked":["ats:Fractured Body","ats:Red Shift"],"picked":"ats:Phantom","floor":23.0},{"not_picked":["ats:Blood Oath+1","ats:Shell Defense"],"picked":"ats:Calcification","floor":25.0},{"not_picked":["ats:Cat Scratch","ats:Spore Proliferation"],"picked":"ats:Wolf Pack","floor":27.0},{"not_picked":["ats:Very Hot Blade","ats:Absolute Focus","ats:Flexible Camouflage"],"picked":"SKIP","floor":30.0},{"not_picked":["ats:Ignite+1","ats:Curse Doll"],"picked":"ats:Calcification","floor":31.0},{"not_picked":["ats:Wolf Pack","ats:Ambush","ats:Shadow Assault"],"picked":"Singing Bowl","floor":33.0},{"not_picked":["ats:Shell Defense","ats:Consecutive Shot Auto","ats:Closed Bolt Burst Fire"],"picked":"SKIP","floor":35.0},{"not_picked":["ats:Encircling Forest","ats:Flexible Camouflage","ats:Spore Proliferation+1"],"picked":"SKIP","floor":36.0},{"not_picked":["ats:Part Time Job+1","ats:Consecutive Shot Auto","ats:Revitalization"],"picked":"SKIP","floor":39.0},{"not_picked":["ats:Blood Oath+1","ats:Apocalypse"],"picked":"ats:Charging Defense","floor":40.0},{"not_picked":["ats:Guardian Obelisk","ats:Ambush","ats:Support Order"],"picked":"Singing Bowl","floor":42.0},{"not_picked":["ats:Steam Pump+1","ats:Neurotoxin","ats:Explosion Area Strengthen"],"picked":"Singing Bowl","floor":46.0},{"not_picked":["ats:Fractured Body","ats:Ignite+1","ats:Apocalypse+1"],"picked":"Singing Bowl","floor":47.0},{"not_picked":["ats:Overload+1","ats:Powerful Strike","ats:Ignite+1"],"picked":"Singing Bowl","floor":48.0},{"not_picked":["ats:Leaping Hammer","ats:Shell Defense"],"picked":"ats:Roar Of Ursus","floor":54}],"player_experience":492125,"relics_obtained":[{"floor":6.0,"key":"ats:Originium"},{"floor":6.0,"key":"Letter Opener"},{"floor":9.0,"key":"Boot"},{"floor":10.0,"key":"ats:Originium"},{"floor":10.0,"key":"Girya"},{"floor":12.0,"key":"ats:Originium"},{"floor":12.0,"key":"hubris:DuctTape"},{"floor":23.0,"key":"ats:Originium"},{"floor":23.0,"key":"Replay:Bottled Steam"},{"floor":25.0,"key":"Ice Cream"},{"floor":31.0,"key":"Bottled Flame"},{"floor":37.0,"key":"AntiCross"},{"floor":40.0,"key":"ReplayTheSpireMod:Lightbulb"},{"floor":42.0,"key":"Singing Bowl"},{"floor":43.0,"key":"Replay:Bottled Eggs"},{"floor":47.0,"key":"Grinning Jar"},{"floor":54,"key":"hubris:ToyBattleship"}],"event_choices":[],"is_beta":false,"boss_relics":[{"not_picked":["SacredBark","SlaversCollar"],"picked":"Runic Dome"},{"not_picked":["Abe\u0027s Treasure","Velvet Choker"],"picked":"Fusion Hammer"}],"items_purged_floors":[0,41,49],"is_endless":false,"potions_floor_spawned":[6,7,10,16,27,31,36,40,46],"ascension_level":12}}