{"host":"r0earp1tzo6y5weu","time":1613834398,"event":{"mods":["AchievementEnabler","Act Like it!","BaseMod","Colored Map","Colored Powertips","Googly Eyes","Highlight Path","Minty Spire (QoL Compilation)","Quick Restart","StSLib","The Poker Player"],"gold_per_floor":[117,392,407,427,427,427,461,461,484,484,659,659,673,708,708,811,811,828,828,902,916,927,927,927,927],"floor_reached":23,"language":"ENG","playtime":970,"items_purged":[],"score":344,"play_id":"6aa099e5-ccf3-4185-8488-9a09a8db007e","local_time":"20210220161958","is_ascension_mode":true,"metric_token":722,"campfire_choices":[{"floor":6.0,"key":"RECALL"},{"data":"PokerPlayerMod:Diamond1","floor":8.0,"key":"SMITH"},{"data":"PokerPlayerMod:Diamond5","floor":10.0,"key":"SMITH"},{"data":"PokerPlayerMod:TrumpStrike","floor":15.0,"key":"SMITH"}],"circlet_count":0,"master_deck":["PokerPlayerMod:Diamond2","PokerPlayerMod:Diamond2","PokerPlayerMod:Diamond3","PokerPlayerMod:Diamond4","PokerPlayerMod:Diamond6","PokerPlayerMod:Spade1","PokerPlayerMod:Spade2","PokerPlayerMod:Spade3","PokerPlayerMod:Spade4","PokerPlayerMod:Club1","PokerPlayerMod:Club2","PokerPlayerMod:Heart2","PokerPlayerMod:TrumpStrike+1","PokerPlayerMod:BadJoker","PokerPlayerMod:Mulligan","PokerPlayerMod:HotShotCut","PokerPlayerMod:Diamond5","PokerPlayerMod:Diamond5","PokerPlayerMod:Heart9","PokerPlayerMod:WildCard","PokerPlayerMod:Raise"],"relics":["PokerPlayerMod:DeckCase","NeowsBlessing","Potion Belt","Blue Candle","Tiny Chest","Pear","Black Star","PokerPlayerMod:BrokenClock"],"acts_visited":["TheCity"],"potions_floor_usage":[23],"damage_taken":[{"damage":0.0,"enemies":"Jaw Worm","floor":1.0,"turns":1.0},{"damage":0.0,"enemies":"Cultist","floor":3.0,"turns":1.0},{"damage":0.0,"enemies":"2 Louse","floor":4.0,"turns":1.0},{"damage":1.0,"enemies":"Gremlin Nob","floor":7.0,"turns":2.0},{"damage":4.0,"enemies":"Looter","floor":13.0,"turns":2.0},{"damage":1.0,"enemies":"3 Sentries","floor":14.0,"turns":3.0},{"damage":2.0,"enemies":"Slime Boss","floor":16.0,"turns":3.0},{"damage":23.0,"enemies":"Spheric Guardian","floor":18.0,"turns":4.0},{"damage":11.0,"enemies":"2 Thieves","floor":21.0,"turns":2.0},{"damage":37.0,"enemies":"Centurion and Healer","floor":22.0,"turns":4.0},{"damage":0,"enemies":"Book of Stabbing","floor":23,"turns":2}],"seed_played":"-2096199286942993168","potions_obtained":[{"floor":1.0,"key":"Dexterity Potion"},{"floor":12.0,"key":"FairyPotion"},{"floor":12.0,"key":"Block Potion"},{"floor":12.0,"key":"Fire Potion"},{"floor":13.0,"key":"Fire Potion"},{"floor":16.0,"key":"Dexterity Potion"},{"floor":21.0,"key":"ColorlessPotion"}],"is_trial":false,"path_per_floor":["M","?","M","M","?","R","E","R","T","R","?","?","M","E","R","B",null,"M","?","T","M","M","E"],"character_chosen":"THE_POKER_PLAYER","items_purchased":[],"campfire_rested":0,"item_purchase_floors":[],"current_hp_per_floor":[52,52,52,52,45,45,44,44,44,44,44,44,40,49,49,52,62,39,39,39,28,3,3,3,3],"gold":927,"neow_bonus":"THREE_ENEMY_KILL","is_daily":false,"chose_seed":false,"campfire_upgraded":3,"win_rate":0.0,"timestamp":1613834398,"path_taken":["M","?","?","M","?","R","E","R","T","R","?","?","M","E","R","BOSS","M","?","?","M","M","E"],"items_purchased_type":[],"build_version":"2020-12-22","purchased_purges":0,"victory":false,"max_hp_per_floor":[52,52,52,52,52,52,52,52,52,52,52,52,52,62,62,62,62,62,62,62,62,62,62,62,62],"card_choices":[{"not_picked":["PokerPlayerMod:Club1","PokerPlayerMod:Spade6"],"picked":"PokerPlayerMod:HotShotCut","floor":1.0},{"not_picked":["PokerPlayerMod:DartThrow","PokerPlayerMod:CardBurn","PokerPlayerMod:MagicTrick"],"picked":"SKIP","floor":3.0},{"not_picked":["PokerPlayerMod:Diamond1","PokerPlayerMod:Trickery"],"picked":"PokerPlayerMod:Diamond5","floor":4.0},{"not_picked":["PokerPlayerMod:Spade2","PokerPlayerMod:Trickery"],"picked":"PokerPlayerMod:Diamond5","floor":7.0},{"not_picked":["PokerPlayerMod:Manipulation","PokerPlayerMod:Club4"],"picked":"PokerPlayerMod:Heart9","floor":13.0},{"not_picked":["PokerPlayerMod:RiskyBet","PokerPlayerMod:JackOfSpades","PokerPlayerMod:Extraction"],"picked":"SKIP","floor":14.0},{"not_picked":["PokerPlayerMod:Spade10+","PokerPlayerMod:Spade7"],"picked":"PokerPlayerMod:WildCard","floor":16.0},{"not_picked":["PokerPlayerMod:Heart2","PokerPlayerMod:Diamond2","PokerPlayerMod:Manipulation"],"picked":"SKIP","floor":18.0},{"not_picked":["PokerPlayerMod:Spade1","PokerPlayerMod:Diamond1","PokerPlayerMod:Trickery"],"picked":"SKIP","floor":21.0},{"not_picked":["PokerPlayerMod:Club1","PokerPlayerMod:Fold+1"],"picked":"PokerPlayerMod:Raise","floor":22.0}],"player_experience":342969,"relics_obtained":[{"floor":7.0,"key":"Blue Candle"},{"floor":9.0,"key":"Tiny Chest"},{"floor":14.0,"key":"Pear"},{"floor":20.0,"key":"PokerPlayerMod:BrokenClock"}],"event_choices":[{"damage_healed":0.0,"max_hp_gain":0.0,"max_hp_loss":0.0,"gold_gain":275.0,"event_name":"Golden Shrine","player_choice":"Desecrate","floor":2.0,"gold_loss":0.0,"damage_taken":0.0,"cards_obtained":["Regret"]},{"damage_healed":0.0,"max_hp_gain":0.0,"max_hp_loss":0.0,"gold_gain":0.0,"event_name":"Scrap Ooze","player_choice":"Success","floor":5.0,"gold_loss":0.0,"damage_taken":7.0,"relics_obtained":["Potion Belt"]},{"damage_healed":0.0,"max_hp_gain":0.0,"max_hp_loss":0.0,"gold_gain":175.0,"event_name":"Liars Game","player_choice":"AGREE","floor":11.0,"gold_loss":0.0,"damage_taken":0.0,"cards_obtained":["Doubt"]},{"damage_healed":0.0,"max_hp_gain":0.0,"max_hp_loss":0.0,"gold_gain":0.0,"event_name":"Lab","player_choice":"Got Potions","floor":12.0,"gold_loss":0.0,"damage_taken":0.0},{"cards_removed":["Doubt","Regret"],"damage_healed":0.0,"max_hp_gain":0.0,"max_hp_loss":0.0,"gold_gain":0.0,"event_name":"Fountain of Cleansing","player_choice":"Removed Curses","floor":19.0,"gold_loss":0.0,"damage_taken":0.0}],"is_beta":false,"boss_relics":[{"not_picked":["Astrolabe","Fusion Hammer"],"picked":"Black Star"}],"items_purged_floors":[],"is_endless":false,"potions_floor_spawned":[1,13,16,21],"killed_by":"Book of Stabbing","ascension_level":3}}