{"host":"ox77rn1xcurm2t5a","time":1613782378,"event":{"mods":["2.2 Compatiblity","AchievementEnabler","Act Like it!","Aspiration","BaseMod","Best Route Mod","Better Match","Better Note","Better Sensory Stone","Block Reminder","Colored Map","Colored Powertips","Conjunction","Conspire","Custom Start","Energized Spire","GifTheSpireLib","Gold Saver","Gremlin Skip","Halation","Highlight Path","Hubris","Infinite Spire","Minty Spire (QoL Compilation)","Pale of the Ancients","Quick Restart","Reliquary","Replay The Spire","Reworked Bosses","ShortenTheSpire","Spire Exporter","StSLib","Stuff the Spire","Wandering Minibosses"],"gold_per_floor":[181,36,54,73,84,84,111,121,121,121,137,137,137,152,152,247,247,257,257,275,375,76,76,76,96,169,169,169],"floor_reached":27,"language":"ENG","playtime":674,"items_purged":["Strike_R"],"score":301,"play_id":"631f4f92-af88-41b3-a65a-fa0e5e072428","local_time":"20210220025258","is_ascension_mode":true,"campfire_choices":[{"data":"Flex","floor":6.0,"key":"SMITH"},{"floor":10.0,"key":"RECALL"},{"data":"Flex","floor":13.0,"key":"SMITH"},{"data":"Clash","floor":15.0,"key":"SMITH"},{"floor":23.0,"key":"REST"},{"data":"Clash","floor":23.0,"key":"SMITH"}],"circlet_count":0,"master_deck":["Strike_R","Strike_R","Strike_R","Defend_R","Defend_R","Defend_R","Defend_R","Bash+1","Flex+1","Clash+1","Flex+1","Clash+1"],"relics":["Burning Blood","infinitespire:WardingShard","infinitespire:Magic Flask"],"acts_visited":["Exordium","TheCity"],"potions_floor_usage":[],"damage_taken":[{"damage":6.0,"enemies":"Cultist","floor":1.0,"turns":3.0},{"damage":1.0,"enemies":"Small Slimes","floor":3.0,"turns":2.0},{"damage":3.0,"enemies":"2 Louse","floor":4.0,"turns":2.0},{"damage":0.0,"enemies":"Looter","floor":5.0,"turns":3.0},{"damage":40.0,"enemies":"Gremlin Nob","floor":7.0,"turns":5.0},{"damage":0.0,"enemies":"Blue Slaver","floor":8.0,"turns":2.0},{"damage":0.0,"enemies":"Exordium Wildlife","floor":11.0,"turns":2.0},{"damage":0.0,"enemies":"3 Louse","floor":14.0,"turns":2.0},{"damage":51.0,"enemies":"Fading Forest","floor":16.0,"turns":11.0},{"damage":23.0,"enemies":"2 Thieves","floor":18.0,"turns":4.0},{"damage":18.0,"enemies":"Chosen","floor":20.0,"turns":5.0},{"damage":40.0,"enemies":"Snecko","floor":25.0,"turns":7.0},{"damage":36,"enemies":"Gremlin Leader","floor":27,"turns":10}],"seed_played":"7042930901018708832","potions_obtained":[{"floor":1.0,"key":"Block Potion"},{"floor":7.0,"key":"DistilledChaos"},{"floor":8.0,"key":"Energy Potion"},{"floor":14.0,"key":"GamblersBrew"},{"floor":18.0,"key":"Reflective Coating"}],"is_trial":false,"path_per_floor":["M","$","M","M","M","R","E","M","T","R","M","?","R","M","R","B",null,"M","?","M","?","$","R","?","M","T","E"],"character_chosen":"IRONCLAD","items_purchased":["Clash","Flex","infinitespire:Magic Flask"],"campfire_rested":1,"item_purchase_floors":[2,2,22],"current_hp_per_floor":[72,72,77,80,80,80,46,52,52,52,58,58,58,64,64,27,67,50,50,38,38,38,62,70,36,36,0,0],"gold":169,"neow_bonus":"UPGRADE_CARD","is_daily":false,"chose_seed":false,"campfire_upgraded":4,"win_rate":0.0,"timestamp":1613782378,"path_taken":["M","$","M","M","?","R","E","M","T","R","M","?","R","M","R","BOSS","M","?","M","?","$","R","?","M","T","E"],"items_purchased_type":["Card","Card","Relic"],"build_version":"2020-12-22","purchased_purges":1,"victory":false,"max_hp_per_floor":[80,80,80,80,80,80,80,80,80,80,80,80,80,80,80,80,80,80,80,80,80,80,80,80,80,80,80,80],"card_choices":[{"not_picked":["Replay:Undeath\u0027s Touch","Clothesline"],"picked":"Flex","floor":1.0},{"not_picked":["Run Through","Seeing Red","Heavy Blade"],"picked":"SKIP","floor":3.0},{"not_picked":["Twin Strike","hubris:SharpeningStone","Entrench"],"picked":"SKIP","floor":4.0},{"not_picked":["Run Through","Heavy Blade","Armaments"],"picked":"SKIP","floor":5.0},{"not_picked":["Flex","Replay:Many Hands"],"picked":"Clash","floor":7.0},{"not_picked":["infinitespire:OneForAll","Seeing Red","Defy Death"],"picked":"SKIP","floor":8.0},{"not_picked":["Bloodletting","Entrench","hubris:SharpeningStone"],"picked":"SKIP","floor":11.0},{"not_picked":["Clothesline","Ghostly Armor","Replay:Undeath\u0027s Touch"],"picked":"SKIP","floor":14.0},{"not_picked":["Flex","Shrug It Off","StuffTheSpire:Resist"],"picked":"SKIP","floor":18.0},{"not_picked":["Rupture","Warcry","Havoc"],"picked":"SKIP","floor":20.0},{"not_picked":["Infernal Blade","ReplayTheSpireMod:Stacked+1","True Grit+1"],"picked":"SKIP","floor":25.0}],"player_experience":3202206,"relics_obtained":[{"floor":9.0,"key":"infinitespire:WardingShard"}],"event_choices":[{"damage_healed":0.0,"max_hp_gain":0.0,"max_hp_loss":0.0,"gold_gain":0.0,"event_name":"conspire:LoneGhost","player_choice":"Disagree","floor":12.0,"gold_loss":0.0,"damage_taken":0.0},{"cards_removed":["Strike_R"],"damage_healed":0.0,"max_hp_gain":0.0,"max_hp_loss":0.0,"gold_gain":0.0,"event_name":"Bonfire Elementals","player_choice":"Offered Basic","floor":19.0,"gold_loss":0.0,"damage_taken":0.0},{"damage_healed":0.0,"max_hp_gain":0.0,"max_hp_loss":0.0,"gold_gain":100.0,"event_name":"Golden Shrine","player_choice":"Pray","floor":21.0,"gold_loss":0.0,"damage_taken":0.0}],"is_beta":false,"boss_relics":[{"not_picked":["reliquary:Craggleroot","Replay:Drink Me","hubris:CrackedHourglass"]}],"items_purged_floors":[2],"is_endless":false,"potions_floor_spawned":[1,7,8,14,18],"killed_by":"Gremlin Leader","ascension_level":8}}