{"host":"bvp2uifzy1c463d9","time":1613864067,"event":{"mods":["AchievementEnabler","BaseMod","Better Note","Block Reminder","Bossed Relics","Colored Map","Colored Powertips","Highlight Path","Minty Spire (QoL Compilation)","Relic Sorter","Relic Stats","Replay The Spire","StSLib"],"gold_per_floor":[115,130,27,102,55,67,67,67,67,67,101,112,131,158,158,258,258,277,277,27,27,70,70,70],"floor_reached":23,"language":"ENG","playtime":850,"items_purged":[],"score":227,"play_id":"0ca701ef-be56-4ad5-aa89-d6a1591ea3d7","local_time":"20210220173427","is_ascension_mode":true,"campfire_choices":[{"data":"Hologram","floor":7,"key":"SMITH"},{"data":"Streamline","floor":10,"key":"SMITH"},{"floor":15,"key":"REST"}],"circlet_count":0,"master_deck":["Strike_B","Strike_B","Strike_B","Strike_B","Defend_B","Defend_B","Defend_B","Defend_B","Zap","Dualcast","Hologram+1","Streamline+1","Sunder+1","Rebound","Stack+1","Conserve Battery","Reprogram","Stack+1","Beam Cell","ReplayTheSpireMod:Splinters","Fusion","Conserve Battery+1"],"relics":["Runic Pyramid","Replay:Bottled Eggs","Replay:Accelerometer","Replay:Wax Seal","Runic Dome","Meat on the Bone","Enchiridion","Replay:Ringing Soul"],"acts_visited":["Exordium","TheCity"],"potions_floor_usage":[18],"damage_taken":[{"damage":3,"enemies":"Jaw Worm","floor":1,"turns":5},{"damage":4,"enemies":"2 Louse","floor":2,"turns":3},{"damage":12,"enemies":"Small Slimes","floor":6,"turns":3},{"damage":6,"enemies":"3 Sentries","floor":11,"turns":5},{"damage":0,"enemies":"2 Fungi Beasts","floor":12,"turns":3},{"damage":14,"enemies":"Lots of Slimes","floor":13,"turns":6},{"damage":13,"enemies":"Gremlin Nob","floor":14,"turns":3},{"damage":25,"enemies":"Hexaghost","floor":16,"turns":12},{"damage":18,"enemies":"2 Thieves","floor":18,"turns":4},{"damage":47,"enemies":"Slavers","floor":23,"turns":3}],"seed_played":"-7577423233007604178","potions_obtained":[{"floor":2,"key":"BlessingOfTheForge"},{"floor":6,"key":"Reflective Coating"},{"floor":14,"key":"Adrenaline Potion"}],"is_trial":false,"path_per_floor":["M","M","$","?","$","M","R","?","T","R","E","M","M","E","R","B",null,"M","?","$","?","?","E"],"character_chosen":"DEFECT","items_purchased":["Sunder+1","Rebound","Stack","Meat on the Bone"],"campfire_rested":1,"item_purchase_floors":[3,3,5,20],"current_hp_per_floor":[72,68,68,57,57,45,45,45,45,45,39,39,25,12,34,9,75,57,57,57,41,44,0,0],"gold":70,"neow_bonus":"BOSS_RELIC","is_daily":false,"chose_seed":false,"campfire_upgraded":2,"win_rate":0.0,"timestamp":1613864067,"path_taken":["M","M","$","?","$","M","R","?","T","R","E","?","M","E","R","BOSS","M","?","$","?","?","E"],"items_purchased_type":["Card","Card","Card","Relic"],"build_version":"2020-12-22","purchased_purges":0,"victory":false,"max_hp_per_floor":[75,75,75,75,75,75,75,75,75,75,75,75,75,75,75,75,75,75,75,75,75,78,78,78],"relic_stats":{"counters":[10,47],"obtain_stats":[{"Replay:Accelerometer":11,"Runic Dome":17,"Replay:Ringing Soul":22,"Enchiridion":21,"Replay:Bottled Eggs":9,"Replay:Wax Seal":14,"Cracked Core":0,"Runic Pyramid":0,"Meat on the Bone":20},{"Replay:Accelerometer":4,"Runic Dome":8,"Replay:Ringing Soul":9,"Enchiridion":9,"Replay:Bottled Eggs":3,"Replay:Wax Seal":7,"Cracked Core":0,"Runic Pyramid":0,"Meat on the Bone":9},{"Replay:Accelerometer":16,"Runic Dome":40,"Replay:Ringing Soul":44,"Enchiridion":44,"Replay:Bottled Eggs":11,"Replay:Wax Seal":28,"Cracked Core":0,"Runic Pyramid":0,"Meat on the Bone":44}],"Meat on the Bone":0},"card_choices":[{"not_picked":["Barrage","Cold Snap"],"picked":"Hologram","floor":1},{"not_picked":["Barrage","Chill"],"picked":"Streamline","floor":2},{"not_picked":["ReplayTheSpireMod:Calculation Training","Steam","Amplify"],"picked":"SKIP","floor":6},{"not_picked":["Cold Snap","Steam"],"picked":"Conserve Battery","floor":11},{"not_picked":["Consume","Redo"],"picked":"Reprogram","floor":12},{"not_picked":["ReplayTheSpireMod:Calculation Training","Ball Lightning"],"picked":"Stack","floor":13},{"not_picked":["BasicCrystalCard","Panic Button"],"picked":"Beam Cell","floor":14},{"not_picked":["Hologram","Hello World","ReplayTheSpireMod:Reroute Power"],"picked":"SKIP","floor":18},{"not_picked":["Leap","Turbo"],"picked":"Fusion","floor":22},{"not_picked":["Thunder Strike","Hologram"],"picked":"Conserve Battery+1","floor":22}],"player_experience":259929,"relics_obtained":[{"floor":9,"key":"Replay:Bottled Eggs"},{"floor":11,"key":"Replay:Accelerometer"},{"floor":14,"key":"Replay:Wax Seal"},{"floor":21,"key":"Enchiridion"},{"floor":22,"key":"Replay:Ringing Soul"}],"event_choices":[{"damage_healed":0,"gold_gain":75,"player_choice":"Gather Gold","damage_taken":11,"max_hp_gain":0,"max_hp_loss":0,"event_name":"World of Goop","floor":4,"gold_loss":0},{"damage_healed":0,"gold_gain":0,"player_choice":"Ignored","damage_taken":0,"max_hp_gain":0,"max_hp_loss":0,"event_name":"Vampires","floor":19,"gold_loss":0},{"damage_healed":0,"gold_gain":0,"player_choice":"Obtained Book","damage_taken":16,"max_hp_gain":0,"max_hp_loss":0,"event_name":"Cursed Tome","floor":21,"gold_loss":0}],"is_beta":false,"boss_relics":[{"not_picked":["Ectoplasm","Busted Crown"],"picked":"Runic Dome"}],"items_purged_floors":[],"is_endless":false,"potions_floor_spawned":[2,6,14,16],"killed_by":"Slavers","ascension_level":3}}