{"host":"em7glxdljexkv14i","time":1613825228,"event":{"mods":["AchievementEnabler","BaseMod","Better Altar","Better Match","Better Note","Better Sensory Stone","Better Skull","Better Third Choice","Block Reminder","Colored Powertips","Curses Come First","Dark Map","Highlight Path","Minty Spire (QoL Compilation)","Quick Restart","Rare Cards Sparkle","StSLib"],"gold_per_floor":[119,119,137,362,393,440,465,148,173,173,208,221,221,235,235,337,337,357,369,329,329,340,365,376,393,393,393,406,406,406,426,426,521,521,534,553,553,553,553,553,578,578,601,601,301,301,320,333,333,333,333],"floor_reached":50,"language":"ENG","playtime":2899,"items_purged":[],"score":629,"play_id":"bf4a1b3f-b538-46d0-ad3e-02649352ef2a","local_time":"20210220124708","is_ascension_mode":false,"campfire_choices":[{"floor":10,"key":"REST"},{"floor":15,"key":"REST"},{"floor":32,"key":"REST"},{"floor":40,"key":"REST"},{"floor":42,"key":"REST"},{"floor":44,"key":"REST"},{"floor":49,"key":"REST"}],"circlet_count":0,"master_deck":["Strike_P","Strike_P","Strike_P","Strike_P","Defend_P","Defend_P","Defend_P","Eruption","Vigilance","Consecrate","ReachHeaven","Consecrate+1","Wallop","PathToVictory","SandsOfTime+1","FollowUp","FlurryOfBlows","BowlingBash","Ragnarok","CurseOfTheBell","WheelKick+1","FlyingSleeves+1","CutThroughFate+1","FlurryOfBlows+1","Swivel","PathToVictory","CarveReality","PathToVictory","Judgement","EmptyBody+1","Halt","DevaForm","Protect+1","Writhe","Body Slam+1","Protect+1"],"relics":["PureWater","NeowsBlessing","Toy Ornithopter","MawBank","Bag of Marbles","Calipers","Whetstone","Damaru","Ancient Tea Set","Calling Bell","PreservedInsect","Meat on the Bone","Incense Burner","Pen Nib","White Beast Statue","betterThird:NestCultRelic","CaptainsWheel","Fusion Hammer","Sundial","Boot","Juzu Bracelet","PrismaticShard"],"acts_visited":["Exordium","TheCity","TheBeyond"],"potions_floor_usage":[6,12,14,16,18,19,22,22,23,24,28,31,41,41,41,47,48,50],"damage_taken":[{"damage":0,"enemies":"Jaw Worm","floor":1,"turns":1},{"damage":0,"enemies":"Cultist","floor":3,"turns":1},{"damage":0,"enemies":"2 Louse","floor":5,"turns":1},{"damage":14,"enemies":"3 Sentries","floor":6,"turns":5},{"damage":10,"enemies":"Blue Slaver","floor":7,"turns":3},{"damage":27,"enemies":"Lagavulin","floor":11,"turns":4},{"damage":2,"enemies":"Gremlin Gang","floor":12,"turns":3},{"damage":0,"enemies":"Exordium Thugs","floor":14,"turns":2},{"damage":29,"enemies":"Hexaghost","floor":16,"turns":6},{"damage":15,"enemies":"2 Thieves","floor":18,"turns":3},{"damage":22,"enemies":"Shell Parasite","floor":19,"turns":4},{"damage":37,"enemies":"Snake Plant","floor":22,"turns":2},{"damage":0,"enemies":"Gremlin Leader","floor":23,"turns":1},{"damage":12,"enemies":"Centurion and Healer","floor":24,"turns":5},{"damage":10,"enemies":"Sentry and Sphere","floor":25,"turns":3},{"damage":29,"enemies":"Snake Plant","floor":28,"turns":4},{"damage":0,"enemies":"Snecko","floor":31,"turns":4},{"damage":58,"enemies":"Collector","floor":33,"turns":9},{"damage":12,"enemies":"3 Shapes","floor":35,"turns":3},{"damage":10,"enemies":"Orb Walker","floor":36,"turns":5},{"damage":0,"enemies":"Nemesis","floor":41,"turns":1},{"damage":0,"enemies":"Maw","floor":47,"turns":6},{"damage":21,"enemies":"Writhing Mass","floor":48,"turns":5},{"damage":80,"enemies":"Awakened One","floor":50,"turns":4}],"seed_played":"4110639044833163111","potions_obtained":[{"floor":1,"key":"Fire Potion"},{"floor":11,"key":"SkillPotion"},{"floor":12,"key":"Dexterity Potion"},{"floor":14,"key":"Block Potion"},{"floor":16,"key":"Fire Potion"},{"floor":18,"key":"AttackPotion"},{"floor":20,"key":"Explosive Potion"},{"floor":20,"key":"Ambrosia"},{"floor":20,"key":"AttackPotion"},{"floor":22,"key":"DistilledChaos"},{"floor":23,"key":"Block Potion"},{"floor":28,"key":"SpeedPotion"},{"floor":31,"key":"FairyPotion"},{"floor":33,"key":"GamblersBrew"},{"floor":35,"key":"SteroidPotion"},{"floor":36,"key":"Regen Potion"},{"floor":41,"key":"Weak Potion"},{"floor":47,"key":"Dexterity Potion"},{"floor":48,"key":"Fire Potion"}],"is_trial":false,"path_per_floor":["M","?","M","?","M","E","M","$","T","R","E","M","T","M","R","B",null,"M","M","?","?","M","E","M","M","T","?","M","?","?","M","R","B",null,"M","M","?","?","?","R","E","R","T","R","$","?","M","M","R","B"],"character_chosen":"WATCHER","items_purchased":["SandsOfTime","Calipers","Juzu Bracelet","PrismaticShard"],"campfire_rested":7,"item_purchase_floors":[8,8,45,45],"current_hp_per_floor":[72,72,72,26,26,17,7,7,7,28,1,4,4,9,30,6,72,57,40,40,40,25,42,47,37,37,37,25,25,18,35,56,33,72,60,50,36,36,36,57,72,72,72,72,72,72,72,56,72,0,0],"gold":333,"neow_bonus":"THREE_ENEMY_KILL","is_daily":false,"chose_seed":false,"campfire_upgraded":0,"win_rate":0.0,"timestamp":1613825228,"path_taken":["M","?","?","?","M","E","M","?","T","R","E","M","?","M","R","BOSS","M","M","?","?","M","E","M","?","T","?","M","?","?","M","R","BOSS","M","M","?","?","?","R","E","R","T","R","$","?","M","M","R","BOSS"],"items_purchased_type":["Card","Relic","Relic","Relic"],"build_version":"2020-12-22","purchased_purges":0,"victory":false,"max_hp_per_floor":[72,72,72,72,72,72,72,72,72,72,72,72,72,72,72,72,72,72,72,72,72,72,72,72,72,72,72,72,72,72,72,72,72,72,72,72,72,72,72,72,72,72,72,72,72,72,72,72,72,72,72],"card_choices":[{"not_picked":["CutThroughFate","Swivel"],"picked":"Consecrate","floor":1},{"not_picked":["Evaluate","EmptyBody"],"picked":"ReachHeaven","floor":3},{"not_picked":["Weave","Conclude"],"picked":"Consecrate","floor":5},{"not_picked":["SashWhip","DeceiveReality"],"picked":"Wallop","floor":6},{"not_picked":["Sanctity","Pray"],"picked":"PathToVictory","floor":7},{"not_picked":["CrushJoints","Sanctity"],"picked":"FollowUp","floor":11},{"not_picked":["FlyingSleeves","WindmillStrike"],"picked":"FlurryOfBlows","floor":12},{"not_picked":["SashWhip","Evaluate"],"picked":"BowlingBash","floor":14},{"not_picked":["Omniscience","ConjureBlade"],"picked":"Ragnarok","floor":16},{"not_picked":["Halt","ClearTheMind"],"picked":"WheelKick+1","floor":18},{"not_picked":["Swivel+1","PathToVictory"],"picked":"FlyingSleeves+1","floor":19},{"not_picked":["ClearTheMind","MasterReality"],"picked":"CutThroughFate+1","floor":22},{"not_picked":["PathToVictory","Protect"],"picked":"FlurryOfBlows+1","floor":23},{"not_picked":["EmptyBody+1","Weave"],"picked":"Swivel","floor":24},{"not_picked":["Conclude","EmptyFist"],"picked":"PathToVictory","floor":25},{"not_picked":["CutThroughFate","Sanctity"],"picked":"CarveReality","floor":28},{"not_picked":["EmptyFist","BattleHymn"],"picked":"PathToVictory","floor":31},{"not_picked":["LessonLearned","Establishment"],"picked":"Judgement","floor":33},{"not_picked":["BattleHymn","Conclude"],"picked":"EmptyBody+1","floor":35},{"not_picked":["CrushJoints+1","Protect"],"picked":"Halt","floor":36},{"not_picked":["Evaluate","EmptyBody"],"picked":"Protect+1","floor":41},{"not_picked":["ClearTheMind+1","Hello World+1"],"picked":"Body Slam+1","floor":47},{"not_picked":["Reflex","Ball Lightning+1"],"picked":"Protect+1","floor":48}],"player_experience":18571,"relics_obtained":[{"floor":6,"key":"Bag of Marbles"},{"floor":9,"key":"Whetstone"},{"floor":11,"key":"Damaru"},{"floor":13,"key":"Ancient Tea Set"},{"floor":17,"key":"PreservedInsect"},{"floor":17,"key":"Meat on the Bone"},{"floor":17,"key":"Incense Burner"},{"floor":23,"key":"Pen Nib"},{"floor":26,"key":"White Beast Statue"},{"floor":41,"key":"Sundial"},{"floor":43,"key":"Boot"}],"event_choices":[{"damage_healed":0,"gold_gain":0,"cards_transformed":["Defend_P"],"player_choice":"Transformed","damage_taken":0,"max_hp_gain":0,"max_hp_loss":0,"event_name":"Transmorgrifier","floor":2,"gold_loss":0,"cards_obtained":["BattleHymn"]},{"damage_healed":0,"gold_gain":225,"player_choice":"GO GO RE RE ","damage_taken":52,"relics_obtained":["Toy Ornithopter","MawBank"],"max_hp_gain":0,"max_hp_loss":0,"event_name":"betterSkull:BetterSkull","floor":4,"gold_loss":0,"cards_upgraded":[]},{"damage_healed":0,"gold_gain":0,"player_choice":"Bought 3 Potions","damage_taken":0,"max_hp_gain":0,"max_hp_loss":0,"event_name":"The Woman in Blue","floor":20,"gold_loss":0},{"cards_removed":["SandsOfTime"],"damage_healed":0,"gold_gain":0,"player_choice":"Give","damage_taken":0,"max_hp_gain":0,"max_hp_loss":0,"event_name":"betterNote:BetterNote","floor":21,"gold_loss":0,"cards_obtained":["None"]},{"damage_healed":0,"gold_gain":0,"player_choice":"Madness","damage_taken":0,"relics_obtained":["betterThird:NestCultRelic"],"max_hp_gain":0,"max_hp_loss":0,"event_name":"betterThird:BetterNest","floor":27,"gold_loss":0},{"damage_healed":0,"gold_gain":0,"player_choice":"Opened","damage_taken":0,"relics_obtained":["CaptainsWheel"],"max_hp_gain":0,"max_hp_loss":0,"event_name":"The Mausoleum","floor":29,"gold_loss":0},{"damage_healed":0,"gold_gain":0,"player_choice":"Damaged","damage_taken":7,"max_hp_gain":0,"max_hp_loss":0,"event_name":"Wheel of Change","floor":30,"gold_loss":0},{"damage_healed":0,"gold_gain":3,"player_choice":"2","damage_taken":0,"max_hp_gain":0,"max_hp_loss":14,"event_name":"betterStone:BetterStone","floor":37,"gold_loss":0},{"cards_removed":["BattleHymn"],"damage_healed":0,"gold_gain":0,"player_choice":"Removed Power","damage_taken":0,"max_hp_gain":0,"max_hp_loss":0,"event_name":"Falling","floor":38,"gold_loss":0},{"damage_healed":0,"gold_gain":0,"player_choice":"Ignored","damage_taken":0,"max_hp_gain":0,"max_hp_loss":0,"event_name":"Tomb of Lord Red Mask","floor":39,"gold_loss":0},{"damage_healed":18,"gold_gain":0,"player_choice":"Writhe","damage_taken":0,"max_hp_gain":0,"max_hp_loss":0,"event_name":"Winding Halls","floor":46,"gold_loss":0,"cards_obtained":["Writhe"]}],"is_beta":false,"boss_relics":[{"not_picked":["Runic Pyramid","Black Star"],"picked":"Calling Bell"},{"not_picked":["Coffee Dripper","Velvet Choker"],"picked":"Fusion Hammer"}],"items_purged_floors":[],"is_endless":false,"potions_floor_spawned":[1,11,12,14,16,18,22,23,28,31,33,35,36,41,47,48],"killed_by":"Awakened One","ascension_level":0}}