{"host":"bf5upntvbdompq33","time":1613840103,"event":{"mods":["BaseMod","Bestiary","Colored Map","Colored Powertips","Curses Come First","Highlight Path","Minty Spire (QoL Compilation)","StSLib","ojb\u0027s Info Mod"],"gold_per_floor":[359,370,370,387,6,6,34,34,34,34,65,85,114,128,128,204,204,224,7,7,25,42,42,74,88,112,112,132,146,180,194,194,273,273,291,291,344,7,19,19,49,49,96,46,46,46,75,88,88,88,88],"floor_reached":50,"language":"ENG","playtime":3479,"items_purged":["Strike_R","Rupture"],"score":1046,"play_id":"5c06bd43-80cb-4b0b-93cb-5fd10d773de6","local_time":"20210220095503","is_ascension_mode":true,"campfire_choices":[{"data":"Bash","floor":6,"key":"SMITH"},{"data":"Pommel Strike","floor":8,"key":"SMITH"},{"data":"Fire Breathing","floor":10,"key":"SMITH"},{"data":"Uppercut","floor":15,"key":"SMITH"},{"data":"Corruption","floor":23,"key":"SMITH"},{"floor":27,"key":"REST"},{"floor":32,"key":"REST"},{"floor":40,"key":"REST"},{"floor":42,"key":"DIG"},{"floor":49,"key":"REST"}],"circlet_count":0,"master_deck":["AscendersBane","Bash+1","Whirlwind+1","Fire Breathing+1","Ghostly Armor","Pommel Strike+1","Feed","Power Through","Uppercut+1","Evolve","Corruption+1","Warcry","Reckless Charge","Armaments+1","Seeing Red+1","Parasite","Clothesline","Demon Form","Pummel+1","Reaper","Inflame","Flame Barrier","Combust","Bludgeon+1","Feel No Pain","Disarm","Uppercut","Battle Trance","Blind","Master of Strategy","Writhe","Parasite","Double Tap","Bloodletting"],"relics":["Burning Blood","Akabeko","Bag of Marbles","WingedGreaves","Mummified Hand","White Beast Statue","Matryoshka","Cursed Key","PreservedInsect","Tiny Chest","Blood Vial","Smiling Mask","Oddly Smooth Stone","Pandora\u0027s Box","Shovel","Vajra","Happy Flower","Du-Vu Doll","Regal Pillow","Pen Nib","Whetstone"],"acts_visited":["Exordium","TheCity","TheBeyond"],"potions_floor_usage":[11,16,21,25,37,39,41,41,45,48],"damage_taken":[{"damage":3,"enemies":"2 Louse","floor":1,"turns":4},{"damage":6,"enemies":"Cultist","floor":2,"turns":4},{"damage":5,"enemies":"Small Slimes","floor":4,"turns":3},{"damage":25,"enemies":"Lagavulin","floor":7,"turns":5},{"damage":8,"enemies":"Gremlin Nob","floor":11,"turns":3},{"damage":0,"enemies":"Looter","floor":12,"turns":1},{"damage":15,"enemies":"3 Sentries","floor":13,"turns":4},{"damage":0,"enemies":"Exordium Wildlife","floor":14,"turns":1},{"damage":48,"enemies":"The Guardian","floor":16,"turns":13},{"damage":0,"enemies":"Chosen","floor":18,"turns":4},{"damage":10,"enemies":"2 Thieves","floor":21,"turns":3},{"damage":34,"enemies":"Chosen and Byrds","floor":22,"turns":5},{"damage":0,"enemies":"Gremlin Leader","floor":24,"turns":2},{"damage":25,"enemies":"Centurion and Healer","floor":25,"turns":4},{"damage":7,"enemies":"3 Cultists","floor":28,"turns":4},{"damage":23,"enemies":"Snecko","floor":29,"turns":5},{"damage":24,"enemies":"Book of Stabbing","floor":30,"turns":4},{"damage":9,"enemies":"Snake Plant","floor":31,"turns":3},{"damage":70,"enemies":"Collector","floor":33,"turns":8},{"damage":8,"enemies":"3 Shapes","floor":35,"turns":1},{"damage":58,"enemies":"2 Orb Walkers","floor":37,"turns":4},{"damage":16,"enemies":"Orb Walker","floor":39,"turns":4},{"damage":2,"enemies":"Reptomancer","floor":41,"turns":2},{"damage":5,"enemies":"Nemesis","floor":45,"turns":2},{"damage":60,"enemies":"Reptomancer","floor":47,"turns":5},{"damage":26,"enemies":"Maw","floor":48,"turns":5},{"damage":84,"enemies":"Time Eater","floor":50,"turns":5}],"seed_played":"5793958261000320911","potions_obtained":[{"floor":4,"key":"BloodPotion"},{"floor":7,"key":"AttackPotion"},{"floor":11,"key":"Dexterity Potion"},{"floor":16,"key":"Swift Potion"},{"floor":18,"key":"FairyPotion"},{"floor":21,"key":"DuplicationPotion"},{"floor":25,"key":"BlessingOfTheForge"},{"floor":33,"key":"BloodPotion"},{"floor":37,"key":"BlessingOfTheForge"},{"floor":39,"key":"Swift Potion"},{"floor":41,"key":"SmokeBomb"},{"floor":47,"key":"BloodPotion"},{"floor":48,"key":"Fire Potion"}],"is_trial":false,"path_per_floor":["M","M","?","M","$","R","E","R","T","R","E","M","E","M","R","B",null,"M","$","?","M","M","R","E","M","T","R","M","M","E","M","R","B",null,"M","?","?","$","M","R","E","R","T","$","E","T","E","M","R","B"],"character_chosen":"IRONCLAD","items_purchased":["Akabeko","Bag of Marbles","PreservedInsect","Reckless Charge","Vajra","Master of Strategy"],"campfire_rested":4,"item_purchase_floors":[5,5,19,19,38,38],"current_hp_per_floor":[68,68,68,68,68,68,49,49,49,49,47,53,44,50,50,24,59,65,65,65,64,36,36,45,26,26,49,50,35,19,18,41,29,65,65,65,30,30,22,45,55,55,55,55,58,58,27,37,76,0,0],"gold":88,"neow_bonus":"TWO_FIFTY_GOLD","is_daily":false,"chose_seed":false,"campfire_upgraded":5,"win_rate":0.0,"timestamp":1613840103,"path_taken":["M","M","?","M","$","R","E","R","T","R","E","M","E","?","R","BOSS","M","$","?","M","M","R","E","M","T","R","M","M","E","M","R","BOSS","M","?","?","$","M","R","E","R","T","?","E","?","E","M","R","BOSS"],"items_purchased_type":["Relic","Relic","Relic","Card","Relic","Card"],"build_version":"2020-12-22","purchased_purges":2,"victory":false,"max_hp_per_floor":[68,68,68,68,68,68,68,68,68,68,68,68,68,68,68,71,71,71,71,71,74,74,74,77,77,77,77,77,77,77,77,77,77,77,77,77,77,77,77,77,81,81,81,81,81,81,81,81,81,81,81],"card_choices":[{"not_picked":["Pommel Strike","Headbutt"],"picked":"Whirlwind","floor":1},{"not_picked":["Flex","Infernal Blade"],"picked":"Fire Breathing","floor":2},{"not_picked":["Intimidate","Headbutt"],"picked":"Ghostly Armor","floor":4},{"not_picked":["Iron Wave","Dark Embrace"],"picked":"Pommel Strike","floor":7},{"not_picked":["Blood for Blood","Battle Trance"],"picked":"Feed","floor":11},{"not_picked":["Clash","Flex"],"picked":"Power Through","floor":12},{"not_picked":["Whirlwind","Iron Wave"],"picked":"Uppercut","floor":13},{"not_picked":["Seeing Red","Dark Embrace"],"picked":"Evolve","floor":14},{"not_picked":["Limit Break","Fiend Fire"],"picked":"Corruption","floor":16},{"not_picked":["Twin Strike","Flex"],"picked":"Warcry","floor":18},{"not_picked":["Warcry","Reckless Charge"],"picked":"Armaments+1","floor":21},{"not_picked":["Armaments","Rampage","Warcry"],"picked":"SKIP","floor":22},{"not_picked":["Perfected Strike","Seeing Red","Clash"],"picked":"SKIP","floor":24},{"not_picked":["Perfected Strike","Anger"],"picked":"Seeing Red+1","floor":25},{"not_picked":["Second Wind","Wild Strike"],"picked":"Clothesline","floor":28},{"not_picked":["Twin Strike","Clash","Sword Boomerang"],"picked":"SKIP","floor":29},{"not_picked":["Evolve","Clothesline"],"picked":"Demon Form","floor":30},{"not_picked":["Twin Strike","Heavy Blade"],"picked":"Pummel","floor":31},{"not_picked":["Bludgeon","Juggernaut"],"picked":"Reaper","floor":33},{"not_picked":["Hemokinesis","True Grit"],"picked":"Battle Trance","floor":35},{"not_picked":["Transmutation","Impatience"],"picked":"Blind","floor":36},{"not_picked":["Body Slam","Armaments"],"picked":"Rupture","floor":37},{"not_picked":["Wild Strike","Perfected Strike","Twin Strike"],"picked":"SKIP","floor":39},{"not_picked":["Anger+1","Havoc","Twin Strike"],"picked":"SKIP","floor":41},{"not_picked":["Inflame","Flex+1"],"picked":"Double Tap","floor":47},{"not_picked":["Warcry","Cleave+1"],"picked":"Bloodletting","floor":48}],"player_experience":1657239,"relics_obtained":[{"floor":7,"key":"WingedGreaves"},{"floor":9,"key":"Mummified Hand"},{"floor":11,"key":"White Beast Statue"},{"floor":13,"key":"Matryoshka"},{"floor":24,"key":"Tiny Chest"},{"floor":26,"key":"Blood Vial"},{"floor":26,"key":"Smiling Mask"},{"floor":30,"key":"Oddly Smooth Stone"},{"floor":37,"key":"Shovel"},{"floor":41,"key":"Happy Flower"},{"floor":42,"key":"Du-Vu Doll"},{"floor":43,"key":"Regal Pillow"},{"floor":43,"key":"Pen Nib"},{"floor":47,"key":"Whetstone"}],"event_choices":[{"damage_healed":0,"gold_gain":0,"player_choice":"Upgraded","damage_taken":0,"max_hp_gain":0,"max_hp_loss":0,"event_name":"Upgrade Shrine","floor":3,"gold_loss":0,"cards_upgraded":["Whirlwind"]},{"cards_removed":["Strike_R"],"damage_healed":0,"gold_gain":0,"player_choice":"Elegance","damage_taken":0,"max_hp_gain":0,"max_hp_loss":0,"event_name":"Back to Basics","floor":20,"gold_loss":0},{"damage_healed":0,"gold_gain":0,"player_choice":"Memory 1","damage_taken":0,"max_hp_gain":0,"max_hp_loss":0,"event_name":"SensoryStone","floor":36,"gold_loss":0},{"damage_healed":0,"gold_gain":0,"player_choice":"Fight","damage_taken":0,"max_hp_gain":0,"max_hp_loss":0,"event_name":"Mysterious Sphere","floor":37,"gold_loss":0}],"is_beta":false,"boss_relics":[{"not_picked":["Calling Bell","Ectoplasm"],"picked":"Cursed Key"},{"not_picked":["Velvet Choker","Black Star"],"picked":"Pandora\u0027s Box"}],"items_purged_floors":[5,44],"is_endless":false,"potions_floor_spawned":[4,7,11,12,13,14,16,18,21,22,24,25,28,29,30,31,33,35,37,39,41,45,47,48],"killed_by":"Time Eater","ascension_level":14}}