{"host":"suw5tyb7z6zbnnfs","time":1613798184,"event":{"mods":["AchievementEnabler","BaseMod","Colored Map","Minty Spire (QoL Compilation)"],"gold_per_floor":[19,39,214,214,25,25,36,36,36,99,127,20,38,58,58,160,160,178,13,0,12,12,12],"floor_reached":22,"language":"ENG","playtime":2088,"items_purged":["Doubt","Strike_G"],"score":285,"play_id":"d1c8b68d-3885-4c9f-952c-b14ae1110f2e","local_time":"20210220001624","is_ascension_mode":true,"campfire_choices":[{"data":"Phantasmal Killer","floor":6,"key":"SMITH"},{"data":"Neutralize","floor":8,"key":"SMITH"},{"floor":15,"key":"REST"}],"circlet_count":0,"master_deck":["AscendersBane","Strike_G","Strike_G","Strike_G","Defend_G","Defend_G","Defend_G","Defend_G","Survivor","Neutralize+1","Phantasmal Killer+1","Cloak And Dagger","Skewer","Noxious Fumes","Accuracy","Caltrops","Footwork","Malaise","Envenom","Blade Dance","Bane"],"relics":["Ring of the Snake","TungstenRod","Membership Card","The Courier","Paper Crane","Regal Pillow","Empty Cage","Ginger"],"acts_visited":["Exordium","TheCity"],"potions_floor_usage":[10,16],"damage_taken":[{"damage":4,"enemies":"Small Slimes","floor":1,"turns":5},{"damage":0,"enemies":"Jaw Worm","floor":2,"turns":4},{"damage":2,"enemies":"2 Louse","floor":7,"turns":4},{"damage":17,"enemies":"Gremlin Nob","floor":10,"turns":4},{"damage":13,"enemies":"Lagavulin","floor":11,"turns":9},{"damage":4,"enemies":"Large Slime","floor":13,"turns":5},{"damage":11,"enemies":"3 Louse","floor":14,"turns":6},{"damage":4,"enemies":"Hexaghost","floor":16,"turns":12},{"damage":16,"enemies":"Spheric Guardian","floor":18,"turns":7},{"damage":10,"enemies":"2 Thieves","floor":20,"turns":4},{"damage":8,"enemies":"Snake Plant","floor":21,"turns":6},{"damage":34,"enemies":"Sentry and Sphere","floor":22,"turns":3}],"seed_played":"4735611918606143156","potions_obtained":[{"floor":1,"key":"AttackPotion"},{"floor":11,"key":"BlessingOfTheForge"}],"is_trial":false,"path_per_floor":["M","M","?","T","$","R","M","R","T","?","E","$","M","M","R","B",null,"M","$","M","M","M"],"character_chosen":"THE_SILENT","items_purchased":["Membership Card","Noxious Fumes","Accuracy","Caltrops","Footwork","Ginger"],"campfire_rested":1,"item_purchase_floors":[5,12,12,12,12,19],"current_hp_per_floor":[59,59,59,59,59,59,57,57,57,40,27,27,23,12,48,44,64,48,48,38,30,0,0],"gold":12,"neow_bonus":"THREE_RARE_CARDS","is_daily":false,"chose_seed":false,"campfire_upgraded":2,"win_rate":0.0,"timestamp":1613798184,"path_taken":["M","M","?","?","$","R","M","R","T","?","E","$","M","?","R","BOSS","M","$","M","M","M"],"items_purchased_type":["Relic","Card","Card","Card","Card","Relic"],"build_version":"2020-12-22","purchased_purges":2,"victory":false,"max_hp_per_floor":[70,70,70,70,70,70,70,70,70,70,70,70,70,70,70,70,70,70,70,70,70,70,70],"card_choices":[{"not_picked":["A Thousand Cuts","Grand Finale"],"picked":"Phantasmal Killer","floor":0},{"not_picked":["Riddle With Holes","Acrobatics"],"picked":"Cloak And Dagger","floor":1},{"not_picked":["Distraction","Bane"],"picked":"Skewer","floor":2},{"not_picked":["Deflect","Bouncing Flask","Eviscerate"],"picked":"SKIP","floor":7},{"not_picked":["Quick Slash","Acrobatics","Outmaneuver"],"picked":"SKIP","floor":11},{"not_picked":["Quick Slash","Acrobatics","Outmaneuver"],"picked":"SKIP","floor":11},{"not_picked":["PiercingWail","Acrobatics"],"picked":"Malaise","floor":13},{"not_picked":["Slice","Distraction","Quick Slash"],"picked":"SKIP","floor":14},{"not_picked":["Glass Knife","Night Terror"],"picked":"Envenom","floor":16},{"not_picked":["Expertise","Heel Hook","Endless Agony"],"picked":"SKIP","floor":18},{"not_picked":["Flying Knee+1","Deadly Poison"],"picked":"Blade Dance","floor":20},{"not_picked":["Deadly Poison","Escape Plan"],"picked":"Bane","floor":21}],"player_experience":961431,"relics_obtained":[{"floor":4,"key":"TungstenRod"},{"floor":9,"key":"The Courier"},{"floor":11,"key":"Regal Pillow"}],"event_choices":[{"damage_healed":0,"gold_gain":175,"player_choice":"AGREE","damage_taken":0,"max_hp_gain":0,"max_hp_loss":0,"event_name":"Liars Game","floor":3,"gold_loss":0,"cards_obtained":["Doubt"]},{"damage_healed":0,"gold_gain":30,"player_choice":"Searched \u00273\u0027 times","damage_taken":0,"relics_obtained":["Paper Crane"],"max_hp_gain":0,"max_hp_loss":0,"event_name":"Dead Adventurer","floor":10,"gold_loss":0}],"is_beta":false,"boss_relics":[{"not_picked":["Pandora\u0027s Box","Snecko Eye"],"picked":"Empty Cage"}],"items_purged_floors":[5,19],"is_endless":false,"potions_floor_spawned":[1,11],"killed_by":"Sentry and Sphere","ascension_level":11}}