{"host":"8u9gkmadxi1im6dj","time":1613842820,"event":{"mods":["Act Like it!","Bard","BaseMod","Block Reminder","Colored Map","Colored Powertips","DeckTracker","Downfall","Infinite Spire","Jorbs\u0027s Wanderer Trilogy","Marisa????????","Minty Spire (QoL Compilation)","Pale of the Ancients","Permanent Neow","Quick Restart","Random Character Button","Relic Sorter","Relic Stats","Replay The Spire","Shade Mod","StSLib","The Bug Knight","The Cursed","The IronCluck","The Necromancer","The Servant 0.9.4"],"gold_per_floor":[110,110,120,120,73,104,117,149,197,227,242,261,277,277,277,372,372,391,391,406,453,453,453,487,487,487,515,95,112,143,213,213,317,317,329,370,370,370,406,406,464,512,512,512,562,562,615,201,201,309,309,333,333,354,364,368,378,88,163,243,252,252,273,274,118,118,174,174,169,169,160,160],"floor_reached":71,"language":"ENG","playtime":5873,"items_purged":["Strike_B","Parasite"],"score":1767,"play_id":"cce825bb-da74-433d-a9c3-b1deebe32734","local_time":"20210220184020","is_ascension_mode":true,"campfire_choices":[{"data":"Defragment","floor":15.0,"key":"SMITH"},{"data":"infinitespire:NeuralNetwork","floor":23.0,"key":"SMITH"},{"data":"Loop","floor":25.0,"key":"SMITH"},{"floor":32.0,"key":"REST"},{"floor":40,"key":"RECALL"},{"data":"Double Energy","floor":46,"key":"SMITH"},{"data":"infinitespire:Collect","floor":49,"key":"SMITH"},{"data":"Defragment","floor":66,"key":"SMITH"}],"circlet_count":0,"master_deck":["Defend_B","Defend_B+1","Defragment+1","Gash","Cold Snap","Steam Power","Gash","White Noise","Self Repair","Steam","Chill","Creative AI","Glacier+1","infinitespire:NeuralNetwork+1","Loop+1","Double Energy+1","Coolheaded+1","ReplayTheSpireMod:Reroute Power","Gash","Coolheaded","Echo Form","Cold Snap+1","Wraith","Enlightenment","infinitespire:Collect+1","ReplayTheSpireMod:Repulse+1","infinitespire:Execution","Recycle+1","ReplayTheSpireMod:Calculation Training+1","ReplayTheSpireMod:Calculation Training","Gash","Echo Form+1","Echo Form","White Noise","ReplayTheSpireMod:Calculation Training","Defragment+1","Loop","Reboot","ReplayTheSpireMod:Book of Names"],"relics":["m_SnakeBloodCore","NeowsBlessing","Snack Pack","ReplayFunnel","Gremlin Food","Replay:Bottled Steam","infinitespire:Broken Mirror","Empty Cage","Torii","HollowMod:StagPassRelic","MutagenicStrength","Mercury Hourglass","Replay:Wax Seal","Happy Flower","Orichalcum","InkBottle","infinitespire:ShieldingShard","Sozu","infinitespire:EvilPickle","ReplayTheSpireMod:ShopPack","Bag of Preparation","Replay:Kaleidoscope","ReplayTheSpireMod:Ring of Collecting","ReplayTheSpireMod:TigerMarble","Replay:Drink Me","infinitespire:Cubic Diamond","Pet Ghost","Replay:Multitool","Ring of Peace","Kunai","Raider\u0027s Mask","Unceasing Top","Medical Kit","Replay:Bronze Core"],"acts_visited":["Exordium","TheCity","TheBeyond","Exordium","TheCity"],"potions_floor_usage":[],"damage_taken":[{"damage":0.0,"enemies":"Jaw Worm","floor":1.0,"turns":1.0},{"damage":0.0,"enemies":"Cultist","floor":3.0,"turns":1.0},{"damage":0.0,"enemies":"3 Sentries","floor":6.0,"turns":1.0},{"damage":6.0,"enemies":"2 Louse","floor":7.0,"turns":3.0},{"damage":32.0,"enemies":"Gremlin Nob","floor":8.0,"turns":5.0},{"damage":16.0,"enemies":"Lagavulin","floor":10.0,"turns":6.0},{"damage":4.0,"enemies":"Large Slime","floor":11.0,"turns":5.0},{"damage":5.0,"enemies":"Looter","floor":12.0,"turns":3.0},{"damage":1.0,"enemies":"2 Fungi Beasts","floor":13.0,"turns":4.0},{"damage":7.0,"enemies":"Fading Forest","floor":16.0,"turns":11.0},{"damage":1.0,"enemies":"Chosen","floor":18.0,"turns":7.0},{"damage":0.0,"enemies":"Shell Parasite","floor":20.0,"turns":9.0},{"damage":24.0,"enemies":"Book of Stabbing","floor":24.0,"turns":13.0},{"damage":40.0,"enemies":"Gremlin Leader","floor":27.0,"turns":18.0},{"damage":14.0,"enemies":"Snake Plant","floor":29.0,"turns":5.0},{"damage":6.0,"enemies":"Nightmare","floor":30.0,"turns":12.0},{"damage":4.0,"enemies":"Pondfish","floor":33.0,"turns":18.0},{"damage":0.0,"enemies":"Orb Walker","floor":35.0,"turns":3.0},{"damage":0.0,"enemies":"3 Darklings","floor":36.0,"turns":6.0},{"damage":7,"enemies":"4 Shapes","floor":39,"turns":5},{"damage":1,"enemies":"Nightmare","floor":41,"turns":8},{"damage":0,"enemies":"Spire Growth","floor":42,"turns":4},{"damage":0,"enemies":"Writhing Mass","floor":45,"turns":5},{"damage":0,"enemies":"Sphere and 2 Shapes","floor":47,"turns":6},{"damage":1,"enemies":"Time Eater","floor":50,"turns":11},{"damage":0,"enemies":"Cultist","floor":52,"turns":2},{"damage":0,"enemies":"2 Louse","floor":54,"turns":2},{"damage":1,"enemies":"Jaw Worm","floor":55,"turns":3},{"damage":1,"enemies":"Large Slime","floor":56,"turns":3},{"damage":0,"enemies":"Gremlin Nob","floor":57,"turns":4},{"damage":0,"enemies":"Looter","floor":61,"turns":3},{"damage":0,"enemies":"Lagavulin","floor":63,"turns":4},{"damage":0,"enemies":"Exordium Thugs","floor":64,"turns":2},{"damage":0,"enemies":"Hexaghost","floor":67,"turns":5},{"damage":0,"enemies":"Spheric Guardian","floor":69,"turns":3},{"damage":0,"enemies":"Shell Parasite","floor":71,"turns":2}],"seed_played":"6893872570799777600","potions_obtained":[{"floor":1.0,"key":"sneckomod:MuddlingPotion"},{"floor":7.0,"key":"Adrenaline Potion"},{"floor":11.0,"key":"Fruit Juice"},{"floor":12.0,"key":"PowerPotion"},{"floor":20.0,"key":"FearPotion"},{"floor":24.0,"key":"Block Potion"}],"is_trial":false,"path_per_floor":["M","?","M","?","$","E","M","E","T","E","M","M","M","?","R","B",null,"M","AVR","M","?","?","R","E","R","T","E","$","M","NM","T","R_BF","B",null,"M","M","?","AVR","M","R","NM","M","T","?","M","R","M","$","R","B",null,"M","?","M","M","M","E","$","?","T","M","AVR","E","M","$","R_BF","B",null,"M","?","M"],"character_chosen":"DEFECT","items_purchased":["Cold Snap","Happy Flower","Orichalcum","Gash","Echo Form","ReplayTheSpireMod:TigerMarble","Replay:Multitool","Medical Kit"],"campfire_rested":1,"item_purchase_floors":[5,28,28,28,48,48,58,65],"current_hp_per_floor":[75,75,75,68,68,68,64,34,34,22,30,34,40,40,40,56,80,80,80,80,60,60,60,47,47,47,22,22,17,22,22,46,57,80,80,80,80,80,80,80,80,80,80,80,80,80,80,77,77,77,58,58,58,58,58,58,58,58,47,47,50,50,58,58,58,58,58,58,58,44,44,44],"gold":160,"neow_bonus":"THREE_ENEMY_KILL","is_daily":false,"chose_seed":false,"campfire_upgraded":6,"win_rate":0.0,"timestamp":1613842820,"path_taken":["M","?","?","?","$","E","M","E","T","E","M","M","M","?","R","BOSS","M","AVR","M","?","?","R","E","R","T","E","?","M","NM","?","R_BF","BOSS","M","M","?","AVR","M","R","NM","M","T","?","M","R","M","$","R","BOSS","M","?","M","M","M","E","$","?","T","M","AVR","E","M","?","R_BF","BOSS","M","?","M"],"items_purchased_type":["Card","Relic","Relic","Card","Card","Relic","Relic","Relic"],"build_version":"2020-12-22","purchased_purges":2,"victory":false,"max_hp_per_floor":[75,75,75,75,75,75,75,75,75,75,80,80,80,80,80,80,80,80,80,80,80,80,80,80,80,80,80,80,80,80,80,80,80,80,80,80,80,80,80,80,80,80,80,80,80,80,80,77,77,77,58,58,58,58,58,58,58,58,58,58,58,58,58,58,58,58,58,58,58,58,58,58],"relic_stats":{"Sozu":9,"Torii":25,"Happy Flower":[38],"counters":[36,203],"Bag of Preparation":[30],"Kunai":[5],"Orichalcum":[132],"Medical Kit":[0],"obtain_stats":[{"ReplayFunnel":8,"Torii":19,"infinitespire:Cubic Diamond":53,"Bag of Preparation":41,"Replay:Multitool":58,"Raider\u0027s Mask":62,"Empty Cage":17,"HollowMod:StagPassRelic":21,"Pet Ghost":57,"Sozu":34,"infinitespire:ShieldingShard":31,"m_SnakeBloodCore":53,"Ring of Peace":60,"Replay:Bronze Core":68,"Kunai":60,"Replay:Wax Seal":27,"Cracked Core":0,"Replay:Drink Me":51,"InkBottle":30,"Replay:Bottled Steam":10,"Gremlin Food":9,"NeowsBlessing":0,"Happy Flower":28,"Replay:Kaleidoscope":43,"Orichalcum":28,"Medical Kit":65,"Mercury Hourglass":24,"infinitespire:EvilPickle":34,"infinitespire:Broken Mirror":14,"MutagenicStrength":22,"ReplayTheSpireMod:Ring of Collecting":44,"Snack Pack":6,"ReplayTheSpireMod:TigerMarble":48,"Unceasing Top":63,"ReplayTheSpireMod:ShopPack":38},{"ReplayFunnel":5,"Torii":11,"infinitespire:Cubic Diamond":26,"Bag of Preparation":21,"Replay:Multitool":30,"Raider\u0027s Mask":31,"Empty Cage":10,"HollowMod:StagPassRelic":12,"Pet Ghost":30,"Sozu":17,"infinitespire:ShieldingShard":16,"m_SnakeBloodCore":26,"Ring of Peace":30,"Replay:Bronze Core":34,"Kunai":30,"Replay:Wax Seal":14,"Cracked Core":0,"Replay:Drink Me":25,"InkBottle":16,"Replay:Bottled Steam":6,"Gremlin Food":5,"NeowsBlessing":0,"Happy Flower":14,"Replay:Kaleidoscope":22,"Orichalcum":14,"Medical Kit":33,"Mercury Hourglass":13,"infinitespire:EvilPickle":17,"infinitespire:Broken Mirror":9,"MutagenicStrength":12,"ReplayTheSpireMod:Ring of Collecting":22,"Snack Pack":3,"ReplayTheSpireMod:TigerMarble":24,"Unceasing Top":32,"ReplayTheSpireMod:ShopPack":19},{"ReplayFunnel":11,"Torii":47,"infinitespire:Cubic Diamond":172,"Bag of Preparation":144,"Replay:Multitool":184,"Raider\u0027s Mask":187,"Empty Cage":40,"HollowMod:StagPassRelic":56,"Pet Ghost":184,"Sozu":122,"infinitespire:ShieldingShard":104,"m_SnakeBloodCore":172,"Ring of Peace":184,"Replay:Bronze Core":198,"Kunai":184,"Replay:Wax Seal":87,"Cracked Core":0,"Replay:Drink Me":170,"InkBottle":104,"Replay:Bottled Steam":17,"Gremlin Food":11,"NeowsBlessing":0,"Happy Flower":87,"Replay:Kaleidoscope":148,"Orichalcum":87,"Medical Kit":193,"Mercury Hourglass":69,"infinitespire:EvilPickle":122,"infinitespire:Broken Mirror":29,"MutagenicStrength":56,"ReplayTheSpireMod:Ring of Collecting":148,"Snack Pack":3,"ReplayTheSpireMod:TigerMarble":159,"Unceasing Top":191,"ReplayTheSpireMod:ShopPack":131}],"InkBottle":[64],"Unceasing Top":[0],"Mercury Hourglass":[493]},"card_choices":[{"not_picked":["Beam Cell","Rebound"],"picked":"Defragment","floor":1.0},{"not_picked":["Streamline","Rip and Tear"],"picked":"Gash","floor":3.0},{"not_picked":["Chaos","Rip and Tear"],"picked":"Steam Power","floor":6.0},{"not_picked":["ReplayTheSpireMod:GoodbyeWorld","Compile Driver"],"picked":"Gash","floor":7.0},{"not_picked":["Stack","Lockon"],"picked":"White Noise","floor":8.0},{"not_picked":["Go for the Eyes","Leap"],"picked":"Self Repair","floor":10.0},{"not_picked":["Turbo","Panic Button"],"picked":"Steam","floor":11.0},{"not_picked":["Scrape","FTL","Steam"],"picked":"SKIP","floor":12.0},{"not_picked":["BootSequence","ReplaySolidLightProjector"],"picked":"Chill","floor":13.0},{"not_picked":["Biased Cognition","Rainbow"],"picked":"Creative AI","floor":16.0},{"not_picked":["Steam","Ball Lightning"],"picked":"Glacier+1","floor":18.0},{"not_picked":["ReplayTheSpireMod:System Scan","Gash"],"picked":"Loop","floor":20.0},{"not_picked":["Stack","Rip and Tear"],"picked":"Double Energy","floor":21.0},{"not_picked":["BasicCrystalCard","ReplayTheSpireMod:GoodbyeWorld"],"picked":"Coolheaded+1","floor":21.0},{"not_picked":["Steam","Compile Driver"],"picked":"ReplayTheSpireMod:Reroute Power","floor":24.0},{"not_picked":["Turbo","Beam Cell","Mirror Shield"],"picked":"SKIP","floor":27.0},{"not_picked":["Loop+1","Time Bomb"],"picked":"Coolheaded","floor":29.0},{"not_picked":["BasicCrystalCard","Scrape","Sweeping Beam"],"picked":"SKIP","floor":30.0},{"not_picked":["Multi-Cast","Buffer"],"picked":"Echo Form","floor":33.0},{"not_picked":["Go for the Eyes","Ball Lightning","BasicCrystalCard"],"picked":"SKIP","floor":35.0},{"not_picked":["Lockon","Steam"],"picked":"Cold Snap+1","floor":36.0},{"not_picked":["Replay:Sssssssssshield","Mind Blast"],"picked":"Enlightenment","floor":38},{"not_picked":["Panic Button+1","Undo+1"],"picked":"ReplayTheSpireMod:Repulse+1","floor":39},{"not_picked":["infinitespire:FinalStrike","ReplayTheSpireMod:Black Plague"],"picked":"infinitespire:Execution","floor":41},{"not_picked":["Streamline+1","Time Bomb"],"picked":"Recycle+1","floor":41},{"not_picked":["Go for the Eyes","Redo"],"picked":"ReplayTheSpireMod:Calculation Training+1","floor":42},{"not_picked":["Hologram","Gash"],"picked":"ReplayTheSpireMod:Calculation Training","floor":45},{"not_picked":["Turbo","Barrage"],"picked":"Gash","floor":47},{"not_picked":["Thunder Strike","Core Surge"],"picked":"Echo Form","floor":50},{"not_picked":["Gash","Beam Cell"],"picked":"White Noise","floor":52},{"not_picked":["Ball Lightning","Redo","Steam"],"picked":"SKIP","floor":54},{"not_picked":["Meteor Strike","Leap"],"picked":"ReplayTheSpireMod:Calculation Training","floor":55},{"not_picked":["Streamline","Turbo","Compile Driver"],"picked":"SKIP","floor":56},{"not_picked":["Reinforced Body","Steam Power","Compile Driver"],"picked":"SKIP","floor":57},{"not_picked":["ReplayGash","Force Field"],"picked":"Defragment","floor":61},{"not_picked":["Sweeping Beam","Leap","Sunder"],"picked":"SKIP","floor":63},{"not_picked":["Hologram","Leap"],"picked":"Loop","floor":64},{"not_picked":["Multi-Cast","Thunder Strike"],"picked":"Reboot","floor":67},{"not_picked":["Panic Button","Darkness","Sweeping Beam+1"],"picked":"SKIP","floor":69},{"not_picked":["ReplayTheSpireMod:Haul","infinitespire:Punishment"],"picked":"ReplayTheSpireMod:Book of Names","floor":70}],"player_experience":116449,"relics_obtained":[{"floor":6.0,"key":"Snack Pack"},{"floor":8.0,"key":"ReplayFunnel"},{"floor":9.0,"key":"Gremlin Food"},{"floor":10.0,"key":"Replay:Bottled Steam"},{"floor":14.0,"key":"infinitespire:Broken Mirror"},{"floor":21.0,"key":"HollowMod:StagPassRelic"},{"floor":24.0,"key":"Mercury Hourglass"},{"floor":27.0,"key":"Replay:Wax Seal"},{"floor":30.0,"key":"InkBottle"},{"floor":31.0,"key":"infinitespire:ShieldingShard"},{"floor":41,"key":"Bag of Preparation"},{"floor":43,"key":"Replay:Kaleidoscope"},{"floor":44,"key":"ReplayTheSpireMod:Ring of Collecting"},{"floor":57,"key":"Pet Ghost"},{"floor":60,"key":"Ring of Peace"},{"floor":60,"key":"Kunai"},{"floor":63,"key":"Unceasing Top"}],"event_choices":[{"cards_removed":["Strike_B"],"damage_healed":0.0,"max_hp_gain":0.0,"max_hp_loss":0.0,"gold_gain":0.0,"event_name":"Wheel of Change","player_choice":"Card Removal","floor":2.0,"gold_loss":0.0,"damage_taken":0.0},{"cards_removed":["Dualcast"],"damage_healed":0.0,"max_hp_gain":0.0,"max_hp_loss":0.0,"gold_gain":0.0,"event_name":"Golden Wing","player_choice":"Card Removal","floor":4.0,"gold_loss":0.0,"damage_taken":7.0},{"damage_healed":0.0,"max_hp_gain":0.0,"max_hp_loss":0.0,"gold_gain":0.0,"event_name":"Drug Dealer","player_choice":"Inject Mutagens","floor":22.0,"gold_loss":0.0,"damage_taken":0.0,"relics_obtained":["MutagenicStrength"]},{"damage_healed":0,"gold_gain":0,"player_choice":"Ignored","damage_taken":0,"max_hp_gain":0,"max_hp_loss":0,"event_name":"OrinTheCat","floor":37,"gold_loss":0},{"damage_healed":0,"gold_gain":75,"player_choice":"Gather Gold","damage_taken":11,"max_hp_gain":0,"max_hp_loss":0,"event_name":"World of Goop","floor":59,"gold_loss":0}],"is_beta":false,"boss_relics":[{"not_picked":["Snecko Eye","bronze:MakeshiftBattery"],"picked":"Empty Cage"},{"not_picked":["Kintsugi","ReplayTheSpireMod:SealedPack"],"picked":"Sozu"},{"not_picked":["infinitespire:Cupcake","ReplayTheSpireMod:DimensionalGlitch"],"picked":"Replay:Drink Me"},{"not_picked":["Replay:Grab Bag","Replay:Ancient Bell"],"picked":"Replay:Bronze Core"}],"items_purged_floors":[28,48],"is_endless":true,"potions_floor_spawned":[1,7,11,12,20,24,35,39,41,45,50,55,56,63,64],"killed_by":"Shell Parasite","ascension_level":1}}