{"host":"2se5dq1do2gp0x9k","time":1613804438,"event":{"mods":["AchievementEnabler","BaseMod","Block Reminder","Colored Map","Colored Powertips","Minty Spire (QoL Compilation)","Relic Stats","StSLib","SuperFastMode"],"gold_per_floor":[112,124,143,218,237,237,251,3,30,30,30,59,59,59,59,59,59],"floor_reached":16,"language":"ENG","playtime":414,"items_purged":["Strike_B"],"score":200,"play_id":"6a8a1812-dde3-4412-977b-caf5caf0a799","local_time":"20210219230037","is_ascension_mode":true,"campfire_choices":[{"data":"Sweeping Beam","floor":6,"key":"SMITH"},{"floor":11,"key":"REST"},{"data":"Zap","floor":13,"key":"SMITH"},{"data":"Thunder Strike","floor":15,"key":"SMITH"}],"circlet_count":0,"master_deck":["AscendersBane","Strike_B","Strike_B","Strike_B","Defend_B","Defend_B","Defend_B","Defend_B","Zap+1","Dualcast","Thunder Strike+1","Sweeping Beam+1","White Noise+1","Cold Snap","Cold Snap","Conserve Battery"],"relics":["Cracked Core","Anchor","Bronze Scales","Oddly Smooth Stone"],"acts_visited":["Exordium"],"potions_floor_usage":[7,16,16],"damage_taken":[{"damage":1,"enemies":"Cultist","floor":1,"turns":4},{"damage":7,"enemies":"Jaw Worm","floor":2,"turns":3},{"damage":22,"enemies":"Small Slimes","floor":3,"turns":3},{"damage":8,"enemies":"Blue Slaver","floor":5,"turns":3},{"damage":5,"enemies":"Lots of Slimes","floor":7,"turns":4},{"damage":20,"enemies":"Lagavulin","floor":12,"turns":9},{"damage":18,"enemies":"Hexaghost","floor":16,"turns":11}],"seed_played":"2353425015726703690","potions_obtained":[{"floor":1,"key":"Dexterity Potion"},{"floor":2,"key":"Swift Potion"},{"floor":5,"key":"Block Potion"},{"floor":12,"key":"PowerPotion"}],"is_trial":false,"path_per_floor":["M","M","M","?","M","R","M","$","T","$","R","E","R","?","R","B"],"character_chosen":"DEFECT","items_purchased":["Anchor"],"campfire_rested":1,"item_purchase_floors":[8],"current_hp_per_floor":[63,56,34,23,15,15,10,10,10,10,31,11,11,11,11,0,0],"gold":59,"neow_bonus":"ONE_RANDOM_RARE_CARD","is_daily":false,"chose_seed":false,"campfire_upgraded":3,"win_rate":0.0,"timestamp":1613804437,"path_taken":["M","?","M","?","M","R","M","$","T","$","R","E","R","?","R","BOSS"],"items_purchased_type":["Relic"],"build_version":"2020-12-22","purchased_purges":1,"victory":false,"max_hp_per_floor":[71,71,71,71,71,71,71,71,71,71,71,71,71,71,71,71,71],"relic_stats":{"counters":[7,37],"Bronze Scales":[72],"obtain_stats":[{"Anchor":8,"Bronze Scales":9,"Oddly Smooth Stone":12,"Cracked Core":0},{"Anchor":5,"Bronze Scales":5,"Oddly Smooth Stone":6,"Cracked Core":0},{"Anchor":17,"Bronze Scales":17,"Oddly Smooth Stone":26,"Cracked Core":0}]},"card_choices":[{"not_picked":["Doom and Gloom","Hologram"],"picked":"Sweeping Beam","floor":1},{"not_picked":["Leap","Gash"],"picked":"White Noise","floor":2},{"not_picked":["Barrage","Chill"],"picked":"Cold Snap","floor":3},{"not_picked":["Force Field","FTL"],"picked":"Cold Snap","floor":5},{"not_picked":["Compile Driver","Steam","Beam Cell"],"picked":"SKIP","floor":7},{"not_picked":["Double Energy","Sweeping Beam"],"picked":"Conserve Battery","floor":12}],"player_experience":4088634,"relics_obtained":[{"floor":9,"key":"Bronze Scales"},{"floor":12,"key":"Oddly Smooth Stone"}],"event_choices":[{"damage_healed":0,"gold_gain":75,"player_choice":"Gather Gold","damage_taken":11,"max_hp_gain":0,"max_hp_loss":0,"event_name":"World of Goop","floor":4,"gold_loss":0},{"damage_healed":0,"gold_gain":0,"player_choice":"Grow","damage_taken":0,"max_hp_gain":0,"max_hp_loss":0,"event_name":"Living Wall","floor":14,"gold_loss":0,"cards_upgraded":["White Noise"]}],"is_beta":false,"boss_relics":[],"items_purged_floors":[8],"is_endless":false,"potions_floor_spawned":[1,2,5,12],"killed_by":"Hexaghost","ascension_level":20}}