{"host":"49pjgf1q9ev52n8z","time":1613815110,"event":{"mods":["BaseMod","Bestiary","Colored Map","Keyboard Shortcuts","Minty Spire (QoL Compilation)","Practice Mode","Relic Stats","StSLib"],"gold_per_floor":[217,237,18,34,47,47,81,81,104,144,169,193,205,244,256,366,378,403,330,176,176,204,204,230,241,265,280,280,309,309,269,269,372,372,390,390,409,91,111,111,128,128,128,8,41,56,87,104,104,104],"floor_reached":51,"language":"ENG","playtime":4702,"items_purged":["Pain"],"score":1045,"play_id":"9a487ce7-a976-495f-bce1-f13c0f68cd3c","local_time":"20210220015830","is_ascension_mode":true,"campfire_choices":[{"floor":6.0,"key":"REST"},{"data":"Eruption","floor":8.0,"key":"SMITH"},{"floor":13.0,"key":"REST"},{"floor":15.0,"key":"REST"},{"floor":23.0,"key":"REST"},{"floor":28.0,"key":"REST"},{"data":"Adaptation","floor":30.0,"key":"SMITH"},{"floor":32.0,"key":"REST"},{"floor":40,"key":"REST"},{"floor":42,"key":"REST"},{"floor":49,"key":"REST"}],"circlet_count":0,"master_deck":["Strike_P","Strike_P","Strike_P","Defend_P","Defend_P+1","Defend_P","Eruption+1","Vigilance+1","ReachHeaven","SashWhip","Wireheading","ClearTheMind","Adaptation","FearNoEvil","BowlingBash","Evaluate","Tantrum","DeusExMachina","CurseOfTheBell","EmptyBody","Crescendo","Study+1","CutThroughFate","Adaptation+1","Weave","Establishment","Protect","FollowUp+1","BattleHymn","Wallop","Bandage Up","Nirvana","Parasite","Scrawl","LikeWater+1","TalkToTheHand+1"],"relics":["PureWater","Membership Card","War Paint","MawBank","Pen Nib","Blue Candle","Calling Bell","Akabeko","White Beast Statue","Incense Burner","CaptainsWheel","Bronze Scales","Lee\u0027s Waffle","Red Mask","Unceasing Top","Bag of Preparation","Strawberry","Cursed Key","Shuriken","ClockworkSouvenir","Dream Catcher","CloakClasp","Anchor"],"acts_visited":["Exordium","TheCity","TheBeyond"],"potions_floor_usage":[41,47,50,50,50],"damage_taken":[{"damage":6.0,"enemies":"Jaw Worm","floor":1.0,"turns":4.0},{"damage":5.0,"enemies":"2 Louse","floor":2.0,"turns":4.0},{"damage":1.0,"enemies":"Cultist","floor":4.0,"turns":4.0},{"damage":10.0,"enemies":"Red Slaver","floor":5.0,"turns":3.0},{"damage":15.0,"enemies":"Lagavulin","floor":7.0,"turns":5.0},{"damage":16.0,"enemies":"Gremlin Nob","floor":10.0,"turns":3.0},{"damage":0.0,"enemies":"Lots of Slimes","floor":11.0,"turns":2.0},{"damage":0.0,"enemies":"Looter","floor":12.0,"turns":4.0},{"damage":14.0,"enemies":"3 Sentries","floor":14.0,"turns":3.0},{"damage":39.0,"enemies":"The Guardian","floor":16.0,"turns":9.0},{"damage":3.0,"enemies":"Chosen","floor":18.0,"turns":3.0},{"damage":34.0,"enemies":"Masked Bandits","floor":22.0,"turns":3.0},{"damage":5.0,"enemies":"Gremlin Leader","floor":24.0,"turns":4.0},{"damage":8.0,"enemies":"2 Thieves","floor":25.0,"turns":3.0},{"damage":12.0,"enemies":"Shelled Parasite and Fungi","floor":27.0,"turns":3.0},{"damage":20.0,"enemies":"Slavers","floor":29.0,"turns":5.0},{"damage":69.0,"enemies":"Champ","floor":33.0,"turns":9.0},{"damage":12.0,"enemies":"3 Shapes","floor":35.0,"turns":4.0},{"damage":10,"enemies":"3 Darklings","floor":37,"turns":4},{"damage":3,"enemies":"Maw","floor":39,"turns":6},{"damage":26,"enemies":"Writhing Mass","floor":41,"turns":6},{"damage":9,"enemies":"Giant Head","floor":45,"turns":5},{"damage":9,"enemies":"Jaw Worm Horde","floor":46,"turns":3},{"damage":23,"enemies":"Reptomancer","floor":47,"turns":4},{"damage":0,"enemies":"Spire Growth","floor":48,"turns":2},{"damage":2,"enemies":"Donu and Deca","floor":50,"turns":5}],"seed_played":"-4555128037512757950","potions_obtained":[{"floor":1.0,"key":"Explosive Potion"},{"floor":2.0,"key":"LiquidMemories"},{"floor":10.0,"key":"Explosive Potion"},{"floor":11.0,"key":"AttackPotion"},{"floor":14.0,"key":"Energy Potion"},{"floor":16.0,"key":"ColorlessPotion"},{"floor":18.0,"key":"StancePotion"},{"floor":24.0,"key":"SteroidPotion"},{"floor":25.0,"key":"DuplicationPotion"},{"floor":29.0,"key":"BottledMiracle"},{"floor":33.0,"key":"Explosive Potion"},{"floor":35.0,"key":"Block Potion"},{"floor":37,"key":"Ancient Potion"},{"floor":41,"key":"Strength Potion"},{"floor":47,"key":"EssenceOfSteel"}],"is_trial":false,"path_per_floor":["M","M","$","M","M","R","E","R","T","E","M","M","R","E","R","B",null,"M","?","$","?","?","R","E","M","T","M","R","E","R","?","R","B",null,"M","?","M","$","M","R","M","R","T","$","E","M","E","M","R","B",null],"character_chosen":"WATCHER","items_purchased":["Membership Card","Wireheading","ClearTheMind","Bronze Scales","Crescendo","Lee\u0027s Waffle","BattleHymn","Shuriken","Wallop","ClockworkSouvenir","Bandage Up","Scrawl"],"campfire_rested":9,"item_purchase_floors":[3,3,3,20,20,20,38,38,38,38,38,44],"current_hp_per_floor":[59,54,54,53,43,64,49,49,49,33,33,33,54,40,61,22,60,57,57,79,79,45,68,63,55,55,43,66,53,53,53,78,9,67,55,55,45,45,46,71,49,74,74,74,69,60,41,45,70,72],"gold":104,"neow_bonus":"HUNDRED_GOLD","is_daily":false,"chose_seed":false,"campfire_upgraded":2,"win_rate":0.0,"timestamp":1613815110,"path_taken":["M","M","$","M","M","R","E","R","T","E","M","M","R","E","R","BOSS","M","?","$","?","?","R","E","M","T","?","R","E","R","?","R","BOSS","M","?","M","$","M","R","?","R","T","$","E","M","E","M","R","BOSS"],"items_purchased_type":["Relic","Card","Card","Relic","Card","Relic","Card","Relic","Card","Relic","Card","Card"],"build_version":"2020-12-22","purchased_purges":1,"victory":true,"max_hp_per_floor":[72,72,72,72,72,72,72,72,72,72,72,72,72,72,72,72,72,72,72,79,79,79,79,79,79,79,79,79,86,86,86,86,86,86,86,86,86,86,86,86,86,86,86,86,86,86,86,86,86,86],"relic_stats":{"Lee\u0027s Waffle":22,"counters":[26,110],"Blue Candle":[12],"Pen Nib":[22],"Bag of Preparation":[25],"CloakClasp":[43],"War Paint":["Vigilance","Defend_P"],"MawBank":132,"Cursed Key":1,"Dream Catcher":1,"Shuriken":[17],"Bronze Scales":[189],"obtain_stats":[{"Lee\u0027s Waffle":20,"Blue Candle":14,"Pen Nib":10,"Incense Burner":17,"Bag of Preparation":26,"CloakClasp":45,"War Paint":7,"MawBank":9,"Cursed Key":34,"Akabeko":17,"White Beast Statue":17,"ClockworkSouvenir":38,"Calling Bell":17,"CaptainsWheel":19,"Dream Catcher":43,"Anchor":47,"Shuriken":38,"Bronze Scales":20,"Strawberry":29,"Red Mask":22,"Membership Card":3,"PureWater":0,"Unceasing Top":24},{"Lee\u0027s Waffle":11,"Blue Candle":9,"Pen Nib":6,"Incense Burner":10,"Bag of Preparation":14,"CloakClasp":22,"War Paint":5,"MawBank":5,"Cursed Key":17,"Akabeko":10,"White Beast Statue":10,"ClockworkSouvenir":19,"Calling Bell":10,"CaptainsWheel":11,"Dream Catcher":21,"Anchor":24,"Shuriken":19,"Bronze Scales":11,"Strawberry":16,"Red Mask":12,"Membership Card":2,"PureWater":0,"Unceasing Top":13},{"Lee\u0027s Waffle":44,"Blue Candle":32,"Pen Nib":23,"Incense Burner":41,"Bag of Preparation":54,"CloakClasp":96,"War Paint":20,"MawBank":20,"Cursed Key":71,"Akabeko":41,"White Beast Statue":41,"ClockworkSouvenir":79,"Calling Bell":41,"CaptainsWheel":44,"Dream Catcher":91,"Anchor":103,"Shuriken":79,"Bronze Scales":44,"Strawberry":62,"Red Mask":47,"Membership Card":8,"PureWater":0,"Unceasing Top":51}],"Unceasing Top":[0]},"card_choices":[{"not_picked":["Meditate","ClearTheMind"],"picked":"ReachHeaven","floor":1.0},{"not_picked":["JustLucky","Perseverance"],"picked":"SashWhip","floor":2.0},{"not_picked":["Evaluate","Protect"],"picked":"Adaptation","floor":4.0},{"not_picked":["FlurryOfBlows","SashWhip"],"picked":"FearNoEvil","floor":5.0},{"not_picked":["EmptyFist","Evaluate"],"picked":"BowlingBash","floor":7.0},{"not_picked":["Consecrate","Vault"],"picked":"Evaluate","floor":10.0},{"not_picked":["ClearTheMind","Halt","PathToVictory"],"picked":"SKIP","floor":11.0},{"not_picked":["ForeignInfluence","SandsOfTime"],"picked":"Tantrum","floor":12.0},{"not_picked":["Weave","WheelKick","SignatureMove"],"picked":"SKIP","floor":14.0},{"not_picked":["Alpha","Establishment"],"picked":"DeusExMachina","floor":16.0},{"not_picked":["Meditate","EmptyMind"],"picked":"EmptyBody","floor":18.0},{"not_picked":["Consecrate","EmptyBody+1","Tantrum"],"picked":"SKIP","floor":24.0},{"not_picked":["ClearTheMind+1","EmptyBody"],"picked":"Adaptation","floor":25.0},{"not_picked":["ConjureBlade","FlurryOfBlows","EmptyFist"],"picked":"SKIP","floor":27.0},{"not_picked":["Brilliance","CrushJoints"],"picked":"Weave","floor":29.0},{"not_picked":["Brilliance","Ragnarok"],"picked":"Establishment","floor":33.0},{"not_picked":["ForeignInfluence","CutThroughFate"],"picked":"Protect","floor":35.0},{"not_picked":["ForeignInfluence+1","SashWhip"],"picked":"FollowUp+1","floor":37},{"not_picked":["Sanctity","Swivel+1"],"picked":"Nirvana","floor":39},{"not_picked":["Consecrate","Prostrate+1","PathToVictory"],"picked":"SKIP","floor":41},{"not_picked":["Tantrum","Swivel+1"],"picked":"LikeWater+1","floor":45},{"not_picked":["Evaluate","BowlingBash+1"],"picked":"TalkToTheHand+1","floor":46},{"not_picked":["Weave+1","Prostrate","ForeignInfluence"],"picked":"SKIP","floor":47},{"not_picked":["Protect","FlyingSleeves","Wish"],"picked":"SKIP","floor":48}],"player_experience":880729,"relics_obtained":[{"floor":7.0,"key":"War Paint"},{"floor":9.0,"key":"MawBank"},{"floor":10.0,"key":"Pen Nib"},{"floor":14.0,"key":"Blue Candle"},{"floor":17.0,"key":"Akabeko"},{"floor":17.0,"key":"White Beast Statue"},{"floor":17.0,"key":"Incense Burner"},{"floor":22.0,"key":"Red Mask"},{"floor":24.0,"key":"Unceasing Top"},{"floor":26.0,"key":"Bag of Preparation"},{"floor":29.0,"key":"Strawberry"},{"floor":43,"key":"Dream Catcher"},{"floor":45,"key":"CloakClasp"},{"floor":47,"key":"Anchor"}],"event_choices":[{"damage_healed":0.0,"max_hp_gain":0.0,"max_hp_loss":0.0,"gold_gain":0.0,"event_name":"Addict","player_choice":"Obtained Relic","floor":19.0,"gold_loss":85.0,"damage_taken":0.0,"relics_obtained":["CaptainsWheel"]},{"damage_healed":0.0,"max_hp_gain":0.0,"max_hp_loss":0.0,"gold_gain":0.0,"cards_transformed":["Strike_P","Defend_P"],"event_name":"Drug Dealer","player_choice":"Became Test Subject","floor":21.0,"gold_loss":0.0,"damage_taken":0.0,"cards_obtained":["Study","CutThroughFate"]},{"damage_healed":0.0,"max_hp_gain":0.0,"max_hp_loss":0.0,"gold_gain":0.0,"event_name":"Masked Bandits","player_choice":"Fought Bandits","floor":22.0,"gold_loss":0.0,"damage_taken":0.0},{"damage_healed":0.0,"max_hp_gain":0.0,"max_hp_loss":0.0,"gold_gain":0.0,"event_name":"Designer","player_choice":"Upgrade","floor":31.0,"gold_loss":40.0,"damage_taken":0.0,"cards_upgraded":["Study"]},{"damage_healed":0.0,"max_hp_gain":0.0,"max_hp_loss":0.0,"gold_gain":0.0,"event_name":"SecretPortal","player_choice":"Ignored","floor":36.0,"gold_loss":0.0,"damage_taken":0.0}],"is_beta":false,"boss_relics":[{"not_picked":["Velvet Choker","Empty Cage"],"picked":"Calling Bell"},{"not_picked":["Pandora\u0027s Box","Black Star"],"picked":"Cursed Key"}],"items_purged_floors":[44],"is_endless":false,"potions_floor_spawned":[1,2,10,11,14,16,18,22,24,25,27,29,33,35,37,39,41,45,46,47,48],"ascension_level":6}}