{"host":"vx9g5eyuglzorf3u","time":1613847881,"event":{"mods":["2.2 Compatiblity","BaseMod","DeckTracker","Keyboard Shortcuts","Minty Spire (QoL Compilation)","Relic Stats","StSLib","SuperFastMode","everything is the same but u backflip on backflip"],"gold_per_floor":[360,374,374,374,392,41,80,105,184,184,195,195,195,214,214,295,345,362,394,394,52,52,52],"floor_reached":22,"language":"KOR","playtime":574,"items_purged":["Strike_R"],"score":368,"play_id":"72089adf-8e6b-43bc-a180-fc2a5c138730","local_time":"20210221040441","is_ascension_mode":true,"campfire_choices":[{"floor":10.0,"key":"REST"},{"data":"Body Slam","floor":12.0,"key":"SMITH"},{"floor":15.0,"key":"REST"}],"circlet_count":0,"master_deck":["AscendersBane","Strike_R","Strike_R","Strike_R","Defend_R","Defend_R","Defend_R","Defend_R","Bash","Clumsy","Uppercut","Body Slam+1","Metallicize","Whirlwind","Evolve","Fiend Fire+1","Juggernaut","Immolate"],"relics":["Burning Blood","Pocketwatch","OrangePellets","CeramicFish","FaceOfCleric","Tiny House","Red Mask","Bag of Preparation"],"acts_visited":["Exordium","TheCity"],"potions_floor_usage":[19,19],"damage_taken":[{"damage":12.0,"enemies":"Small Slimes","floor":1.0,"turns":5.0},{"damage":6.0,"enemies":"Jaw Worm","floor":2.0,"turns":4.0},{"damage":9.0,"enemies":"Cultist","floor":5.0,"turns":5.0},{"damage":32.0,"enemies":"Gremlin Nob","floor":7.0,"turns":4.0},{"damage":11.0,"enemies":"Blue Slaver","floor":8.0,"turns":4.0},{"damage":26.0,"enemies":"Exordium Thugs","floor":11.0,"turns":4.0},{"damage":6.0,"enemies":"3 Louse","floor":14.0,"turns":2.0},{"damage":28.0,"enemies":"The Guardian","floor":16.0,"turns":12.0},{"damage":24.0,"enemies":"Spheric Guardian","floor":18.0,"turns":5.0},{"damage":46,"enemies":"Masked Bandits","floor":19,"turns":6},{"damage":29,"enemies":"Shell Parasite","floor":22,"turns":5}],"seed_played":"-8464525919332900339","potions_obtained":[{"floor":2.0,"key":"CultistPotion"},{"floor":5.0,"key":"Ancient Potion"},{"floor":16.0,"key":"Strength Potion"},{"floor":17.0,"key":"CultistPotion"}],"is_trial":false,"path_per_floor":["M","M","?","?","M","$","E","M","T","R","M","R","?","M","R","B",null,"M","?","?","$","M"],"character_chosen":"IRONCLAD","items_purchased":["OrangePellets","Metallicize","Whirlwind","Immolate","Bag of Preparation"],"campfire_rested":2,"item_purchase_floors":[6,6,6,21,21],"current_hp_per_floor":[62,62,51,51,48,48,22,17,17,39,19,19,19,20,42,21,68,51,12,12,12,0,0],"gold":52,"neow_bonus":"TWO_FIFTY_GOLD","is_daily":false,"chose_seed":false,"campfire_upgraded":1,"win_rate":0.0,"timestamp":1613847881,"path_taken":["M","M","?","?","M","$","E","M","T","R","?","R","?","M","R","BOSS","M","?","?","$","M"],"items_purchased_type":["Relic","Card","Card","Card","Relic"],"build_version":"2020-12-22","purchased_purges":1,"victory":false,"max_hp_per_floor":[75,75,75,75,75,75,75,75,75,75,75,75,75,76,76,77,82,83,84,84,84,84,84],"relic_stats":{"OrangePellets":[4],"FaceOfCleric":4,"counters":[11,56],"CeramicFish":36,"Bag of Preparation":[2],"obtain_stats":[{"OrangePellets":6,"Tiny House":17,"FaceOfCleric":13,"CeramicFish":7,"Red Mask":19,"Bag of Preparation":21,"Burning Blood":0,"Pocketwatch":3},{"OrangePellets":3,"Tiny House":8,"FaceOfCleric":6,"CeramicFish":4,"Red Mask":10,"Bag of Preparation":10,"Burning Blood":0,"Pocketwatch":2},{"OrangePellets":14,"Tiny House":40,"FaceOfCleric":26,"CeramicFish":18,"Red Mask":51,"Bag of Preparation":51,"Burning Blood":0,"Pocketwatch":9}],"Burning Blood":60,"Pocketwatch":[95]},"card_choices":[{"not_picked":["Armaments","Flex"],"picked":"Uppercut","floor":1.0},{"not_picked":["Cleave","Havoc"],"picked":"Body Slam","floor":2.0},{"not_picked":["Perfected Strike","Spot Weakness","True Grit"],"picked":"SKIP","floor":5.0},{"not_picked":["Anger","Iron Wave"],"picked":"Evolve","floor":7.0},{"not_picked":["Wild Strike","Rupture"],"picked":"Fiend Fire","floor":8.0},{"not_picked":["Warcry","Body Slam","Intimidate"],"picked":"SKIP","floor":11.0},{"not_picked":["Rage","Headbutt","Combust"],"picked":"SKIP","floor":14.0},{"not_picked":["Corruption","Berserk"],"picked":"Juggernaut","floor":16.0},{"not_picked":["Whirlwind","True Grit","Sentinel"],"picked":"SKIP","floor":18.0}],"player_experience":1540810,"relics_obtained":[{"floor":7.0,"key":"CeramicFish"},{"floor":19,"key":"Red Mask"}],"event_choices":[{"damage_healed":0.0,"max_hp_gain":0.0,"max_hp_loss":0.0,"gold_gain":0.0,"event_name":"Scrap Ooze","player_choice":"Success","floor":3.0,"gold_loss":0.0,"damage_taken":11.0,"relics_obtained":["Pocketwatch"]},{"cards_removed":["Strike_R"],"damage_healed":0.0,"max_hp_gain":0.0,"max_hp_loss":0.0,"gold_gain":0.0,"event_name":"Bonfire Elementals","player_choice":"Offered Basic","floor":4.0,"gold_loss":0.0,"damage_taken":0.0},{"damage_healed":0.0,"max_hp_gain":0.0,"max_hp_loss":0.0,"gold_gain":0.0,"event_name":"FaceTrader","player_choice":"Trade","floor":13.0,"gold_loss":0.0,"damage_taken":0.0,"relics_obtained":["FaceOfCleric"]},{"damage_healed":0,"gold_gain":0,"player_choice":"Fought Bandits","damage_taken":0,"max_hp_gain":0,"max_hp_loss":0,"event_name":"Masked Bandits","floor":19,"gold_loss":0},{"damage_healed":0,"gold_gain":0,"player_choice":"Ignored","damage_taken":0,"max_hp_gain":0,"max_hp_loss":0,"event_name":"The Mausoleum","floor":20,"gold_loss":0}],"is_beta":false,"boss_relics":[{"not_picked":["Runic Cube","Snecko Eye"],"picked":"Tiny House"}],"items_purged_floors":[6],"is_endless":false,"potions_floor_spawned":[2,5,16,18],"killed_by":"Shell Parasite","ascension_level":20}}