{"host":"f76wcztdlwlduum6","time":1613864450,"event":{"mods":["BaseMod","BetterRewards","Colored Powertips","Minty Spire (QoL Compilation)","Quick Restart","Rare Cards Sparkle","Relic Stats","StSLib","SuperFastMode","everything is the same but u backflip on backflip"],"gold_per_floor":[367,442,461,28,41,66,66,77,77,89,89,89,103,116,116,116,116],"floor_reached":16,"language":"ENG","playtime":407,"items_purged":["Strike_R"],"score":208,"play_id":"25cd0bb4-c999-40ab-842c-6fd097ef8de8","local_time":"20210220174050","is_ascension_mode":true,"campfire_choices":[{"data":"Whirlwind","floor":7,"key":"SMITH"},{"floor":12,"key":"REST"},{"data":"Shockwave","floor":15,"key":"SMITH"}],"circlet_count":0,"master_deck":["AscendersBane","Strike_R","Strike_R","Strike_R","Strike_R","Defend_R","Defend_R","Defend_R","Defend_R","Bash","Sword Boomerang","Evolve","Shrug It Off","Pommel Strike","Feel No Pain","Dark Embrace","Whirlwind+1","Warcry","Uppercut+1","Shockwave+1"],"relics":["Burning Blood","Sling","Ornamental Fan","Gremlin Horn"],"acts_visited":["Exordium"],"potions_floor_usage":[],"damage_taken":[{"damage":14,"enemies":"Jaw Worm","floor":1,"turns":3},{"damage":12,"enemies":"Cultist","floor":3,"turns":4},{"damage":7,"enemies":"Small Slimes","floor":5,"turns":5},{"damage":31,"enemies":"Gremlin Nob","floor":6,"turns":4},{"damage":2,"enemies":"2 Fungi Beasts","floor":8,"turns":4},{"damage":30,"enemies":"Exordium Wildlife","floor":10,"turns":5},{"damage":7,"enemies":"Lots of Slimes","floor":13,"turns":2},{"damage":0,"enemies":"3 Louse","floor":14,"turns":1},{"damage":36,"enemies":"Slime Boss","floor":16,"turns":8}],"seed_played":"-2548571436826881200","potions_obtained":[{"floor":5,"key":"Ancient Potion"},{"floor":6,"key":"Dexterity Potion"},{"floor":8,"key":"FairyPotion"},{"floor":13,"key":"Ancient Potion"}],"is_trial":false,"path_per_floor":["M","?","M","$","M","E","R","M","T","M","?","R","M","M","R","B"],"character_chosen":"IRONCLAD","items_purchased":["Shrug It Off","Pommel Strike","Sling","Feel No Pain"],"campfire_rested":1,"item_purchase_floors":[4,4,4,4],"current_hp_per_floor":[60,49,43,43,42,17,17,21,21,18,18,38,37,43,43,7,7],"gold":116,"neow_bonus":"TWO_FIFTY_GOLD","is_daily":false,"chose_seed":false,"campfire_upgraded":2,"win_rate":0.0,"timestamp":1613864450,"path_taken":["M","?","M","$","M","E","R","M","T","M","?","R","M","?","R","BOSS"],"items_purchased_type":["Card","Card","Relic","Card"],"build_version":"2020-12-22","purchased_purges":1,"victory":false,"max_hp_per_floor":[68,68,68,68,68,68,68,68,68,68,68,68,68,68,68,68,68],"relic_stats":{"Gremlin Horn":[2,2],"counters":[9,36],"Ornamental Fan":[12],"obtain_stats":[{"Gremlin Horn":9,"Ornamental Fan":6,"Sling":4,"Burning Blood":0},{"Gremlin Horn":5,"Ornamental Fan":4,"Sling":2,"Burning Blood":0},{"Gremlin Horn":20,"Ornamental Fan":16,"Sling":7,"Burning Blood":0}],"Burning Blood":48},"card_choices":[{"not_picked":["Clash","Second Wind"],"picked":"Sword Boomerang","floor":1},{"not_picked":["Havoc","Warcry"],"picked":"Evolve","floor":3},{"not_picked":["Carnage","Body Slam"],"picked":"Dark Embrace","floor":5},{"not_picked":["Twin Strike","Shockwave"],"picked":"Whirlwind","floor":6},{"not_picked":["Ghostly Armor","Clothesline"],"picked":"Warcry","floor":8},{"not_picked":["Havoc","Twin Strike"],"picked":"Uppercut","floor":10},{"not_picked":["Iron Wave","Heavy Blade"],"picked":"Shockwave","floor":13},{"not_picked":["Headbutt","Body Slam","Clothesline"],"picked":"SKIP","floor":14}],"player_experience":365141,"relics_obtained":[{"floor":6,"key":"Ornamental Fan"},{"floor":9,"key":"Gremlin Horn"}],"event_choices":[{"damage_healed":0,"gold_gain":75,"player_choice":"Gather Gold","damage_taken":11,"max_hp_gain":0,"max_hp_loss":0,"event_name":"World of Goop","floor":2,"gold_loss":0},{"damage_healed":0,"gold_gain":0,"player_choice":"Upgraded","damage_taken":0,"max_hp_gain":0,"max_hp_loss":0,"event_name":"Upgrade Shrine","floor":11,"gold_loss":0,"cards_upgraded":["Uppercut"]}],"is_beta":false,"boss_relics":[],"items_purged_floors":[4],"is_endless":false,"potions_floor_spawned":[5,6,8,13],"killed_by":"Slime Boss","ascension_level":20}}