{"host":"zmr8u29ebzxwermy","time":1613789834,"event":{"mods":["BaseMod","BetterRewards","Colored Map","DeckTracker","Hermit","Infinite Spire","Minty Spire (QoL Compilation)","Quick Restart","Shop Mod","StSLib","SuperFastMode","everything is the same but u backflip on backflip"],"gold_per_floor":[119,119,130,130,146,181,181,206,206,206,246,267,267,292,292,413,413,441,475,260,29,29,102,102,102,102,142,177,215,215,256,256,379,379,397,397,460,228,262,300,334,334,334,334,370,377,377],"floor_reached":46,"language":"KOR","playtime":1817,"items_purged":["hermit:Strike_Hermit","hermit:Horror"],"score":781,"play_id":"0abb571b-32bc-4b53-ba92-f6335b2e85d2","local_time":"20210220115714","is_ascension_mode":true,"campfire_choices":[{"floor":10.0,"key":"REST"},{"data":"hermit:Covet","floor":15.0,"key":"SMITH"},{"floor":30.0,"key":"REST"},{"data":"hermit:HeroicBravado","floor":32.0,"key":"SMITH"},{"data":"hermit:BlackWind","floor":42.0,"key":"SMITH"}],"circlet_count":0,"master_deck":["hermit:Defend_Hermit","hermit:Defend_Hermit","hermit:Defend_Hermit","hermit:Snapshot","hermit:Covet+1","hermit:Quickdraw","hermit:Brawl","hermit:FatalDesire","infinitespire:SevenWalls","hermit:Brawl","hermit:BlackWind+1","hermit:DeadOrAlive+1","hermit:Horror+1","hermit:RoundhouseKick+1","hermit:HeroicBravado+1","hermit:ShadowCloak+1","hermit:Deadeye","hermit:Magnum","hermit:FlashPowder+1","hermit:Scavenge+1","hermit:Dive+1","hermit:BlackWind"],"relics":["hermit:Momento","hermit:PetGhost","infinitespire:Eraser","MerchantsRug","Bag of Marbles","Golden Idol","PreservedInsect","hermit:Spyglass","Astrolabe","Bag of Preparation","Membership Card","Toxic Egg 2","Regal Pillow","hermit:Horseshoe","Juzu Bracelet","Empty Cage","infinitespire:CursedDice","infinitespire:Golems Mask","Toy Ornithopter","Eternal Feather"],"acts_visited":["Exordium","TheCity","TheBeyond"],"potions_floor_usage":[],"damage_taken":[{"damage":0.0,"enemies":"2 Louse","floor":1.0,"turns":2.0},{"damage":0.0,"enemies":"Small Slimes","floor":3.0,"turns":3.0},{"damage":3.0,"enemies":"Jaw Worm","floor":5.0,"turns":3.0},{"damage":6.0,"enemies":"Lagavulin","floor":6.0,"turns":4.0},{"damage":6.0,"enemies":"Exordium Thugs","floor":8.0,"turns":4.0},{"damage":24.0,"enemies":"Nightmare","floor":11.0,"turns":8.0},{"damage":0.0,"enemies":"Gremlin Gang","floor":12.0,"turns":1.0},{"damage":6.0,"enemies":"Exordium Wildlife","floor":14.0,"turns":4.0},{"damage":0.0,"enemies":"Hexaghost","floor":16.0,"turns":7.0},{"damage":0.0,"enemies":"Chosen","floor":18.0,"turns":3.0},{"damage":12.0,"enemies":"2 Thieves","floor":19.0,"turns":3.0},{"damage":16.0,"enemies":"Chosen and Byrds","floor":21.0,"turns":7.0},{"damage":2.0,"enemies":"Slavers","floor":23.0,"turns":3.0},{"damage":6.0,"enemies":"Cultist and Chosen","floor":27.0,"turns":4.0},{"damage":11.0,"enemies":"Nightmare","floor":28.0,"turns":11.0},{"damage":6.0,"enemies":"Centurion and Healer","floor":29.0,"turns":4.0},{"damage":1.0,"enemies":"Slavers","floor":31.0,"turns":2.0},{"damage":22.0,"enemies":"Collector","floor":33.0,"turns":9.0},{"damage":31.0,"enemies":"3 Darklings","floor":35.0,"turns":7.0},{"damage":1.0,"enemies":"Mind Bloom Boss Battle","floor":37.0,"turns":7.0},{"damage":6.0,"enemies":"3 Shapes","floor":39.0,"turns":6.0},{"damage":63.0,"enemies":"Reptomancer","floor":40.0,"turns":2.0},{"damage":11.0,"enemies":"Spire Growth","floor":41.0,"turns":3.0},{"damage":3.0,"enemies":"Sphere and 2 Shapes","floor":45.0,"turns":2.0},{"damage":11,"enemies":"Giant Head","floor":46,"turns":6}],"seed_played":"-8393037786012850161","potions_obtained":[{"floor":5.0,"key":"BlessingOfTheForge"},{"floor":6.0,"key":"AttackPotion"},{"floor":8.0,"key":"LiquidBronze"},{"floor":12.0,"key":"SpeedPotion"},{"floor":19.0,"key":"PowerPotion"},{"floor":23.0,"key":"AttackPotion"},{"floor":33.0,"key":"DuplicationPotion"},{"floor":45.0,"key":"GamblersBrew"}],"is_trial":false,"path_per_floor":["M","?","M","?","M","E","?","M","T","R","NM","M","?","M","R","B",null,"M","M","$","M","AVR","E","?","$","T","M","NM","M","R","E","R","B",null,"M","?","?","$","M","E","M","R","T","?","M","E"],"character_chosen":"HERMIT","items_purchased":["hermit:PetGhost","hermit:Glare","hermit:RoundhouseKick","infinitespire:Eraser","MerchantsRug","hermit:HeroicBravado","Bag of Preparation","infinitespire:Golems Mask","hermit:Scavenge+1"],"campfire_rested":2,"item_purchase_floors":[0,0,0,0,0,20,20,38,38],"current_hp_per_floor":[51,51,51,51,48,42,42,36,36,56,32,32,37,31,31,31,74,74,62,62,46,46,44,44,44,44,38,27,21,58,57,57,35,74,43,43,42,42,36,1,1,1,1,1,1,0,0],"gold":377,"neow_bonus":"","is_daily":false,"chose_seed":false,"campfire_upgraded":3,"win_rate":0.0,"timestamp":1613789834,"path_taken":["M","?","M","?","M","E","?","M","T","R","NM","M","?","M","R","BOSS","M","M","$","M","AVR","E","?","?","T","M","NM","?","R","E","R","BOSS","M","?","?","?","M","E","M","R","T","?","M","E"],"items_purchased_type":["Relic","Card","Card","Relic","Relic","Card","Relic","Relic","Card"],"build_version":"2020-12-22","purchased_purges":2,"victory":false,"max_hp_per_floor":[75,75,75,75,75,75,69,69,69,69,69,69,74,74,74,74,74,74,74,74,74,74,74,74,74,74,74,74,74,74,74,74,74,74,74,74,74,74,74,74,74,74,74,74,74,74,74],"card_choices":[{"not_picked":["hermit:LowProfile","hermit:Snipe"],"picked":"hermit:Quickdraw","floor":1.0},{"not_picked":["hermit:CalledShot","hermit:Snipe"],"picked":"hermit:Horror","floor":3.0},{"not_picked":["hermit:Coalescence","hermit:BigShot"],"picked":"hermit:FatalDesire","floor":6.0},{"not_picked":["infinitespire:Punishment","infinitespire:Menacing"],"picked":"infinitespire:SevenWalls","floor":11.0},{"not_picked":["hermit:Determination","hermit:Gestalt","hermit:LoneWolf"],"picked":"SKIP","floor":11.0},{"not_picked":["hermit:SprayPray","hermit:Roulette"],"picked":"hermit:Brawl","floor":12.0},{"not_picked":["hermit:BigShot","hermit:HoleUp"],"picked":"hermit:Enervate","floor":14.0},{"not_picked":["hermit:FatalDesire","hermit:FinalCanter"],"picked":"hermit:BlackWind","floor":16.0},{"not_picked":["hermit:Showdown","hermit:LoneWolf","hermit:Desperado"],"picked":"SKIP","floor":18.0},{"not_picked":["hermit:GoldenBullet","hermit:LowProfile","hermit:TrackingShot"],"picked":"SKIP","floor":19.0},{"not_picked":["hermit:Quickdraw","hermit:Vantage","hermit:Reprieve"],"picked":"SKIP","floor":21.0},{"not_picked":["hermit:Glare+1","hermit:DeadOrAlive"],"picked":"hermit:ShadowCloak+1","floor":23.0},{"not_picked":["hermit:Headshot","hermit:Misfire","hermit:LowProfile+1"],"picked":"SKIP","floor":27.0},{"not_picked":["hermit:FromBeyond+1","hermit:BigShot+1"],"picked":"hermit:Deadeye","floor":28.0},{"not_picked":["hermit:Dissolve+1","hermit:Gambit+1"],"picked":"hermit:Magnum","floor":33.0},{"not_picked":["hermit:Desperado+1","hermit:Snipe+1"],"picked":"hermit:FlashPowder+1","floor":35.0},{"not_picked":["hermit:Roulette+1","hermit:ItchyTrigger"],"picked":"hermit:Dive+1","floor":39.0},{"not_picked":["hermit:ItchyTrigger+1","hermit:WideOpen"],"picked":"hermit:BlackWind","floor":41.0}],"player_experience":400036,"relics_obtained":[{"floor":6.0,"key":"Bag of Marbles"},{"floor":9.0,"key":"PreservedInsect"},{"floor":11.0,"key":"hermit:Spyglass"},{"floor":23.0,"key":"Toxic Egg 2"},{"floor":26.0,"key":"Regal Pillow"},{"floor":28.0,"key":"hermit:Horseshoe"},{"floor":31.0,"key":"Juzu Bracelet"},{"floor":37.0,"key":"infinitespire:CursedDice"},{"floor":40.0,"key":"Toy Ornithopter"},{"floor":43.0,"key":"Eternal Feather"}],"event_choices":[{"damage_healed":0.0,"max_hp_gain":0.0,"max_hp_loss":0.0,"gold_gain":0.0,"cards_transformed":["hermit:Strike_Hermit"],"event_name":"Living Wall","player_choice":"Change","floor":2.0,"gold_loss":0.0,"damage_taken":0.0,"cards_obtained":["hermit:Brawl"]},{"damage_healed":0.0,"max_hp_gain":0.0,"max_hp_loss":6.0,"gold_gain":0.0,"event_name":"Golden Idol","player_choice":"Lose Max HP","floor":7.0,"gold_loss":0.0,"damage_taken":0.0,"relics_obtained":["Golden Idol"]},{"damage_healed":0.0,"max_hp_gain":5.0,"max_hp_loss":0.0,"gold_gain":0.0,"event_name":"Big Fish","player_choice":"Donut","floor":13.0,"gold_loss":0.0,"damage_taken":0.0},{"cards_removed":["hermit:RoundhouseKick"],"damage_healed":0.0,"max_hp_gain":0.0,"max_hp_loss":0.0,"gold_gain":0.0,"event_name":"Purifier","player_choice":"Purged","floor":24.0,"gold_loss":0.0,"damage_taken":0.0},{"damage_healed":0.0,"max_hp_gain":0.0,"max_hp_loss":0.0,"gold_gain":0.0,"event_name":"Mysterious Sphere","player_choice":"Ignored","floor":36.0,"gold_loss":0.0,"damage_taken":0.0},{"damage_healed":0.0,"max_hp_gain":0.0,"max_hp_loss":0.0,"gold_gain":0.0,"event_name":"MindBloom","player_choice":"Fight","floor":37.0,"gold_loss":0.0,"damage_taken":0.0},{"damage_healed":0.0,"max_hp_gain":0.0,"max_hp_loss":0.0,"gold_gain":0.0,"event_name":"Tomb of Lord Red Mask","player_choice":"Ignored","floor":44.0,"gold_loss":0.0,"damage_taken":0.0}],"is_beta":false,"boss_relics":[{"not_picked":["Fusion Hammer","Calling Bell"],"picked":"Astrolabe"},{"not_picked":["Tiny House","SacredBark"],"picked":"Empty Cage"}],"items_purged_floors":[0,38],"is_endless":true,"potions_floor_spawned":[5,6,8,12,19,23,27,33,35,45],"killed_by":"Giant Head","ascension_level":1}}