{"host":"xm0mz9ddset2ui4e","time":1613805943,"event":{"mods":["2.2 Compatiblity","AchievementEnabler","Act Like it!","Arknights","Astrologer","BaseMod","CapriCore","Colored Powertips","Elementarium","Gensokyo","GifTheSpireLib","Hallownest","Hermit","Highlight Path","Jorbs\u0027s Wanderer Trilogy","Koishi","Lobotomy","LobotomyExtend","Marisa????????","Minty Spire (QoL Compilation)","Remilia??????","Replay The Spire","Shade Mod","StSLib","Td1madao Mod","The Animator","The Bug Knight","The Cursed","The Hierophant","The Immortal","The Runesmith","The Servant 0.9.4","The Wild Card","TheBandit"],"gold_per_floor":[114,134,134,153,103,137,137,62,62,62,62,80,100,43,43,140,140,140,155,155,168,181,181,216,228,302,327,344,344,362,381,381,485,485,499,511,511,511,526,526,551,551,578,578,598,598,618,631,631,631,631,631,631,200,226,226,226],"floor_reached":56,"language":"ENG","playtime":7483,"items_purged":["ats:Defend","stsjorbsmod:Procrastination"],"score":701,"play_id":"d87f0935-ecf7-44dc-9d0e-d20dae182b75","local_time":"20210220012543","is_ascension_mode":false,"campfire_choices":[{"floor":7.0,"key":"REST"},{"data":"ats:Emotion Absorption","floor":10.0,"key":"SMITH"},{"data":"Sickly","floor":15.0,"key":"PURGE"},{"data":"ats:Demon Strength","floor":23.0,"key":"SMITH"},{"data":"ats:Armor Crushing Shot","floor":32.0,"key":"SMITH"},{"floor":40.0,"key":"RECALL"},{"data":"ats:Rapid Magazine","floor":44,"key":"SMITH"},{"data":"ats:Ambush","floor":53,"key":"SMITH"}],"circlet_count":0,"master_deck":["ats:Armor Crushing Shot+1","ats:Emotion Absorption+1","ats:Wolf Pack","ats:Overload","ats:Shell Defense","ats:Cat Scratch","ats:Demon Strength+1","ats:Automatic Cover","ats:Song Of Battle+1","ats:Shadow Assault","ats:Leaping Hammer+1","ats:Explosion Area Strengthen","ats:Poison Spread+1","ats:Rapid Magazine+1","ats:Consecutive Shot Auto+1","ats:Song Of Battle","ats:Closed Bolt Burst Fire","ats:Ambush+1","ats:Healing Drone","ats:Serious Mode","ats:Poison Spread","ats:Hook Shot","ats:Blood Oath","ats:Directed Diagnosis","ats:Thorns+1","ats:Consecutive Shot Auto+1","Gensokyo:BrilliantDragonBullet","ats:Sashimi Platter+1","ats:Literary Storm","ats:Shell Defense+1","ats:Calcification","ats:Calcification"],"relics":["ats:Sanity","LetterFromLob","ats:Originium","Durian","Kunai","Replay:Grab Bag","Cursed Key","Replay:Bronze Core","ats:Omniscience","Runesmith:Nanobots","Blue Candle","Red Mask","CultistMask","Pandora\u0027s Box","Gensokyo:EmptyGrave","Turnip","Happy Flower","Boot"],"acts_visited":["Exordium","TheCity","Gensokyo:Gensokyoest","TheEnding"],"potions_floor_usage":[50,50,50,55,56],"damage_taken":[{"damage":0.0,"enemies":"Small Slimes","floor":1.0,"turns":8.0},{"damage":0.0,"enemies":"2 Louse","floor":2.0,"turns":4.0},{"damage":1.0,"enemies":"Jaw Worm","floor":4.0,"turns":4.0},{"damage":51.0,"enemies":"Lagavulin","floor":6.0,"turns":11.0},{"damage":8.0,"enemies":"Looter","floor":12.0,"turns":4.0},{"damage":0.0,"enemies":"2 Fungi Beasts","floor":13.0,"turns":4.0},{"damage":14.0,"enemies":"The Guardian","floor":16.0,"turns":9.0},{"damage":0.0,"enemies":"Spheric Guardian","floor":19.0,"turns":4.0},{"damage":0.0,"enemies":"Snecko","floor":21.0,"turns":5.0},{"damage":0.0,"enemies":"Snake Plant","floor":22.0,"turns":4.0},{"damage":0.0,"enemies":"Slavers","floor":24.0,"turns":5.0},{"damage":0.0,"enemies":"Chosen and Byrds","floor":25.0,"turns":4.0},{"damage":0.0,"enemies":"Masked Bandits","floor":27.0,"turns":2.0},{"damage":0.0,"enemies":"Centurion and Healer","floor":28.0,"turns":5.0},{"damage":0.0,"enemies":"Cultist and Chosen","floor":30.0,"turns":6.0},{"damage":15.0,"enemies":"Snecko","floor":31.0,"turns":6.0},{"damage":61.0,"enemies":"Automaton","floor":33.0,"turns":11.0},{"damage":16.0,"enemies":"Gensokyo:AncientGuardian","floor":35.0,"turns":7.0},{"damage":8.0,"enemies":"Gensokyo:3_Bats","floor":36.0,"turns":6.0},{"damage":8.0,"enemies":"Gensokyo:Dusk_and_Dawn","floor":39.0,"turns":5.0},{"damage":46.0,"enemies":"Gensokyo:Kasen","floor":41.0,"turns":8.0},{"damage":0,"enemies":"Gensokyo:Rafflesia","floor":45,"turns":7},{"damage":0,"enemies":"Gensokyo:4_Bats","floor":47,"turns":2},{"damage":0,"enemies":"Gensokyo:3_Boulders","floor":48,"turns":4},{"damage":20,"enemies":"Gensokyo:Yuyuko","floor":50,"turns":13},{"damage":44,"enemies":"Shield and Spear","floor":55,"turns":7},{"damage":138,"enemies":"The Heart","floor":56,"turns":12}],"seed_played":"-469199941282713291","potions_obtained":[{"floor":1.0,"key":"Fruit Juice"},{"floor":12.0,"key":"PowerPotion"},{"floor":13.0,"key":"SkillPotion"},{"floor":24.0,"key":"Weak Potion"},{"floor":25.0,"key":"Flashbang"},{"floor":33.0,"key":"SteroidPotion"},{"floor":36.0,"key":"DistilledChaos"},{"floor":41.0,"key":"PowerPotion"},{"floor":47,"key":"SkillPotion"}],"is_trial":false,"path_per_floor":["M","M","?","M","?","E","R","$","T","R","?","M","M","$","R","B",null,"M","M","?","M","M","R","E","M","T","?","M","?","M","M","R","B",null,"M","M","T","?","M","R","E","?","T","R","M","?","M","M","R","B",null,null,"R","$","E","B"],"character_chosen":"DOCTOR_CLASS","items_purchased":["ats:Song Of Battle+1","Happy Flower","DistilledChaos","Cursed Concoction"],"campfire_rested":1,"item_purchase_floors":[14,54,54,54],"current_hp_per_floor":[77,77,77,76,76,33,57,57,57,57,57,49,52,52,52,48,82,82,82,82,82,82,82,82,82,82,82,82,82,82,67,67,12,82,66,75,75,75,72,72,44,44,44,44,56,45,52,58,58,58,58,76,76,76,58,0,0],"gold":226,"neow_bonus":"ONE_RANDOM_RARE_CARD","is_daily":false,"chose_seed":false,"campfire_upgraded":5,"win_rate":0.0,"timestamp":1613805943,"path_taken":["M","M","?","M","?","E","R","$","T","R","?","M","M","$","R","BOSS","M","M","?","M","M","R","E","M","T","?","M","?","M","M","R","BOSS","M","M","?","?","M","R","E","?","T","R","M","?","M","?","R","BOSS","R","$","E","BOSS"],"items_purchased_type":["Card","Relic","Potion","Potion"],"build_version":"2020-12-22","purchased_purges":2,"victory":false,"max_hp_per_floor":[77,77,77,77,77,82,82,82,82,82,82,82,82,82,82,82,82,82,82,82,82,82,82,82,82,82,82,82,82,82,82,82,82,82,82,82,82,76,76,76,76,76,76,76,76,76,76,76,76,76,76,76,76,76,76,76,76],"card_choices":[{"not_picked":["ats:Revitalization","ats:Mental Burst"],"picked":"ats:Overload","floor":1.0},{"not_picked":["ats:Directed Diagnosis","ats:Encircling Forest"],"picked":"ats:Shell Defense","floor":2.0},{"not_picked":["ats:Sword Rain","ats:LN2 Cannon"],"picked":"ats:Cat Scratch","floor":4.0},{"not_picked":["ats:Revitalization","ats:Beaten Up"],"picked":"ats:Demon Strength","floor":6.0},{"not_picked":["ats:Very Hot Blade","ats:Phantom","ats:Spore Proliferation"],"picked":"SKIP","floor":12.0},{"not_picked":["ats:Shell Defense","ats:Roar Of Ursus"],"picked":"ats:Automatic Cover","floor":13.0},{"not_picked":["ats:Durian","ats:Roar Of Ursus"],"picked":"ats:Shadow Assault","floor":16.0},{"not_picked":["ats:Directed Diagnosis","ats:Assault Order"],"picked":"ats:Leaping Hammer+1","floor":19.0},{"not_picked":["ats:Cat Scratch","ats:Spore Proliferation"],"picked":"ats:Explosion Area Strengthen","floor":21.0},{"not_picked":["ats:Leaping Hammer+1","ats:Thermite Blade"],"picked":"ats:Poison Spread+1","floor":22.0},{"not_picked":["ats:Echo Reverb","ats:LN2 Cannon"],"picked":"ats:Rapid Magazine","floor":24.0},{"not_picked":["ats:Very Hot Blade","ats:Explosion Area Strengthen"],"picked":"ats:Consecutive Shot Auto+1","floor":25.0},{"not_picked":["ats:Serious Mode","ats:Support Order"],"picked":"ats:Song Of Battle","floor":27.0},{"not_picked":["ats:Sword Rain+1","ats:Cat Scratch+1","ats:Very Hot Blade"],"picked":"SKIP","floor":28.0},{"not_picked":["ats:Cat Scratch","ats:Assault Order"],"picked":"ats:Closed Bolt Burst Fire","floor":30.0},{"not_picked":["ats:Assault Order+1","ats:Explosion Area Strengthen","ats:Magnetic Hammer+1"],"picked":"SKIP","floor":31.0},{"not_picked":["ats:Dogmatic Field","ats:Soul Rend"],"picked":"ats:Ambush","floor":33.0},{"not_picked":["ats:Very Hot Blade","ats:Serious Mode","ats:Hammer On"],"picked":"SKIP","floor":35.0},{"not_picked":["ats:Ignite+1","ats:Assault Order"],"picked":"ats:Thorns+1","floor":36.0},{"not_picked":["ats:Spore Proliferation+1","ats:Ignite","ats:Apocalypse"],"picked":"SKIP","floor":39.0},{"not_picked":["ats:Sashimi Platter","ats:Beaten Up"],"picked":"ats:Consecutive Shot Auto+1","floor":41.0},{"not_picked":["Gensokyo:RainbowDanmaku","Gensokyo:NewMoon"],"picked":"Gensokyo:BrilliantDragonBullet","floor":42},{"not_picked":["ats:Shell Defense","ats:Very Hot Blade"],"picked":"ats:Sashimi Platter+1","floor":45},{"not_picked":["ats:Flexible Camouflage","ats:Curse Doll"],"picked":"ats:Literary Storm","floor":47},{"not_picked":["ats:Guard Mode+1","ats:Closed Bolt Burst Fire+1"],"picked":"ats:Shell Defense+1","floor":48},{"not_picked":["ats:Closed Bolt Burst Fire+1","ats:Collapsing Strike+1"],"picked":"ats:Calcification","floor":55}],"player_experience":578907,"relics_obtained":[{"floor":1.0,"key":"LetterFromLob"},{"floor":6.0,"key":"ats:Originium"},{"floor":6.0,"key":"Durian"},{"floor":9.0,"key":"Kunai"},{"floor":24.0,"key":"ats:Originium"},{"floor":24.0,"key":"Runesmith:Nanobots"},{"floor":26.0,"key":"Blue Candle"},{"floor":27.0,"key":"Red Mask"},{"floor":41.0,"key":"ats:Originium"},{"floor":41.0,"key":"Turnip"},{"floor":55,"key":"ats:Originium"},{"floor":55,"key":"Boot"}],"event_choices":[{"cards_removed":["ats:Strike C"],"damage_healed":0.0,"max_hp_gain":0.0,"max_hp_loss":0.0,"gold_gain":0.0,"event_name":"The Cleric","player_choice":"Card Removal","floor":5.0,"gold_loss":50.0,"damage_taken":0.0},{"damage_healed":0.0,"max_hp_gain":0.0,"max_hp_loss":0.0,"gold_gain":0.0,"event_name":"Vampires","player_choice":"Ignored","floor":20.0,"gold_loss":0.0,"damage_taken":0.0},{"damage_healed":0.0,"max_hp_gain":0.0,"max_hp_loss":0.0,"gold_gain":0.0,"event_name":"Masked Bandits","player_choice":"Fought Bandits","floor":27.0,"gold_loss":0.0,"damage_taken":0.0},{"damage_healed":0.0,"max_hp_gain":0.0,"max_hp_loss":0.0,"gold_gain":0.0,"event_name":"FaceTrader","player_choice":"Trade","floor":29.0,"gold_loss":0.0,"damage_taken":0.0,"relics_obtained":["CultistMask"]}],"is_beta":false,"boss_relics":[{"not_picked":["Replay:Wanted Poster","ChewingGum"],"picked":"Replay:Grab Bag"},{"not_picked":["Ectoplasm","Runic Dome"],"picked":"Cursed Key"},{"not_picked":["Fusion Hammer","Painkiller Herb"],"picked":"Replay:Bronze Core"},{"not_picked":["Empty Cage","Snecko Eye"],"picked":"ats:Omniscience"},{"not_picked":["Honey Jar","Black Star"],"picked":"Pandora\u0027s Box"}],"items_purged_floors":[8,54],"is_endless":false,"potions_floor_spawned":[1,12,13,24,25,30,31,33,36,41,47],"killed_by":"The Heart","ascension_level":0}}