{"host":"dh4nu8nelr2izibb","time":1613857191,"event":{"mods":["BaseMod","Better Skull","Better Third Choice","Card Filter","Card Forge","Curses Come First","Displayed Cursed Tome","HololiveMod","Marisa????????","Minty Spire (QoL Compilation)","Poor People Problems","Quick Restart","Relic Filter","Reliquary","StSLib","The Servant 0.9.4","WarShipGirlsR/????R mod","Yakumo Yukari mod"],"gold_per_floor":[111,122,102,114,125,125,158,175,175,201,248,260,299,326,338,422,434,465,477,489,501,529,541,564,415,415,434,447,447,447],"floor_reached":29,"language":"ENG","playtime":1000,"items_purged":["Strike_G"],"score":534,"play_id":"2c67a672-2db4-4c03-b3ce-7ba472feb5d4","local_time":"20210220163951","is_ascension_mode":true,"campfire_choices":[{"data":"Blade Dance","floor":6,"key":"SMITH"},{"data":"Cloak And Dagger","floor":12,"key":"SMITH"},{"floor":15,"key":"REST"},{"data":"Dagger Spray","floor":23,"key":"SMITH"}],"circlet_count":0,"master_deck":["AscendersBane","Strike_G","Strike_G","Strike_G","Defend_G","Defend_G","Defend_G","Defend_G","Survivor","Neutralize+1","Choke","Blade Dance+1","Dash","Backflip","Dagger Throw","Eviscerate","Leg Sweep","Cloak And Dagger+1","Deflect","Noxious Fumes","Storm of Steel","Dagger Spray+1","Bane+1","Prepared","Footwork","Underhanded Strike+1"],"relics":["Ring of the Snake","Hammer of Thor","Seething Fire","Anvil of the Gods","Vajra","Tough Bandages","MawBank","Snake Skull","Boot","Coffee Dripper","Pen Nib"],"acts_visited":["Exordium","TheCity"],"potions_floor_usage":[5,27],"damage_taken":[{"damage":2.0,"enemies":"Jaw Worm","floor":1.0,"turns":5.0},{"damage":1,"enemies":"Cultist","floor":2,"turns":3},{"damage":0,"enemies":"2 Louse","floor":4,"turns":3},{"damage":8,"enemies":"Exordium Thugs","floor":5,"turns":3},{"damage":9,"enemies":"3 Sentries","floor":7,"turns":7},{"damage":0,"enemies":"Blue Slaver","floor":8,"turns":4},{"damage":0,"enemies":"Looter","floor":10,"turns":2},{"damage":0,"enemies":"Gremlin Nob","floor":11,"turns":3},{"damage":12,"enemies":"3 Sentries","floor":13,"turns":7},{"damage":0,"enemies":"Lots of Slimes","floor":14,"turns":3},{"damage":5,"enemies":"The Guardian","floor":16,"turns":10},{"damage":0,"enemies":"Chosen","floor":18,"turns":4},{"damage":11,"enemies":"Spheric Guardian","floor":22,"turns":5},{"damage":0,"enemies":"Centurion and Healer","floor":24,"turns":5},{"damage":19,"enemies":"Shelled Parasite and Fungi","floor":27,"turns":4},{"damage":0,"enemies":"Chosen and Byrds","floor":28,"turns":4}],"seed_played":"-4802817708720670988","potions_obtained":[{"floor":1,"key":"SkillPotion"},{"floor":2,"key":"LiquidMemories"},{"floor":3,"key":"Weak Potion"},{"floor":4,"key":"Fire Potion"},{"floor":16,"key":"LiquidBronze"},{"floor":24,"key":"SkillPotion"},{"floor":28,"key":"SkillPotion"}],"is_trial":false,"path_per_floor":["M","M","?","M","M","R","E","M","T","M","E","R","E","M","R","B",null,"M","$","?","?","M","R","M","$","T","M","M","$"],"character_chosen":"THE_SILENT","items_purchased":["Footwork"],"campfire_rested":1,"item_purchase_floors":[25],"current_hp_per_floor":[57,56,56,56,48,48,39,39,39,39,39,39,27,27,46,41,60,60,60,60,60,49,49,49,49,49,30,30,30,30],"gold":447,"neow_bonus":"RANDOM_COMMON_RELIC","is_daily":false,"chose_seed":false,"campfire_upgraded":3,"win_rate":0.0,"timestamp":1613857191,"path_taken":["M","M","?","M","M","R","E","M","T","M","E","R","E","?","R","BOSS","M","$","?","?","M","R","?","$","T","M","M","$"],"items_purchased_type":["Card"],"build_version":"2020-12-22","purchased_purges":1,"victory":false,"max_hp_per_floor":[66,66,66,66,66,66,66,66,66,66,66,66,66,66,66,66,66,66,66,66,66,66,66,66,66,66,66,66,66,66],"card_choices":[{"not_picked":["Crippling Poison","Bouncing Flask"],"picked":"Choke","floor":1},{"not_picked":["Backflip","Underhanded Strike"],"picked":"Blade Dance","floor":2},{"not_picked":["Blur","Underhanded Strike"],"picked":"Dash","floor":4},{"not_picked":["Dodge and Roll","Quick Slash"],"picked":"Backflip","floor":5},{"not_picked":["Bouncing Flask","PiercingWail"],"picked":"Dagger Throw","floor":7},{"not_picked":["Dagger Throw","Distraction"],"picked":"Eviscerate","floor":8},{"not_picked":["Footwork","Dagger Spray"],"picked":"Leg Sweep","floor":10},{"not_picked":["Outmaneuver","Corpse Explosion"],"picked":"Cloak And Dagger","floor":11},{"not_picked":["Slice","Predator"],"picked":"Deflect","floor":13},{"not_picked":["Slice","Outmaneuver"],"picked":"Noxious Fumes","floor":14},{"not_picked":["Wraith Form v2","Phantasmal Killer"],"picked":"Storm of Steel","floor":16},{"not_picked":["Flechettes","Underhanded Strike"],"picked":"Dagger Spray","floor":18},{"not_picked":["Deadly Poison","Dodge and Roll"],"picked":"Bane+1","floor":22},{"not_picked":["Deflect+1","Outmaneuver"],"picked":"Prepared","floor":24},{"not_picked":["Poisoned Stab","Dodge and Roll"],"picked":"Underhanded Strike+1","floor":27},{"not_picked":["Blade Dance","Sucker Punch","Dagger Throw"],"picked":"SKIP","floor":28}],"player_experience":1194677,"relics_obtained":[{"floor":7,"key":"Tough Bandages"},{"floor":9,"key":"MawBank"},{"floor":11,"key":"Snake Skull"},{"floor":13,"key":"Boot"},{"floor":26,"key":"Pen Nib"}],"event_choices":[{"damage_healed":0,"gold_gain":0,"player_choice":"Bought 1 Potion","damage_taken":0,"max_hp_gain":0,"max_hp_loss":0,"event_name":"The Woman in Blue","floor":3,"gold_loss":0},{"damage_healed":0,"gold_gain":0,"player_choice":"Ignored","damage_taken":0,"max_hp_gain":0,"max_hp_loss":0,"event_name":"Vampires","floor":20,"gold_loss":0},{"damage_healed":0,"gold_gain":0,"player_choice":"Ignored","damage_taken":0,"max_hp_gain":0,"max_hp_loss":0,"event_name":"N\u0027loth","floor":21,"gold_loss":0}],"is_beta":false,"boss_relics":[{"not_picked":["Hololive_TopUpMoneyS","Calling Bell"],"picked":"Coffee Dripper"}],"items_purged_floors":[25],"is_endless":false,"potions_floor_spawned":[1,2,4,16,24,28],"ascension_level":19}}