{"host":"sr8h12zimc8zi8zs","time":1613827088,"event":{"mods":["2.2 Compatiblity","AchievementEnabler","BaseMod","CapriCore","GifTheSpireLib","Minty Spire (QoL Compilation)","Permanent Neow","Replay The Spire","StSLib"],"gold_per_floor":[16,16,16,16,29,39,56,86,86,109,181,191,191,191,202,218,218,318,318,334,345,47,65,76,76,76,76,76,76,76],"floor_reached":29,"language":"KOR","playtime":1717,"items_purged":[],"score":227,"play_id":"a430da00-257e-4714-979f-340db60592eb","local_time":"20210220221808","is_ascension_mode":false,"campfire_choices":[{"data":"Echo Form","floor":9,"key":"SMITH"},{"floor":14,"key":"REST"},{"data":"Gash","floor":17,"key":"SMITH"},{"floor":25,"key":"REST"},{"data":"Hologram","floor":27,"key":"SMITH"}],"circlet_count":0,"master_deck":["Strike_B","Strike_B","Defend_B","Defend_B","Defend_B","Defend_B","Zap","Dualcast","FTL","Hologram+1","Time Bomb","Scrape","Echo Form+1","Beam Cell","ReplayTheSpireMod:GoodbyeWorld","Gash+1","All For One","Ball Lightning+1","ReplayTheSpireMod:Calculation Training","Gash","Ball Lightning+1","Panic Button"],"relics":["Cracked Core","DataDisk","White Beast Statue","Black Star","Replay:Bottled Flurry","Onion Ring"],"acts_visited":["Exordium","TheCity"],"potions_floor_usage":[7,8,15,16,18,20,20,23,24,29],"damage_taken":[{"damage":2.0,"enemies":"Small Slimes","floor":1.0,"turns":4.0},{"damage":1.0,"enemies":"Jaw Worm","floor":5.0,"turns":2.0},{"damage":0.0,"enemies":"2 Louse","floor":6.0,"turns":2.0},{"damage":0,"enemies":"Lots of Slimes","floor":7,"turns":1},{"damage":53,"enemies":"3 Sentries","floor":8,"turns":9},{"damage":0,"enemies":"3 Louse","floor":12,"turns":3},{"damage":0,"enemies":"Exordium Thugs","floor":15,"turns":3},{"damage":0,"enemies":"Lots of Slimes","floor":16,"turns":4},{"damage":23,"enemies":"Slime Boss","floor":18,"turns":8},{"damage":17,"enemies":"2 Thieves","floor":20,"turns":3},{"damage":5,"enemies":"3 Byrds","floor":21,"turns":4},{"damage":17,"enemies":"Shelled Parasite and Fungi","floor":23,"turns":6},{"damage":29,"enemies":"Snake Plant","floor":24,"turns":4},{"damage":42,"enemies":"Slavers","floor":29,"turns":3}],"seed_played":"-6935050204071866467","potions_obtained":[{"floor":5.0,"key":"Explosive Potion"},{"floor":6.0,"key":"SneckoOil"},{"floor":12,"key":"SneckoOil"},{"floor":13,"key":"DuplicationPotion"},{"floor":13,"key":"Venom Potion"},{"floor":13,"key":"Energy Potion"},{"floor":15,"key":"Energy Potion"},{"floor":16,"key":"Flashbang"},{"floor":18,"key":"PowerPotion"},{"floor":20,"key":"Reflective Coating"},{"floor":21,"key":"Block Potion"},{"floor":23,"key":"Explosive Potion"},{"floor":24,"key":"SpeedPotion"}],"is_trial":false,"path_per_floor":["M","?","PTL","PTL","M","M","M","E","R","T","T","M","?","R","M","M","R","B",null,"M","M","$","M","M","R","$","R","T","E"],"character_chosen":"DEFECT","items_purchased":["Replay:Bottled Flurry","Gash"],"campfire_rested":2,"item_purchase_floors":[22,22],"current_hp_per_floor":[73,78,78,78,77,77,77,24,24,24,24,24,24,48,48,48,48,25,80,63,58,58,41,12,36,36,36,36,0,0],"gold":76,"neow_bonus":"REMOVE_TWO","is_daily":false,"chose_seed":false,"campfire_upgraded":3,"win_rate":0.0,"timestamp":1613827088,"path_taken":["M","?","PTL","PTL","M","M","M","E","R","?","T","M","?","R","M","M","R","BOSS","M","M","$","M","M","R","$","R","T","E"],"items_purchased_type":["Relic","Card"],"build_version":"2020-12-22","purchased_purges":0,"victory":false,"max_hp_per_floor":[75,80,80,80,80,80,80,80,80,80,80,80,80,80,80,80,80,80,80,80,80,80,80,80,80,80,80,80,80,80],"card_choices":[{"not_picked":["Leap","Sweeping Beam"],"picked":"FTL","floor":1.0},{"not_picked":["Barrage","Steam"],"picked":"Hologram","floor":5.0},{"not_picked":["Cold Snap","Self Repair"],"picked":"Time Bomb","floor":6.0},{"not_picked":["Sunder","Barrage"],"picked":"Scrape","floor":7},{"not_picked":["Leap","Cold Snap"],"picked":"Echo Form","floor":8},{"not_picked":["Aggregate","Static Discharge"],"picked":"Beam Cell","floor":12},{"not_picked":["Go for the Eyes","Hologram"],"picked":"ReplayTheSpireMod:GoodbyeWorld","floor":15},{"not_picked":["Redo","Cold Snap"],"picked":"Gash","floor":16},{"not_picked":["Multi-Cast","Thunder Strike"],"picked":"All For One","floor":18},{"not_picked":["Coolheaded","Rebound"],"picked":"Ball Lightning+1","floor":20},{"not_picked":["Turbo","Cold Snap+1"],"picked":"ReplayTheSpireMod:Calculation Training","floor":21},{"not_picked":["Heatsinks","Cold Snap"],"picked":"Ball Lightning+1","floor":23},{"not_picked":["Ball Lightning","Stack"],"picked":"Panic Button","floor":24}],"player_experience":154687,"relics_obtained":[{"floor":8,"key":"DataDisk"},{"floor":11,"key":"White Beast Statue"},{"floor":28,"key":"Onion Ring"}],"event_choices":[{"damage_healed":0.0,"max_hp_gain":5.0,"max_hp_loss":0.0,"gold_gain":0.0,"event_name":"Big Fish","player_choice":"Donut","floor":2.0,"gold_loss":0.0,"damage_taken":0.0},{"damage_healed":0,"gold_gain":0,"player_choice":"Got Potions","damage_taken":0,"max_hp_gain":0,"max_hp_loss":0,"event_name":"Lab","floor":13,"gold_loss":0}],"is_beta":false,"boss_relics":[{"not_picked":["Ectoplasm","Tiny House"],"picked":"Black Star"}],"items_purged_floors":[],"is_endless":false,"potions_floor_spawned":[5,6,12,15,16,18,20,21,23,24],"killed_by":"Slavers","ascension_level":0}}