{"host":"4mtkxmludbi9f02d","time":1613857852,"event":{"mods":["BaseMod","Minty Spire (QoL Compilation)","StSLib"],"gold_per_floor":[119,132,132,132,207,247,266,305,305,305,40,63,103,127,127,247,247,262,262,262,262,9,42,42,42,42,58,98,114,114,114],"floor_reached":30,"language":"ENG","playtime":1305,"items_purged":["Strike_P"],"score":379,"play_id":"9dc9aa9e-c29a-480b-bd71-e702b0012d9e","local_time":"20210220175052","is_ascension_mode":true,"campfire_choices":[{"floor":15.0,"key":"REST"},{"data":"Apotheosis","floor":24.0,"key":"SMITH"}],"circlet_count":0,"master_deck":["Strike_P","Defend_P","Defend_P","Defend_P","Defend_P","Eruption","Vigilance","Devotion","DeusExMachina","FlurryOfBlows","ClearTheMind","Apotheosis+1","Brilliance","PathToVictory","Crescendo+1"],"relics":["HolyWater","NeowsBlessing","Golden Idol","Darkstone Periapt","Dream Catcher","Mercury Hourglass","Bag of Preparation","Matryoshka","Ancient Tea Set","Akabeko","Torii"],"acts_visited":["Exordium","TheCity"],"potions_floor_usage":[],"damage_taken":[{"damage":0.0,"enemies":"Small Slimes","floor":1.0,"turns":1.0},{"damage":0.0,"enemies":"2 Louse","floor":2.0,"turns":1.0},{"damage":0.0,"enemies":"3 Sentries","floor":6.0,"turns":2.0},{"damage":9.0,"enemies":"Jaw Worm","floor":7.0,"turns":5.0},{"damage":27.0,"enemies":"Lagavulin","floor":8.0,"turns":8.0},{"damage":8.0,"enemies":"Large Slime","floor":12.0,"turns":5.0},{"damage":15.0,"enemies":"3 Sentries","floor":13.0,"turns":4.0},{"damage":0.0,"enemies":"Looter","floor":14.0,"turns":3.0},{"damage":0.0,"enemies":"Hexaghost","floor":16.0,"turns":10.0},{"damage":0.0,"enemies":"3 Byrds","floor":18.0,"turns":5.0},{"damage":39.0,"enemies":"Slavers","floor":23.0,"turns":6.0},{"damage":12.0,"enemies":"Shell Parasite","floor":27.0,"turns":6.0},{"damage":25.0,"enemies":"Book of Stabbing","floor":28.0,"turns":5.0},{"damage":2.0,"enemies":"Snecko","floor":29.0,"turns":7.0},{"damage":1,"enemies":"Sentry and Sphere","floor":30,"turns":3}],"seed_played":"-5890391487716863768","potions_obtained":[{"floor":7.0,"key":"Regen Potion"},{"floor":8.0,"key":"BottledMiracle"},{"floor":12.0,"key":"AttackPotion"},{"floor":14.0,"key":"Weak Potion"},{"floor":18.0,"key":"Fruit Juice"},{"floor":27.0,"key":"Dexterity Potion"},{"floor":29.0,"key":"SteroidPotion"}],"is_trial":false,"path_per_floor":["M","M","?","?","?","E","M","E","T","?","$","M","E","M","R","B",null,"M","?","?","?","$","E","R","$","T","M","E","M","M"],"character_chosen":"WATCHER","items_purchased":["Apotheosis","Matryoshka"],"campfire_rested":1,"item_purchase_floors":[11,22],"current_hp_per_floor":[72,72,72,54,43,43,34,7,7,31,31,23,8,8,29,29,72,77,77,77,77,77,52,52,52,52,40,15,13,12,12],"gold":114,"neow_bonus":"THREE_ENEMY_KILL","is_daily":false,"chose_seed":false,"campfire_upgraded":1,"win_rate":0.0,"timestamp":1613857852,"path_taken":["M","M","?","?","?","E","M","E","T","?","$","M","E","M","R","BOSS","M","?","?","?","$","E","R","?","T","M","E","M","M"],"items_purchased_type":["Card","Relic"],"build_version":"2020-12-22","purchased_purges":1,"victory":false,"max_hp_per_floor":[72,72,72,72,72,72,72,72,72,72,72,72,72,72,72,72,72,77,77,77,77,77,77,77,77,77,77,77,77,77,77],"card_choices":[{"not_picked":["EmptyFist","BowlingBash","JustLucky"],"picked":"SKIP","floor":1.0},{"not_picked":["FollowUp","Protect","JustLucky"],"picked":"SKIP","floor":2.0},{"not_picked":["Study","FearNoEvil"],"picked":"DeusExMachina","floor":6.0},{"not_picked":["SashWhip","Consecrate"],"picked":"FlurryOfBlows","floor":7.0},{"not_picked":["CutThroughFate","WaveOfTheHand"],"picked":"ClearTheMind","floor":8.0},{"not_picked":["WindmillStrike","CarveReality","LikeWater"],"picked":"SKIP","floor":12.0},{"not_picked":["Evaluate","ConjureBlade","SandsOfTime"],"picked":"SKIP","floor":13.0},{"not_picked":["Halt","Crescendo","FlyingSleeves"],"picked":"SKIP","floor":14.0},{"not_picked":["Vault","DeusExMachina"],"picked":"Brilliance","floor":16.0},{"not_picked":["BowlingBash","Consecrate","FlurryOfBlows"],"picked":"SKIP","floor":18.0},{"not_picked":["Consecrate","JustLucky"],"picked":"Crescendo+1","floor":23.0},{"not_picked":["Halt+1","EmptyMind","CutThroughFate+1"],"picked":"SKIP","floor":27.0},{"not_picked":["FlurryOfBlows","Indignation+1","PathToVictory"],"picked":"SKIP","floor":28.0},{"not_picked":["BowlingBash","FlyingSleeves","EmptyFist+1"],"picked":"SKIP","floor":29.0}],"player_experience":300657,"relics_obtained":[{"floor":6.0,"key":"Darkstone Periapt"},{"floor":8.0,"key":"Dream Catcher"},{"floor":9.0,"key":"Mercury Hourglass"},{"floor":13.0,"key":"Bag of Preparation"},{"floor":23.0,"key":"Ancient Tea Set"},{"floor":26.0,"key":"Akabeko"},{"floor":28.0,"key":"Torii"}],"event_choices":[{"damage_healed":0.0,"max_hp_gain":0.0,"max_hp_loss":0.0,"gold_gain":0.0,"cards_transformed":["Strike_P"],"event_name":"Living Wall","player_choice":"Change","floor":3.0,"gold_loss":0.0,"damage_taken":0.0,"cards_obtained":["Devotion"]},{"damage_healed":0.0,"max_hp_gain":0.0,"max_hp_loss":0.0,"gold_gain":0.0,"event_name":"Golden Idol","player_choice":"Take Damage","floor":4.0,"gold_loss":0.0,"damage_taken":18.0,"relics_obtained":["Golden Idol"]},{"damage_healed":0.0,"max_hp_gain":0.0,"max_hp_loss":0.0,"gold_gain":75.0,"event_name":"World of Goop","player_choice":"Gather Gold","floor":5.0,"gold_loss":0.0,"damage_taken":11.0},{"damage_healed":24.0,"max_hp_gain":0.0,"max_hp_loss":0.0,"gold_gain":0.0,"event_name":"Big Fish","player_choice":"Banana","floor":10.0,"gold_loss":0.0,"damage_taken":0.0},{"damage_healed":0.0,"max_hp_gain":0.0,"max_hp_loss":0.0,"gold_gain":0.0,"event_name":"Ghosts","player_choice":"Ignored","floor":19.0,"gold_loss":0.0,"damage_taken":0.0},{"damage_healed":0.0,"max_hp_gain":0.0,"max_hp_loss":0.0,"gold_gain":0.0,"event_name":"The Library","player_choice":"Read","floor":20.0,"gold_loss":0.0,"damage_taken":0.0,"cards_obtained":["PathToVictory"]},{"cards_removed":["Strike_P"],"damage_healed":0.0,"max_hp_gain":0.0,"max_hp_loss":0.0,"gold_gain":0.0,"event_name":"Back to Basics","player_choice":"Elegance","floor":21.0,"gold_loss":0.0,"damage_taken":0.0}],"is_beta":false,"boss_relics":[{"not_picked":["Philosopher\u0027s Stone","VioletLotus"],"picked":"HolyWater"}],"items_purged_floors":[11],"is_endless":false,"potions_floor_spawned":[7,8,12,14,18,27,29],"killed_by":"Sentry and Sphere","ascension_level":1}}