{"host":"du3j2mdkciet31iv","time":1613839057,"event":{"mods":["BaseMod","Minty Spire (QoL Compilation)","Relic Stats","StSLib"],"gold_per_floor":[111,111,124,140,159,159,177,193,218,73,88,100,100,118,118,220,220,236,236,236,254,267,267,292,292,292,292,309,319,336,336,336,336,336],"floor_reached":33,"language":"ENG","playtime":3386,"items_purged":[],"score":265,"play_id":"6cf03292-f895-489b-ab5e-4090520e8876","local_time":"20210220183737","is_ascension_mode":false,"campfire_choices":[{"data":"Cold Snap","floor":6,"key":"SMITH"},{"data":"Defragment","floor":13,"key":"SMITH"},{"data":"Blizzard","floor":15,"key":"SMITH"},{"data":"Thunder Strike","floor":23,"key":"SMITH"},{"data":"Buffer","floor":25,"key":"SMITH"},{"data":"Glacier","floor":27,"key":"SMITH"},{"data":"Lockon","floor":32,"key":"SMITH"}],"circlet_count":0,"master_deck":["Strike_B","Strike_B","Strike_B","Defend_B","Defend_B","Defend_B","Zap","Dualcast","Conserve Battery","Cold Snap+1","Ball Lightning","Rip and Tear","Blizzard+1","Glacier","Defragment+1","Thunder Strike+1","Glacier+1","Buffer+1","Reprogram","Beam Cell","Doubt","Ball Lightning+1","Double Energy","Lockon+1","White Noise+1","Decay"],"relics":["FrozenCore","Lantern","Oddly Smooth Stone","Ice Cream"],"acts_visited":["Exordium","TheCity"],"potions_floor_usage":[16,16,22],"damage_taken":[{"damage":4,"enemies":"2 Louse","floor":1,"turns":2},{"damage":1,"enemies":"Cultist","floor":3,"turns":3},{"damage":2,"enemies":"Small Slimes","floor":4,"turns":3},{"damage":4,"enemies":"3 Louse","floor":5,"turns":3},{"damage":0,"enemies":"Large Slime","floor":7,"turns":6},{"damage":5,"enemies":"Blue Slaver","floor":8,"turns":3},{"damage":0,"enemies":"Exordium Wildlife","floor":11,"turns":3},{"damage":3,"enemies":"2 Fungi Beasts","floor":12,"turns":4},{"damage":4,"enemies":"Exordium Thugs","floor":14,"turns":4},{"damage":3,"enemies":"The Guardian","floor":16,"turns":11},{"damage":2,"enemies":"Chosen","floor":18,"turns":9},{"damage":17,"enemies":"Spheric Guardian","floor":21,"turns":8},{"damage":4,"enemies":"Cultist and Chosen","floor":22,"turns":8},{"damage":29,"enemies":"Book of Stabbing","floor":24,"turns":8},{"damage":9,"enemies":"Snake Plant","floor":28,"turns":7},{"damage":0,"enemies":"Snecko","floor":29,"turns":5},{"damage":10,"enemies":"Centurion and Healer","floor":30,"turns":9},{"damage":51,"enemies":"Champ","floor":33,"turns":14}],"seed_played":"2293990892578411784","potions_obtained":[{"floor":4,"key":"Regen Potion"},{"floor":5,"key":"PowerPotion"},{"floor":12,"key":"Fire Potion"},{"floor":14,"key":"FairyPotion"},{"floor":21,"key":"Block Potion"},{"floor":24,"key":"Ancient Potion"}],"is_trial":false,"path_per_floor":["M","?","M","M","M","R","M","M","T","$","M","M","R","M","R","B",null,"M","?","?","M","M","R","E","R","T","R","M","M","M","?","R","B"],"character_chosen":"DEFECT","items_purchased":["Blizzard","Glacier"],"campfire_rested":0,"item_purchase_floors":[10,10],"current_hp_per_floor":[78,70,69,67,63,63,63,58,58,58,58,55,55,51,51,48,82,80,80,80,63,59,59,30,30,30,30,21,21,11,11,11,0,0],"gold":336,"neow_bonus":"TEN_PERCENT_HP_BONUS","is_daily":false,"chose_seed":false,"campfire_upgraded":7,"win_rate":0.0,"timestamp":1613839057,"path_taken":["M","?","M","M","M","R","M","M","T","$","?","M","R","M","R","BOSS","M","?","?","M","?","R","E","R","T","R","M","M","M","?","R","BOSS"],"items_purchased_type":["Card","Card"],"build_version":"2020-12-22","purchased_purges":0,"victory":false,"max_hp_per_floor":[82,82,82,82,82,82,82,82,82,82,82,82,82,82,82,82,82,82,82,82,82,82,82,82,82,82,82,82,82,82,82,82,82,82],"relic_stats":{"counters":[18,110],"obtain_stats":[{"Ice Cream":26,"Lantern":9,"Oddly Smooth Stone":24,"Cracked Core":0,"FrozenCore":17},{"Ice Cream":14,"Lantern":6,"Oddly Smooth Stone":14,"Cracked Core":0,"FrozenCore":10},{"Ice Cream":75,"Lantern":20,"Oddly Smooth Stone":75,"Cracked Core":0,"FrozenCore":42}],"FrozenCore":[15]},"card_choices":[{"not_picked":["Hologram","Heatsinks","Sweeping Beam"],"picked":"SKIP","floor":1},{"not_picked":["Compile Driver","Leap"],"picked":"Conserve Battery","floor":3},{"not_picked":["Beam Cell","Sweeping Beam","Hello World"],"picked":"SKIP","floor":4},{"not_picked":["Stack","Barrage"],"picked":"Cold Snap","floor":5},{"not_picked":["Leap","Hologram"],"picked":"Ball Lightning","floor":7},{"not_picked":["Force Field","Beam Cell"],"picked":"Rip and Tear","floor":8},{"not_picked":["Coolheaded","Stack"],"picked":"Defragment","floor":11},{"not_picked":["Compile Driver","Stack"],"picked":"Thunder Strike","floor":12},{"not_picked":["Hologram","Conserve Battery"],"picked":"Glacier","floor":14},{"not_picked":["Thunder Strike","Rainbow"],"picked":"Buffer","floor":16},{"not_picked":["Fusion+1","Barrage","Stack"],"picked":"SKIP","floor":18},{"not_picked":["Rebound","BootSequence"],"picked":"Ball Lightning+1","floor":21},{"not_picked":["Leap","Go for the Eyes","Genetic Algorithm"],"picked":"SKIP","floor":22},{"not_picked":["Reinforced Body","Go for the Eyes"],"picked":"Double Energy","floor":24},{"not_picked":["Conserve Battery","Sweeping Beam","Gash"],"picked":"SKIP","floor":28},{"not_picked":["Coolheaded","Go for the Eyes"],"picked":"Lockon","floor":29},{"not_picked":["Rip and Tear","Compile Driver+1"],"picked":"White Noise+1","floor":30}],"player_experience":39987,"relics_obtained":[{"floor":9,"key":"Lantern"},{"floor":24,"key":"Oddly Smooth Stone"},{"floor":26,"key":"Ice Cream"}],"event_choices":[{"damage_healed":0,"gold_gain":0,"player_choice":"Damaged","damage_taken":8,"max_hp_gain":0,"max_hp_loss":0,"event_name":"Wheel of Change","floor":2,"gold_loss":0},{"damage_healed":0,"gold_gain":0,"cards_transformed":["Defend_B","Strike_B"],"player_choice":"Became Test Subject","damage_taken":0,"max_hp_gain":0,"max_hp_loss":0,"event_name":"Drug Dealer","floor":19,"gold_loss":0,"cards_obtained":["Reprogram","Beam Cell"]},{"damage_healed":0,"gold_gain":0,"player_choice":"1 cards matched","damage_taken":0,"max_hp_gain":0,"max_hp_loss":0,"event_name":"Match and Keep!","floor":20,"gold_loss":0,"cards_obtained":["Doubt"]},{"damage_healed":0,"gold_gain":0,"player_choice":"Smashed Altar","damage_taken":0,"max_hp_gain":0,"max_hp_loss":0,"event_name":"Forgotten Altar","floor":31,"gold_loss":0,"cards_obtained":["Decay"]}],"is_beta":false,"boss_relics":[{"not_picked":["Velvet Choker","Snecko Eye"],"picked":"FrozenCore"}],"items_purged_floors":[],"is_endless":false,"potions_floor_spawned":[4,5,12,14,21,24],"killed_by":"Champ","ascension_level":0}}