{"host":"1lxw72ckkilnkgp7","time":1613853534,"event":{"mods":["ATMod(阿瑾Mod)","BaseMod","BetterRewards","Custom Start","Marisa（F雨　魔理沙）","Minty Spire (QoL Compilation)","Quick Restart","Replay The Spire","Shop Mod","StSLib","The Servant 0.9.4","[功能]功能增强和修复MOD","【功能Mod】聪明的最终Boss"],"gold_per_floor":[111,111,126,136,150,179,191,223,278,304,321,321,350,291,291,395,395,406,131,131,131,131,131,159,159,159,159,193,209,237,253,253,349,349,362,240,256,273,289,322,338,368,391,482,482,392,427,537,537,562,562,562,9,92,117],"floor_reached":56,"language":"ZHS","playtime":2390,"items_purged":["Looming Evil","Strike_S","Strike_S","Defend_S","Defend_S","Strike_S","Strike_S","Defend_S","Defend_S","KidneyShot","FastForward"],"score":2652,"play_id":"c5c82f0a-2c96-4b23-ae86-f46af8d90edd","local_time":"20210221043854","is_ascension_mode":true,"campfire_choices":[{"data":"Moondial","floor":12.0,"key":"SMITH"},{"data":"DualDimension","floor":15.0,"key":"SMITH"},{"data":"Rearm","floor":23.0,"key":"SMITH"},{"data":"Rearm","floor":25.0,"key":"SMITH"},{"data":"Duplication","floor":27.0,"key":"SMITH"},{"data":"Sunlight","floor":32.0,"key":"SMITH"},{"floor":49,"key":"RECALL"},{"data":"Embodiment","floor":52,"key":"SMITH"}],"circlet_count":0,"master_deck":["Exchange","AT_ChampionStep","Rearm+1","AT_ChampionStep","Desolation","Advance","BottledTime","Moondial+1","Sunlight+1","BottledTime","Revamp","BottledTime","Rearm+1","DualDimension+1","Duplication+1","AT_EmpoweredMortalDraw+1","AT_LightSaberMaster","DualDimension","Ghostly","Ghostly","Ghostly","Ghostly","Ghostly","DualDimension+1","Rearm+1","Solidify","Embodiment+1","Replace+1","InstantArmor+1","Gouge+1","SilverBlades+1","ForgedInTime","Gouge","DualDimension+1","SoulSculpture","Collapse"],"relics":["Uniform","AT_ATBox","AT_Manta","DollysMirror","ReplayTheSpireMod:CursedCoin","Lantern","AT_SeraphEmbrace","ReplayTheSpireMod:Ninjato","Blue Candle","White Beast Statue","AT_MortalBlade","Potion Belt","AT_ArcaneBoots","Sling","The Courier","Pear","FossilizedHelix","Gremlin Food","Philosopher\u0027s Stone","Prayer Wheel","Anchor","AT_MibuBalloonWealth","Oddly Smooth Stone","Replay:Wax Seal","TheAbacus","AT_EbonyIvory","TungstenRod","Chemical X","Replay:Baseball","Broom","Mirror","Letter Opener"],"acts_visited":["Exordium","TheCity","TheBeyond","TheEnding"],"potions_floor_usage":[55,55,55,55,55,55,55],"damage_taken":[{"damage":0.0,"enemies":"Cultist","floor":1.0,"turns":3.0},{"damage":3.0,"enemies":"2 Louse","floor":3.0,"turns":4.0},{"damage":0.0,"enemies":"Jaw Worm","floor":4.0,"turns":3.0},{"damage":0.0,"enemies":"3 Louse","floor":5.0,"turns":3.0},{"damage":0.0,"enemies":"Lagavulin","floor":6.0,"turns":2.0},{"damage":0.0,"enemies":"Lots of Slimes","floor":7.0,"turns":1.0},{"damage":0.0,"enemies":"Gremlin Nob","floor":8.0,"turns":2.0},{"damage":0.0,"enemies":"Lagavulin","floor":10.0,"turns":1.0},{"damage":0.0,"enemies":"Exordium Thugs","floor":11.0,"turns":1.0},{"damage":9.0,"enemies":"3 Sentries","floor":13.0,"turns":3.0},{"damage":0.0,"enemies":"Slime Boss","floor":16.0,"turns":2.0},{"damage":0.0,"enemies":"3 Byrds","floor":18.0,"turns":1.0},{"damage":0.0,"enemies":"Slavers","floor":24.0,"turns":2.0},{"damage":0.0,"enemies":"Gremlin Leader","floor":28.0,"turns":2.0},{"damage":0.0,"enemies":"Spheric Guardian","floor":29.0,"turns":1.0},{"damage":1.0,"enemies":"Slavers","floor":30.0,"turns":2.0},{"damage":0.0,"enemies":"Centurion and Healer","floor":31.0,"turns":2.0},{"damage":0.0,"enemies":"Champ","floor":33.0,"turns":4.0},{"damage":0,"enemies":"Orb Walker","floor":35,"turns":2},{"damage":0,"enemies":"3 Darklings","floor":37,"turns":4},{"damage":0,"enemies":"Spire Growth","floor":38,"turns":1},{"damage":0,"enemies":"Transient","floor":39,"turns":5},{"damage":0,"enemies":"R_Hoarder","floor":40,"turns":3},{"damage":0,"enemies":"4 Shapes","floor":41,"turns":2},{"damage":0,"enemies":"Nemesis","floor":42,"turns":3},{"damage":0,"enemies":"Jaw Worm Horde","floor":44,"turns":1},{"damage":0,"enemies":"Writhing Mass","floor":47,"turns":1},{"damage":0,"enemies":"Reptomancer","floor":48,"turns":1},{"damage":0,"enemies":"Time Eater","floor":50,"turns":7},{"damage":0,"enemies":"Shield and Spear","floor":54,"turns":1},{"damage":0,"enemies":"The Heart","floor":55,"turns":2}],"seed_played":"1017751703515484304","potions_obtained":[{"floor":1.0,"key":"AttackPotion"},{"floor":1.0,"key":"Cursed Concoction"},{"floor":3.0,"key":"BlessingOfTheForge"},{"floor":4.0,"key":"AttackPotion"},{"floor":6.0,"key":"BlessingOfTheForge"},{"floor":10.0,"key":"EntropicBrew"},{"floor":11.0,"key":"PowerPotion"},{"floor":24.0,"key":"Dexterity Potion"},{"floor":24.0,"key":"SkillPotion"},{"floor":29.0,"key":"FairyPotion"},{"floor":31.0,"key":"Elixir"},{"floor":39,"key":"PowerPotion"}],"is_trial":false,"path_per_floor":["M","$","M","M","M","E","M","E","T","E","M","R","E","$","R","B",null,"M","$","?","?","?","R","E","R","T","R","E","M","E","M","R","B",null,"M","$","M","M","M","E","M","E","T","M","?","$","M","E","R","B",null,"R","$","E","B",null],"character_chosen":"THE_SERVANT","items_purchased":["AT_Manta","Rearm","DollysMirror","ReplayTheSpireMod:CursedCoin","Lantern","Desolation","AT_ArchangelStaff","DualDimension","Potion Belt","AT_SpeedBoots","AT_LightSaberMaster","Sling","Prayer Wheel","Replay:Wax Seal","TheAbacus","TungstenRod","Chemical X","Collapse","Replay:Baseball","Broom","Mirror"],"campfire_rested":0,"item_purchase_floors":[0,0,0,0,0,0,0,14,19,19,19,19,36,46,46,53,53,53,53,53,53],"current_hp_per_floor":[43,43,40,40,40,40,40,40,40,40,40,40,31,31,31,31,65,65,65,65,32,32,32,32,32,42,42,42,42,41,41,41,41,42,42,42,42,42,42,42,42,42,42,42,42,42,42,42,42,42,42,42,42,42,42],"gold":117,"neow_bonus":"","is_daily":false,"chose_seed":false,"campfire_upgraded":7,"win_rate":0.0,"timestamp":1613853534,"path_taken":["M","?","M","M","M","E","?","E","T","E","M","R","E","$","R","BOSS","M","$","?","?","?","R","E","R","T","R","E","M","E","M","R","BOSS","M","?","M","M","M","E","M","E","T","M","?","$","?","E","R","BOSS","R","$","E","BOSS"],"items_purchased_type":["Relic","Card","Relic","Relic","Relic","Card","Relic","Card","Relic","Relic","Card","Relic","Relic","Relic","Relic","Relic","Relic","Card","Relic","Relic","Relic"],"build_version":"2020-12-22","purchased_purges":11,"victory":true,"max_hp_per_floor":[65,65,65,65,65,65,65,65,65,65,65,65,65,65,65,65,65,65,65,65,32,32,32,32,32,42,42,42,42,42,42,42,42,42,42,42,42,42,42,42,42,42,42,42,42,42,42,42,42,42,42,42,42,42,42],"card_choices":[{"not_picked":["ShatteredReality","Manipulate"],"picked":"FastForward","floor":1.0},{"not_picked":["Shuttle","Ricochet"],"picked":"Advance","floor":3.0},{"not_picked":["Replace","Rewind"],"picked":"BottledTime","floor":4.0},{"not_picked":["WasteNot","BottledTime"],"picked":"Moondial","floor":5.0},{"not_picked":["Alleviate","Snipe"],"picked":"Sunlight","floor":6.0},{"not_picked":["ShatteredReality","Defy"],"picked":"BottledTime","floor":7.0},{"not_picked":["Read","PendulumOfEternity"],"picked":"Revamp","floor":8.0},{"not_picked":["Starlight","Rewind","Advance"],"picked":"SKIP","floor":10.0},{"not_picked":["Revamp","FastForward"],"picked":"BottledTime","floor":11.0},{"not_picked":["Luminosity","StarChef"],"picked":"Rearm","floor":13.0},{"not_picked":["SilverMatrix","Dilation"],"picked":"Duplication","floor":16.0},{"not_picked":["Unruled","ShatteredReality","Defy"],"picked":"SKIP","floor":18.0},{"not_picked":["Reset+1","Rewind","SurpressingFire"],"picked":"SKIP","floor":24.0},{"not_picked":["Sabotage","Alleviate+1","Defy"],"picked":"SKIP","floor":28.0},{"not_picked":["BestPractice","Starlight+1"],"picked":"Rearm+1","floor":29.0},{"not_picked":["Alleviate","TimeWarp"],"picked":"Solidify","floor":30.0},{"not_picked":["Spin","Starlight","Rearm"],"picked":"SKIP","floor":31.0},{"not_picked":["SilverMatrix","LightFlow"],"picked":"Embodiment","floor":33.0},{"not_picked":["Shuttle+1","Replace","BottledTime"],"picked":"SKIP","floor":35},{"not_picked":["MoonPhase","Revamp+1"],"picked":"Replace+1","floor":37},{"not_picked":["Replace+1","Shuttle"],"picked":"InstantArmor+1","floor":37},{"not_picked":["TimeWarp+1","Collapse"],"picked":"Gouge+1","floor":38},{"not_picked":["Defy+1","DoubleEdge+1"],"picked":"SilverBlades+1","floor":38},{"not_picked":["Rearm","FastForward+1"],"picked":"ForgedInTime","floor":39},{"not_picked":["FanOfKnives+1","Foresight+1","ShatteredReality+1"],"picked":"SKIP","floor":39},{"not_picked":["Defy","Starlight","Potential"],"picked":"SKIP","floor":40},{"not_picked":["Rearm","Alleviate+1"],"picked":"Gouge","floor":41},{"not_picked":["Gouge","MoonPhase"],"picked":"DualDimension+1","floor":41},{"not_picked":["Shuttle+1","Potential"],"picked":"SoulSculpture","floor":42},{"not_picked":["Comet+1","Revamp+1","DoubleEdge"],"picked":"SKIP","floor":44},{"not_picked":["Potential","TimeWarp+1","Starlight+1"],"picked":"SKIP","floor":44},{"not_picked":["Manipulate","ShatteredReality","Orbit+1"],"picked":"SKIP","floor":47},{"not_picked":["BottledTime","Gouge+1","Defy"],"picked":"SKIP","floor":47},{"not_picked":["FastForward+1","Potential+1","BottledTime"],"picked":"SKIP","floor":48},{"not_picked":["TimeWarp+1","Sunlight","ShiftingGears"],"picked":"SKIP","floor":54}],"player_experience":136308,"relics_obtained":[{"floor":6.0,"key":"ReplayTheSpireMod:Ninjato"},{"floor":10.0,"key":"Blue Candle"},{"floor":13.0,"key":"White Beast Statue"},{"floor":24.0,"key":"The Courier"},{"floor":26.0,"key":"Pear"},{"floor":28.0,"key":"FossilizedHelix"},{"floor":30.0,"key":"Gremlin Food"},{"floor":40,"key":"Anchor"},{"floor":42,"key":"AT_MibuBalloonWealth"},{"floor":43,"key":"Oddly Smooth Stone"},{"floor":48,"key":"AT_EbonyIvory"},{"floor":54,"key":"Letter Opener"}],"event_choices":[{"damage_healed":0.0,"max_hp_gain":0.0,"max_hp_loss":0.0,"gold_gain":0.0,"event_name":"The Library","player_choice":"Read","floor":20.0,"gold_loss":0.0,"damage_taken":0.0,"cards_obtained":["DualDimension"]},{"damage_healed":0.0,"max_hp_gain":0.0,"max_hp_loss":33.0,"gold_gain":0.0,"event_name":"Ghosts","player_choice":"Became a Ghost","floor":21.0,"gold_loss":0.0,"damage_taken":0.0,"cards_obtained":["Ghostly","Ghostly","Ghostly","Ghostly","Ghostly"]},{"damage_healed":0.0,"max_hp_gain":0.0,"max_hp_loss":0.0,"gold_gain":0.0,"event_name":"Duplicator","player_choice":"Copied","floor":22.0,"gold_loss":0.0,"damage_taken":0.0,"cards_obtained":["DualDimension"]},{"damage_healed":0,"gold_gain":0,"player_choice":"Upgraded","damage_taken":0,"max_hp_gain":0,"max_hp_loss":0,"event_name":"Upgrade Shrine","floor":45,"gold_loss":0,"cards_upgraded":["AT_EmpoweredMortalDraw"]}],"is_beta":false,"boss_relics":[{"not_picked":["Replay:Wanted Poster","Replay:Drink Me"],"picked":"AT_MortalBlade"},{"not_picked":["Calling Bell","Black Star"],"picked":"Philosopher\u0027s Stone"}],"items_purged_floors":[0,0,0,0,0,14,14,14,14,46,46],"is_endless":false,"potions_floor_spawned":[1,1,3,4,6,6,8,10,10,10,11,13,16,18,18,24,24,24,28,28,28,28,29,29,30,30,30,30,31,31,31,33,33,35,37,37,38,39,39,40,41,41,41,42,42,42,44,44,44,47,47,47,48,48,48,54,54],"ascension_level":2}}