{"host":"8g24zuco0epbjwbo","time":1613801379,"event":{"mods":["BaseMod","Downfall","Minty Spire (QoL Compilation)","Relic Stats","StSLib"],"gold_per_floor":[99,110,210,81,81,94,121,121,121,153,166,180,180,212,225,329,329,329,341,341,341,360,207,207,207,207,207,207,232,232,232,258,361,361,261,280,298,298,298,325,352,372,372,372,372],"floor_reached":43,"language":"ENG","playtime":1878,"items_purged":["hexamod:Strike","hexamod:Strike"],"score":512,"play_id":"3b63eb72-183b-4433-8f6d-406e3b1ebffb","local_time":"20210220010939","is_ascension_mode":true,"campfire_choices":[{"data":"hexamod:Float","floor":1,"key":"SMITH"},{"data":"hexamod:EtherealExpedition","floor":8,"key":"SMITH"},{"data":"hexamod:HeatCrush","floor":13,"key":"SMITH"},{"data":"hexamod:TimeWarp","floor":18,"key":"SMITH"},{"data":"RitualDagger","floor":27,"key":"SMITH"},{"floor":30,"key":"RECALL"},{"data":"hexamod:Toasty","floor":35,"key":"SMITH"}],"circlet_count":0,"master_deck":["hexamod:Strike+1","hexamod:Strike+1","hexamod:Defend+1","hexamod:Sear+1","hexamod:Float+1","hexamod:FastForward+1","hexamod:RetreatToShadows+1","hexamod:HauntingEcho+1","hexamod:EtherealExpedition+1","hexamod:StepThrough+1","hexamod:HeatCrush+1","hexamod:ExtraCrispy+1","hexamod:SpectersWail+1","hexamod:Hexaguard+1","hexamod:TimeWarp+1","hexamod:Hexaguard+1","RitualDagger+1","Slimebound:CheckThePlaybook+1","hexamod:GhostShield+1","Parasite","hexamod:SkipABeat+1","hexamod:ApocalypseNow","hexamod:RadiantFlame+1","hexamod:Toasty+1","hexamod:ShieldOfDarkness","hexamod:HeatMetal+1","hexamod:NightmareStrike+1","CurseOfTheBell","CurseOfTheBell","downfall:Haunted","hexamod:UnleashSpirits+1","expansioncontent:Chronoboost","expansioncontent:YouAreMine","expansioncontent:PrepareCrush","hexamod:Incineration+1","hexamod:EmpoweredFlame+1"],"relics":["hexamod:SpiritBrand","Ice Cream","Pantograph","Ginger","hexamod:IceCube","Mummified Hand","downfall:RedIOU","sneckomod:SneckoTalon","downfall:HeartBlessingRed","hexamod:TheBrokenSeal","downfall:ExtraCursedBell","Nunchaku","Molten Egg 2","Turnip","Frozen Egg 2"],"acts_visited":["Exordium","TheCity","TheBeyond"],"potions_floor_usage":[],"damage_taken":[{"damage":0,"enemies":"Cultist","floor":2,"turns":3},{"damage":0,"enemies":"downfall:FleeingMerchant","floor":4,"turns":4},{"damage":0,"enemies":"2 Louse","floor":6,"turns":3},{"damage":30,"enemies":"3 Sentries","floor":10,"turns":8},{"damage":0,"enemies":"Small Slimes","floor":11,"turns":2},{"damage":0,"enemies":"downfall:LooterAlt","floor":12,"turns":3},{"damage":11,"enemies":"Lagavulin","floor":14,"turns":6},{"damage":7,"enemies":"2 Fungi Beasts","floor":15,"turns":4},{"damage":44,"enemies":"DF_ARCHETYPE_STREAMLINE","floor":16,"turns":10},{"damage":13,"enemies":"Shell Parasite","floor":19,"turns":4},{"damage":12,"enemies":"downfall:LooterAlt2","floor":22,"turns":4},{"damage":7,"enemies":"downfall:FleeingMerchant","floor":23,"turns":4},{"damage":20,"enemies":"Sentry and Sphere","floor":29,"turns":4},{"damage":10,"enemies":"Shelled Parasite and Fungi","floor":32,"turns":4},{"damage":60,"enemies":"SI_MIRROR_ARCHETYPE","floor":33,"turns":7},{"damage":9,"enemies":"3 Shapes","floor":36,"turns":6},{"damage":5,"enemies":"3 Darklings","floor":37,"turns":3},{"damage":27,"enemies":"Nemesis","floor":40,"turns":3},{"damage":11,"enemies":"Maw","floor":42,"turns":4},{"damage":39,"enemies":"Giant Head","floor":43,"turns":6}],"seed_played":"-7814510769714892150","potions_obtained":[{"floor":6,"key":"SteroidPotion"},{"floor":11,"key":"BlessingOfTheForge"},{"floor":14,"key":"sneckomod:MuddlingPotion"},{"floor":29,"key":"DuplicationPotion"},{"floor":33,"key":"DuplicationPotion"}],"is_trial":false,"path_per_floor":["R","M","?","$","?","M","T","R","?","E","M","M","R","E","M","B",null,"R","M","?","?","M","$","T","?","?","R","?","M","R","?","M","B",null,"R","M","M","?","?","E","T","M","E"],"character_chosen":"THE_SPIRIT","items_purchased":["hexamod:FirstSeal","hexamod:SuperheatedStrike"],"campfire_rested":0,"item_purchase_floors":[4,23],"current_hp_per_floor":[70,70,70,70,70,70,70,70,58,35,35,42,42,38,38,26,70,70,64,58,58,53,53,53,53,53,53,53,40,40,40,37,9,70,70,77,72,72,62,35,35,24,0,0,0],"gold":372,"neow_bonus":"THREE_CARDS","is_daily":false,"chose_seed":false,"campfire_upgraded":6,"win_rate":0.0,"timestamp":1613801379,"path_taken":["R","M","?","$","?","M","T","R","?","E","M","M","R","E","M","BOSS","R","M","?","?","M","$","T","?","?","R","?","?","R","?","M","BOSS","R","M","M","?","?","E","T","M","E"],"items_purchased_type":["Card","Card"],"build_version":"2020-12-22","purchased_purges":2,"victory":false,"max_hp_per_floor":[70,70,70,70,70,70,70,70,70,70,70,70,70,70,70,70,70,70,70,70,70,70,70,70,70,70,70,70,70,70,70,70,70,70,70,80,80,80,80,80,80,80,80,80,80],"relic_stats":{"Nunchaku":[3],"counters":[20,92],"Mummified Hand":[36],"Pantograph":50,"Turnip":[3],"Ginger":[7],"obtain_stats":[{"Ice Cream":9,"downfall:HeartBlessingRed":35,"sneckomod:BlankCard":7,"hexamod:TheBrokenSeal":36,"Ginger":14,"Frozen Egg 2":40,"sneckomod:SneckoTalon":34,"Nunchaku":38,"Mummified Hand":24,"Pantograph":10,"Molten Egg 2":38,"downfall:RedIOU":26,"Turnip":38,"downfall:ExtraCursedBell":38,"hexamod:SpiritBrand":0,"hexamod:IceCube":17},{"Ice Cream":3,"downfall:HeartBlessingRed":15,"sneckomod:BlankCard":3,"hexamod:TheBrokenSeal":16,"Ginger":7,"Frozen Egg 2":18,"sneckomod:SneckoTalon":15,"Nunchaku":17,"Mummified Hand":12,"Pantograph":4,"Molten Egg 2":17,"downfall:RedIOU":12,"Turnip":17,"downfall:ExtraCursedBell":17,"hexamod:SpiritBrand":0,"hexamod:IceCube":9},{"Ice Cream":10,"downfall:HeartBlessingRed":70,"sneckomod:BlankCard":10,"hexamod:TheBrokenSeal":76,"Ginger":29,"Frozen Egg 2":82,"sneckomod:SneckoTalon":70,"Nunchaku":79,"Mummified Hand":55,"Pantograph":18,"Molten Egg 2":79,"downfall:RedIOU":55,"Turnip":79,"downfall:ExtraCursedBell":79,"hexamod:SpiritBrand":0,"hexamod:IceCube":43}]},"card_choices":[{"not_picked":["hexamod:Hexaguard","hexamod:FlamesFromBeyond"],"picked":"hexamod:FastForward","floor":0},{"not_picked":["hexamod:BacktrackSmack","hexamod:PhantomCloak"],"picked":"hexamod:RetreatToShadows","floor":2},{"not_picked":["hexamod:ThermalTransfer","hexamod:ChargedBarrage"],"picked":"hexamod:HauntingEcho","floor":4},{"not_picked":["hexamod:SwordOfDarkness","hexamod:BurningTouch"],"picked":"hexamod:EtherealExpedition","floor":6},{"not_picked":["hexamod:HauntingEcho","hexamod:Firestarter"],"picked":"hexamod:StepThrough","floor":10},{"not_picked":["hexamod:ThermalTransfer","hexamod:StepThrough"],"picked":"hexamod:HeatCrush","floor":11},{"not_picked":["hexamod:Firestarter","hexamod:SwordOfDarkness"],"picked":"hexamod:ExtraCrispy","floor":12},{"not_picked":["hexamod:InspiringFlames","hexamod:PhantomCloak"],"picked":"hexamod:SpectersWail","floor":14},{"not_picked":["hexamod:UnleashSpirits","hexamod:FlamesFromBeyond"],"picked":"hexamod:Hexaguard","floor":15},{"not_picked":["hexamod:SearingWound","hexamod:FlameSwitch"],"picked":"hexamod:TimeWarp","floor":16},{"not_picked":["hexamod:HeatMetal","hexamod:GhostShield"],"picked":"hexamod:Hexaguard+1","floor":19},{"not_picked":["hexamod:InspiringFlames","hexamod:FlamesFromBeyond"],"picked":"hexamod:SecondSeal","floor":22},{"not_picked":["hexamod:GhostLash","hexamod:HeatCrush"],"picked":"hexamod:GhostShield+1","floor":23},{"not_picked":["hexamod:BurningTouch","hexamod:DynamicBlow"],"picked":"hexamod:SkipABeat+1","floor":29},{"not_picked":["hexamod:HauntingEcho","hexamod:GhostShield+1","hexamod:GhostLash"],"picked":"SKIP","floor":29},{"not_picked":["hexamod:SecondSeal","hexamod:BurningTouch"],"picked":"hexamod:ApocalypseNow","floor":32},{"not_picked":["hexamod:GhostflameBarrier","hexamod:NightmareGuise"],"picked":"hexamod:RadiantFlame","floor":32},{"not_picked":["hexamod:SearingWound","hexamod:TurnItUp"],"picked":"hexamod:Toasty","floor":33},{"not_picked":["hexamod:ForkedFlame","hexamod:GiftsFromTheDead"],"picked":"hexamod:FifthSeal","floor":33},{"not_picked":["hexamod:BacktrackSmack","hexamod:NightmareGuise"],"picked":"hexamod:ShieldOfDarkness","floor":36},{"not_picked":["hexamod:InspiringFlames","hexamod:HeatShield"],"picked":"hexamod:HeatMetal+1","floor":36},{"not_picked":["hexamod:HauntingEcho","hexamod:SpectersWail+1"],"picked":"hexamod:NightmareStrike+1","floor":37},{"not_picked":["expansioncontent:PolyBeam","expansioncontent:LastStand"],"picked":"expansioncontent:Chronoboost","floor":39},{"not_picked":["expansioncontent:HyperBeam","expansioncontent:LastStand"],"picked":"expansioncontent:YouAreMine","floor":39},{"not_picked":["expansioncontent:InvincibleStrength","expansioncontent:PolyBeam"],"picked":"expansioncontent:PrepareCrush","floor":39},{"not_picked":["hexamod:UnleashSpirits+1","hexamod:SkipABeat+1"],"picked":"hexamod:Incineration+1","floor":40},{"not_picked":["hexamod:SpectersWail+1","hexamod:HeatMetal+1"],"picked":"hexamod:EmpoweredFlame+1","floor":42}],"player_experience":510915,"relics_obtained":[{"floor":7,"key":"sneckomod:BlankCard"},{"floor":10,"key":"Pantograph"},{"floor":14,"key":"Ginger"},{"floor":24,"key":"Mummified Hand"},{"floor":38,"key":"Nunchaku"},{"floor":38,"key":"Molten Egg 2"},{"floor":38,"key":"Turnip"},{"floor":40,"key":"Frozen Egg 2"}],"event_choices":[{"damage_healed":0,"gold_gain":0,"cards_transformed":["hexamod:Defend"],"player_choice":"Change","damage_taken":0,"max_hp_gain":0,"max_hp_loss":0,"event_name":"Living Wall","floor":5,"gold_loss":0,"cards_obtained":["hexamod:SixthSeal"]},{"damage_healed":0,"gold_gain":0,"player_choice":"Success","damage_taken":12,"relics_obtained":["Ice Cream"],"max_hp_gain":0,"max_hp_loss":0,"event_name":"Scrap Ooze","floor":9,"gold_loss":0}],"is_beta":false,"boss_relics":[{"not_picked":["Empty Cage","Calling Bell"],"picked":"hexamod:IceCube"},{"not_picked":["Philosopher\u0027s Stone","Pandora\u0027s Box"],"picked":"sneckomod:SneckoTalon"}],"items_purged_floors":[4,23],"is_endless":false,"potions_floor_spawned":[6,11,14,15,22,29,32,37,42],"killed_by":"Giant Head","ascension_level":1}}