{"host":"7k7s6ne09mxa92o8","time":1613834227,"event":{"mods":["2.2 Compatiblity","BaseMod","Dark Map","DeckTracker","Hermit","Minty Spire (QoL Compilation)","Replay The Spire","StSLib","Waifu the Spire"],"gold_per_floor":[113,113,113,113,132,167,167,183,183,33,33,48,58,68,68,68,68],"floor_reached":16,"language":"KOR","playtime":445,"items_purged":["Defend_G"],"score":254,"play_id":"a85f27cc-b3d9-4593-b2e4-b2dc5ffd133c","local_time":"20210221001707","is_ascension_mode":true,"campfire_choices":[{"data":"Neutralize","floor":7,"key":"SMITH"},{"data":"Fluid Movement","floor":11,"key":"SMITH"},{"floor":15,"key":"REST"}],"circlet_count":0,"master_deck":["AscendersBane","Strike_G","Strike_G","Strike_G","Strike_G","Defend_G+1","Defend_G","Defend_G","Defend_G+1","Survivor","Neutralize+1","Poisoned Stab","Tactician","Dagger Spray","Fluid Movement+1","Bouncing Flask","Dagger Spray"],"relics":["Ring of the Snake","NeowsBlessing","Kunai"],"acts_visited":["Exordium"],"potions_floor_usage":[13,16],"damage_taken":[{"damage":0,"enemies":"Small Slimes","floor":1,"turns":1},{"damage":0,"enemies":"Jaw Worm","floor":5,"turns":1},{"damage":0,"enemies":"Lagavulin","floor":6,"turns":1},{"damage":0,"enemies":"2 Louse","floor":8,"turns":2},{"damage":0,"enemies":"Exordium Wildlife","floor":12,"turns":4},{"damage":13,"enemies":"Lots of Slimes","floor":13,"turns":5},{"damage":11,"enemies":"Looter","floor":14,"turns":3},{"damage":46,"enemies":"Slime Boss","floor":16,"turns":5}],"seed_played":"4616081892374296340","potions_obtained":[{"floor":1,"key":"PowerPotion"},{"floor":12,"key":"Adrenaline Potion"}],"is_trial":false,"path_per_floor":["M","?","?","?","M","E","R","M","T","$","R","M","M","M","R","B"],"character_chosen":"THE_SILENT","items_purchased":["Fluid Movement"],"campfire_rested":1,"item_purchase_floors":[10],"current_hp_per_floor":[59,39,61,61,61,61,61,61,61,61,61,61,48,37,56,10,10],"gold":68,"neow_bonus":"THREE_ENEMY_KILL","is_daily":false,"chose_seed":false,"campfire_upgraded":2,"win_rate":0.0,"timestamp":1613834227,"path_taken":["M","?","?","?","M","E","R","M","T","$","R","M","?","?","R","BOSS"],"items_purchased_type":["Card"],"build_version":"2020-12-22","purchased_purges":1,"victory":false,"max_hp_per_floor":[66,66,66,66,66,66,66,66,66,66,66,66,66,66,66,66,66],"card_choices":[{"not_picked":["ReplayTheSpireMod:Exploit Weakness","Flying Knee"],"picked":"Poisoned Stab","floor":1},{"not_picked":["Fluid Movement","ReplayTheSpireMod:Scrap Shanks"],"picked":"Tactician","floor":5},{"not_picked":["Sucker Punch","Deflect"],"picked":"Dagger Spray","floor":6},{"not_picked":["ReplayTheSpireMod:Scrap Shanks","ReplayTheSpireMod:Exploit Weakness","Distraction"],"picked":"SKIP","floor":8},{"not_picked":["Infinite Blades","Sucker Punch","Predator"],"picked":"SKIP","floor":12},{"not_picked":["Leg Sweep","Outmaneuver"],"picked":"Bouncing Flask","floor":13},{"not_picked":["Underhanded Strike","Eviscerate"],"picked":"Dagger Spray","floor":14}],"player_experience":1237789,"relics_obtained":[{"floor":6,"key":"Kunai"}],"event_choices":[{"damage_healed":0,"gold_gain":0,"player_choice":"Entered Light","damage_taken":20,"max_hp_gain":0,"max_hp_loss":0,"event_name":"Shining Light","floor":2,"gold_loss":0,"cards_upgraded":["Defend_G","Defend_G"]},{"damage_healed":22,"gold_gain":0,"player_choice":"Banana","damage_taken":0,"max_hp_gain":0,"max_hp_loss":0,"event_name":"Big Fish","floor":3,"gold_loss":0}],"is_beta":false,"boss_relics":[],"items_purged_floors":[10],"is_endless":false,"potions_floor_spawned":[1,12],"killed_by":"Slime Boss","ascension_level":20}}