{"host":"d54lcqy5t45er8jx","time":1613823112,"event":{"mods":["2.2 Compatiblity","BaseMod","CapriCore","Colored Powertips","Defuse TimeMaze Blight","Friendly Minions","Hermit","Hubris","Infinite Spire","KinomotoSakuraMod(ÙÊñýÜâ?)","Marisa£¨Ùöéë¡¡Øª×âÞÞ£©","Minty Spire (QoL Compilation)","Quick Restart","Railgun Mod","Rare Cards Sparkle","Relic Stats","Remilia£¨?Ú·×é?£©","StSLib","The Alterego","The Animator","The Cursed","The Immortal","The Servant 0.9.4","WarShipGirlsR/??á´Ò³R mod","Yakumo Yukari mod","Yohane!","Yuri Mod"],"gold_per_floor":[113,288,306,319,319,319,337,371,453,453,453,453,470,491,491,505,505],"floor_reached":16,"language":"ENG","playtime":531,"items_purged":[],"score":102,"play_id":"55e793a3-9b42-4a34-ab38-6c6214303d13","local_time":"20210220211152","is_ascension_mode":false,"campfire_choices":[{"data":"yuri:DragonForm","floor":6,"key":"SMITH"},{"data":"yuri:Parry","floor":12,"key":"SMITH"},{"data":"yuri:Oolong","floor":15,"key":"SMITH"}],"circlet_count":0,"master_deck":["yuri:yuriStrike","yuri:yuriStrike","yuri:yuriStrike","yuri:yuriStrike","yuri:yuriStrike","yuri:yuriDefend","yuri:yuriDefend","yuri:yuriDefend","yuri:yuriDefend","yuri:yuriDefend","yuri:Oolong+1","yuri:yuriStab","yuri:CorruptHitbox","yuri:SeeingDouble","yuri:Stalk","yuri:DragonForm+1","yuri:Parry+1","yuri:RecklessStrike","yuri:WickedSlash"],"relics":["yuri:yuriKnife","FossilizedHelix","infinitespire:Midas Blood"],"acts_visited":["Exordium"],"potions_floor_usage":[],"damage_taken":[{"damage":1,"enemies":"Cultist","floor":1,"turns":3},{"damage":1,"enemies":"2 Louse","floor":3,"turns":3},{"damage":5,"enemies":"Jaw Worm","floor":4,"turns":4},{"damage":6,"enemies":"Looter","floor":7,"turns":4},{"damage":31,"enemies":"3 Sentries","floor":8,"turns":8},{"damage":5,"enemies":"Red Slaver","floor":13,"turns":3},{"damage":10,"enemies":"Large Slime","floor":14,"turns":4},{"damage":57,"enemies":"The Guardian","floor":16,"turns":4}],"seed_played":"293816645519395141","potions_obtained":[{"floor":1,"key":"Energy Potion"},{"floor":3,"key":"CultistPotion"},{"floor":13,"key":"Block Potion"}],"is_trial":false,"path_per_floor":["M","?","M","M","?","R","M","E","T","T","?","R","M","M","R","B"],"character_chosen":"YURI","items_purchased":[],"campfire_rested":0,"item_purchase_floors":[],"current_hp_per_floor":[87,87,87,84,84,84,82,55,55,55,55,55,54,48,48,0,0],"gold":505,"neow_bonus":"TEN_PERCENT_HP_BONUS","is_daily":false,"chose_seed":false,"campfire_upgraded":3,"win_rate":0.0,"timestamp":1613823112,"path_taken":["M","?","M","M","?","R","?","E","T","?","?","R","M","M","R","BOSS"],"items_purchased_type":[],"build_version":"2020-12-22","purchased_purges":0,"victory":false,"max_hp_per_floor":[88,88,88,88,88,88,88,88,88,88,88,88,88,88,88,88,88],"relic_stats":{"counters":[8,33],"obtain_stats":[{"yuri:yuriKnife":0,"FossilizedHelix":8,"infinitespire:Midas Blood":9},{"yuri:yuriKnife":0,"FossilizedHelix":5,"infinitespire:Midas Blood":5},{"yuri:yuriKnife":0,"FossilizedHelix":22,"infinitespire:Midas Blood":22}]},"card_choices":[{"not_picked":["yuri:Stare","yuri:ThornRemove"],"picked":"yuri:CorruptHitbox","floor":1},{"not_picked":["yuri:yuriHeavyStrike","yuri:TPose"],"picked":"yuri:SeeingDouble","floor":3},{"not_picked":["yuri:WickedSlash","yuri:MPose"],"picked":"yuri:Stalk","floor":4},{"not_picked":["yuri:TPose","yuri:NerfBat"],"picked":"yuri:Parry","floor":7},{"not_picked":["yuri:TPose","yuri:Spin"],"picked":"yuri:RecklessStrike","floor":8},{"not_picked":["yuri:Skip","yuri:MultiDip"],"picked":"yuri:WickedSlash","floor":13},{"not_picked":["yuri:TeaSet","yuri:CalmingAura","yuri:BookRed"],"picked":"SKIP","floor":14}],"player_experience":1013584,"relics_obtained":[{"floor":8,"key":"FossilizedHelix"},{"floor":9,"key":"infinitespire:Midas Blood"}],"event_choices":[{"damage_healed":0,"gold_gain":175,"player_choice":"AGREE","damage_taken":0,"max_hp_gain":0,"max_hp_loss":0,"event_name":"Liars Game","floor":2,"gold_loss":0,"cards_obtained":["Doubt"]},{"damage_healed":0,"gold_gain":0,"player_choice":"1 cards matched","damage_taken":0,"max_hp_gain":0,"max_hp_loss":0,"event_name":"Match and Keep!","floor":5,"gold_loss":0,"cards_obtained":["yuri:DragonForm"]},{"cards_removed":["Doubt"],"damage_healed":0,"gold_gain":0,"player_choice":"Removed Curses","damage_taken":0,"max_hp_gain":0,"max_hp_loss":0,"event_name":"Fountain of Cleansing","floor":11,"gold_loss":0}],"is_beta":false,"boss_relics":[],"items_purged_floors":[],"is_endless":false,"potions_floor_spawned":[1,3,13],"killed_by":"The Guardian","ascension_level":0}}