{"host":"eydwxg59205c3vtl","time":1613838779,"event":{"mods":["2.2 Compatiblity","BaseMod","Colored Map","Colored Powertips","Hubris","Minty Spire (QoL Compilation)","StSLib","The Jungle","The Necromancer"],"gold_per_floor":[112,0,0,0,16,16,35,68,116,116,126,190,217,228,228,228,228],"floor_reached":16,"language":"ENG","playtime":457,"items_purged":[],"score":209,"play_id":"6c25c78b-fc58-49de-b59f-6b32911261b8","local_time":"20210220113259","is_ascension_mode":true,"campfire_choices":[{"data":"Negative_Energy_Sphere","floor":6.0,"key":"SMITH"},{"data":"Negative_Energy_Arrows","floor":10.0,"key":"SMITH"},{"data":"Negative_Energy_Mist","floor":15.0,"key":"SMITH"}],"circlet_count":0,"master_deck":["AscendersBane","Strike_W","Strike_W","Strike_W","Defend_W","Defend_W","Defend_W","Defend_W","Negative_Energy_Arrows+1","Bone_Wall","Blood_Curse+1","Negative_Energy_Shield","Negative_Energy_Sphere+1","Flesh_Made_Foul","Negative_Energy_Shield","Spectral_Walk","Siphon_Strength","Negative_Energy_Mist+1"],"relics":["Vampire_Amulet","MealTicket","hubris:AstralHammer","hubris:TenFootPole","Mummified Hand","Lantern"],"acts_visited":["Exordium"],"potions_floor_usage":[16],"damage_taken":[{"damage":6.0,"enemies":"Small Slimes","floor":1.0,"turns":5.0},{"damage":1.0,"enemies":"Jaw Worm","floor":5.0,"turns":4.0},{"damage":0.0,"enemies":"2 Louse","floor":7.0,"turns":3.0},{"damage":23.0,"enemies":"Gremlin Nob","floor":8.0,"turns":4.0},{"damage":10.0,"enemies":"Exordium Wildlife","floor":11.0,"turns":3.0},{"damage":4.0,"enemies":"Gremlin Nob","floor":12.0,"turns":3.0},{"damage":9.0,"enemies":"3 Sentries","floor":13.0,"turns":6.0},{"damage":0.0,"enemies":"3 Louse","floor":14.0,"turns":5.0},{"damage":2,"enemies":"Hexaghost","floor":16,"turns":7}],"seed_played":"6134293998155624208","potions_obtained":[{"floor":1.0,"key":"Energy Potion"},{"floor":5.0,"key":"BlessingOfTheForge"},{"floor":11.0,"key":"SteroidPotion"},{"floor":12.0,"key":"PowerPotion"},{"floor":14.0,"key":"DuplicationPotion"}],"is_trial":false,"path_per_floor":["M","$","?","?","M","R","M","E","T","R","M","?","E","M","R","B"],"character_chosen":"NECROMANCER","items_purchased":["Negative_Energy_Shield","Negative_Energy_Sphere"],"campfire_rested":0,"item_purchase_floors":[2,2],"current_hp_per_floor":[62,71,71,64,65,65,69,48,48,48,42,40,37,43,43,41,41],"gold":228,"neow_bonus":"RANDOM_COMMON_RELIC","is_daily":false,"chose_seed":false,"campfire_upgraded":3,"win_rate":0.0,"timestamp":1613838779,"path_taken":["M","$","?","?","M","R","M","E","T","R","M","?","E","M","R","BOSS"],"items_purchased_type":["Card","Card"],"build_version":"2020-12-22","purchased_purges":0,"victory":false,"max_hp_per_floor":[71,71,71,71,71,71,71,71,71,71,71,71,71,71,71,71,71],"card_choices":[{"not_picked":["Bone_Armory","Death_March_Dance"],"picked":"Blood_Curse","floor":1.0},{"not_picked":["Bone_Spikes","Bone_Armor"],"picked":"Flesh_Made_Foul","floor":5.0},{"not_picked":["Bone_Spikes","Bone_Armor","Toxic_Smoke_Screen"],"picked":"SKIP","floor":7.0},{"not_picked":["Thousand_Bone_Knives","Uncharnel"],"picked":"Negative_Energy_Shield","floor":8.0},{"not_picked":["Life_Tap","Shackles_Of_Pain"],"picked":"Spectral_Walk","floor":11.0},{"not_picked":["Negative_Energy_Mist","Death_March_Dance"],"picked":"Siphon_Strength","floor":12.0},{"not_picked":["Blood_Wake","Epidemic","Whirlwind_of_Bones"],"picked":"SKIP","floor":13.0},{"not_picked":["Bones_to_Steel","Scare"],"picked":"Negative_Energy_Mist","floor":14.0}],"player_experience":630888,"relics_obtained":[{"floor":8.0,"key":"hubris:AstralHammer"},{"floor":9.0,"key":"hubris:TenFootPole"},{"floor":13.0,"key":"Lantern"}],"event_choices":[{"cards_removed":["Strike_W"],"damage_healed":0.0,"max_hp_gain":0.0,"max_hp_loss":0.0,"gold_gain":0.0,"event_name":"Golden Wing","player_choice":"Card Removal","floor":4.0,"gold_loss":0.0,"damage_taken":7.0},{"damage_healed":0.0,"max_hp_gain":0.0,"max_hp_loss":0.0,"gold_gain":0.0,"event_name":"Dead Adventurer","player_choice":"Searched \u00272\u0027 times","floor":12.0,"gold_loss":0.0,"damage_taken":0.0,"relics_obtained":["Mummified Hand"]}],"is_beta":false,"boss_relics":[],"items_purged_floors":[],"is_endless":false,"potions_floor_spawned":[1,5,11,12,14],"killed_by":"Hexaghost","ascension_level":18}}