{"host":"d54lcqy5t45er8jx","time":1613837331,"event":{"mods":["2.2 Compatiblity","AchievementEnabler","BaseMod","CapriCore","Colored Powertips","DeckTracker","Defuse TimeMaze Blight","Hermit","Highlight Path","Hubris","Infinite Spire","Marisa£¨Ùöéë¡¡Øª×âÞÞ£©","Minty Spire (QoL Compilation)","Permanent Neow","Quick Restart","Rare Cards Sparkle","Relic Stats","Remilia£¨?Ú·×é?£©","StSLib","The Animator","The Cursed","The Immortal","The Servant 0.9.4","WarShipGirlsR/??á´Ò³R mod","Yakumo Yukari mod"],"gold_per_floor":[110,110,122,122,135,167,167,167,167],"floor_reached":8,"language":"ENG","playtime":239,"items_purged":[],"score":85,"play_id":"a4e8482a-1aeb-451f-87ee-dcd6fc2cb2fa","local_time":"20210221010851","is_ascension_mode":true,"campfire_choices":[{"data":"BloodyMagicSquare","floor":7,"key":"SMITH"}],"circlet_count":0,"master_deck":["Strike_RM","Strike_RM","Strike_RM","Strike_RM","Defend_RM","Defend_RM","Defend_RM","Defend_RM","RedMoon","ScarletShoot","BloodyMagicSquare+1","ScarletDevilSign","BlasphemousPunishment"],"relics":["ScarletHat","Toy Ornithopter","Kunai"],"acts_visited":["Exordium"],"potions_floor_usage":[],"damage_taken":[{"damage":1,"enemies":"Cultist","floor":1,"turns":4},{"damage":0,"enemies":"2 Louse","floor":3,"turns":4},{"damage":43,"enemies":"Jaw Worm","floor":5,"turns":3},{"damage":33,"enemies":"3 Sentries","floor":6,"turns":3},{"damage":16,"enemies":"Gremlin Nob","floor":8,"turns":1}],"seed_played":"8962028310712504837","potions_obtained":[{"floor":1,"key":"SkillPotion"}],"is_trial":false,"path_per_floor":["M","?","M","?","M","E","R","E"],"character_chosen":"REMILIA","items_purchased":[],"campfire_rested":0,"item_purchase_floors":[],"current_hp_per_floor":[74,56,56,85,45,12,12,0,0],"gold":167,"neow_bonus":"ONE_RANDOM_RARE_CARD","is_daily":false,"chose_seed":false,"campfire_upgraded":1,"win_rate":0.0,"timestamp":1613837331,"path_taken":["M","?","M","?","?","E","R","E"],"items_purchased_type":[],"build_version":"2020-12-22","purchased_purges":0,"victory":false,"max_hp_per_floor":[75,75,75,85,85,85,85,85,85],"relic_stats":{"counters":[5,15],"Kunai":[0],"obtain_stats":[{"Kunai":6,"ScarletHat":0,"Toy Ornithopter":2},{"Kunai":4,"ScarletHat":0,"Toy Ornithopter":1},{"Kunai":14,"ScarletHat":0,"Toy Ornithopter":4}],"Toy Ornithopter":0},"card_choices":[{"not_picked":["CharismaGuard","NightDance"],"picked":"BloodyMagicSquare","floor":1},{"not_picked":["EternalNight","CharismaGuard"],"picked":"ScarletDevilSign","floor":3},{"not_picked":["ForbiddenFruit","MastersStateliness"],"picked":"BlasphemousPunishment","floor":5},{"not_picked":["TricksterDevil","AfternoonTea","ScarletSymphony"],"picked":"SKIP","floor":6}],"player_experience":1017999,"relics_obtained":[{"floor":6,"key":"Kunai"}],"event_choices":[{"damage_healed":0,"gold_gain":0,"player_choice":"Success","damage_taken":18,"relics_obtained":["Toy Ornithopter"],"max_hp_gain":0,"max_hp_loss":0,"event_name":"Scrap Ooze","floor":2,"gold_loss":0},{"cards_removed":["TricksterDevil"],"damage_healed":19,"gold_gain":0,"player_choice":"Offered Rare","damage_taken":0,"max_hp_gain":10,"max_hp_loss":0,"event_name":"Bonfire Elementals","floor":4,"gold_loss":0}],"is_beta":false,"boss_relics":[],"items_purged_floors":[],"is_endless":false,"potions_floor_spawned":[1],"killed_by":"Gremlin Nob","ascension_level":1}}