{"host":"rguvlafm46vqn9ib","time":1613800469,"event":{"mods":["2.2 Compatiblity","AchievementEnabler","Act Like it!","Arknights","Aspiration","BaseMod","Beaked The Cultist","Better Match","Better Note","Better Third Choice","BetterRewards","Colored Map","Downfall","Elementarium","GifTheSpireLib","Hermit","Highlight Path","Hubris","JesterMod","Mad Scientist","Minty Spire (QoL Compilation)","RRrroohrrRGHHhhh!!","Reliquary","Reorder Act Four","Replay The Spire","Retaliation","SCP261 Mod","Small Relic Pack","Spikes Relics","StSLib","Stuff the Spire","The Blackbeard","The Bug Knight","The Construct","The Death Knight","The Disciple","The Forsaken","The Judge","The Marked","The Mystic","The Necromancer","The Problem Sleuth","The Runesmith","TheSwordswoman"],"gold_per_floor":[118,118,131,81,99,99,149,177,177,195,195,195,295,328,328,328,328],"floor_reached":16,"language":"ENG","playtime":1056,"items_purged":[],"score":166,"play_id":"173f63b8-48bd-4017-8f95-edb85e0bd351","local_time":"20210220055429","is_ascension_mode":true,"campfire_choices":[{"data":"ats:Mental Burst","floor":6,"key":"SMITH"},{"data":"ats:Thorns","floor":12,"key":"SMITH"},{"floor":15,"key":"REST"}],"circlet_count":0,"master_deck":["ats:Strike C","ats:Strike G","ats:Strike S","ats:Strike V","ats:Defend","ats:Defend","ats:Defend","ats:Defend","ats:Emotion Absorption","ats:Apocalypse","ats:Apocalypse","ats:Hammer On","ats:Mental Burst+1","ats:Revitalization","ats:Encircling Forest","Underhanded Strike","Heel Hook","ats:Consecutive Shot Auto","ats:Explosion Area Strengthen","ats:Thorns+1","ats:Absolute Focus","ats:Flame Of Heaven","ats:Collapsing Strike"],"relics":["ats:Sanity","Orrery","reliquary:GummyVitamins","ats:Originium","DeathKnight:SindragosasSkull","Replay:Ringing Soul","hubris:Icosahedron","hubris:TinFlute"],"acts_visited":["Exordium"],"potions_floor_usage":[10,14],"damage_taken":[{"damage":9,"enemies":"ats:Genji","floor":1,"turns":3},{"damage":6,"enemies":"Jaw Worm","floor":3,"turns":3},{"damage":0,"enemies":"Small Slimes","floor":5,"turns":2},{"damage":8,"enemies":"HollowMod:MossKnight","floor":8,"turns":4},{"damage":2,"enemies":"Blue Slaver","floor":10,"turns":5},{"damage":20,"enemies":"Replay:BlueRogue","floor":14,"turns":4},{"damage":96,"enemies":"Fading Forest","floor":16,"turns":10}],"seed_played":"-6262394236975101826","potions_obtained":[{"floor":1,"key":"SCP261:BarrettColaPotion"},{"floor":7,"key":"SCP261:DietGhostPotion"}],"is_trial":false,"path_per_floor":["M","?","M","?","M","R","?","E","T","M","?","R","?","E","R","B"],"character_chosen":"DOCTOR_CLASS","items_purchased":["ats:Apocalypse","Orrery"],"campfire_rested":1,"item_purchase_floors":[0,0],"current_hp_per_floor":[64,64,66,66,66,66,48,43,43,55,55,55,55,42,65,0,0],"gold":328,"neow_bonus":"","is_daily":false,"chose_seed":false,"campfire_upgraded":2,"win_rate":0.0,"timestamp":1613800469,"path_taken":["M","?","?","?","M","R","?","E","T","M","?","R","?","E","R","BOSS"],"items_purchased_type":["Card","Relic"],"build_version":"2020-12-22","purchased_purges":0,"victory":false,"max_hp_per_floor":[72,72,72,72,72,72,72,72,72,75,75,75,75,78,78,78,78],"card_choices":[{"not_picked":["ats:Consecutive Shot Auto","ats:Assault Order"],"picked":"ats:Apocalypse","floor":0},{"not_picked":["ats:Leaping Hammer","ats:Consecutive Shot Auto"],"picked":"ats:Hammer On","floor":0},{"not_picked":["ats:Leaping Hammer","ats:Chain Hook"],"picked":"ats:Mental Burst","floor":0},{"not_picked":["ats:Hammer On","ats:Very Hot Blade"],"picked":"ats:Revitalization","floor":0},{"not_picked":["ats:Guardian Obelisk","ats:Curse Doll"],"picked":"ats:Very Hot Blade","floor":0},{"not_picked":["ats:Very Hot Blade","ats:Healing Drone"],"picked":"ats:Encircling Forest","floor":1},{"not_picked":["ats:Apocalypse","ats:Fractured Body"],"picked":"ats:Consecutive Shot Auto","floor":3},{"not_picked":["ats:Guard Mode","ats:Absolute Focus"],"picked":"ats:Explosion Area Strengthen","floor":5},{"not_picked":["ats:Red Shift","ats:Ignite"],"picked":"ats:Thorns","floor":7},{"not_picked":["ats:Guard Mode","ats:Very Hot Blade"],"picked":"ats:Absolute Focus","floor":8},{"not_picked":["ats:Rapid Magazine","ats:Echo Reverb"],"picked":"ats:Flame Of Heaven","floor":10},{"not_picked":["ats:Apocalypse","ats:Consecutive Shot Auto"],"picked":"ats:Collapsing Strike","floor":14}],"player_experience":1008036,"relics_obtained":[{"floor":7,"key":"reliquary:GummyVitamins"},{"floor":8,"key":"ats:Originium"},{"floor":8,"key":"DeathKnight:SindragosasSkull"},{"floor":9,"key":"Replay:Ringing Soul"},{"floor":14,"key":"ats:Originium"},{"floor":14,"key":"hubris:TinFlute"}],"event_choices":[{"cards_removed":["StuffTheSpire:Incursion"],"damage_healed":0,"gold_gain":0,"player_choice":"Card Removal","damage_taken":0,"max_hp_gain":0,"max_hp_loss":0,"event_name":"The Cleric","floor":4,"gold_loss":50},{"damage_healed":0,"gold_gain":100,"player_choice":"Pray","damage_taken":0,"max_hp_gain":0,"max_hp_loss":0,"event_name":"Golden Shrine","floor":13,"gold_loss":0}],"is_beta":false,"boss_relics":[],"items_purged_floors":[],"is_endless":false,"potions_floor_spawned":[1],"killed_by":"Fading Forest","ascension_level":1}}