{"host":"swphzoo6hmc78epl","time":1613796759,"event":{"mods":["BaseMod","Highlight Path","Minty Spire (QoL Compilation)","Quick Restart"],"gold_per_floor":[113,130,130,80,80,112,187,216,216,235,235,235,246,261,261,358,358,373,398,398,416,416,446,446,446,472,251,265,265,297,397,397,397,397],"floor_reached":33,"language":"ENG","playtime":1811,"items_purged":["Strike_B"],"score":352,"play_id":"0bf8fe71-365f-4303-a44a-4ebb59a1237d","local_time":"20210219235239","is_ascension_mode":true,"campfire_choices":[{"data":"Electrodynamics","floor":11.0,"key":"SMITH"},{"data":"Zap","floor":15.0,"key":"SMITH"},{"data":"Hologram","floor":24.0,"key":"SMITH"},{"data":"Sweeping Beam","floor":29.0,"key":"SMITH"},{"data":"Core Surge","floor":32.0,"key":"SMITH"}],"circlet_count":0,"master_deck":["Strike_B","Strike_B","Defend_B","Defend_B","Defend_B","Defend_B","Zap+1","Dualcast","Cold Snap","FTL+1","Cold Snap+1","Electrodynamics+1","Sweeping Beam+1","Cold Snap","Core Surge+1","Melter+1","Conserve Battery","Rebound","Hologram+1","Leap","Hologram+1"],"relics":["Cracked Core","NeowsBlessing","Centennial Puzzle","Vajra","Odd Mushroom","InkBottle","Nuclear Battery","Red Mask","Nilry\u0027s Codex","Bag of Preparation","PreservedInsect","Anchor","Lantern","Pocketwatch","Matryoshka"],"acts_visited":["Exordium","TheCity"],"potions_floor_usage":[],"damage_taken":[{"damage":0.0,"enemies":"Jaw Worm","floor":1.0,"turns":1.0},{"damage":0.0,"enemies":"Small Slimes","floor":2.0,"turns":1.0},{"damage":0.0,"enemies":"Gremlin Nob","floor":6.0,"turns":1.0},{"damage":9.0,"enemies":"The Mushroom Lair","floor":8.0,"turns":4.0},{"damage":1.0,"enemies":"2 Louse","floor":10.0,"turns":2.0},{"damage":0.0,"enemies":"2 Fungi Beasts","floor":13.0,"turns":3.0},{"damage":0.0,"enemies":"Large Slime","floor":14.0,"turns":3.0},{"damage":13.0,"enemies":"Hexaghost","floor":16.0,"turns":9.0},{"damage":7.0,"enemies":"2 Thieves","floor":18.0,"turns":2.0},{"damage":0.0,"enemies":"Masked Bandits","floor":19.0,"turns":2.0},{"damage":0.0,"enemies":"Spheric Guardian","floor":21.0,"turns":2.0},{"damage":27.0,"enemies":"Gremlin Leader","floor":23.0,"turns":6.0},{"damage":14.0,"enemies":"Snake Plant","floor":28.0,"turns":3.0},{"damage":5.0,"enemies":"Slavers","floor":30.0,"turns":2.0},{"damage":0.0,"enemies":"Colosseum Slavers","floor":31.0,"turns":2.0},{"damage":0.0,"enemies":"Colosseum Nobs","floor":31.0,"turns":2.0},{"damage":28,"enemies":"Automaton","floor":33,"turns":6}],"seed_played":"8698867448440133385","potions_obtained":[{"floor":6.0,"key":"EssenceOfSteel"},{"floor":8.0,"key":"Explosive Potion"},{"floor":10.0,"key":"FocusPotion"},{"floor":16.0,"key":"DistilledChaos"},{"floor":18.0,"key":"PotionOfCapacity"},{"floor":19.0,"key":"Energy Potion"},{"floor":31.0,"key":"BlessingOfTheForge"}],"is_trial":false,"path_per_floor":["M","M","?","?","?","E","?","?","T","M","R","?","M","M","R","B",null,"M","?","?","M","?","E","R","?","T","$","M","R","E","?","R","B"],"character_chosen":"DEFECT","items_purchased":["Anchor"],"campfire_rested":0,"item_purchase_floors":[27],"current_hp_per_floor":[75,75,80,80,77,77,66,57,57,56,56,40,40,40,40,27,80,73,73,58,58,42,15,15,43,43,43,29,29,24,24,24,0,0],"gold":397,"neow_bonus":"THREE_ENEMY_KILL","is_daily":false,"chose_seed":false,"campfire_upgraded":5,"win_rate":0.0,"timestamp":1613796759,"path_taken":["M","M","?","?","?","E","?","?","T","M","R","?","?","M","R","BOSS","M","?","?","?","?","E","R","?","T","$","M","R","E","?","R","BOSS"],"items_purchased_type":["Relic"],"build_version":"2020-12-22","purchased_purges":1,"victory":false,"max_hp_per_floor":[75,75,80,80,80,80,80,80,80,80,80,80,80,80,80,80,80,80,80,85,85,85,85,85,85,85,85,85,85,85,85,85,85,85],"card_choices":[{"not_picked":["Beam Cell","Leap"],"picked":"Cold Snap","floor":1.0},{"not_picked":["Conserve Battery","Leap"],"picked":"FTL","floor":2.0},{"not_picked":["Turbo","Leap"],"picked":"Cold Snap","floor":6.0},{"not_picked":["Rebound","Genetic Algorithm"],"picked":"Electrodynamics","floor":8.0},{"not_picked":["Steam","Steam Power","Leap"],"picked":"SKIP","floor":10.0},{"not_picked":["Doom and Gloom","Storm"],"picked":"Sweeping Beam","floor":13.0},{"not_picked":["Leap","Stack"],"picked":"Cold Snap","floor":14.0},{"not_picked":["Amplify","Machine Learning"],"picked":"Core Surge","floor":16.0},{"not_picked":["Stack","Force Field"],"picked":"Melter+1","floor":18.0},{"not_picked":["Scrape","Go for the Eyes+1"],"picked":"Conserve Battery","floor":19.0},{"not_picked":["Coolheaded","Turbo"],"picked":"Rebound","floor":21.0},{"not_picked":["Go for the Eyes","Streamline+1"],"picked":"Hologram","floor":23.0},{"not_picked":["Turbo","Barrage"],"picked":"Leap","floor":28.0},{"not_picked":["Doom and Gloom","Gash","FTL"],"picked":"SKIP","floor":30.0},{"not_picked":["Rebound","Steam"],"picked":"Hologram+1","floor":31.0}],"player_experience":892937,"relics_obtained":[{"floor":6.0,"key":"Vajra"},{"floor":8.0,"key":"Odd Mushroom"},{"floor":9.0,"key":"InkBottle"},{"floor":19.0,"key":"Red Mask"},{"floor":22.0,"key":"Nilry\u0027s Codex"},{"floor":23.0,"key":"Bag of Preparation"},{"floor":26.0,"key":"PreservedInsect"},{"floor":30.0,"key":"Lantern"},{"floor":31.0,"key":"Pocketwatch"},{"floor":31.0,"key":"Matryoshka"}],"event_choices":[{"damage_healed":0.0,"max_hp_gain":5.0,"max_hp_loss":0.0,"gold_gain":0.0,"event_name":"Big Fish","player_choice":"Donut","floor":3.0,"gold_loss":0.0,"damage_taken":0.0},{"cards_removed":["Strike_B"],"damage_healed":0.0,"max_hp_gain":0.0,"max_hp_loss":0.0,"gold_gain":0.0,"event_name":"The Cleric","player_choice":"Card Removal","floor":4.0,"gold_loss":50.0,"damage_taken":0.0},{"damage_healed":0.0,"max_hp_gain":0.0,"max_hp_loss":0.0,"gold_gain":0.0,"event_name":"Scrap Ooze","player_choice":"Success","floor":5.0,"gold_loss":0.0,"damage_taken":3.0,"relics_obtained":["Centennial Puzzle"]},{"damage_healed":0.0,"max_hp_gain":0.0,"max_hp_loss":0.0,"gold_gain":75.0,"event_name":"World of Goop","player_choice":"Gather Gold","floor":7.0,"gold_loss":0.0,"damage_taken":11.0},{"damage_healed":0.0,"max_hp_gain":0.0,"max_hp_loss":0.0,"gold_gain":0.0,"event_name":"Mushrooms","player_choice":"Fought Mushrooms","floor":8.0,"gold_loss":0.0,"damage_taken":0.0},{"damage_healed":0.0,"max_hp_gain":0.0,"max_hp_loss":0.0,"gold_gain":0.0,"event_name":"Shining Light","player_choice":"Entered Light","floor":12.0,"gold_loss":0.0,"damage_taken":16.0,"cards_upgraded":["Cold Snap","FTL"]},{"damage_healed":0.0,"max_hp_gain":0.0,"max_hp_loss":0.0,"gold_gain":0.0,"event_name":"Masked Bandits","player_choice":"Fought Bandits","floor":19.0,"gold_loss":0.0,"damage_taken":0.0},{"damage_healed":0.0,"max_hp_gain":5.0,"max_hp_loss":0.0,"gold_gain":0.0,"event_name":"Forgotten Altar","player_choice":"Shed Blood","floor":20.0,"gold_loss":0.0,"damage_taken":20.0},{"damage_healed":0.0,"max_hp_gain":0.0,"max_hp_loss":0.0,"gold_gain":0.0,"event_name":"Cursed Tome","player_choice":"Obtained Book","floor":22.0,"gold_loss":0.0,"damage_taken":16.0},{"damage_healed":28.0,"max_hp_gain":0.0,"max_hp_loss":0.0,"gold_gain":0.0,"event_name":"The Library","player_choice":"Heal","floor":25.0,"gold_loss":0.0,"damage_taken":0.0},{"damage_healed":0.0,"max_hp_gain":0.0,"max_hp_loss":0.0,"gold_gain":0.0,"event_name":"Colosseum","player_choice":"Fight","floor":31.0,"gold_loss":0.0,"damage_taken":0.0},{"damage_healed":0.0,"max_hp_gain":0.0,"max_hp_loss":0.0,"gold_gain":0.0,"event_name":"Colosseum","player_choice":"Fought Nobs","floor":31.0,"gold_loss":0.0,"damage_taken":0.0}],"is_beta":false,"boss_relics":[{"not_picked":["SacredBark","Fusion Hammer"],"picked":"Nuclear Battery"}],"items_purged_floors":[27],"is_endless":false,"potions_floor_spawned":[6,8,10,13,16,18,19,31],"killed_by":"Automaton","ascension_level":3}}