{"host":"4gr5irrdjh39ysed","time":1613780771,"event":{"mods":["AchievementEnabler","BaseMod","Colored Map","Downfall","Hermit","Minty Spire (QoL Compilation)","Random Character Button","StSLib","The Construct","The Cursed","The Disciple","The Hierophant","The Mystic","The Necromancer","The Runesmith"],"gold_per_floor":[112,126,143,68,78,78,91,91,91,91,121,121,121,137,137,235,235,252,252,272,282,301,301,313,342,369,388,100,100,118,118,118,213,213,223,98,108,128,177,210,228,261,261,261,271,289,67,80,80,80],"floor_reached":51,"language":"ENG","playtime":2446,"items_purged":["Defend_P","downfall:Haunted","Regret","Defend_P"],"score":1127,"play_id":"3346ff80-7aab-4f5c-9fbb-a320a39e940e","local_time":"20210219172611","is_ascension_mode":true,"campfire_choices":[{"floor":6,"key":"RECALL"},{"data":"TalkToTheHand","floor":8,"key":"SMITH"},{"data":"WheelKick","floor":12,"key":"SMITH"},{"data":"Prostrate","floor":15,"key":"SMITH"},{"floor":23,"key":"REST"},{"floor":29,"key":"REST"},{"floor":32,"key":"REST"},{"floor":44,"key":"DIG"},{"floor":49,"key":"DIG"}],"circlet_count":0,"master_deck":["AscendersBane","Strike_P","Strike_P","Strike_P","Strike_P","Eruption","Vigilance","Prostrate+1","PathToVictory","SignatureMove","TalkToTheHand+1","WheelKick+1","Worship","DeusExMachina","Nirvana","WheelKick+1","BowlingBash","ConjureBlade","CutThroughFate","JustLucky+1","FlurryOfBlows","ConjureBlade","Weave+1","BowlingBash+1","FollowUp+1","Devotion","Pray","EmptyFist+1","Omniscience","Consecrate","Ragnarok","CutThroughFate"],"relics":["Empty Cage","Matryoshka","Darkstone Periapt","Akabeko","Runesmith:Nanobots","Fusion Hammer","Spirit Poop","Pear","Ancient Tea Set","Orichalcum","Chemical X","Runic Dome","Pocketwatch","Juzu Bracelet","Shovel","Ornamental Fan","Ice Cream","Slimebound:StickyStick","Kunai"],"acts_visited":["Exordium","TheCity","TheBeyond"],"potions_floor_usage":[16,16,22,25,30,33,33,39,41,45,48,50,50],"damage_taken":[{"damage":24,"enemies":"Jaw Worm","floor":1,"turns":2},{"damage":12,"enemies":"2 Louse","floor":2,"turns":2},{"damage":8,"enemies":"Cultist","floor":3,"turns":3},{"damage":32,"enemies":"Exordium Thugs","floor":5,"turns":4},{"damage":9,"enemies":"2 Fungi Beasts","floor":7,"turns":4},{"damage":47,"enemies":"Gremlin Nob","floor":11,"turns":5},{"damage":0,"enemies":"Looter","floor":14,"turns":1},{"damage":116,"enemies":"The Guardian","floor":16,"turns":16},{"damage":22,"enemies":"Shell Parasite","floor":18,"turns":3},{"damage":32,"enemies":"3 Byrds","floor":20,"turns":5},{"damage":47,"enemies":"Snake Plant","floor":21,"turns":2},{"damage":28,"enemies":"3 Cultists","floor":22,"turns":4},{"damage":13,"enemies":"Snecko","floor":24,"turns":4},{"damage":33,"enemies":"Slavers","floor":25,"turns":4},{"damage":36,"enemies":"Sentry and Sphere","floor":27,"turns":5},{"damage":20,"enemies":"Cultist and Chosen","floor":30,"turns":4},{"damage":136,"enemies":"Collector","floor":33,"turns":10},{"damage":85,"enemies":"3 Darklings","floor":35,"turns":4},{"damage":11,"enemies":"Orb Walker","floor":37,"turns":3},{"damage":23,"enemies":"Sphere and 2 Shapes","floor":38,"turns":3},{"damage":77,"enemies":"2 Orb Walkers","floor":39,"turns":4},{"damage":59,"enemies":"Reptomancer","floor":40,"turns":3},{"damage":62,"enemies":"Spire Growth","floor":41,"turns":5},{"damage":124,"enemies":"Nemesis","floor":42,"turns":7},{"damage":42,"enemies":"Maw","floor":45,"turns":6},{"damage":17,"enemies":"Transient","floor":46,"turns":5},{"damage":3,"enemies":"Jaw Worm Horde","floor":48,"turns":2},{"damage":97,"enemies":"Donu and Deca","floor":50,"turns":6}],"seed_played":"5110015933797998784","potions_obtained":[{"floor":3,"key":"sneckomod:MuddlingPotion"},{"floor":5,"key":"Swift Potion"},{"floor":7,"key":"StancePotion"},{"floor":18,"key":"SpeedPotion"},{"floor":21,"key":"Dexterity Potion"},{"floor":22,"key":"Guardian:BlockOnCardUsePotion"},{"floor":27,"key":"CultistPotion"},{"floor":33,"key":"GamblersBrew"},{"floor":35,"key":"BlessingOfTheForge"},{"floor":38,"key":"PowerPotion"},{"floor":39,"key":"DistilledChaos"},{"floor":46,"key":"sneckomod:MuddlingPotion"},{"floor":48,"key":"Fruit Juice"}],"is_trial":false,"path_per_floor":["M","M","M","$","M","R","M","R","T","?","E","R","?","M","R","B",null,"M","?","M","M","M","R","M","E","T","M","$","R","M","$","R","B",null,"M","$","M","M","?","E","M","E","T","R","M","M","$","M","R","B",null],"character_chosen":"WATCHER","items_purchased":["Chemical X","FlurryOfBlows","Ragnarok"],"campfire_rested":3,"item_purchase_floors":[28,28,47],"current_hp_per_floor":[2043,2031,2023,2023,1991,1991,1982,1982,1982,1994,1947,1947,1953,1953,1953,1837,2028,2006,2006,1974,1927,1899,2092,2079,2056,2056,2020,2020,2102,2082,2082,2102,1966,2068,1983,1983,1972,1949,1872,1813,1751,1627,1627,1627,1585,1568,1568,1565,1565,1473],"gold":80,"neow_bonus":"BOSS_RELIC","is_daily":false,"chose_seed":false,"campfire_upgraded":3,"win_rate":0.0,"timestamp":1613780771,"path_taken":["M","M","M","$","M","R","M","R","T","?","E","R","?","M","R","BOSS","M","?","M","M","M","R","M","E","T","M","$","R","M","$","R","BOSS","M","$","M","?","?","E","M","E","T","R","M","M","$","M","R","BOSS"],"items_purchased_type":["Relic","Card","Card"],"build_version":"2020-12-22","purchased_purges":4,"victory":true,"max_hp_per_floor":[2074,2074,2074,2074,2074,2074,2074,2074,2074,2086,2086,2086,2092,2092,2092,2092,2092,2092,2092,2092,2092,2092,2092,2092,2102,2102,2102,2102,2102,2102,2102,2102,2102,2102,2102,2102,2102,2102,2102,2102,2102,2102,2102,2102,2102,2102,2102,2102,2102,2107],"card_choices":[{"not_picked":["Study","PathToVictory"],"picked":"Prostrate","floor":1},{"not_picked":["Halt","EmptyBody"],"picked":"PathToVictory","floor":2},{"not_picked":["EmptyBody","Study"],"picked":"SignatureMove","floor":3},{"not_picked":["FlyingSleeves","Prostrate"],"picked":"TalkToTheHand","floor":5},{"not_picked":["Adaptation","Sanctity","Vengeance"],"picked":"SKIP","floor":7},{"not_picked":["Tantrum","CutThroughFate"],"picked":"WheelKick","floor":11},{"not_picked":["Crescendo","JustLucky"],"picked":"Worship","floor":14},{"not_picked":["LessonLearned","Vault"],"picked":"DeusExMachina","floor":16},{"not_picked":["Halt+1","Crescendo"],"picked":"Nirvana","floor":18},{"not_picked":["Protect","Halt"],"picked":"WheelKick+1","floor":20},{"not_picked":["Halt","Protect","Crescendo+1"],"picked":"SKIP","floor":21},{"not_picked":["PathToVictory","ClearTheMind+1"],"picked":"BowlingBash","floor":22},{"not_picked":["EmptyBody+1","CutThroughFate"],"picked":"ConjureBlade","floor":24},{"not_picked":["Consecrate","Halt"],"picked":"CutThroughFate","floor":25},{"not_picked":["Halt","BowlingBash"],"picked":"JustLucky+1","floor":27},{"not_picked":["BowlingBash","Halt","WaveOfTheHand"],"picked":"SKIP","floor":30},{"not_picked":["MasterReality","Scrawl"],"picked":"ConjureBlade","floor":33},{"not_picked":["EmptyBody+1","Prostrate+1"],"picked":"Weave+1","floor":35},{"not_picked":["FlurryOfBlows","Crescendo+1"],"picked":"BowlingBash+1","floor":37},{"not_picked":["Protect+1","ForeignInfluence+1"],"picked":"FollowUp+1","floor":38},{"not_picked":["FlyingSleeves","CrushJoints+1"],"picked":"Devotion","floor":39},{"not_picked":["ThirdEye","Evaluate"],"picked":"Pray","floor":40},{"not_picked":["Crescendo+1","SashWhip+1"],"picked":"EmptyFist+1","floor":41},{"not_picked":["Crescendo+1","Halt+1"],"picked":"Omniscience","floor":42},{"not_picked":["SashWhip+1","Adaptation"],"picked":"Consecrate","floor":45},{"not_picked":["PathToVictory","Evaluate+1","FollowUp"],"picked":"SKIP","floor":46},{"not_picked":["WaveOfTheHand","ClearTheMind+1"],"picked":"CutThroughFate","floor":48}],"player_experience":374702,"relics_obtained":[{"floor":9,"key":"Matryoshka"},{"floor":11,"key":"Akabeko"},{"floor":25,"key":"Pear"},{"floor":26,"key":"Ancient Tea Set"},{"floor":26,"key":"Orichalcum"},{"floor":39,"key":"Pocketwatch"},{"floor":40,"key":"Juzu Bracelet"},{"floor":42,"key":"Shovel"},{"floor":43,"key":"Ornamental Fan"},{"floor":43,"key":"Ice Cream"},{"floor":44,"key":"Slimebound:StickyStick"},{"floor":49,"key":"Kunai"}],"event_choices":[{"damage_healed":0,"gold_gain":0,"player_choice":"Box","damage_taken":0,"relics_obtained":["Runesmith:Nanobots"],"max_hp_gain":0,"max_hp_loss":0,"event_name":"Big Fish","floor":13,"gold_loss":0,"cards_obtained":["Regret"]},{"cards_removed":["downfall:Haunted"],"damage_healed":0,"gold_gain":0,"player_choice":"Offered Curse","damage_taken":0,"relics_obtained":["Spirit Poop"],"max_hp_gain":0,"max_hp_loss":0,"event_name":"Bonfire Elementals","floor":19,"gold_loss":0},{"damage_healed":0,"gold_gain":0,"player_choice":"Fight","damage_taken":0,"max_hp_gain":0,"max_hp_loss":0,"event_name":"Mysterious Sphere","floor":39,"gold_loss":0}],"is_beta":false,"boss_relics":[{"not_picked":["Calling Bell","Tiny House"],"picked":"Fusion Hammer"},{"not_picked":["bronze:MakeshiftBattery","SacredBark"],"picked":"Runic Dome"}],"items_purged_floors":[4,28,36,47],"is_endless":false,"potions_floor_spawned":[3,5,7,11,14,18,21,22,27,33,35,38,39,46,48],"ascension_level":10}}