{"host":"8u9gkmadxi1im6dj","time":1613833360,"event":{"mods":["Act Like it!","Bard","BaseMod","Block Reminder","Colored Map","Colored Powertips","DeckTracker","Downfall","Infinite Spire","Jorbs\u0027s Wanderer Trilogy","Marisa????????","Minty Spire (QoL Compilation)","Pale of the Ancients","Permanent Neow","Quick Restart","Random Character Button","Relic Sorter","Relic Stats","Replay The Spire","Shade Mod","StSLib","The Bug Knight","The Cursed","The IronCluck","The Necromancer","The Servant 0.9.4"],"gold_per_floor":[111,124,2,12,12,12,41,56,104,104,131,141,158,177,177,274,574,585,600,39,103,103,103,103,103,103],"floor_reached":25,"language":"ENG","playtime":2597,"items_purged":["Bash","Regret"],"score":234,"play_id":"7fb0ed84-bc6d-47ec-aad9-706ded37953f","local_time":"20210220160240","is_ascension_mode":true,"campfire_choices":[{"data":"Body Slam","floor":6,"key":"SMITH"},{"data":"Fire Breathing","floor":15,"key":"SMITH"},{"data":"Seeing Red","floor":23,"key":"SMITH"}],"circlet_count":0,"master_deck":["Strike_R","Strike_R","Strike_R","Strike_R","Strike_R","Defend_R","Defend_R","Defend_R","Defend_R","Rampage","Body Slam+1","Shrug It Off","Flame Barrier","Pommel Strike","Fire Breathing+1","Metallicize","Seeing Red+1","Blood for Blood","Wild Strike","Reaper","downfall:Icky","CommonCold","Wild Strike+1","Burning Pact+1","Shrug It Off"],"relics":["Burning Blood","Ring of Fury","NeowsBlessing","Ring of Hypnosis","infinitespire:EmpoweringShard","Happy Flower","infinitespire:PuzzleCube","Replay:Ancient Bell","King of Hearts","Meat on the Bone","Anchor","infinitespire:FocusingShard","PreservedInsect","Frozen Egg 2","Nloth\u0027s Gift"],"acts_visited":["Exordium","TheCity"],"potions_floor_usage":[7,16,25,25,25],"damage_taken":[{"damage":0,"enemies":"Jaw Worm","floor":1,"turns":1},{"damage":0,"enemies":"Cultist","floor":2,"turns":1},{"damage":0,"enemies":"Small Slimes","floor":4,"turns":1},{"damage":23,"enemies":"Lagavulin","floor":7,"turns":9},{"damage":0,"enemies":"Red Slaver","floor":8,"turns":2},{"damage":21,"enemies":"3 Sentries","floor":11,"turns":6},{"damage":0,"enemies":"Blue Slaver","floor":12,"turns":4},{"damage":13,"enemies":"3 Louse","floor":13,"turns":3},{"damage":12,"enemies":"2 Fungi Beasts","floor":14,"turns":2},{"damage":19,"enemies":"Slime Boss","floor":16,"turns":6},{"damage":28,"enemies":"3 Byrds","floor":18,"turns":4},{"damage":25,"enemies":"Shell Parasite","floor":19,"turns":5},{"damage":49,"enemies":"Nightmare","floor":25,"turns":7}],"seed_played":"8192586199633083280","potions_obtained":[{"floor":1,"key":"Weak Potion"},{"floor":2,"key":"LiquidBronze"},{"floor":12,"key":"FearPotion"},{"floor":13,"key":"Regen Potion"},{"floor":19,"key":"ColorlessPotion"},{"floor":21,"key":"ColorlessPotion"}],"is_trial":false,"path_per_floor":["M","M","$","M","?","R","E","M","T","?","E","M","M","M","R","B",null,"M","M","$","?","?","R","?","NM"],"character_chosen":"IRONCLAD","items_purchased":["Shrug It Off","Anchor","Shrug It Off","infinitespire:FocusingShard"],"campfire_rested":0,"item_purchase_floors":[3,20,20,20],"current_hp_per_floor":[80,80,80,80,80,80,63,69,69,69,54,60,53,47,47,34,80,60,53,53,33,33,33,33,0,0],"gold":103,"neow_bonus":"THREE_ENEMY_KILL","is_daily":false,"chose_seed":false,"campfire_upgraded":3,"win_rate":0.0,"timestamp":1613833360,"path_taken":["M","M","$","M","?","R","E","M","T","?","E","M","M","?","R","BOSS","M","M","$","?","?","R","?","NM"],"items_purchased_type":["Card","Relic","Card","Relic"],"build_version":"2020-12-22","purchased_purges":2,"victory":false,"max_hp_per_floor":[80,80,80,80,80,80,80,80,80,80,80,80,80,80,80,80,80,80,80,80,80,80,80,80,80,80],"relic_stats":{"Happy Flower":[12],"counters":[13,51],"PreservedInsect":63,"Nloth\u0027s Gift":0,"obtain_stats":[{"NeowsBlessing":0,"Ring of Hypnosis":5,"Happy Flower":10,"King of Hearts":17,"infinitespire:FocusingShard":20,"PreservedInsect":21,"Replay:Ancient Bell":17,"Frozen Egg 2":22,"Burning Blood":0,"Old Coin":17,"Anchor":20,"Ring of Fury":5,"infinitespire:EmpoweringShard":7,"Nloth\u0027s Gift":24,"infinitespire:PuzzleCube":11,"Meat on the Bone":17},{"NeowsBlessing":0,"Ring of Hypnosis":3,"Happy Flower":5,"King of Hearts":10,"infinitespire:FocusingShard":12,"PreservedInsect":12,"Replay:Ancient Bell":10,"Frozen Egg 2":12,"Burning Blood":0,"Old Coin":10,"Anchor":12,"Ring of Fury":3,"infinitespire:EmpoweringShard":4,"Nloth\u0027s Gift":12,"infinitespire:PuzzleCube":6,"Meat on the Bone":10},{"NeowsBlessing":0,"Ring of Hypnosis":3,"Happy Flower":14,"King of Hearts":35,"infinitespire:FocusingShard":44,"PreservedInsect":44,"Replay:Ancient Bell":35,"Frozen Egg 2":44,"Burning Blood":0,"Old Coin":35,"Anchor":44,"Ring of Fury":3,"infinitespire:EmpoweringShard":12,"Nloth\u0027s Gift":44,"infinitespire:PuzzleCube":20,"Meat on the Bone":35}],"Burning Blood":54,"Meat on the Bone":12},"card_choices":[{"not_picked":["Infernal Blade","Iron Wave"],"picked":"Rampage","floor":1},{"not_picked":["Dual Wield","Uppercut"],"picked":"Body Slam","floor":2},{"not_picked":["ReplayTheSpireMod:Strike From Hell","infinitespire:OneForAll"],"picked":"Flame Barrier","floor":4},{"not_picked":["ReplayTheSpireMod:Corrosion Curse","Headbutt"],"picked":"Pommel Strike","floor":7},{"not_picked":["Offering","Sword Boomerang"],"picked":"Fire Breathing","floor":8},{"not_picked":["Havoc","Intimidate"],"picked":"Metallicize","floor":11},{"not_picked":["Pummel","Body Slam"],"picked":"Seeing Red","floor":12},{"not_picked":["Intimidate","Dual Wield"],"picked":"Blood for Blood","floor":13},{"not_picked":["Havoc","Life Link"],"picked":"Wild Strike","floor":14},{"not_picked":["Corruption","Brutality"],"picked":"Reaper","floor":16},{"not_picked":["Spreading Infection","ReplayTheSpireMod:Doomed"],"picked":"downfall:Icky","floor":17},{"not_picked":["AbeCurse","downfall:Haunted"],"picked":"Regret","floor":17},{"not_picked":["ReplayTheSpireMod:Faulty Equipment","infinitespire:Pacifist"],"picked":"CommonCold","floor":17},{"not_picked":["Clash","Anger"],"picked":"Wild Strike+1","floor":18},{"not_picked":["Iron Wave","Fire Breathing"],"picked":"Burning Pact+1","floor":19}],"player_experience":111300,"relics_obtained":[{"floor":5,"key":"Ring of Hypnosis"},{"floor":5,"key":"Ring of Fury"},{"floor":7,"key":"infinitespire:EmpoweringShard"},{"floor":11,"key":"infinitespire:PuzzleCube"},{"floor":21,"key":"PreservedInsect"}],"event_choices":[{"damage_healed":0,"gold_gain":0,"player_choice":"Gave Potion","damage_taken":0,"relics_obtained":["Happy Flower"],"max_hp_gain":0,"max_hp_loss":0,"event_name":"WeMeetAgain","floor":10,"gold_loss":0},{"damage_healed":0,"gold_gain":0,"player_choice":"Traded Relic","damage_taken":0,"relics_obtained":["Nloth\u0027s Gift"],"max_hp_gain":0,"max_hp_loss":0,"event_name":"N\u0027loth","floor":24,"relics_lost":["Old Coin"],"gold_loss":0}],"is_beta":false,"boss_relics":[{"not_picked":["Astrolabe","ReplayTheSpireMod:DimensionalGlitch"],"picked":"Replay:Ancient Bell"},{"not_picked":["ReplayTheSpireMod:Spearhead","MealTicket"],"picked":"King of Hearts"},{"not_picked":["InkBottle","Pantograph"],"picked":"Meat on the Bone"},{"not_picked":["infinitespire:Magic Flask","Magic Flower"],"picked":"Old Coin"}],"items_purged_floors":[3,20],"is_endless":false,"potions_floor_spawned":[1,2,12,13,19],"killed_by":"Nightmare","ascension_level":2}}