{"host":"4gkev1dtxxhiue3x","time":1613838165,"event":{"mods":["AchievementEnabler","BaseMod","Better Altar","Better Match","Better Note","Better Sensory Stone","Better Skull","Better Third Choice","Colored Powertips","Friendly Minions","Hermit","Minty Spire (QoL Compilation)","Relic Stats","Robot Space Explorer","Shop Mod","StSLib","The Disciple","The Hierophant"],"gold_per_floor":[117,131,141,157,157,157,157],"floor_reached":6,"language":"ENG","playtime":468,"items_purged":[],"score":48,"play_id":"956a3111-d0cb-4ba8-a1dd-038ae051dd56","local_time":"20210220172245","is_ascension_mode":true,"campfire_choices":[],"circlet_count":0,"master_deck":["Strike_R","Strike_R","Strike_R","Strike_R","Strike_R","Defend_R","Defend_R","Defend_R","Defend_R","Bash","Mayhem","Armaments","Dark Embrace","Rupture","Thunderclap","Regret"],"relics":["Burning Blood","Ornamental Fan"],"acts_visited":["Exordium"],"potions_floor_usage":[6,6],"damage_taken":[{"damage":5,"enemies":"Small Slimes","floor":1,"turns":4},{"damage":7,"enemies":"Jaw Worm","floor":2,"turns":3},{"damage":1,"enemies":"Cultist","floor":3,"turns":3},{"damage":54,"enemies":"Gremlin Gang","floor":4,"turns":8},{"damage":37,"enemies":"Gremlin Nob","floor":6,"turns":4}],"seed_played":"4876590754115696820","potions_obtained":[{"floor":2,"key":"Strength Potion"},{"floor":3,"key":"Fruit Juice"}],"is_trial":false,"path_per_floor":["M","M","M","M","?","E"],"character_chosen":"IRONCLAD","items_purchased":[],"campfire_rested":0,"item_purchase_floors":[],"current_hp_per_floor":[72,71,72,24,24,0,0],"gold":157,"neow_bonus":"RANDOM_COLORLESS_2","is_daily":false,"chose_seed":false,"campfire_upgraded":0,"win_rate":0.0,"timestamp":1613838165,"path_taken":["M","M","M","M","?","E"],"items_purchased_type":[],"build_version":"2020-12-22","purchased_purges":0,"victory":false,"max_hp_per_floor":[72,72,72,72,72,77,77],"relic_stats":{"counters":[5,22],"Ornamental Fan":[0],"obtain_stats":[{"Ornamental Fan":5,"Burning Blood":0},{"Ornamental Fan":4,"Burning Blood":0},{"Ornamental Fan":18,"Burning Blood":0}],"Burning Blood":19},"card_choices":[{"not_picked":["HandOfGreed","Metamorphosis"],"picked":"Mayhem","floor":0},{"not_picked":["Pommel Strike","Sever Soul"],"picked":"Armaments","floor":1},{"not_picked":["Sword Boomerang","Clothesline"],"picked":"Dark Embrace","floor":2},{"not_picked":["Thunderclap","Clothesline"],"picked":"Rupture","floor":3},{"not_picked":["Perfected Strike","True Grit"],"picked":"Thunderclap","floor":4}],"player_experience":213959,"relics_obtained":[],"event_choices":[{"damage_healed":0,"gold_gain":0,"player_choice":"Box","damage_taken":0,"relics_obtained":["Ornamental Fan"],"max_hp_gain":0,"max_hp_loss":0,"event_name":"Big Fish","floor":5,"gold_loss":0,"cards_obtained":["Regret"]}],"is_beta":false,"boss_relics":[],"items_purged_floors":[],"is_endless":false,"potions_floor_spawned":[2,3],"killed_by":"Gremlin Nob","ascension_level":5}}