{"host":"ja1hwiq7y0qwrz6v","time":1613805235,"event":{"mods":["BaseMod","Bestiary","Minty Spire (QoL Compilation)","Relic Stats"],"gold_per_floor":[113,113,89,89,108,142,21,58,105,105,105,115,128,139,139,139,139],"floor_reached":16,"language":"ENG","playtime":628,"items_purged":[],"score":230,"play_id":"a4e62715-0bb4-4346-9cae-97cb828c116f","local_time":"20210219231355","is_ascension_mode":true,"campfire_choices":[{"data":"Zap","floor":15,"key":"SMITH"}],"circlet_count":0,"master_deck":["AscendersBane","Strike_B","Strike_B","Strike_B","Strike_B","Defend_B","Defend_B","Defend_B","Defend_B","Zap+1","Dualcast","Go for the Eyes","Steam","FTL","Cold Snap","Glacier","Ball Lightning","Rip and Tear"],"relics":["Cracked Core","NeowsBlessing","Bag of Preparation","Nunchaku","CeramicFish","Pen Nib","Vajra"],"acts_visited":["Exordium"],"potions_floor_usage":[8,8],"damage_taken":[{"damage":0,"enemies":"Small Slimes","floor":1,"turns":1},{"damage":0,"enemies":"Jaw Worm","floor":5,"turns":1},{"damage":0,"enemies":"Lagavulin","floor":6,"turns":1},{"damage":5,"enemies":"Gremlin Nob","floor":8,"turns":3},{"damage":0,"enemies":"2 Louse","floor":12,"turns":2},{"damage":6,"enemies":"Lots of Slimes","floor":13,"turns":3},{"damage":25,"enemies":"Exordium Thugs","floor":14,"turns":4},{"damage":15,"enemies":"The Guardian","floor":16,"turns":12}],"seed_played":"8017179883314429864","potions_obtained":[{"floor":5,"key":"LiquidMemories"},{"floor":6,"key":"FearPotion"},{"floor":14,"key":"Explosive Potion"}],"is_trial":false,"path_per_floor":["M","?","$","?","M","E","$","E","T","$","T","M","M","M","R","B"],"character_chosen":"DEFECT","items_purchased":["Steam","Glacier","Ball Lightning"],"campfire_rested":0,"item_purchase_floors":[3,7,7],"current_hp_per_floor":[64,69,69,51,51,51,51,46,46,46,46,46,40,15,15,0,0],"gold":139,"neow_bonus":"THREE_ENEMY_KILL","is_daily":false,"chose_seed":false,"campfire_upgraded":1,"win_rate":0.0,"timestamp":1613805235,"path_taken":["M","?","$","?","M","E","$","E","T","$","?","M","?","M","R","BOSS"],"items_purchased_type":["Card","Card","Card"],"build_version":"2020-12-22","purchased_purges":0,"victory":false,"max_hp_per_floor":[71,76,76,76,76,76,76,76,76,76,76,76,76,76,76,76,76],"relic_stats":{"Nunchaku":[4],"counters":[8,27],"CeramicFish":9,"Pen Nib":[3],"Bag of Preparation":[14],"obtain_stats":[{"Nunchaku":6,"NeowsBlessing":0,"CeramicFish":8,"Vajra":11,"Pen Nib":9,"Bag of Preparation":4,"Cracked Core":0},{"Nunchaku":3,"NeowsBlessing":0,"CeramicFish":4,"Vajra":4,"Pen Nib":4,"Bag of Preparation":1,"Cracked Core":0},{"Nunchaku":3,"NeowsBlessing":0,"CeramicFish":6,"Vajra":6,"Pen Nib":6,"Bag of Preparation":1,"Cracked Core":0}]},"card_choices":[{"not_picked":["Gash","Streamline"],"picked":"Go for the Eyes","floor":1},{"not_picked":["Streamline","Sweeping Beam"],"picked":"FTL","floor":5},{"not_picked":["Conserve Battery","Go for the Eyes"],"picked":"Cold Snap","floor":6},{"not_picked":["Melter","Leap"],"picked":"Rip and Tear","floor":8},{"not_picked":["Sweeping Beam","Streamline","Hologram"],"picked":"SKIP","floor":12},{"not_picked":["Go for the Eyes","Leap","Streamline"],"picked":"SKIP","floor":13},{"not_picked":["Rebound","Sweeping Beam","Hologram"],"picked":"SKIP","floor":14}],"player_experience":443689,"relics_obtained":[{"floor":6,"key":"Nunchaku"},{"floor":8,"key":"CeramicFish"},{"floor":9,"key":"Pen Nib"},{"floor":11,"key":"Vajra"}],"event_choices":[{"damage_healed":0,"gold_gain":0,"player_choice":"Donut","damage_taken":0,"max_hp_gain":5,"max_hp_loss":0,"event_name":"Big Fish","floor":2,"gold_loss":0},{"damage_healed":0,"gold_gain":0,"player_choice":"Success","damage_taken":18,"relics_obtained":["Bag of Preparation"],"max_hp_gain":0,"max_hp_loss":0,"event_name":"Scrap Ooze","floor":4,"gold_loss":0}],"is_beta":false,"boss_relics":[],"items_purged_floors":[],"is_endless":false,"potions_floor_spawned":[5,6,14],"killed_by":"The Guardian","ascension_level":14}}