{"host":"a3oe3gstxz77c7qu","time":1613788550,"event":{"mods":["2.2 Compatiblity","Act Like it!","Astrologer","BaseMod","Bestiary","Better Altar","Better Match","Better Note","Better Skull","Better Third Choice","Block Reminder","Curses Come First","Custom Start","Dark Map","Downfall","Friendly Minions","GifTheSpireLib","Hermit","Jorbs\u0027s Wanderer Trilogy","Lobotomy","LobotomyExtend","Marisa????????","Minty Spire (QoL Compilation)","Permanent Neow","Quick Restart","Relic Filter Mod","Relic Stats","Reliquary","Replay The Spire","Ruina","Smile Girya","Spire Arcade","StSLib","The Bug Knight","The Cursed","The Disciple","Uncapped","Unknown Chances","Wandering Minibosses"],"gold_per_floor":[113,126,143,143,159,159,194,194,194,194,194,194],"floor_reached":11,"language":"ENG","playtime":424,"items_purged":[],"score":106,"play_id":"e73325c2-5444-4450-9396-b7441fe0549e","local_time":"20210220023550","is_ascension_mode":true,"campfire_choices":[{"data":"DeepEcoloBomb","floor":6,"key":"SMITH"},{"data":"Strike_MRS","floor":10,"key":"PURGE"}],"circlet_count":0,"master_deck":["Strike_MRS","Strike_MRS","Defend_MRS","Defend_MRS","Defend_MRS","Defend_MRS","MasterSpark","UpSweep","SprinkleStarSeal","DeepEcoloBomb+1","SuperPerseids","MeatLantern","6A"],"relics":["MiniHakkero","CogitoBucket","RabbitCall","LetterFromLob","Anchor","Peace Pipe","Pantograph"],"acts_visited":["Exordium"],"potions_floor_usage":[11],"damage_taken":[{"damage":7,"enemies":"Jaw Worm","floor":1,"turns":4},{"damage":4,"enemies":"2 Louse","floor":2,"turns":3},{"damage":5,"enemies":"Small Slimes","floor":3,"turns":3},{"damage":5,"enemies":"Exordium Thugs","floor":5,"turns":4},{"damage":2,"enemies":"Lagavulin","floor":7,"turns":8},{"damage":38,"enemies":"Gremlin Nob","floor":11,"turns":5}],"seed_played":"-107407040906044516","potions_obtained":[{"floor":2,"key":"Languid Potion"},{"floor":3,"key":"Slimebound:ThreeZeroPotion"},{"floor":5,"key":"Weak Potion"}],"is_trial":false,"path_per_floor":["M","M","M","?","M","R","E","?","T","R","E"],"character_chosen":"MARISA","items_purchased":[],"campfire_rested":0,"item_purchase_floors":[],"current_hp_per_floor":[61,57,52,45,40,40,38,38,38,38,0,0],"gold":194,"neow_bonus":"","is_daily":false,"chose_seed":false,"campfire_upgraded":1,"win_rate":0.0,"timestamp":1613788550,"path_taken":["M","M","M","?","M","R","E","?","T","R","E"],"items_purchased_type":[],"build_version":"2020-12-22","purchased_purges":0,"victory":false,"max_hp_per_floor":[75,75,75,75,75,75,75,75,75,75,75,75],"relic_stats":{"Peace Pipe":1,"counters":[6,27],"Pantograph":0,"obtain_stats":[{"Peace Pipe":8,"RabbitCall":0,"CogitoBucket":0,"Anchor":7,"Pantograph":9,"LetterFromLob":1,"MiniHakkero":0},{"Peace Pipe":5,"RabbitCall":0,"CogitoBucket":0,"Anchor":5,"Pantograph":5,"LetterFromLob":1,"MiniHakkero":0},{"Peace Pipe":22,"RabbitCall":0,"CogitoBucket":0,"Anchor":22,"Pantograph":22,"LetterFromLob":4,"MiniHakkero":0}]},"card_choices":[{"not_picked":["MilkyWay","IllusionStar"],"picked":"SprinkleStarSeal","floor":1},{"not_picked":["MHz","SnowQueen","OSAHOGD"],"picked":"Singing Bowl","floor":1},{"not_picked":["GravityBeat","MysteriousBeam"],"picked":"DeepEcoloBomb","floor":2},{"not_picked":["Rudolta","GreedKing","Murderer"],"picked":"Singing Bowl","floor":2},{"not_picked":["WitchLeyline","ManaConvection"],"picked":"SuperPerseids","floor":3},{"not_picked":["FairyFestival","Mercenary","Freischutz"],"picked":"Singing Bowl","floor":3},{"not_picked":["LittleHelper","BeautyBeast","Bloodbath"],"picked":"Singing Bowl","floor":5},{"not_picked":["Variant","Scorched"],"picked":"MeatLantern","floor":5},{"not_picked":["DC","OneTimeOff"],"picked":"6A","floor":5},{"not_picked":["FairyFestival","QueenBee","Bloodbath"],"picked":"Singing Bowl","floor":7},{"not_picked":["GasGiant","GravityBeat","MilkyWay"],"picked":"SKIP","floor":7}],"player_experience":1173364,"relics_obtained":[{"floor":1,"key":"LetterFromLob"},{"floor":7,"key":"Anchor"},{"floor":9,"key":"Pantograph"}],"event_choices":[{"cards_removed":["Strike_MRS"],"damage_healed":0,"gold_gain":0,"player_choice":"Card Removal","damage_taken":7,"max_hp_gain":0,"max_hp_loss":0,"event_name":"Golden Wing","floor":4,"gold_loss":0}],"is_beta":false,"boss_relics":[],"items_purged_floors":[],"is_endless":false,"potions_floor_spawned":[2,3,5],"killed_by":"Gremlin Nob","ascension_level":9}}