{"host":"2a0mdijsgk15db4y","time":1613863621,"event":{"mods":["AchievementEnabler","BaseMod","Colored Map","Colored Powertips","Downfall","Googly Eyes","Hermit","Highlight Path","Hubris","Jorbs\u0027s Wanderer Trilogy","Minty Spire (QoL Compilation)","Quick Restart","Rare Cards Sparkle","Replay The Spire","Shop Mod","StSLib","The Bug Knight","The Construct","The Cursed","The Hierophant","The Mystic"],"gold_per_floor":[99,110,110,125,70,70,97,131,150,60,73,99,109,109,121,220,220,220,239,250,350,369,382,382,81,81,93,126,137,137,137,147,147,147,147],"floor_reached":33,"language":"ENG","playtime":3186,"items_purged":["champ:Defend","champ:Strike"],"score":406,"play_id":"169fb35f-30a4-46e3-a6a9-9e0463ad886e","local_time":"20210220152701","is_ascension_mode":false,"campfire_choices":[{"data":"champ:Execute","floor":1.0,"key":"SMITH"},{"data":"champ:Taunt","floor":6.0,"key":"SMITH"},{"data":"champ:UltimateStance","floor":18,"key":"SMITH"},{"data":"expansioncontent:QuickStudy","floor":30,"key":"SMITH"}],"circlet_count":0,"master_deck":["champ:Strike","champ:Strike","champ:Strike","champ:Defend","champ:Defend","champ:Defend","champ:Execute+1","champ:Taunt+1","champ:IronFortress","champ:FancyFootwork","champ:BringItOn+1","champ:ArenaPreparation","champ:FocusedDefense","champ:Circumvent","champ:SkillfulDodge","champ:UltimateStance+1","champ:StanceDance","champ:BerserkersShout+1","expansioncontent:QuickStudy+1","champ:CrownThrow+1","champ:EndlessRage"],"relics":["champ:ChampionCrown","Bronze Scales","Oddly Smooth Stone","Pear","hubris:Stopwatch","Sundial","TungstenRod"],"acts_visited":["Exordium","TheCity"],"potions_floor_usage":[23,23,28,32,33],"damage_taken":[{"damage":10.0,"enemies":"Cultist","floor":2.0,"turns":3.0},{"damage":10.0,"enemies":"2 Louse","floor":4.0,"turns":3.0},{"damage":13.0,"enemies":"downfall:FleeingMerchant","floor":5.0,"turns":4.0},{"damage":29.0,"enemies":"Gremlin Nob","floor":8.0,"turns":5.0},{"damage":20.0,"enemies":"Small Slimes","floor":9.0,"turns":4.0},{"damage":18.0,"enemies":"downfall:FleeingMerchant","floor":10.0,"turns":4.0},{"damage":5.0,"enemies":"downfall:LooterAlt","floor":11.0,"turns":4.0},{"damage":36.0,"enemies":"Lagavulin","floor":12.0,"turns":5.0},{"damage":15.0,"enemies":"Lots of Slimes","floor":13.0,"turns":4.0},{"damage":45.0,"enemies":"Large Slime","floor":15.0,"turns":5.0},{"damage":22.0,"enemies":"WA_ARCHETYPE_RETAIN","floor":16.0,"turns":7.0},{"damage":21,"enemies":"downfall:LooterAlt2","floor":19,"turns":5},{"damage":15,"enemies":"Spheric Guardian","floor":20,"turns":4},{"damage":50,"enemies":"Chosen and Byrds","floor":22,"turns":6},{"damage":35,"enemies":"Shelled Parasite and Fungi","floor":23,"turns":4},{"damage":40,"enemies":"downfall:FleeingMerchant","floor":25,"turns":5},{"damage":33,"enemies":"Snake Plant","floor":27,"turns":4},{"damage":50,"enemies":"Slavers","floor":28,"turns":5},{"damage":52,"enemies":"Chosen and Byrds","floor":29,"turns":7},{"damage":22,"enemies":"Sentry and Sphere","floor":32,"turns":5},{"damage":69,"enemies":"DF_ARCHETYPE_CLAW","floor":33,"turns":6}],"seed_played":"-8868716889676129419","potions_obtained":[{"floor":4.0,"key":"ColorlessPotion"},{"floor":8.0,"key":"FearPotion"},{"floor":11.0,"key":"DistilledChaos"},{"floor":12.0,"key":"Flashbang"},{"floor":15.0,"key":"Fire Potion"},{"floor":19,"key":"champ:OpenerPotion"},{"floor":26,"key":"CultistPotion"},{"floor":27,"key":"Swift Potion"},{"floor":29,"key":"champ:CounterPotion"}],"is_trial":false,"path_per_floor":["R","M","?","M","$","R","T","E","M","$","M","E","M","?","M","B",null,"R","M","M","?","M","M","T","$","?","M","E","M","R","?","M","B"],"character_chosen":"THE_CHAMP","items_purchased":["champ:BringItOn+1","expansioncontent:QuickStudy"],"campfire_rested":0,"item_purchase_floors":[5,25],"current_hp_per_floor":[99,99,99,99,96,96,96,77,77,74,69,73,73,78,78,71,114,114,108,108,108,108,103,103,103,103,95,80,68,68,68,66,0,0,0],"gold":147,"neow_bonus":"TEN_PERCENT_HP_BONUS","is_daily":false,"chose_seed":false,"campfire_upgraded":4,"win_rate":0.0,"timestamp":1613863621,"path_taken":["R","M","?","?","?","R","T","E","M","$","M","E","M","?","M","BOSS","R","M","M","?","?","M","T","$","?","M","E","M","R","?","M","BOSS"],"items_purchased_type":["Card","Card"],"build_version":"2020-12-22","purchased_purges":2,"victory":false,"max_hp_per_floor":[99,99,99,99,99,99,99,99,99,99,99,109,109,114,114,114,114,114,114,114,114,114,114,114,114,114,114,114,114,114,114,114,114,114,114],"card_choices":[{"not_picked":["champ:GutPunch","champ:HeartStrike"],"picked":"champ:IronFortress","floor":2.0},{"not_picked":["champ:Backstep","champ:StanceDance"],"picked":"champ:FancyFootwork","floor":4.0},{"not_picked":["champ:Shatter","champ:Backstep","champ:CheapShot"],"picked":"SKIP","floor":5.0},{"not_picked":["champ:HoldFirm","champ:EndlessRage"],"picked":"champ:ArenaPreparation","floor":8.0},{"not_picked":["champ:BringItOn","champ:GladiatorStyle","champ:SetATrap"],"picked":"SKIP","floor":9.0},{"not_picked":["champ:PerfectedStrike","champ:RecklessLeap","champ:Backstep"],"picked":"SKIP","floor":10.0},{"not_picked":["champ:TornadoPunch","champ:DefensiveShout"],"picked":"champ:FocusedDefense","floor":11.0},{"not_picked":["champ:TornadoPunch","champ:PreciseThrust"],"picked":"champ:Circumvent","floor":12.0},{"not_picked":["champ:FancyFootwork","champ:PerfectedStrike","champ:BerserkersShout"],"picked":"SKIP","floor":13.0},{"not_picked":["champ:BladeFlurry","champ:CrookedStrike"],"picked":"champ:SkillfulDodge","floor":15.0},{"not_picked":["champ:Improvising","champ:Devastate"],"picked":"champ:UltimateStance","floor":16.0},{"not_picked":["champ:Shatter","champ:Backstep"],"picked":"champ:StanceDance","floor":19},{"not_picked":["champ:Backstep","champ:RecklessLeap","champ:Parry"],"picked":"SKIP","floor":20},{"not_picked":["champ:DefensiveShout","champ:Circumvent+1","champ:Backstep"],"picked":"SKIP","floor":22},{"not_picked":["champ:EnGarde","champ:FalseCounter"],"picked":"champ:BerserkersShout+1","floor":23},{"not_picked":["champ:GutPunch","champ:FalseCounter","champ:DefensiveShout"],"picked":"SKIP","floor":25},{"not_picked":["champ:FlashCut","champ:FaceSlap"],"picked":"champ:CrownThrow+1","floor":27},{"not_picked":["champ:Duel","champ:EnGarde","champ:Lariat+1"],"picked":"SKIP","floor":28},{"not_picked":["champ:FocusedDefense+1","champ:Shatter","champ:AdrenalArmor"],"picked":"SKIP","floor":29},{"not_picked":["champ:DancingMaster","champ:PerfectedStrike"],"picked":"champ:EndlessRage","floor":32}],"player_experience":184909,"relics_obtained":[{"floor":7.0,"key":"Bronze Scales"},{"floor":8.0,"key":"Oddly Smooth Stone"},{"floor":12.0,"key":"Pear"},{"floor":24,"key":"Sundial"},{"floor":28,"key":"TungstenRod"}],"event_choices":[{"damage_healed":0.0,"max_hp_gain":0.0,"max_hp_loss":0.0,"gold_gain":0.0,"event_name":"NoteForYourself","player_choice":"Ignored","floor":3.0,"gold_loss":0.0,"damage_taken":0.0},{"damage_healed":0.0,"max_hp_gain":5.0,"max_hp_loss":0.0,"gold_gain":0.0,"event_name":"Big Fish","player_choice":"Donut","floor":14.0,"gold_loss":0.0,"damage_taken":0.0}],"is_beta":false,"boss_relics":[{"not_picked":["hubris:ScarierMask","Abe\u0027s Treasure"],"picked":"hubris:Stopwatch"}],"items_purged_floors":[10,25],"is_endless":false,"potions_floor_spawned":[4,8,11,12,15,19,27,29],"killed_by":"DF_ARCHETYPE_CLAW","ascension_level":0}}