{"host":"mcf7m34p2kyp23b1","time":1613812825,"event":{"mods":["BaseMod","Better Altar","Better Note","Better Sensory Stone","Better Skull","Better Third Choice","Colored Map","Downfall","Hermit","Hubris","Jorbs\u0027s Wanderer Trilogy","Minty Spire (QoL Compilation)","Replay The Spire","StSLib","The Hierophant","The Jungle"],"gold_per_floor":[116,126,139,158,14,14,47,47,47,47,76,139,167,186,186,291,291,301,319,329,37,37,64,64,76,101,133,133,133,163,163,163,261,261,271,290,390,406,406,406,435,151,151,163,163,191,211,211,211,211,211,211,9,38,38],"floor_reached":56,"language":"ENG","playtime":6114,"items_purged":["Strike_R","Strike_R","hubris:Sloth"],"score":1937,"play_id":"dfc7d504-55f3-4764-b66b-bbdf838c571a","local_time":"20210220012025","is_ascension_mode":true,"campfire_choices":[{"data":"Juggernaut","floor":6,"key":"SMITH"},{"data":"Pummel","floor":8,"key":"SMITH"},{"data":"Sword Boomerang","floor":10,"key":"SMITH"},{"data":"Feel No Pain","floor":15,"key":"SMITH"},{"data":"Juggernaut","floor":24,"key":"SMITH"},{"data":"True Grit","floor":28,"key":"SMITH"},{"data":"Entrench","floor":32,"key":"SMITH"},{"data":"Barricade","floor":40,"key":"SMITH"},{"data":"Demonic Infusion","floor":45,"key":"SMITH"},{"floor":49,"key":"RECALL"},{"data":"Second Wind","floor":52,"key":"SMITH"}],"circlet_count":0,"master_deck":["AscendersBane","Strike_R","Strike_R","Strike_R","Defend_R","Defend_R","Defend_R","Bash","Pummel+1","Shrug It Off","Juggernaut+1","Feel No Pain+1","Sword Boomerang+1","Second Wind+1","Iron Wave","Shrug It Off","Juggernaut+1","ReplayReversal+1","Entrench+1","Disarm","True Grit+1","Rage","Shrug It Off","Barricade+1","Shrug It Off+1","ReplayTheSpireMod:Restless Dread","Demonic Infusion+1","Normality","Parasite","Entrench+1","Battle Trance+1","Shrug It Off","Shrug It Off","Dark Embrace+1"],"relics":["Burning Blood","Sling","Red Skull","Pet Ghost","Self Forming Clay","Replay:Rubber Ducky","Replay:Fungal Core","Bronze Scales","Unceasing Top","Strawberry","Pear","hubris:Towel","PreservedInsect","The Courier","hubris:ScarierMask","downfall:ExtraCursedKey","Happy Flower","Akabeko","Blood Vial","hubris:IronBody","Membership Card","hubris:CuriousFeather","Oddly Smooth Stone","ReplayTheSpireMod:TigerMarble","Strange Spoon","Replay:Baseball","Anchor"],"acts_visited":["Exordium","Exordium","TheBeyond","TheEnding"],"potions_floor_usage":[12,13,14,16,20,33,47,50,55],"damage_taken":[{"damage":6,"enemies":"Cultist","floor":1,"turns":3},{"damage":8,"enemies":"Small Slimes","floor":2,"turns":4},{"damage":0,"enemies":"2 Louse","floor":3,"turns":2},{"damage":11,"enemies":"Blue Slaver","floor":4,"turns":4},{"damage":27,"enemies":"Lagavulin","floor":7,"turns":8},{"damage":10,"enemies":"Gremlin Nob","floor":11,"turns":3},{"damage":14,"enemies":"Lagavulin Event","floor":12,"turns":4},{"damage":5,"enemies":"3 Sentries","floor":13,"turns":3},{"damage":13,"enemies":"Exordium Thugs","floor":14,"turns":3},{"damage":0,"enemies":"Fading Forest","floor":16,"turns":11},{"damage":0,"enemies":"theJungle:GiantWrat","floor":18,"turns":5},{"damage":1,"enemies":"theJungle:Flameango_and_Byrd","floor":19,"turns":4},{"damage":14,"enemies":"theJungle:JungleHuntersEncounter","floor":20,"turns":4},{"damage":0,"enemies":"theJungle:MamaSnecko","floor":23,"turns":5},{"damage":24,"enemies":"theJungle:2_Snecko_Cultists","floor":25,"turns":4},{"damage":0,"enemies":"theJungle:Cassacara","floor":27,"turns":6},{"damage":18,"enemies":"theJungle:MamaSnecko","floor":30,"turns":6},{"damage":4,"enemies":"theJungle:TotemBoss","floor":33,"turns":11},{"damage":3,"enemies":"3 Darklings","floor":35,"turns":3},{"damage":3,"enemies":"3 Shapes","floor":36,"turns":5},{"damage":0,"enemies":"3 Darklings","floor":38,"turns":4},{"damage":20,"enemies":"Reptomancer","floor":41,"turns":4},{"damage":0,"enemies":"4 Shapes","floor":44,"turns":4},{"damage":3,"enemies":"Giant Head","floor":46,"turns":8},{"damage":37,"enemies":"Spire Growth","floor":47,"turns":6},{"damage":20,"enemies":"Awakened One","floor":50,"turns":9},{"damage":3,"enemies":"Shield and Spear","floor":54,"turns":4},{"damage":67,"enemies":"The Heart","floor":55,"turns":10}],"seed_played":"6390290638392223186","potions_obtained":[{"floor":2,"key":"Explosive Potion"},{"floor":3,"key":"Adrenaline Potion"},{"floor":4,"key":"EntropicBrew"},{"floor":14,"key":"FairyPotion"},{"floor":16,"key":"Weak Potion"},{"floor":20,"key":"LiquidBronze"},{"floor":35,"key":"SteroidPotion"},{"floor":38,"key":"Regen Potion"},{"floor":46,"key":"Doom Potion"},{"floor":47,"key":"Weak Potion"}],"is_trial":false,"path_per_floor":["M","M","M","M","$","R","E","R","T","R","E","?","E","M","R","B",null,"M","M","M","$","?","E","R","M","T","E","R","?","E","T","R","B",null,"M","M","?","M","?","R","E","$","T","M","R","E","M","?","R_BF","B",null,"R","$","E","B",null],"character_chosen":"IRONCLAD","items_purchased":["Sling","Bronze Scales","Disarm","Membership Card","hubris:CuriousFeather","Strange Spoon","Shrug It Off","Replay:Baseball"],"campfire_rested":0,"item_purchase_floors":[5,21,21,42,42,53,53,53],"current_hp_per_floor":[72,70,76,71,71,71,50,50,50,50,46,38,39,32,32,46,72,78,80,72,72,72,78,78,60,67,83,83,83,71,71,71,73,91,94,97,97,97,30,30,18,18,18,26,26,31,17,17,17,35,82,82,82,87,28],"gold":38,"neow_bonus":"REMOVE_CARD","is_daily":false,"chose_seed":false,"campfire_upgraded":10,"win_rate":0.0,"timestamp":1613812825,"path_taken":["M","M","M","M","$","R","E","R","T","R","E","?","E","M","R","BOSS","M","M","M","$","?","E","R","M","T","E","R","?","E","?","R","BOSS","M","M","?","M","?","R","E","$","T","M","R","E","?","?","R_BF","BOSS","R","$","E","BOSS"],"items_purchased_type":["Relic","Relic","Card","Relic","Relic","Relic","Card","Relic"],"build_version":"2020-12-22","purchased_purges":3,"victory":true,"max_hp_per_floor":[80,80,80,80,80,80,80,80,80,80,80,80,80,80,80,80,80,80,80,80,80,80,80,80,80,87,97,97,97,97,97,97,97,97,97,97,97,97,97,97,97,97,97,97,97,97,97,97,97,97,97,97,97,97,97],"card_choices":[{"not_picked":["Pommel Strike","Replay:Undeath\u0027s Touch"],"picked":"Pummel","floor":1},{"not_picked":["ReplayTheSpireMod:Strike From Hell","hubris:CleavingFinish"],"picked":"Shrug It Off","floor":2},{"not_picked":["Infernal Blade","True Grit"],"picked":"Juggernaut","floor":3},{"not_picked":["Dropkick","Combust"],"picked":"Feel No Pain","floor":4},{"not_picked":["Uppercut","Wild Strike"],"picked":"Sword Boomerang","floor":7},{"not_picked":["Seeing Red","Replay:Undeath\u0027s Touch"],"picked":"Second Wind","floor":11},{"not_picked":["Thunderclap","Evolve"],"picked":"Iron Wave","floor":12},{"not_picked":["Clothesline","Replay:Undeath\u0027s Touch"],"picked":"Shrug It Off","floor":13},{"not_picked":["Warcry","Dropkick","ReplayTheSpireMod:Strike From Hell"],"picked":"SKIP","floor":14},{"not_picked":["Hemogenesis","Feed"],"picked":"Juggernaut","floor":16},{"not_picked":["ReplayTheSpireMod:Strike From Hell","Heavy Blade"],"picked":"ReplayReversal+1","floor":18},{"not_picked":["Uppercut","Pommel Strike+1","Clash"],"picked":"SKIP","floor":19},{"not_picked":["Run Through","Clash"],"picked":"Entrench","floor":20},{"not_picked":["Sword Boomerang","Life Link+1"],"picked":"True Grit","floor":23},{"not_picked":["Clothesline+1","Carnage+1"],"picked":"Rage","floor":25},{"not_picked":["Perfected Strike+1","Inflame+1","hubris:SharpeningStone"],"picked":"SKIP","floor":27},{"not_picked":["ReplayReversal+1","Blood for Blood+1"],"picked":"Shrug It Off","floor":30},{"not_picked":["Exhume","Eclipse"],"picked":"Barricade","floor":33},{"not_picked":["Warcry","Anger"],"picked":"Shrug It Off+1","floor":35},{"not_picked":["Rupture","hubris:SharpeningStone","Thunderclap"],"picked":"SKIP","floor":36},{"not_picked":["Infernal Blade","Dropkick","Run Through+1"],"picked":"SKIP","floor":38},{"not_picked":["Exhume","Immolate","Rampage"],"picked":"SKIP","floor":41},{"not_picked":["Clash+1","ReplayTheSpireMod:Limb From Limb+1","Fire Breathing+1"],"picked":"SKIP","floor":44},{"not_picked":["Uppercut+1","Fiend Fire"],"picked":"Entrench","floor":46},{"not_picked":["Thunderclap","Massacre"],"picked":"Battle Trance+1","floor":47},{"not_picked":["Inflame+1","Dark Embrace+1","True Grit"],"picked":"SKIP","floor":54},{"not_picked":["Inflame+1","True Grit"],"picked":"Dark Embrace+1","floor":54}],"player_experience":449199,"relics_obtained":[{"floor":7,"key":"Red Skull"},{"floor":11,"key":"Pet Ghost"},{"floor":12,"key":"Self Forming Clay"},{"floor":13,"key":"Replay:Rubber Ducky"},{"floor":23,"key":"Unceasing Top"},{"floor":26,"key":"Strawberry"},{"floor":27,"key":"Pear"},{"floor":30,"key":"PreservedInsect"},{"floor":31,"key":"The Courier"},{"floor":41,"key":"hubris:IronBody"},{"floor":43,"key":"Oddly Smooth Stone"},{"floor":46,"key":"ReplayTheSpireMod:TigerMarble"},{"floor":54,"key":"Anchor"}],"event_choices":[{"damage_healed":0,"gold_gain":0,"player_choice":"Searched \u00272\u0027 times","damage_taken":0,"max_hp_gain":0,"max_hp_loss":0,"event_name":"Dead Adventurer","floor":12,"gold_loss":0},{"damage_healed":0,"gold_gain":0,"player_choice":"Random: Green","damage_taken":0,"max_hp_gain":0,"max_hp_loss":0,"event_name":"betterThird:BetterPortal","floor":39,"gold_loss":0},{"damage_healed":0,"gold_gain":0,"player_choice":"RE RE RE ","damage_taken":73,"relics_obtained":["Happy Flower","Akabeko","Blood Vial"],"max_hp_gain":0,"max_hp_loss":0,"event_name":"betterSkull:BetterSkull","floor":39,"gold_loss":0,"cards_upgraded":[]}],"is_beta":false,"boss_relics":[{"not_picked":["Snecko Eye","Coffee Dripper"],"picked":"Replay:Fungal Core"},{"not_picked":["ChewingGum","Mark of Pain"],"picked":"hubris:ScarierMask"}],"items_purged_floors":[21,42,53],"is_endless":false,"potions_floor_spawned":[2,3,4,14,16,18,20,27,35,38,46,47],"ascension_level":10}}