{"host":"p4yrwepmrl4g8pul","time":1613812768,"event":{"mods":["Act Like it!","BaseMod","BetterRewards","Colored Map","Custom Start","Gensokyo","Marisa£®ÏF”Í°°ƒß¿Ì…≥£©","Minty Spire (QoL Compilation)","Quick Restart","Rare Cards Sparkle","Reimu£®≤©¿ˆ¡È√Œ£©","Remilia£®¿Ÿ√◊¿Ú—«£©","Remove Card Discount Mod","Shop Mod","StSLib","The Jungle","Thieving Mod"],"gold_per_floor":[112,0,14,14,24,24,59,71,71,100,100,113,143,161,161,238,238,257,257,80,92,109,141,155,181,205,9,20,51,51,76,76,150,150,162,162,182,195,36,66,66,95,95,129,145,26,26,46,46,46,46,46,46,7,40,40],"floor_reached":57,"language":"ZHS","playtime":3014,"items_purged":["Defend_P","Defend_P","Strike_P","Strike_P","Defend_P","Defend_P","Eruption","Strike_P","Strike_P","Vigilance","EmptyFist","Apotheosis+1","FollowUp+1","LessonLearned+1","Indignation+1"],"score":4199,"play_id":"165a103d-8d85-46e6-82f7-c2a5b01f659a","local_time":"20210220171928","is_ascension_mode":true,"campfire_choices":[{"data":"LessonLearned","floor":6.0,"key":"SMITH"},{"floor":11.0,"key":"RECALL"},{"data":"Evaluate","floor":15.0,"key":"SMITH"},{"floor":32.0,"key":"REST"},{"data":"Tantrum","floor":41.0,"key":"SMITH"},{"data":"Vault","floor":49.0,"key":"SMITH"},{"floor":53,"key":"REST"}],"circlet_count":0,"master_deck":["AscendersBane","Master of Strategy+1","Evaluate+1","Good Instincts+1","Consecrate+1","Evaluate+1","Fasting2+1","InnerPeace+1","FlyingSleeves+1","EmptyMind+1","Gensokyo:CrescentMoonSlash+1","Scrawl+1","WaveOfTheHand+1","DevaForm+1","Gensokyo:GreaterSplit+1","Tantrum+1","Vault+1","MentalFortress"],"relics":["PureWater","Ice Cream","TeardropLocket","Gremlin Horn","Tiny Chest","Singing Bowl","Centennial Puzzle","HornCleat","SlaversCollar","Medical Kit","Akabeko","Ancient Tea Set","MerchantsRug","VioletLotus","Mastiff:ReiMu","Pantograph","MealTicket","InkBottle","Membership Card","Eternal Feather"],"acts_visited":["Gensokyo:Gensokyo","TheCity","Gensokyo:Gensokyoest","TheEnding"],"potions_floor_usage":[56,56],"damage_taken":[{"damage":0.0,"enemies":"Gensokyo:2_Kodama","floor":1.0,"turns":1.0},{"damage":2.0,"enemies":"Gensokyo:Gryphon","floor":3.0,"turns":2.0},{"damage":0.0,"enemies":"Gensokyo:3_Fairies","floor":5.0,"turns":3.0},{"damage":0.0,"enemies":"Gensokyo:Aya","floor":7.0,"turns":1.0},{"damage":0.0,"enemies":"Gensokyo:VengefulSpirit","floor":8.0,"turns":3.0},{"damage":0.0,"enemies":"Gensokyo:Mamizou","floor":10.0,"turns":6.0},{"damage":0.0,"enemies":"Gensokyo:Python_and_Kodama","floor":12.0,"turns":2.0},{"damage":0.0,"enemies":"Gensokyo:Aya","floor":13.0,"turns":6.0},{"damage":0.0,"enemies":"Gensokyo:Kitsune","floor":14.0,"turns":3.0},{"damage":0.0,"enemies":"Gensokyo:Kokoro","floor":16.0,"turns":6.0},{"damage":8.0,"enemies":"2 Thieves","floor":18.0,"turns":2.0},{"damage":0.0,"enemies":"3 Byrds","floor":21.0,"turns":1.0},{"damage":0.0,"enemies":"3 Cultists","floor":22.0,"turns":2.0},{"damage":0.0,"enemies":"Slavers","floor":23.0,"turns":1.0},{"damage":0.0,"enemies":"Centurion and Healer","floor":24.0,"turns":1.0},{"damage":0.0,"enemies":"Chosen and Byrds","floor":28.0,"turns":2.0},{"damage":0.0,"enemies":"Book of Stabbing","floor":29.0,"turns":3.0},{"damage":0.0,"enemies":"Gremlin Leader","floor":31.0,"turns":2.0},{"damage":0.0,"enemies":"Collector","floor":33.0,"turns":3.0},{"damage":0.0,"enemies":"Gensokyo:3_Boulders","floor":35.0,"turns":4.0},{"damage":0.0,"enemies":"Gensokyo:AncientGuardian","floor":37.0,"turns":3.0},{"damage":0.0,"enemies":"Gensokyo:SeedOfUnknown","floor":38.0,"turns":4.0},{"damage":0.0,"enemies":"Gensokyo:Kasen","floor":40.0,"turns":3.0},{"damage":2.0,"enemies":"Gensokyo:Marisa","floor":42.0,"turns":2.0},{"damage":0.0,"enemies":"Gensokyo:Kasen","floor":44.0,"turns":4.0},{"damage":9.0,"enemies":"Gensokyo:Sharpion","floor":45.0,"turns":2.0},{"damage":0.0,"enemies":"Gensokyo:3_Boulders","floor":48.0,"turns":1.0},{"damage":5.0,"enemies":"Gensokyo:Scarlet_Devils","floor":50.0,"turns":5.0},{"damage":0,"enemies":"Gensokyo:Shinki","floor":51,"turns":5},{"damage":0,"enemies":"Shield and Spear","floor":55,"turns":3},{"damage":75,"enemies":"The Heart","floor":56,"turns":9}],"seed_played":"6164770951468790681","potions_obtained":[{"floor":1.0,"key":"SpeedPotion"},{"floor":3.0,"key":"DistilledChaos"},{"floor":8.0,"key":"DistilledChaos"},{"floor":13.0,"key":"GrandPatriotsElixir:ReiMu"},{"floor":18.0,"key":"ColorlessPotion"},{"floor":21.0,"key":"EntropicBrew"},{"floor":35.0,"key":"BlessingOfTheForge"},{"floor":38.0,"key":"EssenceOfSteel"},{"floor":45.0,"key":"Strength Potion"}],"is_trial":false,"path_per_floor":["M","$","M","?","M","R","E","M","T","E","R","M","E","M","R","B",null,"M","?","$","M","M","E","M","T","T","$","M","E","?","E","R","B",null,"M","?","M","M","$","E","R","E","T","E","M","$","?","M","R","B","B",null,"R","$","E","B",null],"character_chosen":"WATCHER","items_purchased":["Ice Cream","Master of Strategy","FollowUp","Indignation","Evaluate","TeardropLocket","Gremlin Horn","Good Instincts","Consecrate","DollysMirror","Tiny Chest","Fasting2","Singing Bowl","InnerPeace","Apotheosis","Omamori","EmptyFist","War Paint","Lee\u0027s Waffle","Whetstone","FlyingSleeves","LessonLearned","Medical Kit","MerchantsRug","WaveOfTheHand","Mastiff:ReiMu","Tantrum","Membership Card","MentalFortress"],"campfire_rested":2,"item_purchase_floors":[0,0,0,0,0,0,0,0,0,0,0,0,0,0,0,0,0,0,0,0,0,2,20,27,27,39,39,46,54],"current_hp_per_floor":[75,75,75,60,62,62,64,66,66,68,68,70,72,74,74,74,87,81,81,81,83,85,101,103,103,103,103,105,107,70,72,109,109,122,124,124,126,128,128,130,130,128,128,130,123,138,138,140,140,135,140,140,140,140,142,67],"gold":40,"neow_bonus":"","is_daily":false,"chose_seed":false,"campfire_upgraded":4,"win_rate":0.0,"timestamp":1613812768,"path_taken":["M","$","M","?","M","R","E","M","T","E","R","M","E","M","R","BOSS","M","?","$","M","?","E","M","?","T","$","M","E","?","E","R","BOSS","M","?","M","M","$","E","R","E","T","E","M","$","?","M","R","BOSS","BOSS","R","$","E","BOSS"],"items_purchased_type":["Relic","Card","Card","Card","Card","Relic","Relic","Card","Card","Relic","Relic","Card","Relic","Card","Card","Relic","Card","Relic","Relic","Relic","Card","Card","Relic","Relic","Card","Relic","Card","Relic","Card"],"build_version":"2020-12-22","purchased_purges":15,"victory":true,"max_hp_per_floor":[75,75,77,77,79,79,81,83,83,85,85,87,89,91,91,91,91,93,93,93,95,97,113,115,115,115,115,117,119,124,126,126,126,126,128,128,130,132,132,134,134,134,134,136,138,138,138,140,140,140,140,140,140,140,142,142],"card_choices":[{"not_picked":["Evaluate","EmptyBody"],"picked":"EmptyMind","floor":1.0},{"not_picked":["EmptyMind","LikeWater","Vengeance"],"picked":"Singing Bowl","floor":3.0},{"not_picked":["Protect","WheelKick","SashWhip"],"picked":"Singing Bowl","floor":5.0},{"not_picked":["Judgement","DeceiveReality","FollowUp"],"picked":"Singing Bowl","floor":7.0},{"not_picked":["Evaluate","CutThroughFate","Consecrate"],"picked":"Singing Bowl","floor":8.0},{"not_picked":["CarveReality","ThirdEye","FollowUp"],"picked":"Singing Bowl","floor":10.0},{"not_picked":["FlyingSleeves","JustLucky","ForeignInfluence"],"picked":"Singing Bowl","floor":12.0},{"not_picked":["ClearTheMind","SandsOfTime","CutThroughFate"],"picked":"Singing Bowl","floor":13.0},{"not_picked":["Wallop","Wireheading","Crescendo"],"picked":"Singing Bowl","floor":14.0},{"not_picked":["Alpha","Vault"],"picked":"Scrawl","floor":16.0},{"not_picked":["ForeignInfluence","WaveOfTheHand","CarveReality+1"],"picked":"Singing Bowl","floor":18.0},{"not_picked":["ThirdEye","CrushJoints","CutThroughFate"],"picked":"Singing Bowl","floor":21.0},{"not_picked":["FlyingSleeves","ForeignInfluence","ClearTheMind"],"picked":"Singing Bowl","floor":22.0},{"not_picked":["Crescendo","EmptyBody","Brilliance"],"picked":"Singing Bowl","floor":23.0},{"not_picked":["Evaluate","BowlingBash","JustLucky"],"picked":"Singing Bowl","floor":24.0},{"not_picked":["Collect","CrushJoints","WaveOfTheHand"],"picked":"Singing Bowl","floor":28.0},{"not_picked":["CrushJoints","EmptyBody","Wireheading+1"],"picked":"Singing Bowl","floor":29.0},{"not_picked":["ThirdEye","LikeWater+1","Consecrate"],"picked":"Singing Bowl","floor":31.0},{"not_picked":["Blasphemy","Wish"],"picked":"DevaForm+1","floor":33.0},{"not_picked":["Collect","Adaptation+1","Worship"],"picked":"Singing Bowl","floor":35.0},{"not_picked":["FlurryOfBlows","EmptyBody","Swivel+1"],"picked":"Singing Bowl","floor":37.0},{"not_picked":["WreathOfFlame+1","Pray","FlurryOfBlows"],"picked":"Singing Bowl","floor":38.0},{"not_picked":["EmptyFist+1","Evaluate","TalkToTheHand"],"picked":"Singing Bowl","floor":40.0},{"not_picked":["ClearTheMind","Prostrate+1"],"picked":"Vault","floor":42.0},{"not_picked":["Prostrate","ClearTheMind","BowlingBash"],"picked":"Singing Bowl","floor":44.0},{"not_picked":["Tantrum","Protect","EmptyBody+1"],"picked":"Singing Bowl","floor":45.0},{"not_picked":["ThirdEye+1","Fasting2+1","WindmillStrike+1"],"picked":"Singing Bowl","floor":48.0},{"not_picked":["SignatureMove","FlyingSleeves","PathToVictory"],"picked":"Singing Bowl","floor":55}],"player_experience":813263,"relics_obtained":[{"floor":7.0,"key":"Centennial Puzzle"},{"floor":9.0,"key":"HornCleat"},{"floor":13.0,"key":"Art of War"},{"floor":23.0,"key":"Mango"},{"floor":25.0,"key":"Akabeko"},{"floor":26.0,"key":"Ancient Tea Set"},{"floor":29.0,"key":"Frozen Egg 2"},{"floor":40.0,"key":"Pantograph"},{"floor":42.0,"key":"MealTicket"},{"floor":44.0,"key":"InkBottle"},{"floor":55,"key":"Eternal Feather"}],"event_choices":[{"damage_healed":0.0,"max_hp_gain":0.0,"max_hp_loss":0.0,"gold_gain":0.0,"event_name":"Wheel of Change","player_choice":"Cursed","floor":19.0,"gold_loss":0.0,"damage_taken":0.0,"cards_obtained":["Decay"]},{"damage_healed":0.0,"max_hp_gain":5.0,"max_hp_loss":0.0,"gold_gain":0.0,"event_name":"Forgotten Altar","player_choice":"Shed Blood","floor":30.0,"gold_loss":0.0,"damage_taken":42.0}],"is_beta":false,"boss_relics":[{"not_picked":["RedLine:ReiMu","Runic Dome"],"picked":"SlaversCollar"},{"not_picked":["Sozu","Tiny House"],"picked":"VioletLotus"}],"items_purged_floors":[0,0,0,0,0,0,0,0,0,0,2,20,20,39,39],"is_endless":false,"potions_floor_spawned":[1,3,8,10,13,18,21,23,29,31,35,38,40,42,45,48,55],"ascension_level":20}}