{"host":"1lxw72ckkilnkgp7","time":1613844691,"event":{"mods":["ATMod(阿瑾Mod)","BaseMod","BetterRewards","Custom Start","Marisa（F雨　魔理沙）","Minty Spire (QoL Compilation)","Quick Restart","Replay The Spire","Shop Mod","StSLib","The Servant 0.9.4","[功能]功能增强和修复MOD","【功能Mod】聪明的最终Boss"],"gold_per_floor":[117,217,16,16,30,57,76,104,128,160,117,117,117,127,127,231,231,246,246,53,53,15,45,59,76,149,178,190,190,218,234,234,338,338,354,148,166,166,142,175,175,202,250,280,280,293,313,327,327,327,327,327,283,317,317],"floor_reached":56,"language":"ZHS","playtime":3657,"items_purged":["Strike_S","Strike_S","Strike_S","Strike_S","Defend_S","Defend_S","Defend_S","Rearm","Defend_S","Rearm","FloweringNight","Alleviate","BottledTime","Desolation","Desolation","Potential","Luminosity","WasteNot","Reset+1","PendulumOfEternity"],"score":1886,"play_id":"330a1250-47b6-45e1-8b58-32c9f03c1087","local_time":"20210221021131","is_ascension_mode":true,"campfire_choices":[{"data":"Apotheosis","floor":13,"key":"SMITH"},{"data":"AT_FamilyPortrait","floor":15,"key":"SMITH"},{"floor":32,"key":"RECALL"},{"data":"TheWorld","floor":45,"key":"SMITH"},{"data":"Solidify","floor":49,"key":"SMITH"},{"floor":52,"key":"REST"}],"circlet_count":0,"master_deck":["KidneyShot+1","Exchange+1","Desolation","AT_FamilyPortrait+1","Rearm","SurpressingFire","Misdirection+1","SilverBlades","InstantArmor+1","FanOfKnives","Apotheosis+1","BottledTime","ShiftingGears","Desolation","MurderousAura","TheWorld+1","KillingDoll+1","FloweringNight","GearUp","BottledTime","Solidify+1","DualDimension","Manipulate","Initiator+1","Alleviate+1","Gouge","Revamp+1","Desolation+1","TheWorld+1","DualDimension+1","SpecialFormula+1","BottledTime+1","SpecialFormula+1","Embodiment+1","Rearm+1","Luminosity+1","Reset+1","Defy+1","Hightail+1","Gouge+1","Gouge+1","Revamp+1","Solidify+1","Deadline+1","Manipulate+1","DualDimension+1","ShiftingGears+1","SurpressingFire+1"],"relics":["Uniform","AT_ATBox","BargainBundle","Anchor","Pan","Omamori","Mummified Hand","Chemical X","Singing Bowl","Pet Ghost","Replay:Bottled Eggs","Membership Card","Bird Faced Urn","Sling","Medical Kit","Kunai","Replay:Baseball","Prayer Wheel","Gremlin Food","Garlic","Bag of Marbles","Shuriken","HornCleat","AT_SeraphEmbrace","OrangePellets","Honey Jar","PaperSwan","Replay:Multitool","Guide Book","Gremlin Horn","ClockworkSouvenir","Replay:Bottled Flurry","Toxic Egg 2","Replay:Kaleidoscope","Whetstone","Fusion Hammer","Molten Egg 2","Ornamental Fan","Strange Spoon","Replay:Bottled Steam","Happy Flower","AT_BladeRuinedKing","Potion Belt","ReplayTheSpireMod:TigerMarble","Oddly Smooth Stone"],"acts_visited":["Exordium","TheCity","TheBeyond","TheEnding"],"potions_floor_usage":[27,55,55,55,55,55],"damage_taken":[{"damage":0,"enemies":"Small Slimes","floor":1,"turns":1},{"damage":0,"enemies":"2 Louse","floor":5,"turns":1},{"damage":0,"enemies":"Lagavulin","floor":6,"turns":3},{"damage":0,"enemies":"Cultist","floor":7,"turns":2},{"damage":0,"enemies":"Replay:BlueRogue","floor":8,"turns":2},{"damage":0,"enemies":"Lagavulin","floor":10,"turns":3},{"damage":0,"enemies":"2 Fungi Beasts","floor":14,"turns":2},{"damage":0,"enemies":"Slime Boss","floor":16,"turns":2},{"damage":0,"enemies":"3 Byrds","floor":18,"turns":3},{"damage":0,"enemies":"Replay:Snechameleon","floor":23,"turns":4},{"damage":0,"enemies":"Shell Parasite","floor":24,"turns":2},{"damage":0,"enemies":"Snecko","floor":25,"turns":1},{"damage":0,"enemies":"Gremlin Leader","floor":27,"turns":2},{"damage":0,"enemies":"Shelled Parasite and Fungi","floor":28,"turns":1},{"damage":0,"enemies":"Replay:Snechameleon","floor":30,"turns":2},{"damage":0,"enemies":"Sentry and Sphere","floor":31,"turns":1},{"damage":0,"enemies":"Collector","floor":33,"turns":3},{"damage":0,"enemies":"3 Darklings","floor":35,"turns":2},{"damage":0,"enemies":"Orb Walker","floor":37,"turns":1},{"damage":0,"enemies":"Reptomancer","floor":40,"turns":2},{"damage":0,"enemies":"R_Hoarder","floor":42,"turns":3},{"damage":0,"enemies":"Nemesis","floor":44,"turns":3},{"damage":0,"enemies":"Jaw Worm Horde","floor":46,"turns":2},{"damage":0,"enemies":"4 Shapes","floor":47,"turns":2},{"damage":0,"enemies":"Maw","floor":48,"turns":2},{"damage":0,"enemies":"Replay:Hell Engine","floor":50,"turns":3},{"damage":0,"enemies":"Shield and Spear","floor":54,"turns":1},{"damage":0,"enemies":"The Heart","floor":55,"turns":3}],"seed_played":"4034291875089704340","potions_obtained":[{"floor":1,"key":"Venom Potion"},{"floor":5,"key":"LiquidBronze"},{"floor":6,"key":"EntropicBrew"},{"floor":18,"key":"SpeedPotion"},{"floor":23,"key":"PowerPotion"},{"floor":23,"key":"DuplicationPotion"},{"floor":28,"key":"BlessingOfTheForge"},{"floor":28,"key":"SpeedPotion"},{"floor":30,"key":"Adrenaline Potion"},{"floor":30,"key":"GamblersBrew"},{"floor":31,"key":"SkillPotion"},{"floor":33,"key":"Dexterity Potion"},{"floor":35,"key":"Strength Potion"},{"floor":35,"key":"Reflective Coating"},{"floor":40,"key":"BlessingOfTheForge"},{"floor":40,"key":"SkillPotion"},{"floor":46,"key":"LiquidMemories"},{"floor":46,"key":"Energy Potion"},{"floor":47,"key":"DuplicationPotion"},{"floor":54,"key":"EssenceOfSteel"},{"floor":54,"key":"Elixir"}],"is_trial":false,"path_per_floor":["M","?","$","?","M","E","M","E","T","E","$","?","R","M","R","B",null,"M","?","$","T","$","E","M","M","T","E","M","?","E","M","R","B",null,"M","$","M","?","$","E","?","E","T","E","R","M","M","M","R","B",null,"R","$","E","B",null],"character_chosen":"THE_SERVANT","items_purchased":["Luminosity","FairyPotion","BargainBundle","Rearm","Anchor","Desolation","Pan","Rearm","SurpressingFire","BottledTime","Omamori","Mummified Hand","Misdirection+1","Chemical X","Singing Bowl","Alleviate","Potential","Pet Ghost","SilverBlades","Replay:Bottled Eggs","InstantArmor","MoonPhase","Membership Card","Bird Faced Urn","Sling","Medical Kit","Kunai","Replay:Baseball","FanOfKnives","Prayer Wheel","Apotheosis","Gremlin Food","BottledTime","TheWorld","Garlic","KillingDoll","Bag of Marbles","FloweringNight","OrangePellets","PaperSwan","Replay:Multitool","Guide Book","ClockworkSouvenir","Molten Egg 2","Ornamental Fan","Strange Spoon","Reset+1","Hightail+1","ReplayTheSpireMod:TigerMarble"],"campfire_rested":1,"item_purchase_floors":[0,0,0,0,0,0,0,0,0,0,0,0,0,0,0,0,0,0,0,0,0,0,0,0,0,0,0,0,0,0,0,0,0,3,3,3,3,3,11,20,20,20,22,36,36,36,36,39,53],"current_hp_per_floor":[28,14,14,14,16,24,36,42,42,46,46,46,46,56,56,62,77,79,79,79,79,79,81,85,85,85,85,85,85,85,85,85,85,85,85,85,85,85,85,85,85,85,85,85,85,85,87,87,87,87,87,87,87,87,87],"gold":317,"neow_bonus":"","is_daily":false,"chose_seed":false,"campfire_upgraded":4,"win_rate":0.0,"timestamp":1613844691,"path_taken":["M","?","$","?","M","E","?","E","T","E","$","?","R","M","R","BOSS","M","?","$","?","?","E","M","M","T","E","?","?","E","M","R","BOSS","M","$","M","?","$","E","?","E","T","E","R","M","?","M","R","BOSS","R","$","E","BOSS"],"items_purchased_type":["Card","Potion","Relic","Card","Relic","Card","Relic","Card","Card","Card","Relic","Relic","Card","Relic","Relic","Card","Card","Relic","Card","Relic","Card","Card","Relic","Relic","Relic","Relic","Relic","Relic","Card","Relic","Card","Relic","Card","Card","Relic","Card","Relic","Card","Relic","Relic","Relic","Relic","Relic","Relic","Relic","Relic","Card","Card","Relic"],"build_version":"2020-12-22","purchased_purges":20,"victory":true,"max_hp_per_floor":[67,69,69,69,69,71,75,75,75,75,75,75,75,77,77,77,77,79,79,79,79,79,81,85,85,85,85,85,85,85,85,85,85,85,85,85,85,85,85,85,85,85,85,85,85,85,87,87,87,87,87,87,87,87,87],"card_choices":[{"not_picked":["Ricochet","Replace"],"picked":"ShiftingGears","floor":1},{"not_picked":["Alleviate","Rewind","TimeWarp"],"picked":"Singing Bowl","floor":1},{"not_picked":["Ricochet","WasteNot"],"picked":"Desolation","floor":2},{"not_picked":["ShatteredReality","TimeTheft","Revamp"],"picked":"Singing Bowl","floor":2},{"not_picked":["Rewind","Potential"],"picked":"MurderousAura","floor":2},{"not_picked":["Replace","Spin"],"picked":"GearUp","floor":5},{"not_picked":["DoubleEdge","TimeWarp"],"picked":"BottledTime","floor":5},{"not_picked":["TimeWarp","Replace","Ricochet"],"picked":"Singing Bowl","floor":6},{"not_picked":["Spin","Defy","Collapse"],"picked":"Singing Bowl","floor":7},{"not_picked":["DoubleEdge","BottledTime","Rewind"],"picked":"Singing Bowl","floor":7},{"not_picked":["TimeWarp","Read"],"picked":"Solidify","floor":8},{"not_picked":["SurpressingFire","FastForward"],"picked":"DualDimension","floor":10},{"not_picked":["Shuttle","Replace"],"picked":"Manipulate","floor":14},{"not_picked":["BottledTime","MoonPhase","Potential"],"picked":"Singing Bowl","floor":14},{"not_picked":["LightFlow","Sunlight"],"picked":"Initiator","floor":16},{"not_picked":["TimeWarp","Defy","Alleviate+1","InstantArmor"],"picked":"Singing Bowl","floor":18},{"not_picked":["Alleviate","Moonlight+1","Rearm+1"],"picked":"Gouge","floor":18},{"not_picked":["Defy","Unruled","Sabotage","PendulumOfEternity"],"picked":"Singing Bowl","floor":23},{"not_picked":["FastForward+1","WasteNot","FanOfKnives+1","Revamp"],"picked":"Singing Bowl","floor":24},{"not_picked":["Replace","Ricochet","Revamp+1","TimeWarp"],"picked":"Singing Bowl","floor":24},{"not_picked":["Spin","Alleviate","BottledTime"],"picked":"Desolation","floor":25},{"not_picked":["Luminosity+1","BottledTime","ShatteredReality+1"],"picked":"TheWorld","floor":25},{"not_picked":["Read+1","FastForward+1","Contraction+1"],"picked":"DualDimension+1","floor":27},{"not_picked":["Spin","Alleviate+1","Gouge"],"picked":"SpecialFormula+1","floor":28},{"not_picked":["Replace+1","Gouge","Starlight"],"picked":"BottledTime+1","floor":28},{"not_picked":["Dilation+1","Advance+1","BestPractice"],"picked":"Desolation","floor":30},{"not_picked":["Spin","Alleviate+1","Starlight"],"picked":"Desolation","floor":31},{"not_picked":["Read+1","Potential","Spin"],"picked":"SpecialFormula+1","floor":31},{"not_picked":["Solidify+1","PendulumOfEternity","TheWorld+1"],"picked":"Embodiment","floor":33},{"not_picked":["Alleviate+1","Read+1","BottledTime+1"],"picked":"Rearm+1","floor":35},{"not_picked":["Spin","Advance+1","Rearm+1"],"picked":"Luminosity+1","floor":35},{"not_picked":["BottledTime+1","Ricochet+1","Sunlight+1"],"picked":"Defy+1","floor":37},{"not_picked":["ShatteredReality+1","Sabotage+1","Starlight+1"],"picked":"Reset+1","floor":37},{"not_picked":["TimeWarp+1","BestPractice","Replace+1"],"picked":"Gouge+1","floor":40},{"not_picked":["Read+1","Foresight","Alleviate+1"],"picked":"Gouge+1","floor":42},{"not_picked":["Comet+1","FanOfKnives+1","TimeWarp+1"],"picked":"Revamp+1","floor":44},{"not_picked":["Rewind+1","InstantArmor+1","Ricochet+1"],"picked":"Solidify+1","floor":46},{"not_picked":["FastForward+1","Rewind+1","Defy+1"],"picked":"Deadline+1","floor":46},{"not_picked":["Contraction+1","Potential+1","Foresight"],"picked":"Manipulate+1","floor":47},{"not_picked":["Comet+1","Potential+1","PendulumOfEternity+1","ShatteredReality+1"],"picked":"Singing Bowl","floor":47},{"not_picked":["Ricochet+1","ShatteredReality+1","Rewind+1"],"picked":"DualDimension+1","floor":48},{"not_picked":["WasteNot+1","TimeWarp+1","FastForward+1"],"picked":"ShiftingGears+1","floor":48},{"not_picked":["GearUp+1","Defy+1","Comet+1"],"picked":"SurpressingFire+1","floor":54}],"player_experience":127274,"relics_obtained":[{"floor":6,"key":"Shuriken"},{"floor":8,"key":"HornCleat"},{"floor":10,"key":"AT_ArchangelStaff"},{"floor":21,"key":"Gremlin Horn"},{"floor":23,"key":"Replay:Bottled Flurry"},{"floor":26,"key":"Toxic Egg 2"},{"floor":27,"key":"Replay:Kaleidoscope"},{"floor":30,"key":"Whetstone"},{"floor":40,"key":"Replay:Bottled Steam"},{"floor":42,"key":"Happy Flower"},{"floor":43,"key":"AT_BladeRuinedKing"},{"floor":44,"key":"Potion Belt"},{"floor":54,"key":"Oddly Smooth Stone"}],"event_choices":[{"cards_removed":["MoonPhase"],"damage_healed":0,"gold_gain":0,"player_choice":"Purged","damage_taken":0,"max_hp_gain":0,"max_hp_loss":0,"event_name":"Purifier","floor":4,"gold_loss":0},{"damage_healed":0,"gold_gain":0,"player_choice":"Ignored","damage_taken":0,"max_hp_gain":0,"max_hp_loss":0,"event_name":"Liars Game","floor":12,"gold_loss":0},{"damage_healed":0,"gold_gain":0,"player_choice":"Forge","damage_taken":0,"max_hp_gain":0,"max_hp_loss":0,"event_name":"Accursed Blacksmith","floor":19,"gold_loss":0,"cards_upgraded":["TheWorld"]},{"damage_healed":0,"gold_gain":0,"player_choice":"Ignored","damage_taken":0,"max_hp_gain":0,"max_hp_loss":0,"event_name":"Ghosts","floor":29,"gold_loss":0},{"damage_healed":0,"gold_gain":0,"player_choice":"Ignored","damage_taken":0,"max_hp_gain":0,"max_hp_loss":0,"event_name":"Tomb of Lord Red Mask","floor":38,"gold_loss":0},{"damage_healed":0,"gold_gain":0,"player_choice":"Upgraded","damage_taken":0,"max_hp_gain":0,"max_hp_loss":0,"event_name":"Upgrade Shrine","floor":41,"gold_loss":0,"cards_upgraded":["Embodiment"]}],"is_beta":false,"boss_relics":[{"not_picked":["Astrolabe","Empty Cage"],"picked":"Honey Jar"},{"not_picked":["Pandora\u0027s Box","MysterySword"],"picked":"Fusion Hammer"}],"items_purged_floors":[0,0,0,0,0,0,0,0,11,20,20,20,36,36,36,36,36,36,39,53],"is_endless":false,"potions_floor_spawned":[1,5,5,6,7,8,10,14,18,23,23,28,28,30,30,31,33,35,35,40,40,42,46,46,47,54,54],"ascension_level":1}}