{"host":"40jzjik7hyc9heun","time":1613864730,"event":{"mods":["BaseMod","Colored Powertips","Downfall","Minty Spire (QoL Compilation)","StSLib"],"gold_per_floor":[99,113,133,133,149,149,173,206,217,67,80,15,44,63,76,174,174,174,184,204,33,50,50,50,62,88,100,126,152,494,522,545,655,667,679,709,736,826,938,703,703,503,522,541,567,582,482,10,21,21,21,51,51,51,51,51],"floor_reached":57,"language":"ENG","playtime":5831,"items_purged":["bronze:Strike","bronze:Strike","bronze:Strike"],"score":1177,"play_id":"e965ecaf-b1ee-4ba4-bce1-0d11698cc230","local_time":"20210220184530","is_ascension_mode":false,"campfire_choices":[{"data":"Apotheosis","floor":1.0,"key":"SMITH"},{"data":"bronze:Goto","floor":6.0,"key":"SMITH"},{"data":"bronze:AlphaBuild","floor":18.0,"key":"SMITH"},{"data":"bronze:Repulsor","floor":23.0,"key":"SMITH"},{"floor":25.0,"key":"REST"},{"floor":27.0,"key":"REST"},{"floor":35,"key":"RECALL"},{"data":"bronze:Iterate","floor":42,"key":"SMITH"},{"floor":47,"key":"REST"},{"floor":54,"key":"REST"}],"circlet_count":0,"master_deck":["bronze:Strike","bronze:Defend","bronze:Defend","bronze:Defend","bronze:Defend","bronze:Replicate","bronze:Goto+1","Apotheosis+1","bronze:WhirlingStrike","bronze:OilSpill","bronze:Branch","bronze:Repulsor+1","bronze:Iterate+1","bronze:OilSpill","bronze:ChosenStrike","bronze:FineTuning+1","bronze:Terminator+1","bronze:ForceShield+1","bronze:AlphaBuild+1","bronze:Frontload+1","bronze:ChildClass+1","bronze:BronzeOrb+1","bronze:Return+1","bronze:Repair+1","bronze:FineTuning+1","bronze:Constructor+1","bronze:Format+1","bronze:CutThrough+1","bronze:Terminator+1"],"relics":["bronze:BronzeCore","Vajra","Toxic Egg 2","StoneCalendar","Philosopher\u0027s Stone","MawBank","Busted Crown","Pantograph","Chemical X","downfall:HeartBlessingBlue","downfall:HeartBlessingRed","Orichalcum","downfall:HeartBlessingGreen","Ginger","Art of War"],"acts_visited":["Exordium","TheCity","TheBeyond","TheEnding"],"potions_floor_usage":[33,44,46,50,56,56],"damage_taken":[{"damage":0.0,"enemies":"2 Louse","floor":2.0,"turns":3.0},{"damage":2.0,"enemies":"Small Slimes","floor":3.0,"turns":4.0},{"damage":0.0,"enemies":"Cultist","floor":5.0,"turns":2.0},{"damage":8.0,"enemies":"Gremlin Nob","floor":8.0,"turns":3.0},{"damage":14.0,"enemies":"3 Louse","floor":9.0,"turns":3.0},{"damage":0.0,"enemies":"downfall:LooterAlt","floor":11.0,"turns":2.0},{"damage":5.0,"enemies":"downfall:FleeingMerchant","floor":12.0,"turns":4.0},{"damage":18.0,"enemies":"Lagavulin","floor":13.0,"turns":4.0},{"damage":10.0,"enemies":"Exordium Thugs","floor":14.0,"turns":3.0},{"damage":3.0,"enemies":"Red Slaver","floor":15.0,"turns":4.0},{"damage":17.0,"enemies":"WA_ARCHETYPE_RETAIN","floor":16.0,"turns":4.0},{"damage":4.0,"enemies":"Chosen","floor":19.0,"turns":3.0},{"damage":9.0,"enemies":"Shell Parasite","floor":20.0,"turns":3.0},{"damage":2.0,"enemies":"downfall:FleeingMerchant","floor":21.0,"turns":4.0},{"damage":24.0,"enemies":"Snake Plant","floor":22.0,"turns":3.0},{"damage":3.0,"enemies":"Chosen and Byrds","floor":26.0,"turns":3.0},{"damage":16.0,"enemies":"Snecko","floor":28.0,"turns":4.0},{"damage":5.0,"enemies":"Shelled Parasite and Fungi","floor":29.0,"turns":3.0},{"damage":0.0,"enemies":"downfall:FleeingMerchant","floor":30.0,"turns":4.0},{"damage":0,"enemies":"Cultist and Chosen","floor":31,"turns":4},{"damage":0,"enemies":"Chosen and Byrds","floor":32,"turns":5},{"damage":39,"enemies":"SI_MIRROR_ARCHETYPE","floor":33,"turns":8},{"damage":0,"enemies":"3 Darklings","floor":36,"turns":5},{"damage":0,"enemies":"Orb Walker","floor":37,"turns":2},{"damage":24,"enemies":"Sphere and 2 Shapes","floor":43,"turns":5},{"damage":4,"enemies":"Transient","floor":44,"turns":5},{"damage":12,"enemies":"Giant Head","floor":45,"turns":8},{"damage":0,"enemies":"Writhing Mass","floor":46,"turns":4},{"damage":0,"enemies":"Sphere and 2 Shapes","floor":49,"turns":2},{"damage":83,"enemies":"IC_BLOCK_ARCHETYPE","floor":50,"turns":8},{"damage":62,"enemies":"downfall:CharBossMerchant","floor":52,"turns":8},{"damage":19,"enemies":"downfall:NeowBoss","floor":55,"turns":16},{"damage":16,"enemies":"downfall:NeowBossFinal","floor":56,"turns":10}],"seed_played":"-3667201436199153307","potions_obtained":[{"floor":2.0,"key":"EssenceOfSteel"},{"floor":9.0,"key":"SkillPotion"},{"floor":11.0,"key":"ColorlessPotion"},{"floor":33,"key":"FearPotion"},{"floor":36,"key":"Guardian:BlockOnCardUsePotion"},{"floor":37,"key":"AttackPotion"},{"floor":44,"key":"hexamod:SoulburnPotion"},{"floor":52,"key":"DistilledChaos"}],"is_trial":false,"path_per_floor":["R","M","M","?","M","R","T","E","M","?","M","$","E","M","M","B",null,"R","M","M","$","M","R","T","R","M","R","M","M","$","M","M","B",null,"R","M","M","?","?","$","T","R","M","M","E","M","R","$","M","B",null,"E","$","R","B","B",null],"character_chosen":"THE_AUTOMATON","items_purchased":["bronze:FineTuning+1","bronze:Return+1","Chemical X","Ginger","Strength Potion"],"campfire_rested":4,"item_purchase_floors":[12,21,40,48,48],"current_hp_per_floor":[49,49,47,47,47,47,47,39,25,80,80,75,57,47,44,27,80,80,76,67,65,41,41,41,65,62,80,64,69,79,79,80,41,80,80,80,80,80,80,80,80,90,71,77,75,75,90,90,90,7,90,28,28,55,71,84],"gold":51,"neow_bonus":"RANDOM_COLORLESS_2","is_daily":false,"chose_seed":false,"campfire_upgraded":5,"win_rate":0.0,"timestamp":1613864730,"path_taken":["R","M","M","?","M","R","T","E","M","?","M","$","E","M","M","BOSS","R","M","M","?","M","R","T","R","M","R","M","M","$","M","M","BOSS","R","M","M","?","?","$","T","R","?","M","E","M","R","$","M","BOSS","E","$","R","BOSS","BOSS"],"items_purchased_type":["Card","Card","Relic","Relic","Potion"],"build_version":"2020-12-22","purchased_purges":3,"victory":true,"max_hp_per_floor":[70,70,70,70,70,70,70,70,70,80,80,80,80,80,80,80,80,80,80,80,80,80,80,80,80,80,80,80,80,80,80,80,80,80,80,80,80,80,80,80,80,90,90,90,90,90,90,90,90,90,90,90,90,90,90,90],"card_choices":[{"not_picked":["Master of Strategy","Mayhem"],"picked":"Apotheosis","floor":0.0},{"not_picked":["bronze:Overheat","bronze:ChildClass"],"picked":"bronze:WhirlingStrike","floor":2.0},{"not_picked":["bronze:Separator","bronze:CloningBeam"],"picked":"bronze:OilSpill","floor":3.0},{"not_picked":["bronze:DelayedGuard","bronze:Invalidate"],"picked":"bronze:Branch","floor":5.0},{"not_picked":["bronze:DelayedSlice","bronze:FineTuning+1"],"picked":"bronze:Repulsor","floor":8.0},{"not_picked":["bronze:HyperBeam","bronze:Separator"],"picked":"bronze:Iterate","floor":9.0},{"not_picked":["bronze:Optimize","bronze:BitShift+1"],"picked":"bronze:OilSpill","floor":11.0},{"not_picked":["bronze:CleanCode","bronze:BronzeOrb"],"picked":"bronze:ChosenStrike","floor":12.0},{"not_picked":["bronze:Philosophize+1","bronze:DigitalCarnage"],"picked":"bronze:Terminator+1","floor":13.0},{"not_picked":["bronze:DelayedSlice","bronze:Deprecate+1"],"picked":"bronze:ForceShield+1","floor":14.0},{"not_picked":["bronze:ForceShield+1","bronze:Separator","bronze:BronzeArmor+1"],"picked":"SKIP","floor":15.0},{"not_picked":["bronze:BurnOut","bronze:HyperBeam"],"picked":"bronze:AlphaBuild","floor":16.0},{"not_picked":["bronze:Flail+1","bronze:WhirlingStrike"],"picked":"bronze:Frontload+1","floor":19.0},{"not_picked":["bronze:ItsAFeature","bronze:Iterate+1"],"picked":"bronze:ChildClass+1","floor":20.0},{"not_picked":["bronze:Philosophize+1","bronze:BugBarrage+1"],"picked":"bronze:BronzeOrb+1","floor":21.0},{"not_picked":["bronze:Terminator+1","bronze:MaxOutput"],"picked":"bronze:Repair+1","floor":22.0},{"not_picked":["bronze:DelayedSlice","bronze:FollowUp+1","bronze:CutThrough"],"picked":"SKIP","floor":26.0},{"not_picked":["bronze:Mutator","bronze:Frontload+1"],"picked":"bronze:FineTuning+1","floor":28.0},{"not_picked":["bronze:WhirlingStrike","bronze:DelayedGuard+1"],"picked":"bronze:Constructor+1","floor":29.0},{"not_picked":["bronze:DelayedGuard+1","bronze:DarkDash","bronze:CutThrough"],"picked":"SKIP","floor":31},{"not_picked":["bronze:CloningBeam","bronze:Overheat","bronze:Repair+1"],"picked":"SKIP","floor":32},{"not_picked":["bronze:AlphaBuild","bronze:Break"],"picked":"bronze:Format+1","floor":33},{"not_picked":["bronze:Terminator+1"],"picked":"SKIP","floor":36},{"not_picked":["bronze:NullPointer"],"picked":"SKIP","floor":37},{"not_picked":["bronze:ClassDefault+1"],"picked":"SKIP","floor":43},{"not_picked":["bronze:OilSpill+1"],"picked":"SKIP","floor":44},{"not_picked":[],"picked":"bronze:CutThrough+1","floor":45},{"not_picked":["bronze:Shield+1"],"picked":"SKIP","floor":46},{"not_picked":["bronze:NullPointer"],"picked":"SKIP","floor":49},{"not_picked":[],"picked":"bronze:Terminator+1","floor":52}],"player_experience":121882,"relics_obtained":[{"floor":7.0,"key":"Vajra"},{"floor":8.0,"key":"Toxic Egg 2"},{"floor":13.0,"key":"StoneCalendar"},{"floor":24.0,"key":"MawBank"},{"floor":38,"key":"Pantograph"},{"floor":45,"key":"Orichalcum"},{"floor":52,"key":"Art of War"}],"event_choices":[],"is_beta":false,"boss_relics":[{"not_picked":["bronze:PlatinumCore","bronze:MakeshiftBattery"],"picked":"Philosopher\u0027s Stone"},{"not_picked":["Pandora\u0027s Box","SacredBark"],"picked":"Busted Crown"}],"items_purged_floors":[21,40,48],"is_endless":false,"potions_floor_spawned":[2,9,11,14,15,16,19,20,32,33,36,37,44,52],"ascension_level":0}}