{"host":"dkr0dog13pegamnp","time":1613834067,"event":{"mods":["AchievementEnabler","BaseMod","Minty Spire (QoL Compilation)","Rare Cards Sparkle","StSLib","SuperFastMode","everything is the same but u backflip on backflip"],"gold_per_floor":[119,119,131,149,149,149,177,204,204,214,225,225,225],"floor_reached":12,"language":"KOR","playtime":247,"items_purged":[],"score":124,"play_id":"c57fb6da-c83c-4857-8486-ce743abdf009","local_time":"20210221001427","is_ascension_mode":true,"campfire_choices":[{"data":"Bouncing Flask","floor":6,"key":"SMITH"}],"circlet_count":0,"master_deck":["AscendersBane","Strike_G","Strike_G","Strike_G","Strike_G","Strike_G","Defend_G","Defend_G","Defend_G","Defend_G","Defend_G","Survivor","Neutralize","Bouncing Flask+1","Expertise+1","Outmaneuver+1","PiercingWail+1","Dagger Spray"],"relics":["Ring of the Snake","NeowsBlessing","Toxic Egg 2","Odd Mushroom","Dream Catcher"],"acts_visited":["Exordium"],"potions_floor_usage":[8,10],"damage_taken":[{"damage":0,"enemies":"2 Louse","floor":1,"turns":1},{"damage":0,"enemies":"Cultist","floor":3,"turns":1},{"damage":0,"enemies":"Small Slimes","floor":4,"turns":1},{"damage":13,"enemies":"The Mushroom Lair","floor":7,"turns":6},{"damage":11,"enemies":"Lagavulin","floor":8,"turns":6},{"damage":0,"enemies":"Looter","floor":10,"turns":5},{"damage":11,"enemies":"Blue Slaver","floor":11,"turns":5},{"damage":26,"enemies":"Gremlin Nob","floor":12,"turns":3}],"seed_played":"5605638940843947060","potions_obtained":[{"floor":4,"key":"FearPotion"},{"floor":7,"key":"PowerPotion"}],"is_trial":false,"path_per_floor":["M","?","M","M","?","R","?","E","T","M","M","E"],"character_chosen":"THE_SILENT","items_purchased":[],"campfire_rested":0,"item_purchase_floors":[],"current_hp_per_floor":[63,68,68,68,61,61,48,37,37,37,26,0,0],"gold":225,"neow_bonus":"THREE_ENEMY_KILL","is_daily":false,"chose_seed":false,"campfire_upgraded":1,"win_rate":0.0,"timestamp":1613834067,"path_taken":["M","?","M","?","?","R","?","E","T","M","M","E"],"items_purchased_type":[],"build_version":"2020-12-22","purchased_purges":0,"victory":false,"max_hp_per_floor":[70,70,70,70,70,70,70,70,70,70,70,70,70],"card_choices":[{"not_picked":["Flying Knee","Poisoned Stab","Infinite Blades"],"picked":"SKIP","floor":1},{"not_picked":["Flying Knee","Infinite Blades"],"picked":"Poisoned Stab","floor":1},{"not_picked":["Bane","Cloak And Dagger","Sucker Punch"],"picked":"SKIP","floor":3},{"not_picked":["Prepared","Dodge and Roll"],"picked":"Bouncing Flask","floor":4},{"not_picked":["Accuracy","Poisoned Stab"],"picked":"Expertise+1","floor":7},{"not_picked":["Glass Knife","Caltrops"],"picked":"Outmaneuver+1","floor":8},{"not_picked":["Prepared+1","Masterful Stab"],"picked":"PiercingWail+1","floor":10},{"not_picked":["Quick Slash","Dagger Spray","Blade Dance+1"],"picked":"SKIP","floor":11},{"not_picked":["Quick Slash","Blade Dance+1"],"picked":"Dagger Spray","floor":11}],"player_experience":74392,"relics_obtained":[{"floor":7,"key":"Odd Mushroom"},{"floor":8,"key":"Dream Catcher"}],"event_choices":[{"cards_removed":["Poisoned Stab"],"damage_healed":5,"gold_gain":0,"player_choice":"Offered Common","damage_taken":0,"max_hp_gain":0,"max_hp_loss":0,"event_name":"Bonfire Elementals","floor":2,"gold_loss":0},{"cards_removed":["Poisoned Stab"],"damage_healed":5,"gold_gain":0,"player_choice":"Offered Special","damage_taken":0,"max_hp_gain":0,"max_hp_loss":0,"event_name":"Bonfire Elementals","floor":2,"gold_loss":0},{"damage_healed":0,"gold_gain":0,"player_choice":"Success","damage_taken":7,"relics_obtained":["Toxic Egg 2"],"max_hp_gain":0,"max_hp_loss":0,"event_name":"Scrap Ooze","floor":5,"gold_loss":0},{"damage_healed":0,"gold_gain":0,"player_choice":"Fought Mushrooms","damage_taken":0,"max_hp_gain":0,"max_hp_loss":0,"event_name":"Mushrooms","floor":7,"gold_loss":0}],"is_beta":false,"boss_relics":[],"items_purged_floors":[],"is_endless":false,"potions_floor_spawned":[4,7],"killed_by":"Gremlin Nob","ascension_level":11}}