{"host":"6fh0uvaoh3e0g6do","time":1613831246,"event":{"mods":["AchievementEnabler","BaseMod","BetterRewards","Colored Map","Colored Powertips","Highlight Path","Hubris","Infinite Spire","Minty Spire (QoL Compilation)","Quick Restart","Replay The Spire","StSLib"],"gold_per_floor":[116,132,137,157,172,200,200,220,220,220,234,234,264,277,277,372,372,385,399,254,271,271,271,300,300,378,378,404,436,141,141,141,141,141],"floor_reached":33,"language":"ENG","playtime":1820,"items_purged":["Amnesia"],"score":339,"play_id":"3300eb12-1e28-408e-babf-ea71db2d75ba","local_time":"20210220072726","is_ascension_mode":true,"campfire_choices":[{"data":"infinitespire:OneForAll","floor":12,"key":"SMITH"},{"data":"Rampage","floor":15,"key":"SMITH"},{"data":"infinitespire:OneForAll","floor":23,"key":"SMITH"},{"floor":25,"key":"REST"},{"data":"Rampage","floor":27,"key":"SMITH"},{"data":"Metallicize","floor":32,"key":"SMITH"}],"circlet_count":0,"master_deck":["Strike_R","Strike_R","Strike_R","Strike_R","Strike_R","Defend_R","Defend_R","Defend_R","Defend_R","Bash","infinitespire:OneForAll+1","Cleave","Rampage+1","ReplayTheSpireMod:Muscle Training","Replay:Undeath\u0027s Touch","ReplayTheSpireMod:Muscle Training","Pommel Strike","Cleave","Rampage+1","Battle Trance","Feed","Metallicize+1","infinitespire:OneForAll+1","Rampage+1","Headbutt+1","Sword Boomerang","Replay:Undeath\u0027s Touch"],"relics":["Burning Blood","Thread and Needle","ReplayTheSpireMod:CursedCoin","InkBottle","hubris:Icosahedron","Question Card","NlothsMask","Regal Pillow","Honey Jar","Bronze Scales","hubris:Towel","hubris:Spice","Red Mask","TungstenRod","hubris:BottledHeart"],"acts_visited":["Exordium","TheCity"],"potions_floor_usage":[6,13,14,21,24],"damage_taken":[{"damage":3,"enemies":"Jaw Worm","floor":1,"turns":3},{"damage":2,"enemies":"2 Louse","floor":2,"turns":4},{"damage":0,"enemies":"Cultist","floor":4,"turns":2},{"damage":1,"enemies":"Blue Slaver","floor":5,"turns":5},{"damage":8,"enemies":"Replay:BlueRogue","floor":6,"turns":5},{"damage":7,"enemies":"3 Louse","floor":8,"turns":3},{"damage":7,"enemies":"2 Fungi Beasts","floor":11,"turns":3},{"damage":25,"enemies":"Lagavulin","floor":13,"turns":5},{"damage":7,"enemies":"Red Slaver","floor":14,"turns":2},{"damage":36,"enemies":"The Guardian","floor":16,"turns":10},{"damage":29,"enemies":"2 Thieves","floor":18,"turns":4},{"damage":2,"enemies":"Spheric Guardian","floor":19,"turns":3},{"damage":14,"enemies":"Snecko","floor":21,"turns":4},{"damage":47,"enemies":"Book of Stabbing","floor":24,"turns":5},{"damage":10,"enemies":"Masked Bandits","floor":28,"turns":3},{"damage":23,"enemies":"Gremlin Leader","floor":29,"turns":4},{"damage":9,"enemies":"Champ","floor":33,"turns":6}],"seed_played":"2856888966748659198","potions_obtained":[{"floor":4,"key":"Swift Potion"},{"floor":5,"key":"PowerPotion"},{"floor":6,"key":"Elixir"},{"floor":11,"key":"PowerPotion"},{"floor":14,"key":"SmokeBomb"},{"floor":19,"key":"Block Potion"},{"floor":24,"key":"BloodPotion"}],"is_trial":false,"path_per_floor":["M","M","$","M","M","E","?","M","T","?","M","R","E","M","R","B",null,"M","M","$","M","?","R","E","R","T","R","?","E","$","?","R_BF","B"],"character_chosen":"IRONCLAD","items_purchased":["ReplayTheSpireMod:CursedCoin","Rampage","Bronze Scales","hubris:Spice"],"campfire_rested":1,"item_purchase_floors":[3,3,20,30],"current_hp_per_floor":[72,72,72,72,72,70,70,69,69,69,68,68,49,48,48,18,72,52,59,59,54,54,54,42,84,84,84,83,69,77,1,1,0,0],"gold":141,"neow_bonus":"ONE_RARE_RELIC","is_daily":false,"chose_seed":false,"campfire_upgraded":5,"win_rate":0.0,"timestamp":1613831246,"path_taken":["M","M","$","M","M","E","?","M","T","?","?","R","E","M","R","BOSS","M","M","$","M","?","R","E","R","T","R","?","E","$","?","R_BF","BOSS"],"items_purchased_type":["Relic","Card","Relic","Relic"],"build_version":"2020-12-22","purchased_purges":1,"victory":false,"max_hp_per_floor":[72,72,72,72,72,72,72,72,72,72,72,72,72,72,72,72,72,75,78,78,81,81,81,92,92,92,92,95,98,106,1,1,1,1],"card_choices":[{"not_picked":["ReplayTheSpireMod:Strike From Hell","Replay:Undeath\u0027s Touch"],"picked":"infinitespire:OneForAll","floor":1},{"not_picked":["Clash","Iron Wave"],"picked":"Cleave","floor":2},{"not_picked":["Iron Wave","Heavy Blade"],"picked":"ReplayTheSpireMod:Muscle Training","floor":4},{"not_picked":["Armaments","Second Wind"],"picked":"Replay:Undeath\u0027s Touch","floor":5},{"not_picked":["Bloodletting","Offering"],"picked":"ReplayTheSpireMod:Muscle Training","floor":6},{"not_picked":["Run Through","Carnage"],"picked":"Pommel Strike","floor":8},{"not_picked":["Clothesline","Feel No Pain","Combust"],"picked":"Cleave","floor":11},{"not_picked":["Combust","ReplayReversal","Life Link"],"picked":"Rampage","floor":13},{"not_picked":["Ghostly Armor","Thunderclap","Run Through"],"picked":"Battle Trance","floor":14},{"not_picked":["Berserk","Hemogenesis","Barricade"],"picked":"Feed","floor":16},{"not_picked":["Infernal Blade+1","Replay:Undeath\u0027s Touch","Rampage","Intimidate"],"picked":"Metallicize","floor":18},{"not_picked":["ReplayTheSpireMod:Stacked","Dark Embrace","Flex","Wild Strike+1"],"picked":"infinitespire:OneForAll","floor":19},{"not_picked":["ReplayTheSpireMod:Strike From Hell+1","Whirlwind","Bludgeon","Armaments+1"],"picked":"Rampage+1","floor":21},{"not_picked":["Brutality","Anger","Warcry","Uppercut+1"],"picked":"Headbutt+1","floor":24},{"not_picked":["Iron Wave","Run Through","hubris:ReadiedAction","Body Slam+1"],"picked":"Sword Boomerang","floor":28},{"not_picked":["Run Through","Thunderclap+1","Second Wind+1","Defy Death"],"picked":"Replay:Undeath\u0027s Touch","floor":29}],"player_experience":26140,"relics_obtained":[{"floor":6,"key":"InkBottle"},{"floor":9,"key":"Question Card"},{"floor":13,"key":"Regal Pillow"},{"floor":24,"key":"hubris:Spice"},{"floor":28,"key":"Red Mask"},{"floor":29,"key":"TungstenRod"}],"event_choices":[{"damage_healed":0,"gold_gain":0,"player_choice":"Trade","damage_taken":0,"relics_obtained":["NlothsMask"],"max_hp_gain":0,"max_hp_loss":0,"event_name":"FaceTrader","floor":10,"gold_loss":0},{"damage_healed":0,"gold_gain":0,"player_choice":"Fought Bandits","damage_taken":0,"max_hp_gain":0,"max_hp_loss":0,"event_name":"Masked Bandits","floor":28,"gold_loss":0}],"is_beta":false,"boss_relics":[{"not_picked":["Ooze Armor","ChewingGum"],"picked":"Honey Jar"}],"items_purged_floors":[3],"is_endless":false,"potions_floor_spawned":[4,5,6,11,14,19,24],"killed_by":"Champ","ascension_level":3}}