{"host":"xkmvu47k9fdstweo","time":1613797969,"event":{"mods":["BaseMod","Colored Map","Conspire","Hubris","Minty Spire (QoL Compilation)","Quick Restart","Shop Mod","StSLib"],"gold_per_floor":[119,119,119,137,148,148,176,188,213,213,230,250,178,190,190,287,287,301,271,284,294,393,393,393,393],"floor_reached":24,"language":"ENG","playtime":993,"items_purged":[],"score":320,"play_id":"f08fc374-9bbe-4952-8983-f945f944ed4c","local_time":"20210220001249","is_ascension_mode":true,"campfire_choices":[{"data":"Crippling Poison","floor":6.0,"key":"SMITH"},{"floor":15.0,"key":"REST"},{"floor":23.0,"key":"DIG"}],"circlet_count":0,"master_deck":["AscendersBane","Strike_G","Strike_G","Strike_G","Strike_G","Strike_G","Defend_G","Defend_G","Defend_G","Defend_G","Defend_G","Survivor","Neutralize+1","Deflect","Crippling Poison+1","Skewer","Die Die Die","Dagger Spray","Dagger Spray","Footwork","Die Die Die","Terror","Doppelganger","Escape Plan","Backflip","Well Laid Plans"],"relics":["Ring of the Snake","NeowsBlessing","Potion Belt","hubris:Reverence","Happy Flower","hubris:Towel","hubris:Backtick","Shovel","Strawberry"],"acts_visited":["Exordium","TheCity"],"potions_floor_usage":[],"damage_taken":[{"damage":0.0,"enemies":"Small Slimes","floor":1.0,"turns":1.0},{"damage":0.0,"enemies":"Jaw Worm","floor":4.0,"turns":1.0},{"damage":0.0,"enemies":"conspire:RoseBush","floor":5.0,"turns":1.0},{"damage":38.0,"enemies":"Gremlin Nob","floor":7.0,"turns":5.0},{"damage":12.0,"enemies":"conspire:2 RoseBushes","floor":8.0,"turns":5.0},{"damage":0.0,"enemies":"Lots of Slimes","floor":11.0,"turns":3.0},{"damage":1.0,"enemies":"Looter","floor":12.0,"turns":3.0},{"damage":2.0,"enemies":"Blue Slaver","floor":14.0,"turns":4.0},{"damage":20.0,"enemies":"Slime Boss","floor":16.0,"turns":11.0},{"damage":8.0,"enemies":"Shell Parasite","floor":18.0,"turns":6.0},{"damage":0.0,"enemies":"conspire:FuzzyDice","floor":20.0,"turns":2.0},{"damage":23.0,"enemies":"Snake Plant","floor":21.0,"turns":4.0},{"damage":25,"enemies":"Snecko","floor":24,"turns":5}],"seed_played":"1430559891105653794","potions_obtained":[{"floor":4.0,"key":"CultistPotion"},{"floor":7.0,"key":"GhostInAJar"},{"floor":8.0,"key":"Block Potion"},{"floor":12.0,"key":"BlessingOfTheForge"},{"floor":16.0,"key":"Strength Potion"},{"floor":18.0,"key":"Fire Potion"},{"floor":19.0,"key":"GamblersBrew"},{"floor":19.0,"key":"ColorlessPotion"}],"is_trial":false,"path_per_floor":["M","?","?","M","M","R","E","M","T","?","M","M","$","M","R","B",null,"M","?","M","M","?","R","M"],"character_chosen":"THE_SILENT","items_purchased":["Die Die Die"],"campfire_rested":1,"item_purchase_floors":[13],"current_hp_per_floor":[63,60,60,60,60,60,22,10,10,10,10,9,9,7,28,8,55,47,47,47,24,24,31,6,6],"gold":393,"neow_bonus":"THREE_ENEMY_KILL","is_daily":false,"chose_seed":false,"campfire_upgraded":1,"win_rate":0.0,"timestamp":1613797969,"path_taken":["M","?","?","M","?","R","E","M","T","?","M","M","$","M","R","BOSS","M","?","M","?","?","R","M"],"items_purchased_type":["Card"],"build_version":"2020-12-22","purchased_purges":0,"victory":false,"max_hp_per_floor":[70,70,70,70,70,70,70,70,70,70,70,70,70,70,70,70,70,70,70,70,70,70,77,77,77],"card_choices":[{"not_picked":["hubris:SlightOfHand","Tactician"],"picked":"Deflect","floor":1.0},{"not_picked":["Poisoned Stab","Cloak And Dagger"],"picked":"Crippling Poison","floor":4.0},{"not_picked":["Outmaneuver","Flying Knee"],"picked":"Skewer","floor":5.0},{"not_picked":["PiercingWail","hubris:Counter"],"picked":"Die Die Die","floor":7.0},{"not_picked":["Deadly Poison","Setup"],"picked":"Dagger Spray","floor":8.0},{"not_picked":["hubris:SlightOfHand","Flying Knee"],"picked":"Dagger Spray","floor":11.0},{"not_picked":["Dagger Throw","Distraction"],"picked":"Footwork","floor":12.0},{"not_picked":["Skewer","Quick Slash"],"picked":"Terror","floor":14.0},{"not_picked":["Phantasmal Killer","After Image"],"picked":"Doppelganger","floor":16.0},{"not_picked":["Setup","Poisoned Stab"],"picked":"Escape Plan","floor":18.0},{"not_picked":["Outmaneuver","Bane+1"],"picked":"Backflip","floor":20.0},{"not_picked":["Skewer","Slice"],"picked":"Well Laid Plans","floor":21.0}],"player_experience":326722,"relics_obtained":[{"floor":7.0,"key":"hubris:Reverence"},{"floor":9.0,"key":"Happy Flower"},{"floor":23.0,"key":"Strawberry"}],"event_choices":[{"damage_healed":0.0,"max_hp_gain":0.0,"max_hp_loss":0.0,"gold_gain":0.0,"event_name":"Scrap Ooze","player_choice":"Success","floor":2.0,"gold_loss":0.0,"damage_taken":3.0,"relics_obtained":["Potion Belt"]},{"damage_healed":0.0,"max_hp_gain":0.0,"max_hp_loss":0.0,"gold_gain":0.0,"event_name":"Accursed Blacksmith","player_choice":"Forge","floor":3.0,"gold_loss":0.0,"damage_taken":0.0,"cards_upgraded":["Neutralize"]},{"damage_healed":0.0,"max_hp_gain":0.0,"max_hp_loss":0.0,"gold_gain":0.0,"event_name":"The Woman in Blue","player_choice":"Bought 2 Potions","floor":19.0,"gold_loss":0.0,"damage_taken":0.0},{"damage_healed":0.0,"max_hp_gain":0.0,"max_hp_loss":0.0,"gold_gain":99.0,"event_name":"Nest","player_choice":"Stole From Cult","floor":22.0,"gold_loss":0.0,"damage_taken":0.0}],"is_beta":false,"boss_relics":[{"not_picked":["hubris:VirtuousBlindfold","hubris:CrackedHourglass"],"picked":"hubris:Backtick"}],"items_purged_floors":[],"is_endless":false,"potions_floor_spawned":[4,7,8,12,16,18],"killed_by":"Snecko","ascension_level":12}}