{"host":"leop","time":1613792680,"event":{"mods":["ATMod(°¢èªMod)","Act Like it!","BaseMod","GifTheSpireLib","Lobotomy","LobotomyExtend","Minty Spire (QoL Compilation)","MostiFishMod","Pale of the Ancients","Quick Restart","Reliquary","Shop Mod","Spicy Shops","StSLib","TestMod","noobMod","¡¾ÒÅÎï¿¨ÅÆ¡¿REMEMod"],"gold_per_floor":[118,33,50,225,237,237,237,272,272,303,226362,226390,226404,225256,225256,225354,225354,225368,225368,223350,223350,223350,223350,222439,222457,222479,222513,222530,222541,222575,222593,222593,222688,222688,222704,221568,221568,220628,220699,220739,220739,220783,220783,220828,220865,220904,220904,220920,220920,220936],"floor_reached":51,"language":"ZHS","playtime":2625,"items_purged":["Strike_R","Strike_R","Funeral","Reckless Charge","MostiFishMod:TemporaryOutbreak+1","Bash","PunishingBird","Spot Weakness"],"score":1234,"play_id":"151b1127-71d5-4de5-9798-85340969f70e","local_time":"20210220114440","is_ascension_mode":true,"campfire_choices":[{"data":"AT_KingSlayer","floor":6.0,"key":"SMITH"},{"data":"REME_Scribble","floor":15.0,"key":"SMITH"},{"data":"Rupture","floor":23.0,"key":"SMITH"},{"data":"Burning Pact","floor":32.0,"key":"SMITH"},{"floor":41.0,"key":"RECALL"},{"data":"Madness","floor":49.0,"key":"SMITH"}],"circlet_count":0,"master_deck":["AT_KingSlayer+1","Dazed","Rupture+1","REME_Scribble+1","REME_Fury+1","Berserk+1","Barricade+1","AT_Dispersion+1","Whirlwind+1","Burning Pact+1","Dark Embrace+1","BodiesMountain","Exhume+1","Armaments+1","OSAHOGD","QueenOfHatred","Echo Form+1","BlueStar","Madness+1","Madness"],"relics":["Burning Blood","AT_ATBox","DaveBox","testmod-TestBox","REME_ComplimentaryCards","ice","testmod-NegativeEmotionEnhancer","Transparent","CogitoBucket","RabbitCall","SynthV:TestCard","LetterFromLob","reliquary:TridentHead","SolemnVow_r","testmod-Hope","reliquary:MedicineBall","AT_RedTearstoneRing","Blue Candle","Juzu Bracelet","reliquary:SilkGlove","MerchantsRug","testmod-Charity","Odd Mushroom","AspirationHeart","Cauldron","testmod-Alchemist","BrkXgEgg","AT_Manta","Pen Nib","Pandora\u0027s Box","reliquary:QuartzCube","AT_BellowingDragoncrestRing","reliquary:CitrusReamer","Mummified Hand","BirthdayGift-Icosahedron","reliquary:GummyVitamins","Sling","ClockworkSouvenir","Ornamental Fan","Red Skull","RedMistMask","Blood Vial","AdjustmentMirror","GreenFoldingFan","FleshIdol","PrismaticShard","CeramicFish","testmod-OneHitWonder","REME_ArchaeologicalTools","Pear","testmod-InjuryResistance","Oddly Smooth Stone","Ancient Tea Set","reliquary:ExpiredCoupon","Thread and Needle","Strawberry","ShedSkin_r"],"acts_visited":["Exordium","TheCity","TheBeyond"],"potions_floor_usage":[],"damage_taken":[{"damage":43.0,"enemies":"Jaw Worm","floor":1.0,"turns":2.0},{"damage":63.0,"enemies":"Cultist","floor":3.0,"turns":3.0},{"damage":16.0,"enemies":"2 Louse","floor":5.0,"turns":1.0},{"damage":57.0,"enemies":"3 Sentries","floor":8.0,"turns":3.0},{"damage":32.0,"enemies":"Gremlin Nob","floor":10.0,"turns":2.0},{"damage":38.0,"enemies":"The Mushroom Lair","floor":12.0,"turns":2.0},{"damage":133.0,"enemies":"Large Slime","floor":13.0,"turns":6.0},{"damage":100.0,"enemies":"The Guardian","floor":16.0,"turns":4.0},{"damage":59.0,"enemies":"Chosen","floor":18.0,"turns":2.0},{"damage":59.0,"enemies":"3 Byrds","floor":25.0,"turns":3.0},{"damage":6.0,"enemies":"Book of Stabbing","floor":27.0,"turns":1.0},{"damage":0.0,"enemies":"Cultist and Chosen","floor":28.0,"turns":1.0},{"damage":6.0,"enemies":"Centurion and Healer","floor":29.0,"turns":1.0},{"damage":76.0,"enemies":"Slavers","floor":30.0,"turns":3.0},{"damage":0.0,"enemies":"Snake Plant","floor":31.0,"turns":1.0},{"damage":6.0,"enemies":"Collector","floor":33.0,"turns":1.0},{"damage":100.0,"enemies":"Orb Walker","floor":35.0,"turns":3.0},{"damage":114.0,"enemies":"3 Shapes","floor":39.0,"turns":3.0},{"damage":4.0,"enemies":"Giant Head","floor":40.0,"turns":1.0},{"damage":3.0,"enemies":"Reptomancer","floor":42.0,"turns":1.0},{"damage":6.0,"enemies":"Nemesis","floor":44.0,"turns":1.0},{"damage":0.0,"enemies":"Writhing Mass","floor":45.0,"turns":1.0},{"damage":163.0,"enemies":"Reptomancer","floor":46.0,"turns":3.0},{"damage":11,"enemies":"FixerMidnight","floor":50,"turns":1},{"damage":7,"enemies":"Malkuth","floor":51,"turns":1},{"damage":6,"enemies":"Netzach","floor":51,"turns":1},{"damage":0,"enemies":"Chesed","floor":51,"turns":1},{"damage":0,"enemies":"Hokma","floor":51,"turns":1},{"damage":6,"enemies":"Angela","floor":51,"turns":1}],"seed_played":"4493638884439482341","potions_obtained":[{"floor":5.0,"key":"Fire Potion"},{"floor":8.0,"key":"BloodPotion"},{"floor":12.0,"key":"BlessingOfTheForge"},{"floor":13.0,"key":"SmokeBomb"},{"floor":14.0,"key":"testmod-SpacePotion"},{"floor":14.0,"key":"Energy Potion"},{"floor":16.0,"key":"SkillPotion"},{"floor":28.0,"key":"Explosive Potion"},{"floor":39.0,"key":"PowerPotion"},{"floor":42.0,"key":"Block Potion"},{"floor":45.0,"key":"Strength Potion"},{"floor":46.0,"key":"SkillPotion"}],"is_trial":false,"path_per_floor":["M","?","M","?","M","R","?","E","T","E","$","?","M","$","R","B",null,"M","?","$","?","?","R","$","M","T","E","M","M","E","M","R","B",null,"M","$","?","$","M","E","R","E","T","E","M","E","?","?","R","B",null],"character_chosen":"IRONCLAD","items_purchased":["AT_RedTearstoneRing","Blue Candle","Swift Potion","ElixirPotion","Juzu Bracelet","reliquary:SilkGlove","Rupture","MerchantsRug","testmod-Charity","REME_Scribble","Cauldron","testmod-Alchemist","BrkXgEgg","AT_Manta","Pen Nib","Swift Potion","reliquary:QuartzCube","REME_HourglassOfDeath","AT_BellowingDragoncrestRing","reliquary:CitrusReamer","Mummified Hand","BirthdayGift-Icosahedron","EntropicBrew","reliquary:GummyVitamins","Sling","ClockworkSouvenir","Ornamental Fan","PrismaticShard","CeramicFish","testmod-OneHitWonder","REME_ArchaeologicalTools","Pear","testmod-InjuryResistance","Oddly Smooth Stone"],"campfire_rested":0,"item_purchase_floors":[11,11,11,11,11,11,11,11,11,11,14,14,14,14,14,14,20,20,20,20,20,20,20,24,24,24,24,36,36,36,36,38,38,38],"current_hp_per_floor":[81,81,77,77,83,83,83,84,84,85,85,91,108,108,108,98,116,124,124,125,125,135,135,136,144,145,156,158,169,180,182,182,193,193,210,210,210,220,264,280,280,296,296,312,320,341,289,254,254,367],"gold":220962,"neow_bonus":"","is_daily":false,"chose_seed":false,"campfire_upgraded":5,"win_rate":0.0,"timestamp":1613792680,"path_taken":["M","?","?","?","M","R","?","E","T","E","$","?","M","?","R","BOSS","M","?","$","?","?","R","$","M","T","E","M","M","E","M","R","BOSS","M","$","?","$","M","E","R","E","T","E","M","E","?","?","R","BOSS"],"items_purchased_type":["Relic","Relic","Potion","Potion","Relic","Relic","Card","Relic","Relic","Card","Relic","Relic","Relic","Relic","Relic","Potion","Relic","Relic","Relic","Relic","Relic","Relic","Potion","Relic","Relic","Relic","Relic","Relic","Relic","Relic","Relic","Relic","Relic","Relic"],"build_version":"2020-12-18","purchased_purges":8,"victory":true,"max_hp_per_floor":[81,81,82,82,83,83,83,84,84,85,85,91,108,108,108,116,116,124,124,125,125,135,135,136,144,145,156,158,169,180,182,182,193,193,210,210,210,220,264,280,280,296,296,312,320,341,341,343,343,367],"card_choices":[{"not_picked":["FairyFestival","WallGazer"],"picked":"Funeral","floor":1.0},{"not_picked":["Sword Boomerang","Sentinel","Dropkick"],"picked":"SKIP","floor":1.0},{"not_picked":["Scorched","Wellcheers","DespairKnight"],"picked":"Singing Bowl","floor":3.0},{"not_picked":["Ghostly Armor","Headbutt","Seeing Red","Pommel Strike","Cleave"],"picked":"SKIP","floor":3.0},{"not_picked":["SingingMachine","FairyFestival","UniverseFragment"],"picked":"Singing Bowl","floor":5.0},{"not_picked":["Shrug It Off","Intimidate","MostiFishMod:Mania","Wild Strike","Body Slam"],"picked":"SKIP","floor":5.0},{"not_picked":["Mercenary","DespairKnight","Laetitia"],"picked":"Singing Bowl","floor":8.0},{"not_picked":["SnowQueen","Laetitia"],"picked":"PunishingBird","floor":8.0},{"not_picked":["Sentinel","Sword Boomerang","Battle Trance","Twin Strike","Iron Wave"],"picked":"SKIP","floor":8.0},{"not_picked":["Murderer","WallGazer","BeautyBeast"],"picked":"Singing Bowl","floor":10.0},{"not_picked":["Warcry","Thunderclap","Power Through","Sword Boomerang"],"picked":"Feel No Pain","floor":10.0},{"not_picked":["MeatLantern","Murderer","Bloodbath"],"picked":"Singing Bowl","floor":12.0},{"not_picked":["AT_CaressingTears","Clash","Sword Boomerang","Rage"],"picked":"REME_Fury","floor":12.0},{"not_picked":["Thunderclap","Havoc","Perfected Strike","Ghostly Armor"],"picked":"Berserk","floor":13.0},{"not_picked":["Porccubus","FieryBird","Freischutz"],"picked":"Singing Bowl","floor":13.0},{"not_picked":["HappyTeddy","CherryBlossoms","UniverseFragment"],"picked":"Singing Bowl","floor":16.0},{"not_picked":["MostiFishMod:PerfectStrikeMKII+1","MostiFishMod:Chiaki+1","MostiFishMod:NewArrival+1","MostiFishMod:RacingGame+1"],"picked":"Barricade+1","floor":16.0},{"not_picked":["ShyLook","Bloodbath","BeautyBeast"],"picked":"Singing Bowl","floor":18.0},{"not_picked":["Twin Strike+1","Warcry","Heavy Blade","Perfected Strike","Anger+1"],"picked":"SKIP","floor":18.0},{"not_picked":["Body Slam","Sever Soul+1","Thunderclap","AT_CaressingTears"],"picked":"Dark Embrace+1","floor":25.0},{"not_picked":["NakedNest","OldLady"],"picked":"MeltingLove","floor":25.0},{"not_picked":["DreamingCurrent","OldLady","BlackSwan"],"picked":"Singing Bowl","floor":27.0},{"not_picked":["HeroicMonk","Scorched"],"picked":"BodiesMountain","floor":27.0},{"not_picked":["Battle Trance+1","Power Through+1","Metallicize","Flex","Cleave+1"],"picked":"SKIP","floor":27.0},{"not_picked":["Rudolta","MeatLantern","GalaxyChild"],"picked":"Singing Bowl","floor":28.0},{"not_picked":["AT_DrawKnifeCut+1","Perfected Strike","Wild Strike+1","Clash+1","Shrug It Off+1"],"picked":"SKIP","floor":28.0},{"not_picked":["MHz","ShyLook","OldLady"],"picked":"Singing Bowl","floor":29.0},{"not_picked":["MostiFishMod:OrdinaryWorld+1","AT_ShrugMaster","Havoc","Sever Soul","Clash"],"picked":"SKIP","floor":29.0},{"not_picked":["Yin","Mercenary","VoidDream"],"picked":"Singing Bowl","floor":30.0},{"not_picked":["Uppercut","Fire Breathing","Clothesline+1","Spot Weakness","AT_CaressingTears+1"],"picked":"SKIP","floor":30.0},{"not_picked":["Woodsman","VoidDream","MHz"],"picked":"Singing Bowl","floor":31.0},{"not_picked":["True Grit+1","MostiFishMod:#F4004","Fire Breathing","Warcry","Pommel Strike"],"picked":"SKIP","floor":31.0},{"not_picked":["BlackSwan","Bloodbath","BigBadWolf"],"picked":"Singing Bowl","floor":33.0},{"not_picked":["MostiFishMod:Mania+1","MostiFishMod:404NotFound+1","MostiFishMod:DoubleSword+1","Juggernaut+1"],"picked":"Exhume+1","floor":33.0},{"not_picked":["Blood for Blood","Body Slam+1","Dropkick+1","Flex+1"],"picked":"Armaments+1","floor":35.0},{"not_picked":["CrumblingArmor","Wellcheers","GalaxyChild"],"picked":"Singing Bowl","floor":35.0},{"not_picked":["SpiderBud","BlackSwan"],"picked":"OSAHOGD","floor":35.0},{"not_picked":["UniverseFragment","GalaxyChild","Wellcheers"],"picked":"Singing Bowl","floor":39.0},{"not_picked":["Madness+1","Clothesline+1","ForeignInfluence","Consecrate","Skim+1"],"picked":"SKIP","floor":39.0},{"not_picked":["BlackSwan","Mercenary","UniverseFragment"],"picked":"Singing Bowl","floor":40.0},{"not_picked":["ClearTheMind","Compile Driver+1","Flex+1","Perfected Strike+1","Conserve Battery+1"],"picked":"SKIP","floor":40.0},{"not_picked":["HeroicMonk","LaLuna","DespairKnight"],"picked":"Singing Bowl","floor":42.0},{"not_picked":["WhitesApple","Scarecrow"],"picked":"QueenOfHatred","floor":42.0},{"not_picked":["Streamline+1","REME_MagicPocketWatch+1","Tough+1","SashWhip+1","testmod-BloodBlade+1"],"picked":"SKIP","floor":42.0},{"not_picked":["LittlePrince","WallGazer","SilentOrchestra"],"picked":"Singing Bowl","floor":44.0},{"not_picked":["Deep Breath","Blizzard+1","Wild Strike","Beak"],"picked":"Echo Form+1","floor":44.0},{"not_picked":["LittleHelper","Yin","RedShoes"],"picked":"Singing Bowl","floor":45.0},{"not_picked":["Scarecrow","Mercenary"],"picked":"BlueStar","floor":45.0},{"not_picked":["Iron Wave+1","Halt","Distraction","Soda","testmod-Bloodthirsty+1"],"picked":"SKIP","floor":45.0},{"not_picked":["WhiteNight","VoidDream","DreamingCurrent"],"picked":"Singing Bowl","floor":46.0},{"not_picked":["FollowUp+1","WristCuter","AT_KneejerkReflex+1","AT_ArcaneSupremacy+1","Defragment"],"picked":"SKIP","floor":46.0}],"player_experience":953739,"relics_obtained":[{"floor":1.0,"key":"SynthV:TestCard"},{"floor":1.0,"key":"LetterFromLob"},{"floor":8.0,"key":"testmod-Hope"},{"floor":10.0,"key":"reliquary:MedicineBall"},{"floor":12.0,"key":"Odd Mushroom"},{"floor":26.0,"key":"Red Skull"},{"floor":27.0,"key":"RedMistMask"},{"floor":27.0,"key":"Blood Vial"},{"floor":40.0,"key":"Ancient Tea Set"},{"floor":42.0,"key":"reliquary:ExpiredCoupon"},{"floor":43.0,"key":"Thread and Needle"},{"floor":46.0,"key":"Strawberry"}],"event_choices":[{"damage_healed":0.0,"max_hp_gain":0.0,"max_hp_loss":0.0,"gold_gain":0.0,"event_name":"WeMeetAgain","player_choice":"Paid Gold","floor":2.0,"gold_loss":85.0,"damage_taken":0.0,"relics_obtained":["reliquary:TridentHead"]},{"damage_healed":0.0,"max_hp_gain":0.0,"max_hp_loss":0.0,"gold_gain":175.0,"event_name":"Liars Game","player_choice":"AGREE","floor":4.0,"gold_loss":0.0,"damage_taken":0.0,"cards_obtained":["Doubt"]},{"damage_healed":0.0,"max_hp_gain":0.0,"max_hp_loss":0.0,"gold_gain":0.0,"event_name":"The Woman in Blue","player_choice":"Bought 0 Potions","floor":7.0,"gold_loss":0.0,"damage_taken":0.0},{"damage_healed":0.0,"max_hp_gain":0.0,"max_hp_loss":0.0,"gold_gain":0.0,"event_name":"Mushrooms","player_choice":"Fought Mushrooms","floor":12.0,"gold_loss":0.0,"damage_taken":0.0},{"damage_healed":0.0,"max_hp_gain":0.0,"max_hp_loss":0.0,"gold_gain":0.0,"event_name":"The Library","player_choice":"Read","floor":19.0,"gold_loss":0.0,"damage_taken":0.0,"cards_obtained":["Burning Pact"]},{"damage_healed":0.0,"max_hp_gain":0.0,"max_hp_loss":0.0,"gold_gain":0.0,"event_name":"Transmorgrifier","player_choice":"Ignored","floor":21.0,"gold_loss":0.0,"damage_taken":0.0},{"cards_removed":["MostiFishMod:ChineseTea"],"damage_healed":0.0,"max_hp_gain":10.0,"max_hp_loss":0.0,"gold_gain":0.0,"event_name":"Bonfire Elementals","player_choice":"Offered Rare","floor":22.0,"gold_loss":0.0,"damage_taken":0.0},{"cards_removed":["Sword Boomerang"],"damage_healed":0.0,"max_hp_gain":0.0,"max_hp_loss":0.0,"gold_gain":0.0,"event_name":"Falling","player_choice":"Removed Attack","floor":37.0,"gold_loss":0.0,"damage_taken":0.0},{"damage_healed":0.0,"max_hp_gain":0.0,"max_hp_loss":0.0,"gold_gain":0.0,"event_name":"Winding Halls","player_choice":"Embrace Madness","floor":48.0,"gold_loss":0.0,"damage_taken":43.0,"cards_obtained":["Madness","Madness"]}],"is_beta":true,"boss_relics":[{"not_picked":["reliquary:Ember","JellyFishMachine"],"picked":"Pandora\u0027s Box"},{"not_picked":["reliquary:WritOfMandamus","Tiny House"],"picked":"GreenFoldingFan"}],"items_purged_floors":[11,11,14,20,24,36,36,38],"is_endless":false,"potions_floor_spawned":[5,8,12,13,16,25,28,29,31,33,39,42,45,46],"ascension_level":1}}