{"host":"hfxp6ue4pvwo3fit","time":1613850003,"event":{"mods":["AchievementEnabler","BaseMod","Colored Map","Colored Powertips","Highlight Path","Minty Spire (QoL Compilation)","Relic Stats","StSLib","SuperFastMode"],"gold_per_floor":[10,10,26,41,59,59,75,75,75,89,89,89],"floor_reached":11,"language":"ENG","playtime":288,"items_purged":[],"score":134,"play_id":"15d57051-ae05-433b-aa1d-315a991addb5","local_time":"20210220134003","is_ascension_mode":true,"campfire_choices":[{"floor":6,"key":"REST"},{"data":"Blade Dance","floor":8,"key":"SMITH"}],"circlet_count":0,"master_deck":["AscendersBane","Strike_G","Strike_G","Strike_G","Strike_G","Strike_G","Defend_G","Defend_G","Defend_G","Defend_G","Defend_G","Survivor","Neutralize","Sadistic Nature","Flying Knee","Decay","Blade Dance+1","Poisoned Stab","Corpse Explosion"],"relics":["Ring of the Snake","InkBottle"],"acts_visited":["Exordium"],"potions_floor_usage":[5,11],"damage_taken":[{"damage":2,"enemies":"2 Louse","floor":1,"turns":3},{"damage":3,"enemies":"Cultist","floor":3,"turns":4},{"damage":5,"enemies":"Small Slimes","floor":4,"turns":3},{"damage":22,"enemies":"Exordium Thugs","floor":5,"turns":6},{"damage":19,"enemies":"Exordium Wildlife","floor":7,"turns":5},{"damage":13,"enemies":"Blue Slaver","floor":10,"turns":3},{"damage":16,"enemies":"Lagavulin","floor":11,"turns":4}],"seed_played":"7361484988484998377","potions_obtained":[{"floor":1,"key":"CultistPotion"},{"floor":4,"key":"PowerPotion"},{"floor":7,"key":"SkillPotion"}],"is_trial":false,"path_per_floor":["M","?","M","M","M","R","M","R","T","M","E"],"character_chosen":"THE_SILENT","items_purchased":[],"campfire_rested":1,"item_purchase_floors":[],"current_hp_per_floor":[57,57,54,49,27,46,27,27,27,14,0,0],"gold":89,"neow_bonus":"RANDOM_COLORLESS_2","is_daily":false,"chose_seed":false,"campfire_upgraded":1,"win_rate":0.0,"timestamp":1613850003,"path_taken":["M","?","M","M","M","R","M","R","T","M","E"],"items_purchased_type":[],"build_version":"2020-12-22","purchased_purges":0,"victory":false,"max_hp_per_floor":[66,66,66,66,66,66,66,66,66,66,66,66],"relic_stats":{"counters":[7,28],"obtain_stats":[{"InkBottle":9,"Ring of the Snake":0},{"InkBottle":5,"Ring of the Snake":0},{"InkBottle":21,"Ring of the Snake":0}],"InkBottle":[2],"Ring of the Snake":[14]},"card_choices":[{"not_picked":["Transmutation","Magnetism"],"picked":"Sadistic Nature","floor":0},{"not_picked":["Backflip","Outmaneuver"],"picked":"Flying Knee","floor":1},{"not_picked":["Dodge and Roll","Underhanded Strike"],"picked":"Blade Dance","floor":3},{"not_picked":["Well Laid Plans","Masterful Stab","Deflect"],"picked":"SKIP","floor":4},{"not_picked":["Backflip","Cloak And Dagger"],"picked":"Poisoned Stab","floor":5},{"not_picked":["Underhanded Strike","Bane","Deflect"],"picked":"SKIP","floor":7},{"not_picked":["Deflect","PiercingWail"],"picked":"Corpse Explosion","floor":10}],"player_experience":522805,"relics_obtained":[{"floor":9,"key":"InkBottle"}],"event_choices":[{"damage_healed":0,"gold_gain":0,"player_choice":"Cursed","damage_taken":0,"max_hp_gain":0,"max_hp_loss":0,"event_name":"Wheel of Change","floor":2,"gold_loss":0,"cards_obtained":["Decay"]}],"is_beta":false,"boss_relics":[],"items_purged_floors":[],"is_endless":false,"potions_floor_spawned":[1,4,7],"killed_by":"Lagavulin","ascension_level":20}}