{"host":"guk5h31bsklpp7e4","time":1613814249,"event":{"mods":["AchievementEnabler","BaseMod","Colored Map","Colored Powertips","Highlight Path","Minty Spire (QoL Compilation)","Quick Restart","Rare Cards Sparkle"],"gold_per_floor":[116,133,133,145,145,145,164,164,164,199,218,18,18,35,35,135,135,152,167,84,84,9,9,25,44,69,69,79,79,55,72,72,173,173,183,194,164,181,198,225,225,225,225,237,248,280,280,296,296,296],"floor_reached":51,"language":"ENG","playtime":3897,"items_purged":["Strike_R"],"score":895,"play_id":"0f8528ab-9918-4d2e-8fea-156c48a33bdc","local_time":"20210220044409","is_ascension_mode":true,"campfire_choices":[{"data":"Combust","floor":6.0,"key":"SMITH"},{"data":"Whirlwind","floor":8.0,"key":"SMITH"},{"data":"Flex","floor":15.0,"key":"SMITH"},{"floor":23,"key":"REST"},{"data":"Panacea","floor":29,"key":"SMITH"},{"data":"Rupture","floor":32,"key":"SMITH"},{"floor":42,"key":"REST"},{"data":"Impervious","floor":47,"key":"SMITH"},{"floor":49,"key":"REST"}],"circlet_count":0,"master_deck":["Strike_R","Defend_R","Defend_R","Bash","Reaper","Combust+1","Bloodletting","Shrug It Off","Whirlwind+1","Intimidate","Rage","Blood for Blood","Panacea+1","Flex+1","Impervious+1","Iron Wave+1","Sword Boomerang","Rupture+1","Heavy Blade","Headbutt+1","Shockwave+1","Offering","Heavy Blade","Hemokinesis","Exhume","Wild Strike+1","True Grit+1","Burning Pact+1","Spot Weakness","Heavy Blade","Enlightenment","Twin Strike+1","Warcry","Pommel Strike+1"],"relics":["Burning Blood","Pantograph","InkBottle","Meat on the Bone","Philosopher\u0027s Stone","Boot","Astrolabe","Kunai","Pocketwatch","Ice Cream"],"acts_visited":["Exordium","TheCity","TheBeyond"],"potions_floor_usage":[18,28,31,33,33,38,38,45,45,50],"damage_taken":[{"damage":1.0,"enemies":"2 Louse","floor":1.0,"turns":3.0},{"damage":8.0,"enemies":"Cultist","floor":2.0,"turns":4.0},{"damage":5.0,"enemies":"Jaw Worm","floor":4.0,"turns":4.0},{"damage":6.0,"enemies":"3 Louse","floor":7.0,"turns":4.0},{"damage":35.0,"enemies":"Lagavulin","floor":10.0,"turns":5.0},{"damage":9.0,"enemies":"Exordium Thugs","floor":11.0,"turns":4.0},{"damage":11.0,"enemies":"Red Slaver","floor":14.0,"turns":3.0},{"damage":51.0,"enemies":"Hexaghost","floor":16.0,"turns":8.0},{"damage":14,"enemies":"Shell Parasite","floor":18,"turns":6},{"damage":19,"enemies":"Spheric Guardian","floor":19,"turns":5},{"damage":21,"enemies":"Snake Plant","floor":24,"turns":4},{"damage":29,"enemies":"3 Cultists","floor":25,"turns":5},{"damage":17,"enemies":"Snecko","floor":28,"turns":3},{"damage":7,"enemies":"Snake Plant","floor":31,"turns":4},{"damage":26,"enemies":"Collector","floor":33,"turns":6},{"damage":28,"enemies":"3 Shapes","floor":35,"turns":4},{"damage":9,"enemies":"3 Darklings","floor":36,"turns":3},{"damage":44,"enemies":"Maw","floor":38,"turns":7},{"damage":28,"enemies":"Spire Growth","floor":39,"turns":4},{"damage":14,"enemies":"Giant Head","floor":40,"turns":6},{"damage":25,"enemies":"4 Shapes","floor":44,"turns":4},{"damage":36,"enemies":"Maw","floor":45,"turns":5},{"damage":69,"enemies":"Reptomancer","floor":46,"turns":5},{"damage":23,"enemies":"3 Darklings","floor":48,"turns":3},{"damage":112,"enemies":"Awakened One","floor":50,"turns":7}],"seed_played":"-2328029850058790454","potions_obtained":[{"floor":1.0,"key":"Swift Potion"},{"floor":14.0,"key":"ElixirPotion"},{"floor":16.0,"key":"SkillPotion"},{"floor":25,"key":"EssenceOfSteel"},{"floor":27,"key":"LiquidBronze"},{"floor":27,"key":"Strength Potion"},{"floor":28,"key":"Strength Potion"},{"floor":35,"key":"FairyPotion"},{"floor":36,"key":"Weak Potion"},{"floor":37,"key":"EntropicBrew"},{"floor":40,"key":"Strength Potion"},{"floor":46,"key":"BloodPotion"}],"is_trial":false,"path_per_floor":["M","M","?","M","?","R","M","R","T","E","M","$","T","M","R","B",null,"M","M","$","?","?","R","M","M","T","?","M","R","$","M","R","B",null,"M","M","?","M","M","E","?","R","T","M","M","E","R","M","R","B",null],"character_chosen":"IRONCLAD","items_purchased":["Blood for Blood","Panacea","Rupture","Heavy Blade","Heavy Blade"],"campfire_rested":3,"item_purchase_floors":[12,12,20,20,30],"current_hp_per_floor":[80,78,83,84,84,84,84,84,84,55,60,60,60,55,55,50,76,68,55,55,39,39,66,63,64,64,64,65,65,65,64,64,69,85,63,87,87,79,67,59,59,86,86,90,80,55,55,50,77,41],"gold":296,"neow_bonus":"ONE_RANDOM_RARE_CARD","is_daily":false,"chose_seed":false,"campfire_upgraded":6,"win_rate":0.0,"timestamp":1613814249,"path_taken":["M","M","?","M","?","R","M","R","T","E","?","?","?","M","R","BOSS","M","M","$","?","?","R","M","M","T","?","M","R","$","?","R","BOSS","M","M","?","?","M","E","?","R","T","M","M","E","R","M","R","BOSS"],"items_purchased_type":["Card","Card","Card","Card","Card"],"build_version":"2020-12-22","purchased_purges":1,"victory":true,"max_hp_per_floor":[80,80,85,85,85,85,85,85,85,85,85,85,85,85,85,85,85,85,85,85,90,90,90,90,90,90,90,90,90,90,90,90,90,90,90,90,90,90,90,90,90,90,90,90,90,90,90,90,90,90],"card_choices":[{"not_picked":["Sword Boomerang","True Grit"],"picked":"Combust","floor":1.0},{"not_picked":["Shrug It Off","Anger"],"picked":"Bloodletting","floor":2.0},{"not_picked":["Armaments","Shockwave"],"picked":"Shrug It Off","floor":4.0},{"not_picked":["Twin Strike","Perfected Strike"],"picked":"Whirlwind","floor":7.0},{"not_picked":["Anger","Burning Pact"],"picked":"Intimidate","floor":10.0},{"not_picked":["Sword Boomerang","Iron Wave"],"picked":"Rage","floor":11.0},{"not_picked":["Body Slam","Carnage"],"picked":"Flex","floor":14.0},{"not_picked":["Brutality","Juggernaut"],"picked":"Impervious","floor":16.0},{"not_picked":["Disarm","Thunderclap+1"],"picked":"Iron Wave+1","floor":18},{"not_picked":["Fire Breathing","Flex"],"picked":"Sword Boomerang","floor":19},{"not_picked":["Evolve+1","Wild Strike+1"],"picked":"Headbutt+1","floor":24},{"not_picked":["Perfected Strike","Thunderclap+1"],"picked":"Shockwave+1","floor":25},{"not_picked":["Perfected Strike","Twin Strike"],"picked":"Offering","floor":28},{"not_picked":["Headbutt+1","True Grit"],"picked":"Hemokinesis","floor":31},{"not_picked":["Immolate","Demon Form"],"picked":"Exhume","floor":33},{"not_picked":["Burning Pact+1","Thunderclap","Rupture"],"picked":"SKIP","floor":35},{"not_picked":["Clothesline","Shrug It Off+1"],"picked":"Spot Weakness","floor":36},{"not_picked":["Clothesline+1","Pommel Strike+1"],"picked":"Heavy Blade","floor":38},{"not_picked":["Searing Blow","Clash+1","Body Slam"],"picked":"SKIP","floor":39},{"not_picked":["Shockwave","Dropkick","Iron Wave"],"picked":"SKIP","floor":40},{"not_picked":["Shockwave","Dropkick","Iron Wave"],"picked":"SKIP","floor":40},{"not_picked":["Jack Of All Trades","Madness"],"picked":"Enlightenment","floor":41},{"not_picked":["Brutality","Feel No Pain"],"picked":"Twin Strike+1","floor":44},{"not_picked":["Perfected Strike+1","Clash","Anger"],"picked":"SKIP","floor":45},{"not_picked":["True Grit","Dropkick"],"picked":"Warcry","floor":46},{"not_picked":["Hemokinesis","Headbutt"],"picked":"Pommel Strike+1","floor":48}],"player_experience":375064,"relics_obtained":[{"floor":9.0,"key":"Pantograph"},{"floor":10.0,"key":"InkBottle"},{"floor":13.0,"key":"Meat on the Bone"},{"floor":26,"key":"Boot"},{"floor":40,"key":"Kunai"},{"floor":43,"key":"Pocketwatch"},{"floor":46,"key":"Ice Cream"}],"event_choices":[{"damage_healed":0.0,"max_hp_gain":5.0,"max_hp_loss":0.0,"gold_gain":0.0,"event_name":"Big Fish","player_choice":"Donut","floor":3.0,"gold_loss":0.0,"damage_taken":0.0},{"cards_removed":["Strike_R"],"damage_healed":0.0,"max_hp_gain":0.0,"max_hp_loss":0.0,"gold_gain":0.0,"event_name":"Purifier","player_choice":"Purged","floor":5.0,"gold_loss":0.0,"damage_taken":0.0},{"damage_healed":0,"gold_gain":0,"player_choice":"Shed Blood","damage_taken":21,"max_hp_gain":5,"max_hp_loss":0,"event_name":"Forgotten Altar","floor":21,"gold_loss":0},{"cards_removed":["Defend_R"],"damage_healed":0,"gold_gain":0,"player_choice":"Gave Gold","damage_taken":0,"max_hp_gain":0,"max_hp_loss":0,"event_name":"Beggar","floor":22,"gold_loss":75},{"damage_healed":0,"gold_gain":0,"player_choice":"Got Potions","damage_taken":0,"max_hp_gain":0,"max_hp_loss":0,"event_name":"Lab","floor":27,"gold_loss":0},{"damage_healed":0,"gold_gain":0,"player_choice":"Bought 2 Potions","damage_taken":0,"max_hp_gain":0,"max_hp_loss":0,"event_name":"The Woman in Blue","floor":37,"gold_loss":0},{"damage_healed":0,"gold_gain":0,"player_choice":"Memory 1","damage_taken":0,"max_hp_gain":0,"max_hp_loss":0,"event_name":"SensoryStone","floor":41,"gold_loss":0}],"is_beta":false,"boss_relics":[{"not_picked":["Calling Bell","Sozu"],"picked":"Philosopher\u0027s Stone"},{"not_picked":["Mark of Pain","Empty Cage"],"picked":"Astrolabe"}],"items_purged_floors":[12],"is_endless":false,"potions_floor_spawned":[1,14,16,25,28,35,36,40,46],"ascension_level":7}}