{"host":"0dsi8ju7ih3zb7n8","time":1613813605,"event":{"mods":["2.2 Compatiblity","Act Like it!","BaseMod","Downfall","Hermit","Minty Spire (QoL Compilation)","Robot Space Explorer","Spicy Shops","StSLib","The Marked"],"gold_per_floor":[99,111,127,127,127,162,162,162,162,193,23,56,70,70,84,214,214,214,238,513,44,57,57,104,104,120,220,258,294,337,337,355,481,481,481,502,377,377,400,400,400,436,136,169,50,50,88,88,107,107,107,142,84,84,84,84],"floor_reached":57,"language":"ENG","playtime":3458,"items_purged":["Regret"],"score":1637,"play_id":"34ba5b94-341f-4b53-a43b-9882adce3b10","local_time":"20210220103325","daily_mods":["SealedDeck","Heirloom","Flight","downfall:ChampStances"],"is_ascension_mode":false,"campfire_choices":[{"data":"champ:Lariat","floor":1,"key":"SMITH"},{"data":"champ:RageSigil","floor":9,"key":"SMITH"},{"data":"champ:Improvising","floor":18,"key":"SMITH"},{"data":"expansioncontent:Chronoboost","floor":23,"key":"SMITH"},{"data":"champ:SwordSigil","floor":35,"key":"SMITH"},{"floor":40,"key":"RECALL"},{"data":"champ:ShieldSlam","floor":43,"key":"SMITH"},{"data":"champ:RisingSlash","floor":46,"key":"SMITH"},{"data":"champ:CalledShot","floor":54,"key":"SMITH"}],"circlet_count":0,"master_deck":["champ:BringItOn","champ:DefensiveStyle+1","champ:Backstep","champ:Lariat+1","champ:FanOfKnives+1","champ:SetATrap+1","champ:CalledShot+1","champ:FocusedBerserking+1","champ:RageSigil+1","champ:Lariat+1","champ:RageSigil","champ:ShieldSlam+1","champ:RageSigil","champ:Endure","champ:HeartStrike","champ:RisingSlash+1","champ:Improvising+1","champ:DefensiveStyle+1","expansioncontent:Chronoboost+1","Pain","champ:EndlessRage+1","champ:LastStand+1","champ:SwordSigil+1","champ:EnragedBash+1","champ:DancingMaster+1","champ:BerserkersShout+1","champ:FancyFootwork+1","champ:PreemptiveStrike+1","champ:FancyFootwork+1","champ:FaceSlap","champ:Encircle+1","champ:Improvising+1"],"relics":["champ:ChampionCrown","champ:ChampStancesModRelic","TungstenRod","Incense Burner","War Paint","Anchor","Golden Idol","Letter Opener","champ:BerserkersGuideToSlaughter","Blood Vial","sneckomod:SneckoTalon","Ice Cream","Frozen Egg 2","sneckomod:BlankCard","InkBottle","Smiling Mask","Pear","SacredBark","Mango","PreservedInsect","The Courier","Toxic Egg 2","downfall:HeartBlessingGreen","downfall:HeartBlessingBlue","downfall:HeartBlessingRed","Regal Pillow","Sling","bronze:DecasWashers","Blue Candle","Thread and Needle"],"acts_visited":["Exordium","TheCity","TheBeyond","TheEnding"],"potions_floor_usage":[29,42,50,56],"damage_taken":[{"damage":48,"enemies":"Small Slimes","floor":2,"turns":4},{"damage":0,"enemies":"2 Louse","floor":3,"turns":2},{"damage":100,"enemies":"3 Sentries","floor":6,"turns":7},{"damage":40,"enemies":"Gremlin Nob","floor":10,"turns":4},{"damage":36,"enemies":"downfall:FleeingMerchant","floor":11,"turns":4},{"damage":14,"enemies":"Lagavulin","floor":12,"turns":2},{"damage":20,"enemies":"Jaw Worm","floor":13,"turns":3},{"damage":0,"enemies":"Looter","floor":15,"turns":2},{"damage":35,"enemies":"SI_SHIV_ARCHETYPE","floor":16,"turns":4},{"damage":0,"enemies":"downfall:LooterAlt2","floor":19,"turns":3},{"damage":88,"enemies":"downfall:FleeingMerchant","floor":21,"turns":4},{"damage":20,"enemies":"3 Byrds","floor":22,"turns":3},{"damage":8,"enemies":"Sentry and Sphere","floor":26,"turns":3},{"damage":47,"enemies":"Book of Stabbing","floor":28,"turns":5},{"damage":140,"enemies":"Gremlin Leader","floor":29,"turns":7},{"damage":13,"enemies":"Book of Stabbing","floor":30,"turns":4},{"damage":66,"enemies":"3 Cultists","floor":32,"turns":4},{"damage":76,"enemies":"DF_ARCHETYPE_CLAW","floor":33,"turns":3},{"damage":68,"enemies":"3 Darklings","floor":36,"turns":3},{"damage":78,"enemies":"downfall:FleeingMerchant","floor":37,"turns":4},{"damage":4,"enemies":"3 Shapes","floor":39,"turns":4},{"damage":38,"enemies":"Reptomancer","floor":42,"turns":3},{"damage":52,"enemies":"Nemesis","floor":44,"turns":5},{"damage":50,"enemies":"Giant Head","floor":47,"turns":4},{"damage":91,"enemies":"Maw","floor":49,"turns":3},{"damage":62,"enemies":"IC_BLOCK_ARCHETYPE","floor":50,"turns":5},{"damage":14,"enemies":"downfall:CharBossMerchant","floor":52,"turns":5},{"damage":87,"enemies":"downfall:NeowBoss","floor":55,"turns":7},{"damage":160,"enemies":"downfall:NeowBossFinal","floor":56,"turns":8}],"seed_played":"-2731022513575221079","potions_obtained":[{"floor":10,"key":"champ:CounterPotion"},{"floor":13,"key":"sneckomod:MuddlingPotion"},{"floor":22,"key":"DistilledChaos"},{"floor":28,"key":"SkillPotion"},{"floor":29,"key":"champ:OpenerPotion"},{"floor":42,"key":"champ:OpenerPotion"},{"floor":49,"key":"LiquidMemories"},{"floor":52,"key":"AttackPotion"}],"is_trial":true,"path_per_floor":["R","M","M","?","?","E","T","?","R","E","$","E","M","?","M","B",null,"R","M","?","$","M","R","T","?","M","?","E","E","E","T","M","B",null,"R","M","$","?","M","R","T","E","R","E","$","R","E","T","M","B",null,"E","$","R","B","B",null],"character_chosen":"THE_CHAMP","items_purchased":["champ:BerserkersGuideToSlaughter","Ice Cream","expansioncontent:Chronoboost","Mango","PreservedInsect","Sling","champ:Improvising+1"],"campfire_rested":0,"item_purchase_floors":[11,21,21,37,37,45,53],"current_hp_per_floor":[90,90,90,81,81,82,82,61,61,42,48,62,90,73,80,90,90,90,90,90,90,90,90,90,90,90,90,90,90,90,100,100,100,100,100,100,114,114,114,114,114,114,124,124,124,124,124,124,116,124,124,124,124,124,124,79],"gold":84,"neow_bonus":"","is_daily":false,"chose_seed":false,"campfire_upgraded":8,"win_rate":0.0,"timestamp":1613813605,"path_taken":["R","M","M","?","?","E","T","?","R","E","$","E","?","?","M","BOSS","R","M","?","$","?","R","T","?","?","?","E","E","E","?","M","BOSS","R","M","$","?","M","R","T","E","R","E","$","R","E","?","M","BOSS","E","$","R","BOSS","BOSS"],"items_purchased_type":["Relic","Relic","Card","Relic","Relic","Relic","Card"],"build_version":"2020-12-22","purchased_purges":1,"victory":true,"max_hp_per_floor":[90,90,90,90,90,90,90,90,90,90,90,90,90,90,90,90,90,90,90,90,90,90,90,90,90,90,90,90,90,90,100,100,100,100,100,100,114,114,114,114,114,114,124,124,124,124,124,124,124,124,124,124,124,124,124,124],"card_choices":[{"not_picked":["champ:Shatter","champ:Endure"],"picked":"champ:RageSigil","floor":2},{"not_picked":["champ:StanceDance","champ:Parry"],"picked":"champ:BerserkerStyle","floor":3},{"not_picked":["champ:ViciousMockery","champ:BerserkersShout"],"picked":"champ:ShieldSlam","floor":6},{"not_picked":["champ:Haymaker","champ:AdrenalArmor","champ:ShieldSigil"],"picked":"SKIP","floor":10},{"not_picked":["champ:Endure","champ:CrookedStrike"],"picked":"champ:RageSigil","floor":11},{"not_picked":["champ:EnGarde","champ:PreciseThrust"],"picked":"champ:Endure","floor":12},{"not_picked":["champ:StanceDance","champ:PerfectedStrike"],"picked":"champ:HeartStrike","floor":13},{"not_picked":["champ:HeartStrike","champ:DeathBlow"],"picked":"champ:RisingSlash","floor":15},{"not_picked":["champ:HoldFirm","champ:MurderStrike"],"picked":"champ:Improvising","floor":16},{"not_picked":["champ:FlashCut","champ:FocusedBerserking"],"picked":"champ:DefensiveStyle+1","floor":19},{"not_picked":["champ:Circumvent","champ:ShieldSigil","champ:ViciousMockery"],"picked":"SKIP","floor":21},{"not_picked":["champ:EnGarde","champ:BringItOn","champ:CrownThrow"],"picked":"SKIP","floor":22},{"not_picked":["champ:GutPunch","champ:ShieldSigil","champ:TornadoPunch"],"picked":"SKIP","floor":26},{"not_picked":["champ:RapidStrikes","champ:BerserkersShout"],"picked":"champ:EndlessRage+1","floor":28},{"not_picked":["champ:EnchantSword","champ:FancyFootwork"],"picked":"champ:LastStand+1","floor":29},{"not_picked":["champ:ViciousMockery","champ:Shatter"],"picked":"champ:SwordSigil","floor":30},{"not_picked":["champ:Backstep","champ:EnGarde"],"picked":"champ:EnragedBash+1","floor":32},{"not_picked":["champ:Improvising+1","champ:LastStand+1"],"picked":"champ:DancingMaster+1","floor":33},{"not_picked":["champ:BringItOn","champ:PerfectedStrike+1"],"picked":"champ:BerserkersShout+1","floor":36},{"not_picked":["champ:GutPunch","champ:Circumvent","champ:BladeFlurry+1"],"picked":"SKIP","floor":37},{"not_picked":["champ:AdrenalArmor","champ:PreciseThrust"],"picked":"champ:FancyFootwork+1","floor":39},{"not_picked":["champ:DeathBlow","champ:Haymaker+1"],"picked":"champ:PreemptiveStrike+1","floor":42},{"not_picked":["champ:BerserkersShout+1","champ:DefensiveShout+1"],"picked":"champ:FancyFootwork+1","floor":44},{"not_picked":["champ:FlashCut","champ:CrookedStrike+1"],"picked":"champ:FaceSlap","floor":47},{"not_picked":["champ:HeartStrike+1","champ:CrownThrow+1","champ:PerfectedStrike"],"picked":"SKIP","floor":49},{"not_picked":["champ:PreciseThrust","champ:EnragedBash+1"],"picked":"champ:Encircle+1","floor":52}],"player_experience":857549,"relics_obtained":[{"floor":6,"key":"War Paint"},{"floor":7,"key":"Anchor"},{"floor":10,"key":"Letter Opener"},{"floor":12,"key":"Blood Vial"},{"floor":28,"key":"sneckomod:BlankCard"},{"floor":29,"key":"InkBottle"},{"floor":30,"key":"Smiling Mask"},{"floor":31,"key":"Pear"},{"floor":41,"key":"The Courier"},{"floor":42,"key":"Toxic Egg 2"},{"floor":44,"key":"Regal Pillow"},{"floor":47,"key":"bronze:DecasWashers"},{"floor":48,"key":"Blue Candle"},{"floor":52,"key":"Thread and Needle"}],"event_choices":[{"damage_healed":0,"gold_gain":0,"player_choice":"Success","damage_taken":12,"relics_obtained":["Incense Burner"],"max_hp_gain":0,"max_hp_loss":0,"event_name":"Scrap Ooze","floor":4,"gold_loss":0},{"damage_healed":0,"gold_gain":0,"player_choice":"Grow","damage_taken":0,"max_hp_gain":0,"max_hp_loss":0,"event_name":"Living Wall","floor":5,"gold_loss":0,"cards_upgraded":["champ:Lariat"]},{"damage_healed":0,"gold_gain":0,"player_choice":"Take Damage","damage_taken":22,"relics_obtained":["Golden Idol"],"max_hp_gain":0,"max_hp_loss":0,"event_name":"Golden Idol","floor":8,"gold_loss":0},{"damage_healed":0,"gold_gain":0,"player_choice":"Entered Light","damage_taken":18,"max_hp_gain":0,"max_hp_loss":0,"event_name":"Shining Light","floor":14,"gold_loss":0,"cards_upgraded":["champ:FanOfKnives","champ:DefensiveStyle"]},{"cards_removed":["champ:BerserkerStyle"],"damage_healed":0,"gold_gain":0,"player_choice":"Removed Power","damage_taken":0,"max_hp_gain":0,"max_hp_loss":0,"event_name":"Falling","floor":38,"gold_loss":0}],"is_beta":false,"boss_relics":[{"not_picked":["Velvet Choker","Cursed Key"],"picked":"sneckomod:SneckoTalon"},{"not_picked":["Tiny House","Astrolabe"],"picked":"SacredBark"}],"items_purged_floors":[21],"is_endless":false,"potions_floor_spawned":[10,13,15,22,28,29,30,33,39,42,49,52],"ascension_level":0}}