{"host":"zsnmfqgcm92hlreo","time":1613805864,"event":{"mods":["AchievementEnabler","BaseMod","Bestiary","Block Reminder","Colored Map","Colored Powertips","Filter the Spire","Minty Spire (QoL Compilation)","Permanent Neow","Quick Restart","Relic Stats","StSLib","Weighted Paths"],"gold_per_floor":[113,133,144,219,369,400,365,398,472,501,551,551,18,36,36,107,107,125,143,156,176,176,176,92,92,92,121,133,159,171,209,221,307,319,351,375,403,432,282,311,311,327,327,327,354,354,379,389,389,389,389,389],"floor_reached":51,"language":"ENG","playtime":2818,"items_purged":["Doubt"],"score":1680,"play_id":"00e54165-b163-4f0a-9fe9-dd3fa00dbdc0","local_time":"20210220012424","is_ascension_mode":true,"campfire_choices":[{"floor":12.0,"key":"REST"},{"data":"Armaments","floor":15.0,"key":"SMITH"},{"data":"Dual Wield","floor":23.0,"key":"SMITH"},{"data":"Heavy Blade","floor":25.0,"key":"SMITH"},{"data":"Double Tap","floor":30.0,"key":"SMITH"},{"data":"Spot Weakness","floor":32.0,"key":"SMITH"},{"floor":41.0,"key":"REST"},{"floor":49,"key":"RECALL"}],"circlet_count":0,"master_deck":["AscendersBane","Strike_R","Strike_R+1","Strike_R","Strike_R","Strike_R","Defend_R","Defend_R","Defend_R","Defend_R+1","Bash","Feel No Pain","Heavy Blade+1","Perfected Strike","Clothesline+1","Rampage","Spot Weakness+1","Corruption","Dark Embrace","Armaments+1","Body Slam","Reaper","Flame Barrier","Dual Wield+1","Pommel Strike+1","Fiend Fire","Feel No Pain","Entrench","Double Tap+1","Limit Break","Battle Trance+1","Entrench+1","Combust+1","Disarm+1","Shrug It Off","Decay","Juggernaut","Shrug It Off"],"relics":["Snecko Eye","Bird Faced Urn","Dream Catcher","Self Forming Clay","Matryoshka","Happy Flower","Strange Spoon","Runic Cube","Potion Belt","Champion Belt","Anchor","MawBank","Centennial Puzzle","Cursed Key","Whetstone","Du-Vu Doll","War Paint","Darkstone Periapt","Girya"],"acts_visited":["Exordium","TheCity","TheBeyond"],"potions_floor_usage":[47,50],"damage_taken":[{"damage":2.0,"enemies":"Jaw Worm","floor":1.0,"turns":2.0},{"damage":13.0,"enemies":"Small Slimes","floor":2.0,"turns":5.0},{"damage":0.0,"enemies":"Cultist","floor":3.0,"turns":2.0},{"damage":13.0,"enemies":"3 Sentries","floor":6.0,"turns":6.0},{"damage":18.0,"enemies":"Lagavulin","floor":8.0,"turns":5.0},{"damage":6.0,"enemies":"Gremlin Nob","floor":10.0,"turns":3.0},{"damage":7.0,"enemies":"2 Fungi Beasts","floor":14.0,"turns":2.0},{"damage":18.0,"enemies":"Hexaghost","floor":16.0,"turns":7.0},{"damage":6.0,"enemies":"3 Byrds","floor":18.0,"turns":4.0},{"damage":0.0,"enemies":"Chosen","floor":19.0,"turns":4.0},{"damage":16.0,"enemies":"Centurion and Healer","floor":20.0,"turns":6.0},{"damage":16.0,"enemies":"Chosen and Byrds","floor":21.0,"turns":5.0},{"damage":0.0,"enemies":"Gremlin Leader","floor":27.0,"turns":4.0},{"damage":15.0,"enemies":"Snake Plant","floor":28.0,"turns":3.0},{"damage":5.0,"enemies":"Book of Stabbing","floor":29.0,"turns":3.0},{"damage":17.0,"enemies":"Gremlin Leader","floor":31.0,"turns":4.0},{"damage":67.0,"enemies":"Champ","floor":33.0,"turns":12.0},{"damage":1.0,"enemies":"Orb Walker","floor":35.0,"turns":2.0},{"damage":10.0,"enemies":"3 Darklings","floor":36.0,"turns":5.0},{"damage":7.0,"enemies":"Jaw Worm Horde","floor":37.0,"turns":3.0},{"damage":8.0,"enemies":"Spire Growth","floor":38.0,"turns":5.0},{"damage":68.0,"enemies":"Giant Head","floor":40.0,"turns":8.0},{"damage":15.0,"enemies":"Maw","floor":42.0,"turns":5.0},{"damage":15.0,"enemies":"Nemesis","floor":45.0,"turns":5.0},{"damage":45,"enemies":"Giant Head","floor":47,"turns":7},{"damage":0,"enemies":"3 Darklings","floor":48,"turns":3},{"damage":79,"enemies":"Donu and Deca","floor":50,"turns":9},{"damage":31,"enemies":"Time Eater","floor":51,"turns":3}],"seed_played":"-7683326113129703407","potions_obtained":[{"floor":1.0,"key":"Fruit Juice"},{"floor":6.0,"key":"EssenceOfSteel"},{"floor":14.0,"key":"DistilledChaos"},{"floor":20.0,"key":"SteroidPotion"},{"floor":21.0,"key":"Swift Potion"},{"floor":31.0,"key":"DuplicationPotion"},{"floor":33.0,"key":"FearPotion"},{"floor":37.0,"key":"LiquidMemories"},{"floor":38.0,"key":"ElixirPotion"},{"floor":47,"key":"Regen Potion"},{"floor":48,"key":"LiquidMemories"}],"is_trial":false,"path_per_floor":["M","M","M","?","?","E","?","E","T","E","?","R","$","M","R","B",null,"M","M","M","M","?","R","$","R","T","E","M","E","R","E","R","B",null,"M","M","M","M","$","E","R","M","T","?","E","?","E","M","R","B","B"],"character_chosen":"IRONCLAD","items_purchased":["Dark Embrace","Happy Flower","Strange Spoon","Armaments","Inflame","Whetstone"],"campfire_rested":2,"item_purchase_floors":[13,13,13,13,24,39],"current_hp_per_floor":[71,58,58,47,47,34,54,36,36,30,22,46,46,39,39,27,67,72,80,80,69,69,69,69,69,69,79,72,78,78,65,65,26,67,68,80,80,77,77,33,57,72,72,72,76,76,69,73,73,21,0,0],"gold":389,"neow_bonus":"BOSS_RELIC","is_daily":false,"chose_seed":false,"campfire_upgraded":5,"win_rate":0.0,"timestamp":1613805864,"path_taken":["M","M","M","?","?","E","?","E","T","E","?","R","$","?","R","BOSS","M","M","M","M","?","R","$","R","T","E","M","E","R","E","R","BOSS","M","?","M","M","$","E","R","M","T","?","E","?","E","M","R","BOSS","BOSS"],"items_purchased_type":["Card","Relic","Relic","Card","Card","Relic"],"build_version":"2020-12-22","purchased_purges":1,"victory":false,"max_hp_per_floor":[80,80,80,80,80,80,80,80,80,80,80,80,80,80,80,80,80,80,80,80,80,80,80,80,80,80,80,80,80,80,80,80,80,80,80,80,80,80,80,80,80,80,80,76,76,76,76,76,76,76,76,76],"relic_stats":{"Darkstone Periapt":0,"Happy Flower":[36],"counters":[28,132],"Self Forming Clay":[192],"Whetstone":["Clothesline","Strike_R"],"War Paint":["Disarm","Defend_R"],"MawBank":120,"Cursed Key":1,"Strange Spoon":[80],"Dream Catcher":2,"Centennial Puzzle":[33],"Bird Faced Urn":[132],"Snecko Eye":[280,295,254,246],"Champion Belt":[12],"obtain_stats":[{"Potion Belt":26,"Darkstone Periapt":45,"Girya":47,"Happy Flower":13,"Self Forming Clay":9,"Whetstone":39,"War Paint":43,"MawBank":29,"Cursed Key":34,"Burning Blood":0,"Du-Vu Doll":40,"Strange Spoon":13,"Dream Catcher":8,"Anchor":27,"Centennial Puzzle":31,"Matryoshka":10,"Bird Faced Urn":6,"Snecko Eye":0,"Champion Belt":26,"Runic Cube":17},{"Potion Belt":12,"Darkstone Periapt":24,"Girya":25,"Happy Flower":6,"Self Forming Clay":5,"Whetstone":21,"War Paint":23,"MawBank":15,"Cursed Key":17,"Burning Blood":0,"Du-Vu Doll":22,"Strange Spoon":6,"Dream Catcher":5,"Anchor":13,"Centennial Puzzle":16,"Matryoshka":6,"Bird Faced Urn":4,"Snecko Eye":0,"Champion Belt":12,"Runic Cube":8},{"Potion Belt":51,"Darkstone Periapt":110,"Girya":117,"Happy Flower":23,"Self Forming Clay":20,"Whetstone":92,"War Paint":105,"MawBank":61,"Cursed Key":77,"Burning Blood":0,"Du-Vu Doll":100,"Strange Spoon":23,"Dream Catcher":20,"Anchor":55,"Centennial Puzzle":65,"Matryoshka":23,"Bird Faced Urn":15,"Snecko Eye":0,"Champion Belt":51,"Runic Cube":32}],"Runic Cube":[54]},"card_choices":[{"not_picked":["Wild Strike","Thunderclap"],"picked":"Feel No Pain","floor":1.0},{"not_picked":["Dual Wield","Shrug It Off"],"picked":"Heavy Blade","floor":2.0},{"not_picked":["Reckless Charge","Clash"],"picked":"Perfected Strike","floor":3.0},{"not_picked":["Shrug It Off","Flex"],"picked":"Clothesline","floor":6.0},{"not_picked":["Seeing Red","Dark Embrace"],"picked":"Rampage","floor":8.0},{"not_picked":["Clash","Sever Soul"],"picked":"Spot Weakness","floor":10.0},{"not_picked":["Entrench","Clash"],"picked":"Corruption","floor":12.0},{"not_picked":["Thunderclap","Second Wind"],"picked":"Body Slam","floor":14.0},{"not_picked":["Feed","Demon Form"],"picked":"Reaper","floor":16.0},{"not_picked":["Headbutt","Carnage","Sword Boomerang+1"],"picked":"SKIP","floor":18.0},{"not_picked":["Dropkick","Armaments"],"picked":"Flame Barrier","floor":19.0},{"not_picked":["Anger","Armaments"],"picked":"Dual Wield","floor":20.0},{"not_picked":["Sentinel","Sever Soul"],"picked":"Pommel Strike+1","floor":21.0},{"not_picked":["Rage","Clothesline","Metallicize"],"picked":"SKIP","floor":27.0},{"not_picked":["Evolve","Carnage+1"],"picked":"Entrench","floor":28.0},{"not_picked":["True Grit","Cleave"],"picked":"Double Tap","floor":29.0},{"not_picked":["Perfected Strike","Warcry","Anger"],"picked":"SKIP","floor":31.0},{"not_picked":["Offering","Bludgeon"],"picked":"Limit Break","floor":33.0},{"not_picked":["Clothesline","Anger"],"picked":"Battle Trance+1","floor":35.0},{"not_picked":["Havoc","Power Through+1"],"picked":"Entrench+1","floor":36.0},{"not_picked":["Pommel Strike","Flex+1","Clothesline"],"picked":"SKIP","floor":37.0},{"not_picked":["Havoc","Metallicize"],"picked":"Combust+1","floor":38.0},{"not_picked":["Flex+1","Warcry"],"picked":"Disarm","floor":40.0},{"not_picked":["Dropkick","Ghostly Armor+1"],"picked":"Shrug It Off","floor":41.0},{"not_picked":["Warcry","Cleave","Flex"],"picked":"SKIP","floor":42.0},{"not_picked":["Blood for Blood+1","Intimidate+1","Evolve"],"picked":"SKIP","floor":45.0},{"not_picked":["Cleave","Body Slam"],"picked":"Juggernaut","floor":47},{"not_picked":["Wild Strike+1","Armaments"],"picked":"Shrug It Off","floor":48}],"player_experience":1240722,"relics_obtained":[{"floor":6.0,"key":"Bird Faced Urn"},{"floor":8.0,"key":"Dream Catcher"},{"floor":9.0,"key":"Self Forming Clay"},{"floor":10.0,"key":"Matryoshka"},{"floor":26.0,"key":"Potion Belt"},{"floor":26.0,"key":"Champion Belt"},{"floor":27.0,"key":"Anchor"},{"floor":29.0,"key":"MawBank"},{"floor":31.0,"key":"Centennial Puzzle"},{"floor":40.0,"key":"Du-Vu Doll"},{"floor":43.0,"key":"War Paint"},{"floor":45.0,"key":"Darkstone Periapt"},{"floor":47,"key":"Girya"}],"event_choices":[{"damage_healed":0.0,"max_hp_gain":0.0,"max_hp_loss":0.0,"gold_gain":75.0,"event_name":"World of Goop","player_choice":"Gather Gold","floor":4.0,"gold_loss":0.0,"damage_taken":11.0},{"damage_healed":0.0,"max_hp_gain":0.0,"max_hp_loss":0.0,"gold_gain":150.0,"event_name":"Liars Game","player_choice":"AGREE","floor":5.0,"gold_loss":0.0,"damage_taken":0.0,"cards_obtained":["Doubt"]},{"damage_healed":20.0,"max_hp_gain":0.0,"max_hp_loss":0.0,"gold_gain":0.0,"event_name":"The Cleric","player_choice":"Healed","floor":7.0,"gold_loss":35.0,"damage_taken":0.0},{"damage_healed":0.0,"max_hp_gain":0.0,"max_hp_loss":0.0,"gold_gain":50.0,"event_name":"FaceTrader","player_choice":"Touch","floor":11.0,"gold_loss":0.0,"damage_taken":8.0},{"damage_healed":0.0,"max_hp_gain":0.0,"max_hp_loss":0.0,"gold_gain":0.0,"event_name":"Match and Keep!","player_choice":"2 cards matched","floor":22.0,"gold_loss":0.0,"damage_taken":0.0,"cards_obtained":["Fiend Fire","Feel No Pain"]},{"damage_healed":0.0,"max_hp_gain":0.0,"max_hp_loss":4.0,"gold_gain":0.0,"event_name":"Winding Halls","player_choice":"Max HP","floor":44.0,"gold_loss":0.0,"damage_taken":0.0},{"cards_removed":["Inflame"],"damage_healed":0.0,"max_hp_gain":0.0,"max_hp_loss":0.0,"gold_gain":0.0,"event_name":"Falling","player_choice":"Removed Power","floor":46.0,"gold_loss":0.0,"damage_taken":0.0}],"is_beta":false,"boss_relics":[{"not_picked":["Tiny House","SacredBark"],"picked":"Runic Cube"},{"not_picked":["Busted Crown","Philosopher\u0027s Stone"],"picked":"Cursed Key"}],"items_purged_floors":[13],"is_endless":false,"potions_floor_spawned":[1,6,14,20,21,31,33,37,38,47,48],"killed_by":"Time Eater","ascension_level":20}}