{"host":"i2ieyndca3ivj85d","time":1613782926,"event":{"mods":["Act Like it!","Arknights","BaseMod","Minty Spire (QoL Compilation)","Quick Restart","StSLib","¡¾ÒÅÎï¿¨ÅÆ¡¿REMEMod"],"gold_per_floor":[113,128,303,303,322,357,370,370,370,370,38,48,61,89,89,192,192,208,208,226,226,240,268,268,286,286,201,221,256,273,373,373,474,474,485,108,0,0,0,29,45,73,100,450,498,53,53,81,81,81],"floor_reached":51,"language":"ZHS","playtime":2446,"items_purged":["ats:Strike V","ats:Strike G"],"score":830,"play_id":"e32d85a3-eb3b-42cf-b602-9f18fe54e126","local_time":"20210220090206","is_ascension_mode":false,"campfire_choices":[{"data":"Limit Break","floor":8.0,"key":"SMITH"},{"data":"ats:Flexible Camouflage","floor":10.0,"key":"SMITH"},{"data":"ats:Healing Drone","floor":15.0,"key":"SMITH"},{"data":"ats:Flexible Camouflage","floor":24.0,"key":"SMITH"},{"data":"ats:Nebulous Foxfire","floor":32.0,"key":"SMITH"},{"data":"ats:Ambush","floor":49,"key":"SMITH"}],"circlet_count":0,"master_deck":["ats:Armor Crushing Shot","ats:Defend","ats:Defend","ats:Defend","ats:Emotion Absorption","Limit Break+1","ats:Closed Bolt Burst Fire+1","ats:Flexible Camouflage+1","ats:Charging Defense","ats:Healing Drone+1","ats:Overload+1","ats:Overload","ats:Flexible Camouflage+1","ats:Nebulous Foxfire+1","ats:Charging Defense","ats:Overload","ats:Explosion Area Strengthen+1","ats:Ambush+1","ats:Charging Defense","ats:Shadow Assault","ats:Encircling Forest+1"],"relics":["ats:Sanity","REME_ComplimentaryCards","NeowsBlessing","ats:Originium","Mercury Hourglass","ats:Ability Aura","Juzu Bracelet","Du-Vu Doll","Empty Cage","ats:Lavender","REME_LimitBreaker","ats:Berate","Bronze Scales","Black Star","Whetstone","Regal Pillow","Red Mask","Centennial Puzzle","Pen Nib","ats:Rhine Circuitry","Bottled Lightning","Ancient Tea Set","Old Coin","ats:Gyao","HornCleat"],"acts_visited":["Exordium","TheCity","TheBeyond"],"potions_floor_usage":[40,40],"damage_taken":[{"damage":0.0,"enemies":"Jaw Worm","floor":1.0,"turns":1.0},{"damage":0.0,"enemies":"ats:Genji","floor":2.0,"turns":1.0},{"damage":0.0,"enemies":"2 Louse","floor":5.0,"turns":1.0},{"damage":20.0,"enemies":"Lagavulin","floor":6.0,"turns":8.0},{"damage":11.0,"enemies":"Exordium Wildlife","floor":7.0,"turns":4.0},{"damage":0.0,"enemies":"Looter","floor":12.0,"turns":4.0},{"damage":0.0,"enemies":"Gremlin Gang","floor":13.0,"turns":4.0},{"damage":29.0,"enemies":"Gremlin Nob","floor":14.0,"turns":4.0},{"damage":8.0,"enemies":"Hexaghost","floor":16.0,"turns":8.0},{"damage":17.0,"enemies":"Chosen","floor":18.0,"turns":5.0},{"damage":3.0,"enemies":"3 Byrds","floor":20.0,"turns":5.0},{"damage":23.0,"enemies":"Centurion and Healer","floor":22.0,"turns":3.0},{"damage":17.0,"enemies":"Book of Stabbing","floor":23.0,"turns":4.0},{"damage":26.0,"enemies":"Cultist and Chosen","floor":25.0,"turns":8.0},{"damage":0.0,"enemies":"3 Cultists","floor":28.0,"turns":2.0},{"damage":51.0,"enemies":"Slavers","floor":29.0,"turns":5.0},{"damage":20.0,"enemies":"Centurion and Healer","floor":30.0,"turns":7.0},{"damage":48.0,"enemies":"Champ","floor":33.0,"turns":10.0},{"damage":30.0,"enemies":"3 Darklings","floor":35.0,"turns":4.0},{"damage":47,"enemies":"Nemesis","floor":40,"turns":6},{"damage":11,"enemies":"Orb Walker","floor":41,"turns":3},{"damage":30,"enemies":"Giant Head","floor":42,"turns":13},{"damage":8,"enemies":"Mind Bloom Boss Battle","floor":44,"turns":4},{"damage":30,"enemies":"2 Orb Walkers","floor":45,"turns":6},{"damage":7,"enemies":"Jaw Worm Horde","floor":48,"turns":3},{"damage":55,"enemies":"Donu and Deca","floor":50,"turns":16}],"seed_played":"5461545175505531931","potions_obtained":[{"floor":6.0,"key":"ats:Flame Arts Potion"},{"floor":12.0,"key":"EssenceOfSteel"},{"floor":16.0,"key":"FairyPotion"},{"floor":20.0,"key":"Swift Potion"},{"floor":25.0,"key":"AttackPotion"},{"floor":29.0,"key":"Strength Potion"},{"floor":42,"key":"PowerPotion"},{"floor":44,"key":"Block Potion"},{"floor":45,"key":"Energy Potion"}],"is_trial":false,"path_per_floor":["M","M","?","?","M","E","M","R","T","R","$","M","M","E","R","B",null,"M","?","M","?","M","E","R","M","T","?","M","E","M","?","R","B",null,"M","$","?","?","?","E","M","E","T","?","?","$","?","M","R","B",null],"character_chosen":"DOCTOR_CLASS","items_purchased":["ats:Overload","ats:Ability Aura","Juzu Bracelet","Whetstone","Regal Pillow","HornCleat","CultistPotion"],"campfire_rested":0,"item_purchase_floors":[11,11,11,36,36,46,46],"current_hp_per_floor":[72,72,72,72,72,52,41,41,41,41,41,47,53,30,30,38,72,65,65,72,59,47,30,30,39,39,39,40,30,29,29,29,23,77,57,57,57,57,57,22,20,57,57,69,62,62,62,64,64,48],"gold":81,"neow_bonus":"THREE_ENEMY_KILL","is_daily":false,"chose_seed":false,"campfire_upgraded":6,"win_rate":0.0,"timestamp":1613782926,"path_taken":["M","M","?","?","?","E","M","R","T","R","$","M","M","E","R","BOSS","M","?","M","?","M","E","R","M","T","?","M","E","M","?","R","BOSS","M","$","?","?","?","E","M","E","T","?","?","?","?","M","R","BOSS"],"items_purchased_type":["Card","Relic","Relic","Relic","Relic","Relic","Potion"],"build_version":"2020-12-22","purchased_purges":2,"victory":true,"max_hp_per_floor":[72,72,72,72,72,72,72,72,72,72,72,72,72,72,72,72,72,72,72,72,77,77,77,77,77,77,77,77,77,77,77,77,77,77,77,77,77,77,77,77,77,77,77,77,77,77,73,73,73,73],"card_choices":[{"not_picked":["ats:Hook Shot","ats:Guard Mode"],"picked":"ats:Closed Bolt Burst Fire","floor":1.0},{"not_picked":["ats:Blood Oath","ats:Absolute Focus"],"picked":"ats:Flexible Camouflage","floor":2.0},{"not_picked":["ats:Cat Scratch","ats:Very Hot Blade"],"picked":"ats:Charging Defense","floor":5.0},{"not_picked":["ats:Poison Spread","ats:Ignite","ats:Counter Healing Mode"],"picked":"SKIP","floor":6.0},{"not_picked":["ats:Neurotoxin","ats:Apocalypse"],"picked":"ats:Healing Drone","floor":7.0},{"not_picked":["ats:Serious Mode","ats:Blood Oath"],"picked":"ats:Overload","floor":12.0},{"not_picked":["ats:Powerful Strike","ats:Shell Defense","ats:Dogmatic Field"],"picked":"SKIP","floor":13.0},{"not_picked":["ats:Leaping Hammer","ats:Blood Oath"],"picked":"ats:Flexible Camouflage","floor":14.0},{"not_picked":["ats:Calcification","ats:True Silver Slash"],"picked":"ats:Nebulous Foxfire","floor":16.0},{"not_picked":["ats:Directed Diagnosis","ats:Powerful Strike"],"picked":"ats:Charging Defense","floor":18.0},{"not_picked":["ats:Hammer On","ats:Revitalization","ats:Sashimi Platter+1"],"picked":"SKIP","floor":20.0},{"not_picked":["ats:Guard Mode","ats:Steam Pump","ats:Phantom+1"],"picked":"SKIP","floor":22.0},{"not_picked":["ats:Guard Mode","ats:Closed Bolt Burst Fire"],"picked":"ats:Overload","floor":23.0},{"not_picked":["ats:Absolute Focus","ats:Guard Mode","ats:Apocalypse"],"picked":"SKIP","floor":25.0},{"not_picked":["ats:Curse Doll","ats:Part Time Job","ats:Guardian Obelisk"],"picked":"SKIP","floor":28.0},{"not_picked":["ats:Very Hot Blade","ats:Chain Hook"],"picked":"ats:Explosion Area Strengthen+1","floor":29.0},{"not_picked":["ats:Revitalization","ats:Directed Diagnosis+1","ats:Consecutive Shot Auto+1"],"picked":"SKIP","floor":30.0},{"not_picked":["ats:Soul Rend","ats:Volcano"],"picked":"ats:Ambush","floor":33.0},{"not_picked":["ats:Absolute Focus","ats:Apocalypse+1","ats:Overload+1"],"picked":"SKIP","floor":35.0},{"not_picked":["ats:Explosion Area Strengthen+1","ats:Apocalypse+1"],"picked":"ats:Charging Defense","floor":40},{"not_picked":["ats:Automatic Cover+1","ats:Hammer On+1"],"picked":"ats:Shadow Assault","floor":41},{"not_picked":["ats:Assault Order+1","ats:Shell Defense","ats:Guard Mode"],"picked":"SKIP","floor":42},{"not_picked":["ats:Ignite","ats:Red Shift+1"],"picked":"ats:Encircling Forest+1","floor":45},{"not_picked":["ats:Closed Bolt Burst Fire","ats:Explosion Area Strengthen","ats:Cat Scratch"],"picked":"SKIP","floor":48}],"player_experience":180121,"relics_obtained":[{"floor":6.0,"key":"ats:Originium"},{"floor":6.0,"key":"Mercury Hourglass"},{"floor":14.0,"key":"ats:Originium"},{"floor":14.0,"key":"Du-Vu Doll"},{"floor":23.0,"key":"ats:Originium"},{"floor":23.0,"key":"ats:Lavender"},{"floor":26.0,"key":"REME_LimitBreaker"},{"floor":29.0,"key":"ats:Originium"},{"floor":29.0,"key":"Bronze Scales"},{"floor":40,"key":"Centennial Puzzle"},{"floor":40,"key":"Pen Nib"},{"floor":42,"key":"ats:Rhine Circuitry"},{"floor":42,"key":"Bottled Lightning"},{"floor":43,"key":"Ancient Tea Set"},{"floor":44,"key":"Old Coin"},{"floor":45,"key":"ats:Gyao"}],"event_choices":[{"damage_healed":0.0,"max_hp_gain":0.0,"max_hp_loss":0.0,"gold_gain":175.0,"event_name":"Liars Game","player_choice":"AGREE","floor":3.0,"gold_loss":0.0,"damage_taken":0.0,"cards_obtained":["Doubt"]},{"cards_removed":["Doubt"],"damage_healed":0.0,"max_hp_gain":0.0,"max_hp_loss":0.0,"gold_gain":0.0,"event_name":"Wheel of Change","player_choice":"Card Removal","floor":4.0,"gold_loss":0.0,"damage_taken":0.0},{"damage_healed":0.0,"max_hp_gain":0.0,"max_hp_loss":0.0,"gold_gain":0.0,"event_name":"Ghosts","player_choice":"Ignored","floor":19.0,"gold_loss":0.0,"damage_taken":0.0},{"damage_healed":0.0,"max_hp_gain":5.0,"max_hp_loss":0.0,"gold_gain":0.0,"event_name":"Forgotten Altar","player_choice":"Shed Blood","floor":21.0,"gold_loss":0.0,"damage_taken":18.0},{"damage_healed":0.0,"max_hp_gain":0.0,"max_hp_loss":0.0,"gold_gain":0.0,"event_name":"Addict","player_choice":"Obtained Relic","floor":27.0,"gold_loss":85.0,"damage_taken":0.0,"relics_obtained":["ats:Berate"]},{"damage_healed":0.0,"max_hp_gain":0.0,"max_hp_loss":0.0,"gold_gain":100.0,"event_name":"Golden Shrine","player_choice":"Pray","floor":31.0,"gold_loss":0.0,"damage_taken":0.0},{"damage_healed":0.0,"max_hp_gain":0.0,"max_hp_loss":0.0,"gold_gain":0.0,"event_name":"Tomb of Lord Red Mask","player_choice":"Paid","floor":37.0,"gold_loss":108.0,"damage_taken":0.0,"relics_obtained":["Red Mask"]},{"cards_removed":["ats:Strike S"],"damage_healed":0.0,"max_hp_gain":0.0,"max_hp_loss":0.0,"gold_gain":0.0,"event_name":"Falling","player_choice":"Removed Attack","floor":38.0,"gold_loss":0.0,"damage_taken":0.0},{"damage_healed":0.0,"max_hp_gain":0.0,"max_hp_loss":0.0,"gold_gain":0.0,"event_name":"SensoryStone","player_choice":"Memory 1","floor":39.0,"gold_loss":0.0,"damage_taken":0.0},{"damage_healed":0,"gold_gain":0,"player_choice":"Fight","damage_taken":0,"max_hp_gain":0,"max_hp_loss":0,"event_name":"MindBloom","floor":44,"gold_loss":0},{"damage_healed":0,"gold_gain":0,"player_choice":"Fight","damage_taken":0,"max_hp_gain":0,"max_hp_loss":0,"event_name":"Mysterious Sphere","floor":45,"gold_loss":0},{"damage_healed":0,"gold_gain":0,"player_choice":"Max HP","damage_taken":0,"max_hp_gain":0,"max_hp_loss":4,"event_name":"Winding Halls","floor":47,"gold_loss":0}],"is_beta":false,"boss_relics":[{"not_picked":["SlaversCollar","Runic Pyramid"],"picked":"Empty Cage"},{"not_picked":["Coffee Dripper","Tiny House"],"picked":"Black Star"}],"items_purged_floors":[36,46],"is_endless":false,"potions_floor_spawned":[6,12,16,20,25,28,29,42,44,45],"ascension_level":0}}