{"host":"g30nqawcgetcyrcb","time":1613805035,"event":{"mods":["BaseMod","Colored Powertips","Minty Spire (QoL Compilation)","StSLib","The Cursed"],"gold_per_floor":[119,129,129,141,158,185,205,205,275,34,54,68,86,98,98,195,195,214,227,237,251,251,251,262,289,312,312,166,183,98,116,116,220,220,238,238,249,304,304,304,322,342,365,365,377,377,67,86,86,86,86],"floor_reached":50,"language":"ENG","playtime":5233,"items_purged":["TheCursedMod:Strike_TheCursed"],"score":524,"play_id":"f7d4dff7-778d-4785-9042-ad836333c305","local_time":"20210220001035","is_ascension_mode":false,"campfire_choices":[{"floor":8,"key":"REST"},{"floor":15,"key":"REST"},{"floor":23,"key":"REST"},{"data":"TheCursedMod:HellsGateOpen","floor":27,"key":"SMITH"},{"floor":32,"key":"REST"},{"data":"TheCursedMod:SurpriseAttack","floor":40,"key":"SMITH"},{"floor":44,"key":"REST"},{"floor":46,"key":"REST"},{"floor":49,"key":"REST"}],"circlet_count":0,"master_deck":["TheCursedMod:Defend_TheCursed","TheCursedMod:Defend_TheCursed","TheCursedMod:Defend_TheCursed","TheCursedMod:Defend_TheCursed","TheCursedMod:CursedWand","TheCursedMod:CleanUpWorkshop","TheCursedMod:Dregs","TheCursedMod:CursedBlade","TheCursedMod:SpitefulStrike","TheCursedMod:CircleOfFlame","TheCursedMod:Obscuration","TheCursedMod:CircleOfCorruption","TheCursedMod:ReleasedKnowledge","TheCursedMod:HellsGateOpen+1","TheCursedMod:CursedMace","TheCursedMod:CursedBlade","TheCursedMod:CursedBoomerang","TheCursedMod:FleshFromBone","TheCursedMod:PrepareRite","TheCursedMod:DemonicPact","TheCursedMod:CursedShiv","TheCursedMod:SurpriseAttack","TheCursedMod:RapidMovement+1","TheCursedMod:PrepareRite","TheCursedMod:CircleOfCorruption","TheCursedMod:SmokeScreen","TheCursedMod:SurpriseAttack+1","TheCursedMod:BloodBarrier","TheCursedMod:WearCloak","TheCursedMod:SurpriseAttack+1","TheCursedMod:CursedShiv","TheCursedMod:WearCloak","TheCursedMod:CircleOfAbyss","TheCursedMod:SpitefulStrike+1","TheCursedMod:CircleOfCorruption+1","TheCursedMod:SpitefulPlan+1","Parasite","TheCursedMod:Stigma+1","TheCursedMod:HellfireBreathing+1","TheCursedMod:CircleOfCorruption+1","TheCursedMod:Grudge+1"],"relics":["TheCursedMod:BlackMagic101","Vajra","HornCleat","Happy Flower","Sozu","Peace Pipe","Boot","Anchor","SlaversCollar","TheCursedMod:MagicCandle","PreservedInsect","TheCursedMod:PinkPellets","Nunchaku"],"acts_visited":["Exordium","TheCity","TheBeyond"],"potions_floor_usage":[6,33,33,41],"damage_taken":[{"damage":4,"enemies":"Jaw Worm","floor":1,"turns":5},{"damage":0,"enemies":"Cultist","floor":2,"turns":3},{"damage":3,"enemies":"2 Louse","floor":4,"turns":2},{"damage":0,"enemies":"Large Slime","floor":5,"turns":4},{"damage":38,"enemies":"3 Sentries","floor":6,"turns":10},{"damage":13,"enemies":"Exordium Wildlife","floor":7,"turns":4},{"damage":0,"enemies":"2 Fungi Beasts","floor":11,"turns":3},{"damage":10,"enemies":"Exordium Thugs","floor":12,"turns":2},{"damage":11,"enemies":"Red Slaver","floor":13,"turns":4},{"damage":0,"enemies":"Exordium Wildlife","floor":14,"turns":2},{"damage":12,"enemies":"Hexaghost","floor":16,"turns":9},{"damage":6,"enemies":"3 Byrds","floor":18,"turns":4},{"damage":2,"enemies":"2 Thieves","floor":19,"turns":2},{"damage":25,"enemies":"Snake Plant","floor":20,"turns":4},{"damage":6,"enemies":"Centurion and Healer","floor":21,"turns":5},{"damage":14,"enemies":"Sentry and Sphere","floor":24,"turns":5},{"damage":3,"enemies":"Gremlin Leader","floor":25,"turns":8},{"damage":0,"enemies":"Snake Plant","floor":29,"turns":3},{"damage":4,"enemies":"Shelled Parasite and Fungi","floor":31,"turns":4},{"damage":50,"enemies":"Automaton","floor":33,"turns":11},{"damage":5,"enemies":"Orb Walker","floor":35,"turns":3},{"damage":0,"enemies":"3 Shapes","floor":37,"turns":4},{"damage":21,"enemies":"2 Orb Walkers","floor":38,"turns":5},{"damage":21,"enemies":"Writhing Mass","floor":41,"turns":6},{"damage":11,"enemies":"Spire Growth","floor":42,"turns":5},{"damage":5,"enemies":"4 Shapes","floor":45,"turns":3},{"damage":15,"enemies":"Maw","floor":48,"turns":6},{"damage":83,"enemies":"Donu and Deca","floor":50,"turns":9}],"seed_played":"-3540456162846800719","potions_obtained":[{"floor":2,"key":"GamblersBrew"},{"floor":5,"key":"Regen Potion"},{"floor":6,"key":"Strength Potion"},{"floor":7,"key":"Regen Potion"},{"floor":11,"key":"Block Potion"}],"is_trial":false,"path_per_floor":["M","M","?","M","M","E","M","R","T","$","M","M","M","M","R","B",null,"M","M","M","M","?","R","M","E","T","R","$","M","?","M","R","B",null,"M","$","M","?","?","R","M","M","T","R","M","R","$","M","R","B"],"character_chosen":"THE_CURSED","items_purchased":["TheCursedMod:HellsGateOpen","TheCursedMod:CursedMace","Happy Flower","TheCursedMod:WearCloak","TheCursedMod:SurpriseAttack","TheCursedMod:PinkPellets","Nunchaku"],"campfire_rested":7,"item_purchase_floors":[10,10,10,28,28,47,47],"current_hp_per_floor":[78,78,78,75,75,52,39,63,63,63,63,53,42,42,66,54,82,76,74,49,43,43,67,53,50,50,50,50,50,50,46,70,35,82,77,77,77,56,56,56,35,24,24,48,43,67,67,52,76,0,0],"gold":86,"neow_bonus":"TEN_PERCENT_HP_BONUS","is_daily":false,"chose_seed":false,"campfire_upgraded":2,"win_rate":0.0,"timestamp":1613805035,"path_taken":["M","M","?","M","M","E","?","R","T","$","M","M","M","M","R","BOSS","M","M","M","M","?","R","M","E","T","R","$","M","?","?","R","BOSS","M","$","M","?","?","R","M","M","T","R","M","R","$","?","R","BOSS"],"items_purchased_type":["Card","Card","Relic","Card","Card","Relic","Relic"],"build_version":"2020-12-22","purchased_purges":1,"victory":false,"max_hp_per_floor":[82,82,82,82,82,82,82,82,82,82,82,82,82,82,82,82,82,82,82,82,82,82,82,82,82,82,82,82,82,82,82,82,82,82,82,82,82,82,82,82,82,82,82,82,82,82,82,82,82,82,82],"card_choices":[{"not_picked":["TheCursedMod:SpitefulStrike","TheCursedMod:Torture"],"picked":"TheCursedMod:CursedBlade","floor":1},{"not_picked":["TheCursedMod:SoulCrush","TheCursedMod:AshesToAshes"],"picked":"TheCursedMod:SpitefulStrike","floor":2},{"not_picked":["TheCursedMod:StingEye","TheCursedMod:CursedBlade"],"picked":"TheCursedMod:CircleOfFlame","floor":4},{"not_picked":["TheCursedMod:RavingStaff","TheCursedMod:Neurasthenia"],"picked":"TheCursedMod:Obscuration","floor":5},{"not_picked":["TheCursedMod:SpreadPlague","TheCursedMod:Wield"],"picked":"TheCursedMod:CircleOfCorruption","floor":6},{"not_picked":["TheCursedMod:Wield","TheCursedMod:Stretching"],"picked":"TheCursedMod:ReleasedKnowledge","floor":7},{"not_picked":["TheCursedMod:Stigma","TheCursedMod:SurpriseAttack"],"picked":"TheCursedMod:CursedBlade","floor":11},{"not_picked":["TheCursedMod:Stigma","TheCursedMod:RavingStaff"],"picked":"TheCursedMod:CursedBoomerang","floor":12},{"not_picked":["TheCursedMod:CircleOfCorruption","TheCursedMod:SoulReap"],"picked":"TheCursedMod:FleshFromBone","floor":13},{"not_picked":["TheCursedMod:Hemoplague","TheCursedMod:CircleOfBlood"],"picked":"TheCursedMod:PrepareRite","floor":14},{"not_picked":["TheCursedMod:CursedRelics","TheCursedMod:DarkBarrier"],"picked":"TheCursedMod:DemonicPact","floor":16},{"not_picked":["TheCursedMod:SmokeScreen","TheCursedMod:RapidMovement"],"picked":"TheCursedMod:CursedShiv","floor":18},{"not_picked":["TheCursedMod:FuryStrike","TheCursedMod:FleshFromBone+1"],"picked":"TheCursedMod:SurpriseAttack","floor":19},{"not_picked":["TheCursedMod:Stigma","TheCursedMod:SpitefulStrike"],"picked":"TheCursedMod:RapidMovement+1","floor":20},{"not_picked":["TheCursedMod:VitalStrike","TheCursedMod:CursedMace"],"picked":"TheCursedMod:PrepareRite","floor":21},{"not_picked":["TheCursedMod:Obscuration","TheCursedMod:CursedShiv"],"picked":"TheCursedMod:SurpriseAttack+1","floor":24},{"not_picked":["TheCursedMod:ShockAndAwe","TheCursedMod:CursedMace"],"picked":"TheCursedMod:BloodBarrier","floor":25},{"not_picked":["TheCursedMod:RavingStaff","TheCursedMod:BlessingInDisguise"],"picked":"TheCursedMod:CursedShiv","floor":29},{"not_picked":["TheCursedMod:BloodBarrier+1","TheCursedMod:SoulCrush"],"picked":"TheCursedMod:WearCloak","floor":31},{"not_picked":["TheCursedMod:DarkBarrier","TheCursedMod:CursedRelics"],"picked":"TheCursedMod:CircleOfAbyss","floor":33},{"not_picked":["TheCursedMod:CursedBlade","TheCursedMod:ReleasedStrength"],"picked":"TheCursedMod:SpitefulStrike+1","floor":35},{"not_picked":["TheCursedMod:CursedMace+1","TheCursedMod:Obscuration"],"picked":"TheCursedMod:CircleOfCorruption+1","floor":37},{"not_picked":["TheCursedMod:SoulCrush","TheCursedMod:RapidMovement"],"picked":"TheCursedMod:SpitefulPlan+1","floor":38},{"not_picked":["TheCursedMod:CircleOfAmplification","TheCursedMod:CursedShiv"],"picked":"TheCursedMod:Stigma+1","floor":41},{"not_picked":["TheCursedMod:FleshFromBone+1","TheCursedMod:Stigma+1"],"picked":"TheCursedMod:HellfireBreathing+1","floor":42},{"not_picked":["TheCursedMod:LuckyCharm+1","TheCursedMod:Grudge"],"picked":"TheCursedMod:CircleOfCorruption+1","floor":45},{"not_picked":["TheCursedMod:RavingStaff","TheCursedMod:HellfireBreathing+1"],"picked":"TheCursedMod:Grudge+1","floor":48}],"player_experience":83929,"relics_obtained":[{"floor":6,"key":"Vajra"},{"floor":9,"key":"HornCleat"},{"floor":25,"key":"Peace Pipe"},{"floor":26,"key":"Boot"},{"floor":38,"key":"TheCursedMod:MagicCandle"},{"floor":43,"key":"PreservedInsect"}],"event_choices":[{"cards_removed":["TheCursedMod:Strike_TheCursed"],"damage_healed":0,"gold_gain":0,"player_choice":"Purged","damage_taken":0,"max_hp_gain":0,"max_hp_loss":0,"event_name":"Purifier","floor":3,"gold_loss":0},{"damage_healed":0,"gold_gain":0,"cards_transformed":["TheCursedMod:Strike_TheCursed","TheCursedMod:Strike_TheCursed"],"player_choice":"Became Test Subject","damage_taken":0,"max_hp_gain":0,"max_hp_loss":0,"event_name":"Drug Dealer","floor":22,"gold_loss":0,"cards_obtained":["TheCursedMod:CircleOfCorruption","TheCursedMod:SmokeScreen"]},{"damage_healed":0,"gold_gain":0,"player_choice":"Obtained Relic","damage_taken":0,"relics_obtained":["Anchor"],"max_hp_gain":0,"max_hp_loss":0,"event_name":"Addict","floor":30,"gold_loss":85},{"damage_healed":0,"gold_gain":0,"player_choice":"Fight","damage_taken":0,"max_hp_gain":0,"max_hp_loss":0,"event_name":"Mysterious Sphere","floor":38,"gold_loss":0},{"damage_healed":0,"gold_gain":0,"player_choice":"Ignored","damage_taken":0,"max_hp_gain":0,"max_hp_loss":0,"event_name":"Fountain of Cleansing","floor":39,"gold_loss":0}],"is_beta":false,"boss_relics":[{"not_picked":["Snecko Eye","Tiny House"],"picked":"Sozu"},{"not_picked":["Coffee Dripper","Empty Cage"],"picked":"SlaversCollar"}],"items_purged_floors":[28],"is_endless":false,"potions_floor_spawned":[2,5,6,7,11,16,19,20,24,25,33,35,38,41],"killed_by":"Donu and Deca","ascension_level":0}}