{"host":"dowi7cgbhepuzvpj","time":1613806783,"event":{"mods":["AchievementEnabler","BaseMod","Keyboard Shortcuts","Minty Spire (QoL Compilation)","Permanent Neow","Quick Restart","StSLib","SuperFastMode"],"gold_per_floor":[117,117,117,133,152,152,200,228,228,256,280,280,280,310,310,415,415,439,468,468,489,247,290,290,290],"floor_reached":24,"language":"KOR","playtime":2173,"items_purged":["Strike_R"],"score":536,"play_id":"d3f6dfd9-eb5a-410c-b474-b884dda3d1a7","local_time":"20210220163943","is_ascension_mode":true,"campfire_choices":[{"data":"Shrug It Off","floor":6.0,"key":"SMITH"},{"data":"True Grit","floor":13,"key":"SMITH"},{"data":"True Grit","floor":15,"key":"SMITH"}],"circlet_count":0,"master_deck":["AscendersBane","Strike_R","Strike_R","Strike_R","Defend_R","Defend_R","Defend_R","Defend_R","Bash","Shrug It Off+1","Body Slam","Barricade+1","True Grit+1","True Grit+1","Body Slam","Berserk","Battle Trance+1","Evolve"],"relics":["Burning Blood","Thread and Needle","Golden Idol","CeramicFish","Juzu Bracelet","Paper Frog","SlaversCollar","Medical Kit","Pocketwatch"],"acts_visited":["Exordium","TheCity"],"potions_floor_usage":[16],"damage_taken":[{"damage":4.0,"enemies":"2 Louse","floor":1.0,"turns":3.0},{"damage":0.0,"enemies":"Small Slimes","floor":4.0,"turns":4.0},{"damage":0.0,"enemies":"Cultist","floor":5.0,"turns":3.0},{"damage":0.0,"enemies":"Lagavulin","floor":7.0,"turns":6.0},{"damage":0.0,"enemies":"Gremlin Gang","floor":8.0,"turns":3.0},{"damage":0,"enemies":"Looter","floor":10,"turns":4},{"damage":0,"enemies":"Blue Slaver","floor":11,"turns":7},{"damage":29,"enemies":"The Guardian","floor":16,"turns":8},{"damage":27,"enemies":"3 Byrds","floor":18,"turns":4},{"damage":0,"enemies":"Spheric Guardian","floor":19,"turns":8},{"damage":31,"enemies":"Cultist and Chosen","floor":21,"turns":8},{"damage":30,"enemies":"Gremlin Leader","floor":23,"turns":6}],"seed_played":"3326573624443909010","potions_obtained":[{"floor":1.0,"key":"Regen Potion"},{"floor":4.0,"key":"Energy Potion"},{"floor":7.0,"key":"EssenceOfSteel"},{"floor":11,"key":"PowerPotion"},{"floor":21,"key":"AttackPotion"}],"is_trial":false,"path_per_floor":["M","?","?","M","M","R","E","M","T","M","M","?","R","?","R","B",null,"M","M","?","M","$","E","?"],"character_chosen":"IRONCLAD","items_purchased":["Medical Kit"],"campfire_rested":0,"item_purchase_floors":[22],"current_hp_per_floor":[75,68,42,48,54,54,60,66,66,72,75,80,80,80,80,57,74,53,59,59,34,34,10,0,0],"gold":290,"neow_bonus":"ONE_RARE_RELIC","is_daily":false,"chose_seed":false,"campfire_upgraded":3,"win_rate":0.0,"timestamp":1613806783,"path_taken":["M","?","?","M","M","R","E","M","T","M","M","?","R","?","R","BOSS","M","M","?","M","$","E","?"],"items_purchased_type":["Relic"],"build_version":"2020-12-22","purchased_purges":1,"victory":false,"max_hp_per_floor":[75,75,75,75,75,75,75,75,75,75,75,80,80,80,80,80,80,80,80,80,80,80,80,80,80],"card_choices":[{"not_picked":["Rampage","Battle Trance"],"picked":"Shrug It Off","floor":1.0},{"not_picked":["Thunderclap","Perfected Strike"],"picked":"Body Slam","floor":4.0},{"not_picked":["Warcry","Perfected Strike","Pommel Strike"],"picked":"SKIP","floor":5.0},{"not_picked":["Hemokinesis","Anger"],"picked":"True Grit","floor":7.0},{"not_picked":["Searing Blow","Rampage"],"picked":"True Grit","floor":8.0},{"not_picked":["Corruption","Carnage","Body Slam"],"picked":"SKIP","floor":10},{"not_picked":["Corruption","Carnage"],"picked":"Body Slam","floor":10},{"not_picked":["Clash","Rampage","Pummel"],"picked":"SKIP","floor":11},{"not_picked":["Double Tap","Feed"],"picked":"Berserk","floor":16},{"not_picked":["True Grit","Body Slam","Perfected Strike"],"picked":"SKIP","floor":18},{"not_picked":["Pummel","Uppercut"],"picked":"Battle Trance+1","floor":19},{"not_picked":["Thunderclap","Anger","Iron Wave"],"picked":"SKIP","floor":21},{"not_picked":["Headbutt","Rage"],"picked":"Evolve","floor":23}],"player_experience":885633,"relics_obtained":[{"floor":7.0,"key":"CeramicFish"},{"floor":9.0,"key":"Juzu Bracelet"},{"floor":23,"key":"Pocketwatch"}],"event_choices":[{"cards_removed":["Strike_R"],"damage_healed":0.0,"max_hp_gain":0.0,"max_hp_loss":0.0,"gold_gain":0.0,"event_name":"Golden Wing","player_choice":"Card Removal","floor":2.0,"gold_loss":0.0,"damage_taken":7.0},{"damage_healed":0.0,"max_hp_gain":0.0,"max_hp_loss":0.0,"gold_gain":0.0,"event_name":"Golden Idol","player_choice":"Take Damage","floor":3.0,"gold_loss":0.0,"damage_taken":26.0,"relics_obtained":["Golden Idol"]},{"damage_healed":0,"gold_gain":0,"player_choice":"Donut","damage_taken":0,"max_hp_gain":5,"max_hp_loss":0,"event_name":"Big Fish","floor":12,"gold_loss":0},{"damage_healed":0,"gold_gain":30,"player_choice":"Searched \u00273\u0027 times","damage_taken":0,"relics_obtained":["Paper Frog"],"max_hp_gain":0,"max_hp_loss":0,"event_name":"Dead Adventurer","floor":14,"gold_loss":0},{"damage_healed":0,"gold_gain":0,"player_choice":"Ignored","damage_taken":0,"max_hp_gain":0,"max_hp_loss":0,"event_name":"Cursed Tome","floor":20,"gold_loss":0},{"damage_healed":0,"gold_gain":0,"player_choice":"Damaged","damage_taken":12,"max_hp_gain":0,"max_hp_loss":0,"event_name":"Wheel of Change","floor":24,"gold_loss":0}],"is_beta":false,"boss_relics":[{"not_picked":["Tiny House","SacredBark"],"picked":"SlaversCollar"}],"items_purged_floors":[22],"is_endless":false,"potions_floor_spawned":[1,4,7,11,21],"ascension_level":20}}