{"host":"wvcyfzs99um8is6a","time":1613795780,"event":{"mods":["AchievementEnabler","BaseMod","Colored Map","Colored Powertips","Highlight Path","Minty Spire (QoL Compilation)","Random Character Button","Relic Filter","StSLib","SuperFastMode"],"gold_per_floor":[110,35,54,54,54,54,54,69,69,37,37,37,77,77,77,184,184,199,218,31,31,90,90,90],"floor_reached":23,"language":"ENG","playtime":1387,"items_purged":["Strike_B"],"score":276,"play_id":"09868536-ec3d-4736-8580-13269c1d950d","local_time":"20210219233620","is_ascension_mode":true,"campfire_choices":[{"data":"Zap","floor":7,"key":"SMITH"},{"floor":11,"key":"REST"},{"data":"Fission","floor":15,"key":"SMITH"}],"circlet_count":0,"master_deck":["Strike_B","Strike_B+1","Defend_B","Defend_B","Defend_B","Defend_B","Zap+1","Dualcast","Buffer","White Noise+1","Darkness+1","Self Repair","Fission+1","Rainbow","Loop","Apotheosis","Writhe"],"relics":["Cracked Core","Prayer Wheel","CeramicFish","SlaversCollar","MutagenicStrength","Tiny House"],"acts_visited":["Exordium","TheCity"],"potions_floor_usage":[6,16,16,23],"damage_taken":[{"damage":1,"enemies":"Cultist","floor":1,"turns":3},{"damage":6,"enemies":"Jaw Worm","floor":3,"turns":4},{"damage":0,"enemies":"Gremlin Nob","floor":6,"turns":3},{"damage":0,"enemies":"Small Slimes","floor":8,"turns":4},{"damage":31,"enemies":"Exordium Thugs","floor":10,"turns":5},{"damage":26,"enemies":"3 Sentries","floor":13,"turns":4},{"damage":23,"enemies":"Slime Boss","floor":16,"turns":12},{"damage":24,"enemies":"Chosen","floor":18,"turns":6},{"damage":22,"enemies":"Spheric Guardian","floor":19,"turns":5},{"damage":33,"enemies":"Gremlin Leader","floor":23,"turns":3}],"seed_played":"2290060982689540211","potions_obtained":[{"floor":3,"key":"SmokeBomb"},{"floor":12,"key":"BlessingOfTheForge"},{"floor":12,"key":"Regen Potion"},{"floor":12,"key":"SpeedPotion"},{"floor":13,"key":"Dexterity Potion"},{"floor":18,"key":"AttackPotion"}],"is_trial":false,"path_per_floor":["M","$","M","?","?","E","R","M","T","M","R","?","E","$","R","B",null,"M","M","$","?","?","E"],"character_chosen":"DEFECT","items_purchased":["Apotheosis"],"campfire_rested":1,"item_purchase_floors":[20],"current_hp_per_floor":[67,67,61,46,39,39,39,39,39,8,30,30,11,11,11,10,59,42,27,27,27,32,0,0],"gold":90,"neow_bonus":"ONE_RANDOM_RARE_CARD","is_daily":false,"chose_seed":false,"campfire_upgraded":2,"win_rate":0.0,"timestamp":1613795780,"path_taken":["M","$","M","?","?","E","R","?","T","M","R","?","E","$","R","BOSS","M","M","$","?","?","E"],"items_purchased_type":["Card"],"build_version":"2020-12-22","purchased_purges":1,"victory":false,"max_hp_per_floor":[75,75,75,75,75,75,75,75,75,75,75,75,75,75,75,75,75,75,75,75,75,80,80,80],"card_choices":[{"not_picked":["Sweeping Beam","Doom and Gloom"],"picked":"White Noise","floor":1},{"not_picked":["Stack","Fusion"],"picked":"Darkness","floor":3},{"not_picked":["Hello World","Cold Snap","Gash"],"picked":"SKIP","floor":8},{"not_picked":["Tempest","Go for the Eyes"],"picked":"Self Repair","floor":10},{"not_picked":["Cold Snap","Barrage","Redo"],"picked":"SKIP","floor":10},{"not_picked":["Leap","Turbo"],"picked":"Fission","floor":13},{"not_picked":["All For One","Seek"],"picked":"Rainbow","floor":16},{"not_picked":["Reinforced Body","Gash","Rebound"],"picked":"SKIP","floor":18},{"not_picked":["Beam Cell+1","Leap","Steam Power"],"picked":"SKIP","floor":18},{"not_picked":["Steam","Hologram"],"picked":"Loop","floor":19},{"not_picked":["Go for the Eyes","Conserve Battery","Leap"],"picked":"SKIP","floor":19}],"player_experience":1044167,"relics_obtained":[{"floor":9,"key":"Prayer Wheel"},{"floor":13,"key":"CeramicFish"}],"event_choices":[{"damage_healed":0,"gold_gain":0,"player_choice":"Entered Light","damage_taken":15,"max_hp_gain":0,"max_hp_loss":0,"event_name":"Shining Light","floor":4,"gold_loss":0,"cards_upgraded":["Darkness","Strike_B"]},{"cards_removed":["Strike_B"],"damage_healed":0,"gold_gain":0,"player_choice":"Card Removal","damage_taken":7,"max_hp_gain":0,"max_hp_loss":0,"event_name":"Golden Wing","floor":5,"gold_loss":0},{"damage_healed":0,"gold_gain":0,"player_choice":"Got Potions","damage_taken":0,"max_hp_gain":0,"max_hp_loss":0,"event_name":"Lab","floor":12,"gold_loss":0},{"damage_healed":0,"gold_gain":0,"player_choice":"Inject Mutagens","damage_taken":0,"relics_obtained":["MutagenicStrength"],"max_hp_gain":0,"max_hp_loss":0,"event_name":"Drug Dealer","floor":21,"gold_loss":0},{"damage_healed":0,"gold_gain":0,"player_choice":"Opened","damage_taken":0,"relics_obtained":["Tiny House"],"max_hp_gain":0,"max_hp_loss":0,"event_name":"The Mausoleum","floor":22,"gold_loss":0,"cards_obtained":["Writhe"]}],"is_beta":false,"boss_relics":[{"not_picked":["Philosopher\u0027s Stone","Cursed Key"],"picked":"SlaversCollar"}],"items_purged_floors":[2],"is_endless":false,"potions_floor_spawned":[3,13,18],"killed_by":"Gremlin Leader","ascension_level":8}}