{"host":"f5gffvlv6a66yqkd","time":1613788689,"event":{"mods":["2.2 Compatiblity","BaseMod","Colored Map","Custom Start","DeckTracker","Keyboard Shortcuts","Minty Spire (QoL Compilation)","Permanent Neow","Quick Restart","Relic Stats","StSLib","SuperFastMode"],"gold_per_floor":[109,125,142,67,80,80,96,96,123,123,200,200,250,282,282,356,356,370,380,39,52,71,71,109,109,109,119,139,139,189,221,221,221,221],"floor_reached":33,"language":"KOR","playtime":725,"items_purged":[],"score":677,"play_id":"1fac8f95-2b4a-45fb-a17c-c18bd5dae393","local_time":"20210220113809","is_ascension_mode":true,"campfire_choices":[{"data":"Adaptation","floor":6.0,"key":"SMITH"},{"data":"EmptyFist","floor":8.0,"key":"SMITH"},{"data":"ForeignInfluence","floor":12.0,"key":"SMITH"},{"data":"Vault","floor":15.0,"key":"SMITH"},{"data":"Scrawl","floor":23,"key":"SMITH"},{"data":"MentalFortress","floor":25,"key":"SMITH"},{"data":"Scrawl","floor":29,"key":"SMITH"},{"floor":32,"key":"RECALL"}],"circlet_count":0,"master_deck":["AscendersBane","Strike_P","Strike_P","Strike_P","Strike_P","Defend_P","Defend_P","Defend_P","Eruption+1","Vigilance","MentalFortress+1","Adaptation+1","EmptyFist+1","ForeignInfluence+1","Vault+1","Scrawl+1","Scrawl+1"],"relics":["PureWater","Singing Bowl","Art of War","VioletLotus","FossilizedHelix","Frozen Egg 2"],"acts_visited":["Exordium","TheCity"],"potions_floor_usage":[],"damage_taken":[{"damage":1.0,"enemies":"Cultist","floor":1.0,"turns":4.0},{"damage":7.0,"enemies":"Jaw Worm","floor":2.0,"turns":3.0},{"damage":2.0,"enemies":"Small Slimes","floor":3.0,"turns":4.0},{"damage":10.0,"enemies":"Gremlin Gang","floor":5.0,"turns":5.0},{"damage":9.0,"enemies":"Looter","floor":7.0,"turns":2.0},{"damage":0.0,"enemies":"Gremlin Nob","floor":14.0,"turns":1.0},{"damage":0.0,"enemies":"Slime Boss","floor":16.0,"turns":4.0},{"damage":20,"enemies":"2 Thieves","floor":18,"turns":4},{"damage":6,"enemies":"3 Byrds","floor":19,"turns":6},{"damage":0,"enemies":"Centurion and Healer","floor":21,"turns":3},{"damage":0,"enemies":"3 Cultists","floor":22,"turns":6},{"damage":0,"enemies":"Chosen and Byrds","floor":24,"turns":4},{"damage":0,"enemies":"Snake Plant","floor":27,"turns":4},{"damage":0,"enemies":"Centurion and Healer","floor":28,"turns":3},{"damage":0,"enemies":"Cultist and Chosen","floor":31,"turns":3},{"damage":112,"enemies":"Automaton","floor":33,"turns":4}],"seed_played":"2381773238846255915","potions_obtained":[{"floor":1.0,"key":"Fire Potion"},{"floor":3.0,"key":"AttackPotion"},{"floor":14.0,"key":"FairyPotion"},{"floor":16.0,"key":"EntropicBrew"}],"is_trial":false,"path_per_floor":["M","M","M","?","M","R","M","R","T","?","T","R","?","E","R","B",null,"M","M","$","M","M","R","M","R","T","M","M","R","?","M","R","B"],"character_chosen":"WATCHER","items_purchased":["FossilizedHelix"],"campfire_rested":0,"item_purchase_floors":[20],"current_hp_per_floor":[60,53,51,51,41,41,32,32,32,37,37,37,37,37,37,37,64,46,42,42,44,46,46,48,48,48,48,50,50,50,52,52,0,0],"gold":221,"neow_bonus":"UPGRADE_CARD","is_daily":false,"chose_seed":false,"campfire_upgraded":7,"win_rate":0.0,"timestamp":1613788689,"path_taken":["M","M","M","?","M","R","M","R","T","?","?","R","?","E","R","BOSS","M","M","$","?","M","R","M","R","T","M","M","R","?","M","R","BOSS"],"items_purchased_type":["Relic"],"build_version":"2020-12-22","purchased_purges":0,"victory":false,"max_hp_per_floor":[68,68,68,68,68,68,68,68,68,73,73,73,73,73,73,73,73,75,77,77,79,81,81,83,83,83,83,85,85,85,87,87,87,87],"relic_stats":{"Singing Bowl":14,"counters":[16,60],"VioletLotus":[17],"Art of War":[2],"obtain_stats":[{"Singing Bowl":11,"VioletLotus":17,"Art of War":14,"PureWater":0,"Frozen Egg 2":26,"FossilizedHelix":20},{"Singing Bowl":5,"VioletLotus":7,"Art of War":6,"PureWater":0,"Frozen Egg 2":12,"FossilizedHelix":9},{"Singing Bowl":18,"VioletLotus":23,"Art of War":19,"PureWater":0,"Frozen Egg 2":46,"FossilizedHelix":33}]},"card_choices":[{"not_picked":["FlurryOfBlows","Indignation"],"picked":"MentalFortress","floor":1.0},{"not_picked":["WaveOfTheHand","Halt","Swivel"],"picked":"SKIP","floor":2.0},{"not_picked":["EmptyBody","CrushJoints"],"picked":"Adaptation","floor":3.0},{"not_picked":["CutThroughFate","Meditate"],"picked":"EmptyFist","floor":5.0},{"not_picked":["ThirdEye","CutThroughFate"],"picked":"ForeignInfluence","floor":7.0},{"not_picked":["Meditate","CutThroughFate"],"picked":"Vault","floor":14.0},{"not_picked":["ConjureBlade","MasterReality"],"picked":"Scrawl","floor":16.0},{"not_picked":["FlurryOfBlows","Vengeance","Worship"],"picked":"Singing Bowl","floor":18},{"not_picked":["JustLucky","SashWhip","FlurryOfBlows"],"picked":"Singing Bowl","floor":19},{"not_picked":["EmptyBody","SashWhip","Indignation"],"picked":"Singing Bowl","floor":21},{"not_picked":["Prostrate","Weave","Worship"],"picked":"Singing Bowl","floor":22},{"not_picked":["EmptyFist","Protect","Wallop"],"picked":"Singing Bowl","floor":24},{"not_picked":["FlyingSleeves","Nirvana+1"],"picked":"Scrawl","floor":27},{"not_picked":["BattleHymn+1","FlyingSleeves","Pray"],"picked":"Singing Bowl","floor":28},{"not_picked":["Halt","JustLucky","ReachHeaven"],"picked":"Singing Bowl","floor":31}],"player_experience":1519999,"relics_obtained":[{"floor":11.0,"key":"Singing Bowl"},{"floor":14.0,"key":"Art of War"},{"floor":26,"key":"Frozen Egg 2"}],"event_choices":[{"cards_removed":["Defend_P"],"damage_healed":0.0,"max_hp_gain":0.0,"max_hp_loss":0.0,"gold_gain":0.0,"event_name":"The Cleric","player_choice":"Card Removal","floor":4.0,"gold_loss":75.0,"damage_taken":0.0},{"damage_healed":0.0,"max_hp_gain":5.0,"max_hp_loss":0.0,"gold_gain":0.0,"event_name":"Big Fish","player_choice":"Donut","floor":10.0,"gold_loss":0.0,"damage_taken":0.0},{"damage_healed":0.0,"max_hp_gain":0.0,"max_hp_loss":0.0,"gold_gain":50.0,"event_name":"Golden Shrine","player_choice":"Pray","floor":13.0,"gold_loss":0.0,"damage_taken":0.0},{"damage_healed":0,"gold_gain":50,"player_choice":"Stole From Cult","damage_taken":0,"max_hp_gain":0,"max_hp_loss":0,"event_name":"Nest","floor":30,"gold_loss":0}],"is_beta":false,"boss_relics":[{"not_picked":["SacredBark","Philosopher\u0027s Stone"],"picked":"VioletLotus"}],"items_purged_floors":[],"is_endless":false,"potions_floor_spawned":[1,3,14,16,18,21,24,27],"killed_by":"Automaton","ascension_level":20}}