{"host":"iy54rgx5egu9t31x","time":1613822135,"event":{"mods":["2.2 Compatiblity","Act Like it!","Always Whale","BaseMod","Downfall","Gensokyo","Marisa¡]Ãú«B¡@Å]²z¨F¡^","Minty Spire (QoL Compilation)","Quick Restart","StSLib","SuperFastMode"],"gold_per_floor":[349,367,367,385,385,402,453,81,93,111,142,160,60,377,389,490,490,490,510,510,510,510,521,521,421,449,449,477,49,69,79,111,412,412,412,726,130,130,146,146,171,482,240,240,269,169,200,214,226,226,226,260,22,22,22,22],"floor_reached":57,"language":"ZHS","playtime":3112,"items_purged":["Shame"],"score":2346,"play_id":"67c31c1a-398b-4105-bb01-1784b60d8fb5","local_time":"20210220195535","is_ascension_mode":true,"campfire_choices":[{"floor":1.0,"key":"RECALL"},{"data":"champ:HoldFirm","floor":13.0,"key":"SMITH"},{"data":"champ:GladiatorForm","floor":18.0,"key":"SMITH"},{"data":"champ:DefensiveStyle","floor":25.0,"key":"SMITH"},{"data":"champ:ArenaPreparation","floor":27.0,"key":"SMITH"},{"data":"champ:TripleStrike","floor":35.0,"key":"SMITH"},{"data":"champ:StrikeOfGenius","floor":46.0,"key":"SMITH"},{"data":"champ:RapidStrikes","floor":54.0,"key":"SMITH"}],"circlet_count":0,"master_deck":["champ:Strike","champ:Strike+1","champ:Strike","champ:Strike+1","champ:Defend","champ:Defend","champ:Execute","champ:Taunt","champ:DeathBlow","champ:BringItOn","champ:CrownThrow+1","champ:Circumvent","champ:ArenaPreparation+1","champ:GladiatorForm+1","champ:HoldFirm+1","champ:StanceDance+1","champ:PerfectedStrike","champ:AdrenalArmor+1","champ:VampiricStrike","champ:GutPunch","Gensokyo:FourOfAKind","Gensokyo:FourOfAKind","Gensokyo:FourOfAKind","Gensokyo:FourOfAKind","champ:IronFortress","champ:RageSigil","champ:RapidStrikes+1","champ:CrownThrow+1","champ:TripleStrike+1","champ:Improvising","champ:FlashCut+1","champ:ShieldSlam+1","Gensokyo:UnhurriedMind+1","champ:TornadoPunch+1","champ:ViciousMockery","champ:StrikeOfGenius+1","champ:LastStand","champ:Backstep+1","champ:ViciousMockery+1","champ:RecklessLeap+1"],"relics":["champ:ChampionCrown","Orichalcum","Whetstone","champ:BerserkersGuideToSlaughter","Bronze Scales","Gremlin Horn","Thread and Needle","downfall:HeartBlessingRed","Coffee Dripper","Gensokyo:ConquerorOfFear","downfall:HeartBlessingBlue","InkBottle","FossilizedHelix","Toolbox","ClockworkSouvenir","Tiny Chest","SlaversCollar","HandDrill","Sling","Ancient Tea Set","Gambling Chip","Pen Nib","Mango","Singing Bowl","downfall:HeartBlessingGreen","Potion Belt","Bird Faced Urn","hexamod:Sixitude","Lizard Tail","StrikeDummy"],"acts_visited":["Gensokyo:Gensokyo","Gensokyo:Gensokyoer","Gensokyo:Gensokyoest","TheEnding"],"potions_floor_usage":[56,56],"damage_taken":[{"damage":12.0,"enemies":"Gensokyo:2_Kodama","floor":2.0,"turns":5.0},{"damage":16.0,"enemies":"Gensokyo:Gryphon","floor":4.0,"turns":4.0},{"damage":10.0,"enemies":"Gensokyo:Python","floor":6.0,"turns":3.0},{"damage":35.0,"enemies":"Gensokyo:Kitsune","floor":9.0,"turns":5.0},{"damage":4.0,"enemies":"Gensokyo:Python_and_Kodama","floor":10.0,"turns":5.0},{"damage":24.0,"enemies":"Gensokyo:Cirno","floor":11.0,"turns":5.0},{"damage":0.0,"enemies":"Gensokyo:LivingMonolith","floor":12.0,"turns":3.0},{"damage":5.0,"enemies":"Gensokyo:VengefulSpirit","floor":14.0,"turns":4.0},{"damage":0.0,"enemies":"Gensokyo:2_Rabbits","floor":15.0,"turns":2.0},{"damage":70.0,"enemies":"WA_ARCHETYPE_RETAIN","floor":16.0,"turns":7.0},{"damage":10.0,"enemies":"Gensokyo:AngelMirror","floor":19.0,"turns":2.0},{"damage":0.0,"enemies":"Gensokyo:Chomper","floor":23.0,"turns":2.0},{"damage":11.0,"enemies":"Gensokyo:Tenshi","floor":26.0,"turns":4.0},{"damage":0.0,"enemies":"Gensokyo:Koishi","floor":28.0,"turns":5.0},{"damage":0.0,"enemies":"Gensokyo:Slime_Group","floor":30.0,"turns":4.0},{"damage":15.0,"enemies":"Gensokyo:Swordslinger","floor":31.0,"turns":4.0},{"damage":0.0,"enemies":"Gensokyo:Mirror_and_Dog","floor":32.0,"turns":2.0},{"damage":50.0,"enemies":"DF_ARCHETYPE_CLAW","floor":33.0,"turns":7.0},{"damage":0.0,"enemies":"Gensokyo:AncientGuardian","floor":36.0,"turns":4.0},{"damage":11.0,"enemies":"Gensokyo:3_Boulders","floor":39.0,"turns":5.0},{"damage":0.0,"enemies":"Gensokyo:3_Boulders","floor":40.0,"turns":6.0},{"damage":26.0,"enemies":"Gensokyo:Rafflesia","floor":42.0,"turns":6.0},{"damage":0.0,"enemies":"downfall:FleeingMerchant","floor":43.0,"turns":4.0},{"damage":55.0,"enemies":"Gensokyo:Marisa","floor":45.0,"turns":3.0},{"damage":0.0,"enemies":"Gensokyo:Doremy","floor":47.0,"turns":3.0},{"damage":0.0,"enemies":"Gensokyo:Dusk_and_Dawn","floor":48.0,"turns":3.0},{"damage":0.0,"enemies":"Gensokyo:AtlasGolem","floor":49.0,"turns":2.0},{"damage":0.0,"enemies":"IC_BLOCK_ARCHETYPE","floor":50.0,"turns":4.0},{"damage":0.0,"enemies":"downfall:CharBossMerchant","floor":52.0,"turns":4.0},{"damage":35.0,"enemies":"downfall:NeowBoss","floor":55.0,"turns":9.0},{"damage":17,"enemies":"downfall:NeowBossFinal","floor":56,"turns":7}],"seed_played":"8625094504097201558","potions_obtained":[{"floor":4.0,"key":"LiquidBronze"},{"floor":15.0,"key":"SteroidPotion"},{"floor":16.0,"key":"Explosive Potion"},{"floor":26.0,"key":"Fire Potion"},{"floor":28.0,"key":"Energy Potion"},{"floor":32.0,"key":"Fire Potion"},{"floor":42.0,"key":"Fire Potion"},{"floor":45.0,"key":"SpeedPotion"},{"floor":47.0,"key":"SkillPotion"},{"floor":49.0,"key":"champ:UltimateStancePotion"}],"is_trial":false,"path_per_floor":["R","M","?","M","?","M","T","COS","M","M","E","M","R","M","M","B",null,"R","M","?","?","?","M","T","R","E","R","E","COS","M","M","M","B",null,"R","M","COS","?","M","?","T","M","$","?","E","R","E","M","M","B",null,"E","$","R","B","B",null],"character_chosen":"THE_CHAMP","items_purchased":["Pen Nib","StrikeDummy"],"campfire_rested":0,"item_purchase_floors":[43,53],"current_hp_per_floor":[81,79,63,57,42,42,42,42,32,38,34,44,44,54,54,19,81,81,81,81,81,57,57,57,67,66,66,67,67,67,67,67,57,67,67,67,67,67,56,56,56,67,67,55,35,35,37,41,43,66,83,83,83,83,83,83],"gold":22,"neow_bonus":"TWO_FIFTY_GOLD","is_daily":false,"chose_seed":false,"campfire_upgraded":7,"win_rate":0.0,"timestamp":1613822135,"path_taken":["R","M","?","M","?","M","T","COS","?","M","E","M","R","?","M","BOSS","R","M","?","?","?","?","T","R","E","R","E","COS","M","M","M","BOSS","R","M","COS","?","M","?","T","M","$","?","E","R","E","M","M","BOSS","E","$","R","BOSS","BOSS"],"items_purchased_type":["Relic","Relic"],"build_version":"2020-12-22","purchased_purges":1,"victory":true,"max_hp_per_floor":[81,81,81,81,81,81,81,81,81,81,81,81,81,81,81,81,81,81,81,81,81,57,57,57,67,67,67,67,67,67,67,67,67,67,67,67,67,67,67,67,67,67,67,81,81,81,83,83,83,83,83,83,83,83,83,83],"card_choices":[{"not_picked":["champ:PreciseThrust","champ:BringItOn"],"picked":"champ:DeathBlow","floor":2.0},{"not_picked":["champ:PreemptiveStrike","champ:Shatter"],"picked":"champ:BringItOn","floor":4.0},{"not_picked":["champ:ShieldSigil","champ:Circumvent"],"picked":"champ:CrownThrow","floor":6.0},{"not_picked":["champ:ViciousMockery","champ:BladeFlurry"],"picked":"champ:Circumvent","floor":9.0},{"not_picked":["champ:FlashCut","champ:Endure"],"picked":"champ:ArenaPreparation","floor":10.0},{"not_picked":["champ:CalledShot","champ:SwordSigil"],"picked":"champ:GladiatorForm","floor":11.0},{"not_picked":["champ:CheapShot","champ:Devastate"],"picked":"champ:HoldFirm","floor":12.0},{"not_picked":["champ:FanOfKnives","champ:Backstep"],"picked":"champ:StanceDance","floor":12.0},{"not_picked":["champ:ArenaPreparation","champ:TornadoPunch"],"picked":"champ:PerfectedStrike","floor":14.0},{"not_picked":["champ:FocusedBerserking","champ:Parry"],"picked":"champ:AdrenalArmor","floor":15.0},{"not_picked":["champ:GladiatorForm","champ:SteelEdge"],"picked":"champ:VampiricStrike","floor":16.0},{"not_picked":["champ:AdrenalArmor","champ:CrownThrow"],"picked":"champ:GutPunch","floor":19.0},{"not_picked":["champ:CrownThrow","champ:Haymaker"],"picked":"champ:DefensiveStyle","floor":23.0},{"not_picked":["champ:HeavySlash","champ:EnGarde"],"picked":"champ:IronFortress","floor":26.0},{"not_picked":["champ:DeathBlow","champ:GladiatorStyle"],"picked":"champ:RageSigil","floor":28.0},{"not_picked":["champ:FocusedDefense","champ:GutPunch"],"picked":"champ:RapidStrikes","floor":30.0},{"not_picked":["champ:BringItOn","champ:GutPunch","champ:CrownThrow"],"picked":"SKIP","floor":31.0},{"not_picked":["champ:EndlessRage","champ:AdrenalArmor+1"],"picked":"champ:CrownThrow+1","floor":32.0},{"not_picked":["champ:HeavySlash","champ:Improvising"],"picked":"champ:TripleStrike","floor":33.0},{"not_picked":["champ:MurderStrike","champ:IgnorePain"],"picked":"champ:Improvising","floor":36.0},{"not_picked":["champ:PerfectedStrike+1","champ:PreciseThrust+1"],"picked":"champ:FlashCut+1","floor":36.0},{"not_picked":["champ:PreciseThrust+1","champ:StanceDance+1"],"picked":"champ:ShieldSlam+1","floor":39.0},{"not_picked":["Gensokyo:RisingWorld+1","Gensokyo:LifeSpringInfinity+1"],"picked":"Gensokyo:UnhurriedMind+1","floor":40.0},{"not_picked":["champ:Endure","champ:FocusedBerserking"],"picked":"champ:TornadoPunch+1","floor":42.0},{"not_picked":["champ:TornadoPunch+1","champ:EnGarde"],"picked":"champ:ViciousMockery","floor":43.0},{"not_picked":["champ:StanceDance","champ:PerfectedStrike"],"picked":"champ:StrikeOfGenius","floor":45.0},{"not_picked":["champ:Improvising","champ:BladeFlurry+1","champ:VampiricStrike"],"picked":"Singing Bowl","floor":47.0},{"not_picked":["champ:GladiatorForm","champ:SteelEdge"],"picked":"champ:LastStand","floor":48.0},{"not_picked":["champ:PreciseThrust+1","champ:StanceDance+1"],"picked":"champ:Backstep+1","floor":48.0},{"not_picked":["champ:CrownThrow","champ:GutPunch+1"],"picked":"champ:ViciousMockery+1","floor":49.0},{"not_picked":["champ:ShieldSigil","champ:AdrenalArmor"],"picked":"champ:RecklessLeap+1","floor":52.0}],"player_experience":1106261,"relics_obtained":[{"floor":7.0,"key":"Whetstone"},{"floor":11.0,"key":"Gremlin Horn"},{"floor":23.0,"key":"Gensokyo:ConquerorOfFear"},{"floor":26.0,"key":"InkBottle"},{"floor":28.0,"key":"FossilizedHelix"},{"floor":41.0,"key":"Ancient Tea Set"},{"floor":45.0,"key":"Singing Bowl"},{"floor":47.0,"key":"hexamod:Sixitude"},{"floor":52.0,"key":"Lizard Tail"}],"event_choices":[],"is_beta":false,"boss_relics":[{"not_picked":["Snecko Eye","Tiny House"],"picked":"Coffee Dripper"},{"not_picked":["bronze:MakeshiftBattery","champ:ChampionCrownUpgraded"],"picked":"SlaversCollar"}],"items_purged_floors":[43],"is_endless":false,"potions_floor_spawned":[4,15,16,26,28,30,32,42,45,47,49],"ascension_level":2}}