{"host":"lwys0gbp6t40j7jh","time":1613838192,"event":{"mods":["Act Like it!","BaseMod","CapriCore","Friendly Minions","GifTheSpireLib","Minty Spire (QoL Compilation)","StSLib","SuperFastMode"],"gold_per_floor":[219,76,92,110,124,124,140,151,177,189,201,213,251,117,117,218,218,232,250,250,250],"floor_reached":20,"language":"ENG","playtime":358,"items_purged":["Eruption","Strike_P"],"score":260,"play_id":"22488117-c388-4173-b410-41f9ef299462","local_time":"20210220172312","is_ascension_mode":true,"campfire_choices":[{"data":"Tantrum","floor":6,"key":"SMITH"},{"data":"BowlingBash","floor":11,"key":"SMITH"},{"floor":15,"key":"REST"}],"circlet_count":0,"master_deck":["Defend_P","Defend_P","Defend_P","Defend_P","Vigilance","Tantrum+1","EmptyMind","EmptyFist","BowlingBash+1","Evaluate","BowlingBash","FollowUp","Brilliance"],"relics":["PureWater","MawBank","Centennial Puzzle","Empty Cage"],"acts_visited":["Exordium","TheCity"],"potions_floor_usage":[13,13],"damage_taken":[{"damage":0,"enemies":"Cultist","floor":1,"turns":2},{"damage":0,"enemies":"Small Slimes","floor":3,"turns":2},{"damage":2,"enemies":"Jaw Worm","floor":4,"turns":3},{"damage":9,"enemies":"Lots of Slimes","floor":5,"turns":3},{"damage":0,"enemies":"2 Fungi Beasts","floor":7,"turns":2},{"damage":13,"enemies":"Exordium Thugs","floor":8,"turns":5},{"damage":23,"enemies":"Lagavulin","floor":13,"turns":6},{"damage":0,"enemies":"Slime Boss","floor":16,"turns":5},{"damage":1,"enemies":"Chosen","floor":18,"turns":3},{"damage":9,"enemies":"Shell Parasite","floor":19,"turns":4},{"damage":66,"enemies":"Snake Plant","floor":20,"turns":5}],"seed_played":"3220697922471314053","potions_obtained":[{"floor":1,"key":"Regen Potion"},{"floor":4,"key":"Swift Potion"},{"floor":8,"key":"CultistPotion"}],"is_trial":false,"path_per_floor":["M","$","M","M","M","R","M","M","T","?","R","?","E","$","R","B",null,"M","M","M"],"character_chosen":"WATCHER","items_purchased":["EmptyMind","FollowUp"],"campfire_rested":1,"item_purchase_floors":[2,14],"current_hp_per_floor":[72,72,72,70,61,61,61,48,48,41,41,41,32,32,53,53,72,71,62,0,0],"gold":250,"neow_bonus":"HUNDRED_GOLD","is_daily":false,"chose_seed":false,"campfire_upgraded":2,"win_rate":0.0,"timestamp":1613838192,"path_taken":["M","$","M","M","M","R","?","M","T","?","R","?","E","$","R","BOSS","M","M","?"],"items_purchased_type":["Card","Card"],"build_version":"2020-12-22","purchased_purges":2,"victory":false,"max_hp_per_floor":[72,72,72,72,72,72,72,72,72,72,72,72,72,72,72,72,72,72,72,72,72],"card_choices":[{"not_picked":["Evaluate","FlurryOfBlows"],"picked":"Tantrum","floor":1},{"not_picked":["FlyingSleeves","SashWhip"],"picked":"EmptyFist","floor":3},{"not_picked":["LessonLearned","Prostrate","EmptyFist"],"picked":"SKIP","floor":4},{"not_picked":["Protect","JustLucky"],"picked":"BowlingBash","floor":5},{"not_picked":["Wireheading","WindmillStrike","DeceiveReality"],"picked":"SKIP","floor":7},{"not_picked":["Weave","PathToVictory"],"picked":"Evaluate","floor":8},{"not_picked":["ThirdEye","CutThroughFate"],"picked":"BowlingBash","floor":13},{"not_picked":["Establishment","Ragnarok"],"picked":"Brilliance","floor":16},{"not_picked":["Crescendo","SashWhip+1","PathToVictory+1"],"picked":"SKIP","floor":18},{"not_picked":["Wallop+1","Weave+1","EmptyFist"],"picked":"SKIP","floor":19}],"player_experience":1221118,"relics_obtained":[{"floor":9,"key":"MawBank"},{"floor":13,"key":"Centennial Puzzle"}],"event_choices":[{"cards_removed":["Strike_P"],"damage_healed":0,"gold_gain":0,"player_choice":"Card Removal","damage_taken":7,"max_hp_gain":0,"max_hp_loss":0,"event_name":"Golden Wing","floor":10,"gold_loss":0},{"damage_healed":0,"gold_gain":0,"player_choice":"Ignored","damage_taken":0,"max_hp_gain":0,"max_hp_loss":0,"event_name":"Transmorgrifier","floor":12,"gold_loss":0}],"is_beta":false,"boss_relics":[{"not_picked":["Astrolabe","SlaversCollar"],"picked":"Empty Cage"}],"items_purged_floors":[2,14],"is_endless":false,"potions_floor_spawned":[1,4,8],"killed_by":"Snake Plant","ascension_level":3}}