{"host":"z39atn33tyek63fd","time":1613792837,"event":{"mods":["BaseMod","Minty Spire (QoL Compilation)","everything is the same but u backflip on backflip"],"gold_per_floor":[109,34,34,44,119,152,166,166,166,193,193,193,232,251,251,374,374,393,417,435,435,435],"floor_reached":21,"language":"ENG","playtime":891,"items_purged":["Strike_R"],"score":347,"play_id":"87d46d5e-7479-4ee0-aa2c-87c2ba1f76ca","local_time":"20210219214717","is_ascension_mode":true,"campfire_choices":[{"data":"Clothesline","floor":8,"key":"SMITH"},{"floor":12,"key":"REST"},{"floor":15,"key":"REST"}],"circlet_count":0,"master_deck":["AscendersBane","Strike_R","Strike_R","Strike_R","Strike_R","Defend_R","Defend_R","Defend_R","Defend_R","Bash","Clothesline+1","Spot Weakness","Flex","Cleave","Anger","Ghostly Armor","Feed","Shrug It Off","Thunderclap","Blood for Blood+1"],"relics":["Burning Blood","NeowsBlessing","InkBottle","Lantern","Toy Ornithopter","Golden Idol","FossilizedHelix","Philosopher\u0027s Stone"],"acts_visited":["Exordium","TheCity"],"potions_floor_usage":[16,16,21],"damage_taken":[{"damage":0,"enemies":"2 Louse","floor":1,"turns":1},{"damage":0,"enemies":"Small Slimes","floor":4,"turns":1},{"damage":0,"enemies":"Gremlin Nob","floor":6,"turns":1},{"damage":10,"enemies":"Jaw Worm","floor":7,"turns":4},{"damage":42,"enemies":"Lagavulin","floor":10,"turns":9},{"damage":35,"enemies":"3 Sentries","floor":13,"turns":7},{"damage":1,"enemies":"Red Slaver","floor":14,"turns":4},{"damage":40,"enemies":"Slime Boss","floor":16,"turns":13},{"damage":23,"enemies":"2 Thieves","floor":18,"turns":4},{"damage":8,"enemies":"Spheric Guardian","floor":19,"turns":4},{"damage":56,"enemies":"3 Cultists","floor":20,"turns":7},{"damage":31,"enemies":"Masked Bandits","floor":21,"turns":3}],"seed_played":"-5135213749815974974","potions_obtained":[{"floor":13,"key":"PowerPotion"},{"floor":14,"key":"ElixirPotion"},{"floor":18,"key":"BlessingOfTheForge"},{"floor":19,"key":"FairyPotion"}],"is_trial":false,"path_per_floor":["M","$","?","M","?","E","M","R","T","E","?","R","E","M","R","B",null,"M","M","M","?"],"character_chosen":"IRONCLAD","items_purchased":[],"campfire_rested":2,"item_purchase_floors":[],"current_hp_per_floor":[78,78,78,80,69,75,71,71,71,35,35,57,28,33,55,31,63,46,44,21,0,0],"gold":435,"neow_bonus":"THREE_ENEMY_KILL","is_daily":false,"chose_seed":false,"campfire_upgraded":1,"win_rate":0.0,"timestamp":1613792837,"path_taken":["M","$","?","M","?","E","M","R","T","E","?","R","E","M","R","BOSS","M","M","M","?"],"items_purchased_type":[],"build_version":"2020-12-22","purchased_purges":1,"victory":false,"max_hp_per_floor":[80,80,80,80,80,80,80,80,80,80,74,74,74,74,74,74,74,74,74,77,77,77],"card_choices":[{"not_picked":["Anger","Seeing Red"],"picked":"Clothesline","floor":1},{"not_picked":["Blood for Blood","Dark Embrace","Perfected Strike"],"picked":"SKIP","floor":4},{"not_picked":["Anger","Rage"],"picked":"Spot Weakness","floor":6},{"not_picked":["Pummel","Headbutt"],"picked":"Flex","floor":7},{"not_picked":["Thunderclap","Clash"],"picked":"Cleave","floor":10},{"not_picked":["Sever Soul","Wild Strike"],"picked":"Anger","floor":13},{"not_picked":["Dark Embrace","Cleave"],"picked":"Ghostly Armor","floor":14},{"not_picked":["Brutality","Impervious"],"picked":"Feed","floor":16},{"not_picked":["Armaments","Heavy Blade"],"picked":"Shrug It Off","floor":18},{"not_picked":["Anger+1","Clothesline"],"picked":"Thunderclap","floor":19},{"not_picked":["Havoc","Feel No Pain"],"picked":"Blood for Blood+1","floor":20}],"player_experience":818224,"relics_obtained":[{"floor":6,"key":"InkBottle"},{"floor":9,"key":"Lantern"},{"floor":10,"key":"Toy Ornithopter"},{"floor":13,"key":"FossilizedHelix"}],"event_choices":[{"damage_healed":0,"gold_gain":0,"player_choice":"Ignored","damage_taken":0,"max_hp_gain":0,"max_hp_loss":0,"event_name":"Liars Game","floor":3,"gold_loss":0},{"damage_healed":0,"gold_gain":75,"player_choice":"Gather Gold","damage_taken":11,"max_hp_gain":0,"max_hp_loss":0,"event_name":"World of Goop","floor":5,"gold_loss":0},{"damage_healed":0,"gold_gain":0,"player_choice":"Lose Max HP","damage_taken":0,"relics_obtained":["Golden Idol"],"max_hp_gain":0,"max_hp_loss":6,"event_name":"Golden Idol","floor":11,"gold_loss":0},{"damage_healed":0,"gold_gain":0,"player_choice":"Fought Bandits","damage_taken":0,"max_hp_gain":0,"max_hp_loss":0,"event_name":"Masked Bandits","floor":21,"gold_loss":0}],"is_beta":false,"boss_relics":[{"not_picked":["Black Star","SacredBark"],"picked":"Philosopher\u0027s Stone"}],"items_purged_floors":[2],"is_endless":false,"potions_floor_spawned":[13,14,18,19],"killed_by":"Masked Bandits","ascension_level":11}}