{"host":"dlqyscxstsnu98l1","time":1613830815,"event":{"mods":["AchievementEnabler","BaseMod","Colored Map","Colored Powertips","GifTheSpireLib","Highlight Path","Minty Spire (QoL Compilation)","Random Character Button","SacredBarkPlus","StSLib","everything is the same but u backflip on backflip"],"gold_per_floor":[110,120,137,137,147,179,179,213,261,281,296,296,306,158,158,261,261,277,277,330,31,31,31,44,77,101,117,117,188,206,206,206,306,306,306],"floor_reached":34,"language":"ENG","playtime":1912,"items_purged":[],"score":497,"play_id":"7e950b50-ed10-41b8-bd56-94e344220f5e","local_time":"20210220082015","is_ascension_mode":true,"campfire_choices":[{"floor":7.0,"key":"REST"},{"floor":12.0,"key":"REST"},{"data":"Skewer","floor":15.0,"key":"SMITH"},{"data":"Malaise","floor":23.0,"key":"SMITH"},{"data":"Tactician","floor":28.0,"key":"SMITH"},{"data":"Calculated Gamble","floor":32.0,"key":"SMITH"}],"circlet_count":0,"master_deck":["Strike_G+1","Defend_G+1","Defend_G+1","Defend_G+1","Defend_G+1","Defend_G+1","Survivor+1","Neutralize","Skewer+1","Underhanded Strike","PiercingWail","Cloak And Dagger","Prepared","Caltrops","Slice","Concentrate","Malaise+1","Backflip","Noxious Fumes","Dodge and Roll","Dodge and Roll","Adrenaline+1","PiercingWail","Crippling Poison+1","Tactician+1","Calculated Gamble+1","Phantasmal Killer","Acrobatics","Doppelganger"],"relics":["Ring of the Serpent","Tough Bandages","Regal Pillow","Paper Crane","Lantern","Orrery","Strawberry","War Paint","Strange Spoon","Boot","Juzu Bracelet","Bottled Lightning"],"acts_visited":["Exordium","TheCity"],"potions_floor_usage":[],"damage_taken":[{"damage":1.0,"enemies":"Small Slimes","floor":1.0,"turns":5.0},{"damage":0.0,"enemies":"Cultist","floor":2.0,"turns":2.0},{"damage":0.0,"enemies":"Jaw Worm","floor":3.0,"turns":4.0},{"damage":8.0,"enemies":"Exordium Wildlife","floor":5.0,"turns":6.0},{"damage":19.0,"enemies":"Gremlin Nob","floor":6.0,"turns":4.0},{"damage":29.0,"enemies":"Lagavulin","floor":8.0,"turns":11.0},{"damage":1.0,"enemies":"3 Louse","floor":10.0,"turns":3.0},{"damage":9.0,"enemies":"Exordium Thugs","floor":11.0,"turns":4.0},{"damage":4.0,"enemies":"Exordium Wildlife","floor":13.0,"turns":3.0},{"damage":13.0,"enemies":"Hexaghost","floor":16.0,"turns":13.0},{"damage":3.0,"enemies":"Shell Parasite","floor":18.0,"turns":6.0},{"damage":5.0,"enemies":"Chosen","floor":24.0,"turns":6.0},{"damage":3.0,"enemies":"Gremlin Leader","floor":25.0,"turns":8.0},{"damage":1.0,"enemies":"Centurion and Healer","floor":27.0,"turns":7.0},{"damage":5.0,"enemies":"Shelled Parasite and Fungi","floor":30.0,"turns":8.0},{"damage":37.0,"enemies":"Automaton","floor":33.0,"turns":14.0}],"seed_played":"3337085588610025612","potions_obtained":[{"floor":1.0,"key":"BlessingOfTheForge"},{"floor":2.0,"key":"Poison Potion"},{"floor":8.0,"key":"FearPotion"},{"floor":11.0,"key":"EssenceOfSteel"},{"floor":16.0,"key":"ColorlessPotion"},{"floor":24.0,"key":"SneckoOil"}],"is_trial":false,"path_per_floor":["M","M","M","?","M","E","R","E","T","M","M","R","M","$","R","B",null,"M","?","T","$","?","R","M","E","T","M","R","T","M","?","R","B",null],"character_chosen":"THE_SILENT","items_purchased":["Orrery","War Paint","Strange Spoon"],"campfire_rested":2,"item_purchase_floors":[14,21,21],"current_hp_per_floor":[44,44,44,44,36,17,53,24,24,23,14,50,46,46,46,33,61,58,58,65,65,65,65,60,57,57,56,56,56,51,51,51,14,14,14],"gold":306,"neow_bonus":"ONE_RARE_RELIC","is_daily":false,"chose_seed":false,"campfire_upgraded":4,"win_rate":0.0,"timestamp":1613830815,"path_taken":["M","M","M","?","M","E","R","E","T","?","M","R","?","?","R","BOSS","M","?","?","$","?","R","?","E","T","M","R","?","M","?","R","BOSS"],"items_purchased_type":["Relic","Relic","Relic"],"build_version":"2020-12-22","purchased_purges":0,"victory":false,"max_hp_per_floor":[70,70,70,70,70,70,70,70,70,70,70,70,70,70,70,70,70,70,70,77,77,77,77,77,77,77,77,77,77,77,77,77,77,77,77],"card_choices":[{"not_picked":["Bane","Dagger Spray"],"picked":"Skewer","floor":1.0},{"not_picked":["Accuracy","Deadly Poison"],"picked":"Underhanded Strike","floor":2.0},{"not_picked":["Bane","Accuracy"],"picked":"PiercingWail","floor":3.0},{"not_picked":["Setup","Sucker Punch"],"picked":"Cloak And Dagger","floor":5.0},{"not_picked":["Poisoned Stab","Dagger Throw"],"picked":"Prepared","floor":6.0},{"not_picked":["Distraction","Poisoned Stab"],"picked":"Caltrops","floor":8.0},{"not_picked":["Distraction","Accuracy"],"picked":"Slice","floor":10.0},{"not_picked":["Deflect","Flying Knee"],"picked":"Concentrate","floor":11.0},{"not_picked":["Expertise","Sucker Punch"],"picked":"Malaise","floor":13.0},{"not_picked":["Concentrate","Grand Finale"],"picked":"Backflip","floor":14.0},{"not_picked":["Quick Slash","Blade Dance"],"picked":"Noxious Fumes","floor":14.0},{"not_picked":["Slice","Predator"],"picked":"Dodge and Roll","floor":14.0},{"not_picked":["Riddle With Holes","Choke"],"picked":"Dodge and Roll","floor":14.0},{"not_picked":["Venomology","A Thousand Cuts"],"picked":"Adrenaline","floor":16.0},{"not_picked":["Deflect","Accuracy"],"picked":"PiercingWail","floor":18.0},{"not_picked":["Outmaneuver","Slice+1"],"picked":"Crippling Poison+1","floor":24.0},{"not_picked":["Cloak And Dagger+1","Sucker Punch+1"],"picked":"Tactician","floor":25.0},{"not_picked":["Deadly Poison","Flechettes+1","Setup"],"picked":"SKIP","floor":27.0},{"not_picked":["Concentrate","Blade Dance+1"],"picked":"Calculated Gamble","floor":30.0},{"not_picked":["Phantasmal Killer","Venomology"],"picked":"Doppelganger","floor":33.0}],"player_experience":247425,"relics_obtained":[{"floor":6.0,"key":"Regal Pillow"},{"floor":8.0,"key":"Paper Crane"},{"floor":9.0,"key":"Lantern"},{"floor":20.0,"key":"Strawberry"},{"floor":25.0,"key":"Boot"},{"floor":26.0,"key":"Juzu Bracelet"},{"floor":29.0,"key":"Bottled Lightning"}],"event_choices":[{"cards_removed":["Strike_G"],"damage_healed":0.0,"max_hp_gain":0.0,"max_hp_loss":0.0,"gold_gain":0.0,"event_name":"Purifier","player_choice":"Purged","floor":4.0,"gold_loss":0.0,"damage_taken":0.0},{"damage_healed":0.0,"max_hp_gain":0.0,"max_hp_loss":0.0,"gold_gain":0.0,"event_name":"Back to Basics","player_choice":"Simplicity","floor":19.0,"gold_loss":0.0,"damage_taken":0.0,"cards_upgraded":["Strike_G","Strike_G","Strike_G","Strike_G","Defend_G","Defend_G","Defend_G","Defend_G","Defend_G"]},{"cards_removed":["Strike_G"],"damage_healed":0.0,"max_hp_gain":0.0,"max_hp_loss":0.0,"gold_gain":0.0,"event_name":"Purifier","player_choice":"Purged","floor":22.0,"gold_loss":0.0,"damage_taken":0.0},{"damage_healed":0.0,"max_hp_gain":0.0,"max_hp_loss":0.0,"gold_gain":0.0,"cards_transformed":["Strike_G","Strike_G"],"event_name":"Drug Dealer","player_choice":"Became Test Subject","floor":31.0,"gold_loss":0.0,"damage_taken":0.0,"cards_obtained":["Phantasmal Killer","Acrobatics"]}],"is_beta":false,"boss_relics":[{"not_picked":["Velvet Choker","Runic Pyramid"],"picked":"Ring of the Serpent"}],"items_purged_floors":[],"is_endless":false,"potions_floor_spawned":[1,2,8,11,16,18,24],"ascension_level":6}}