{"host":"bcgpa1lum7s82wr6","time":1613817224,"event":{"mods":["AchievementEnabler","BaseMod","Colored Map","Colored Powertips","Highlight Path","Minty Spire (QoL Compilation)","Quick Restart","StSLib"],"gold_per_floor":[116,191,191,204,154,184,184,218,218,229,229,258,258,304,304,404,404,422,435,450,365,123,123,158,158,184,202,217,217,259,268,268,375,375,390,412,43,43,43,43,81,93,93,93,18,38,38,63,63,63,63,63,63,97,97,97],"floor_reached":55,"language":"ENG","playtime":1897,"items_purged":["Strike_B"],"score":789,"play_id":"a593fa03-303f-41d3-8d24-2e0b33c95e1e","local_time":"20210220123344","is_ascension_mode":true,"campfire_choices":[{"data":"Chaos","floor":7,"key":"SMITH"},{"floor":13,"key":"REST"},{"data":"Chaos","floor":15,"key":"SMITH"},{"data":"Core Surge","floor":23,"key":"SMITH"},{"floor":25,"key":"REST"},{"data":"Loop","floor":32,"key":"SMITH"},{"data":"Defragment","floor":40,"key":"SMITH"},{"floor":44,"key":"RECALL"},{"data":"Consume","floor":49,"key":"SMITH"},{"data":"Buffer","floor":52,"key":"SMITH"}],"circlet_count":0,"master_deck":["Strike_B","Defend_B","Defend_B+1","Defend_B","Zap","Dualcast","Lockon+1","Chaos+1","Self Repair","Melter","Chaos+1","Core Surge+1","Chill+1","Chaos+1","White Noise","Coolheaded+1","Loop+1","Loop+1","Buffer+1","Consume+1","Defragment+1","Machine Learning","Storm+1"],"relics":["FrozenCore","NeowsBlessing","Bottled Flame","PreservedInsect","Letter Opener","Oddly Smooth Stone","Regal Pillow","Sozu","Mummified Hand","Gremlin Horn","Dream Catcher","CeramicFish","Darkstone Periapt","TungstenRod","Omamori","Strawberry"],"acts_visited":["Exordium","TheCity","TheBeyond","TheEnding"],"potions_floor_usage":[16,18,20],"damage_taken":[{"damage":0,"enemies":"Cultist","floor":1,"turns":1},{"damage":0,"enemies":"2 Louse","floor":4,"turns":1},{"damage":0,"enemies":"3 Sentries","floor":6,"turns":1},{"damage":16,"enemies":"Lagavulin","floor":8,"turns":4},{"damage":0,"enemies":"Small Slimes","floor":10,"turns":2},{"damage":22,"enemies":"3 Sentries","floor":12,"turns":5},{"damage":28,"enemies":"Hexaghost","floor":16,"turns":8},{"damage":0,"enemies":"Spheric Guardian","floor":18,"turns":2},{"damage":1,"enemies":"2 Thieves","floor":19,"turns":3},{"damage":32,"enemies":"Cultist and Chosen","floor":20,"turns":6},{"damage":18,"enemies":"Book of Stabbing","floor":24,"turns":4},{"damage":0,"enemies":"3 Cultists","floor":27,"turns":4},{"damage":9,"enemies":"Snake Plant","floor":28,"turns":4},{"damage":6,"enemies":"Gremlin Leader","floor":30,"turns":5},{"damage":31,"enemies":"Collector","floor":33,"turns":8},{"damage":7,"enemies":"Orb Walker","floor":35,"turns":4},{"damage":4,"enemies":"3 Shapes","floor":36,"turns":5},{"damage":0,"enemies":"Nemesis","floor":41,"turns":6},{"damage":20,"enemies":"Maw","floor":42,"turns":7},{"damage":20,"enemies":"3 Darklings","floor":46,"turns":5},{"damage":2,"enemies":"4 Shapes","floor":48,"turns":7},{"damage":38,"enemies":"Time Eater","floor":50,"turns":9},{"damage":52,"enemies":"Shield and Spear","floor":54,"turns":5},{"damage":58,"enemies":"The Heart","floor":55,"turns":5}],"seed_played":"1576318865546062150","potions_obtained":[{"floor":1,"key":"SteroidPotion"},{"floor":10,"key":"SpeedPotion"},{"floor":12,"key":"Strength Potion"},{"floor":16,"key":"Weak Potion"}],"is_trial":false,"path_per_floor":["M","?","?","M","?","E","R","E","T","M","?","E","R","T","R","B",null,"M","M","M","?","$","R","E","R","T","M","M","?","E","?","R","B",null,"M","M","$","?","?","R","E","M","T","R","$","M","$","M","R","B",null,"R","$","E","B"],"character_chosen":"DEFECT","items_purchased":["Gremlin Horn","Defragment","TungstenRod"],"campfire_rested":2,"item_purchase_floors":[22,37,37],"current_hp_per_floor":[75,64,69,69,69,69,69,53,53,60,44,29,53,53,53,32,80,80,80,55,55,55,55,44,80,80,80,78,78,79,79,79,55,80,80,80,80,80,80,80,80,67,67,67,67,54,54,59,59,28,80,80,80,42,0,0],"gold":97,"neow_bonus":"THREE_ENEMY_KILL","is_daily":false,"chose_seed":false,"campfire_upgraded":7,"win_rate":0.0,"timestamp":1613817224,"path_taken":["M","?","?","M","?","E","R","E","T","M","?","E","R","?","R","BOSS","M","M","M","?","$","R","E","R","T","M","M","?","E","?","R","BOSS","M","M","$","?","?","R","E","M","T","R","$","?","?","M","R","BOSS","R","$","E","BOSS"],"items_purchased_type":["Relic","Card","Relic"],"build_version":"2020-12-22","purchased_purges":1,"victory":false,"max_hp_per_floor":[75,75,80,80,80,80,80,80,80,80,80,80,80,80,80,80,80,80,80,80,80,80,80,80,80,80,80,80,80,80,80,80,80,80,80,80,80,80,80,80,80,80,80,80,80,80,80,80,80,80,80,80,80,87,87,87],"card_choices":[{"not_picked":["Streamline","Leap"],"picked":"Lockon","floor":1},{"not_picked":["Tempest","Leap"],"picked":"Chaos","floor":4},{"not_picked":["Redo","Turbo","Hologram"],"picked":"SKIP","floor":6},{"not_picked":["Cold Snap","Steam"],"picked":"Self Repair","floor":8},{"not_picked":["Redo","Coolheaded"],"picked":"Melter","floor":10},{"not_picked":["Gash","Fusion"],"picked":"Chaos","floor":12},{"not_picked":["Amplify","Hyperbeam"],"picked":"Core Surge","floor":16},{"not_picked":["Rebound","Beam Cell"],"picked":"Chill+1","floor":18},{"not_picked":["Beam Cell","Sweeping Beam"],"picked":"Chaos+1","floor":19},{"not_picked":["Coolheaded+1","Hologram","Leap"],"picked":"SKIP","floor":20},{"not_picked":["Heatsinks","Barrage"],"picked":"White Noise","floor":24},{"not_picked":["Go for the Eyes","Skim"],"picked":"Coolheaded+1","floor":25},{"not_picked":["Cold Snap","Hologram","Redo+1"],"picked":"SKIP","floor":27},{"not_picked":["Seek","Chaos","Cold Snap"],"picked":"SKIP","floor":28},{"not_picked":["FTL+1","Barrage"],"picked":"Loop+1","floor":30},{"not_picked":["Multi-Cast","All For One"],"picked":"Buffer","floor":33},{"not_picked":["Beam Cell+1","Coolheaded+1","Chaos+1"],"picked":"SKIP","floor":35},{"not_picked":["Barrage","Rebound"],"picked":"Consume","floor":36},{"not_picked":["Chill","Barrage+1"],"picked":"Machine Learning","floor":41},{"not_picked":["Redo+1","Darkness","Hologram+1"],"picked":"SKIP","floor":42},{"not_picked":["Redo+1","Tempest+1","Steam+1"],"picked":"SKIP","floor":46},{"not_picked":["Steam","Go for the Eyes+1"],"picked":"Storm+1","floor":48},{"not_picked":["Turbo+1","Doom and Gloom+1","Barrage"],"picked":"SKIP","floor":54}],"player_experience":174705,"relics_obtained":[{"floor":6,"key":"Bottled Flame"},{"floor":8,"key":"PreservedInsect"},{"floor":9,"key":"Letter Opener"},{"floor":12,"key":"Oddly Smooth Stone"},{"floor":14,"key":"Regal Pillow"},{"floor":24,"key":"Dream Catcher"},{"floor":26,"key":"CeramicFish"},{"floor":30,"key":"Darkstone Periapt"},{"floor":41,"key":"Omamori"},{"floor":54,"key":"Strawberry"}],"event_choices":[{"damage_healed":0,"gold_gain":75,"player_choice":"Gather Gold","damage_taken":11,"max_hp_gain":0,"max_hp_loss":0,"event_name":"World of Goop","floor":2,"gold_loss":0},{"damage_healed":0,"gold_gain":0,"player_choice":"Donut","damage_taken":0,"max_hp_gain":5,"max_hp_loss":0,"event_name":"Big Fish","floor":3,"gold_loss":0},{"cards_removed":["Strike_B"],"damage_healed":0,"gold_gain":0,"player_choice":"Card Removal","damage_taken":0,"max_hp_gain":0,"max_hp_loss":0,"event_name":"The Cleric","floor":5,"gold_loss":50},{"damage_healed":0,"gold_gain":0,"player_choice":"Entered Light","damage_taken":16,"max_hp_gain":0,"max_hp_loss":0,"event_name":"Shining Light","floor":11,"gold_loss":0,"cards_upgraded":["Lockon","Defend_B"]},{"damage_healed":0,"gold_gain":0,"player_choice":"Obtained Relic","damage_taken":0,"relics_obtained":["Mummified Hand"],"max_hp_gain":0,"max_hp_loss":0,"event_name":"Addict","floor":21,"gold_loss":85},{"damage_healed":0,"gold_gain":0,"player_choice":"Ignored","damage_taken":0,"max_hp_gain":0,"max_hp_loss":0,"event_name":"Vampires","floor":29,"gold_loss":0},{"damage_healed":0,"gold_gain":0,"player_choice":"Read","damage_taken":0,"max_hp_gain":0,"max_hp_loss":0,"event_name":"The Library","floor":31,"gold_loss":0,"cards_obtained":["Loop"]},{"cards_removed":["Strike_B"],"damage_healed":0,"gold_gain":0,"player_choice":"Removed Attack","damage_taken":0,"max_hp_gain":0,"max_hp_loss":0,"event_name":"Falling","floor":38,"gold_loss":0},{"cards_removed":["Defend_B"],"damage_healed":0,"gold_gain":0,"player_choice":"Purged","damage_taken":0,"max_hp_gain":0,"max_hp_loss":0,"event_name":"Purifier","floor":39,"gold_loss":0}],"is_beta":false,"boss_relics":[{"not_picked":["Pandora\u0027s Box","Runic Dome"],"picked":"Sozu"},{"not_picked":["Tiny House","SacredBark"],"picked":"FrozenCore"}],"items_purged_floors":[45],"is_endless":false,"potions_floor_spawned":[1,10,12,16,18,20,27,28,33,41,46,48],"killed_by":"The Heart","ascension_level":1}}