{"host":"exhp4inpfmbngj23","time":1613811425,"event":{"mods":["Abigail Mod","BaseMod","Beaked The Cultist","Friendly Minions","Kiyohime????","Koishi","Minty Spire (QoL Compilation)","StSLib","The Alterego","The Marked"],"gold_per_floor":[111,125,140,240,255,255,187,215,215,234,234,264,69,95,95,192,192,212,212,225,236,326,352,352,98,98,118,118,148,183,110,122,233,245,275,48,98,98,0,19,30,30,30,46,46,78,78,37,37,37,37,37,37,70,70,70],"floor_reached":55,"language":"ENG","playtime":3987,"items_purged":[],"score":786,"play_id":"646d4016-fe22-446d-9c95-d908ad01ef06","local_time":"20210220005705","is_ascension_mode":false,"campfire_choices":[{"floor":6,"key":"RECALL"},{"data":"theMarked:Challenge","floor":15,"key":"SMITH"},{"data":"theMarked:BindingBlade","floor":24,"key":"SMITH"},{"data":"theMarked:StartUp","floor":28,"key":"SMITH"},{"data":"theMarked:Panic","floor":32,"key":"SMITH"},{"data":"theMarked:Snap","floor":45,"key":"SMITH"},{"data":"theMarked:EmpowerWeapon","floor":49,"key":"SMITH"},{"data":"theMarked:EmpowerWeapon","floor":52,"key":"SMITH"}],"circlet_count":0,"master_deck":["theMarked:SoldierOfQuellstein","theMarked:BanishingStrike","theMarked:BanishingStrike","theMarked:WardOff","theMarked:WardOff","theMarked:BanishingWave+1","theMarked:BanishingStrike","theMarked:Challenge+1","theMarked:WardOff","theMarked:RogueSparks+1","theMarked:BindingBlade+1","theMarked:Frustration+1","theMarked:RogueSparks+1","theMarked:StartUp+1","theMarked:Panic+1","theMarked:DispelDoubt","theMarked:Overcharge","theMarked:PowerFlow","theMarked:OneWithTheBlade","theMarked:Reabsorb","theMarked:SwordAndMagic","theMarked:Snap+1","theMarked:Parkour","theMarked:Static","theMarked:TheMission+1","theMarked:EmpowerWeapon+1","Transmutation","theMarked:EmpowerWeapon+1","theMarked:ComboAttacks+1"],"relics":["theMarked:ArtifactOfAir","NeowsBlessing","Frozen Egg 2","TungstenRod","WingedGreaves","Orichalcum","MealTicket","Busted Crown","alterego_mod:SomeoneToFightFor","Tiny Chest","DollysMirror","Dead Branch","MawBank","The Courier","Pandora\u0027s Box","ClockworkSouvenir","Blood Vial","theMarked:KettuFlask","Centennial Puzzle","Red Mask","HornCleat","Incense Burner","Pantograph","CaptainsWheel"],"acts_visited":["Exordium","TheCity","TheBeyond","TheEnding"],"potions_floor_usage":[18,23,25,55,55],"damage_taken":[{"damage":0,"enemies":"2 Louse","floor":1,"turns":2},{"damage":0,"enemies":"Cultist","floor":2,"turns":1},{"damage":0,"enemies":"Small Slimes","floor":3,"turns":1},{"damage":5,"enemies":"Looter","floor":5,"turns":3},{"damage":30,"enemies":"3 Sentries","floor":8,"turns":10},{"damage":1,"enemies":"Large Slime","floor":10,"turns":5},{"damage":3,"enemies":"Gremlin Nob","floor":14,"turns":3},{"damage":0,"enemies":"The Guardian","floor":16,"turns":8},{"damage":12,"enemies":"3 Byrds","floor":18,"turns":5},{"damage":0,"enemies":"Shell Parasite","floor":20,"turns":2},{"damage":0,"enemies":"Centurion and Healer","floor":21,"turns":4},{"damage":2,"enemies":"Book of Stabbing","floor":23,"turns":5},{"damage":0,"enemies":"Cultist and Chosen","floor":27,"turns":3},{"damage":4,"enemies":"Gremlin Leader","floor":29,"turns":5},{"damage":8,"enemies":"Book of Stabbing","floor":30,"turns":3},{"damage":23,"enemies":"Collector","floor":33,"turns":8},{"damage":9,"enemies":"Orb Walker","floor":35,"turns":3},{"damage":0,"enemies":"Mind Bloom Boss Battle","floor":37,"turns":3},{"damage":13,"enemies":"3 Darklings","floor":40,"turns":5},{"damage":2,"enemies":"Spire Growth","floor":41,"turns":3},{"damage":0,"enemies":"Maw","floor":44,"turns":4},{"damage":4,"enemies":"Nemesis","floor":46,"turns":6},{"damage":31,"enemies":"Time Eater","floor":50,"turns":9},{"damage":6,"enemies":"Shield and Spear","floor":54,"turns":3},{"damage":78,"enemies":"The Heart","floor":55,"turns":7}],"seed_played":"-93541887980410776","potions_obtained":[{"floor":2,"key":"Strength Potion"},{"floor":14,"key":"Regen Potion"},{"floor":16,"key":"EssenceOfSteel"},{"floor":18,"key":"Weak Potion"},{"floor":35,"key":"Explosive Potion"},{"floor":40,"key":"PowerPotion"},{"floor":46,"key":"Energy Potion"}],"is_trial":false,"path_per_floor":["M","M","M","?","M","R","$","E","T","M","?","?","$","E","R","B",null,"M","?","M","M","?","E","R","$","T","M","R","E","E","?","R","B",null,"M","$","?","T","?","M","M","?","T","M","R","E","T","$","R","B",null,"R","$","E","B"],"character_chosen":"THE_DEFAULT","items_purchased":["theMarked:BanishingWave","theMarked:WardOff","Orichalcum","DollysMirror","Fruit Juice","ClockworkSouvenir","Blood Vial","theMarked:EmpowerWeapon"],"campfire_rested":0,"item_purchase_floors":[7,13,13,25,25,36,36,48],"current_hp_per_floor":[72,72,72,72,67,67,67,37,37,36,36,36,36,33,33,33,72,60,60,60,72,62,60,60,77,77,77,77,73,65,65,65,63,77,75,77,77,77,77,64,71,71,71,73,73,71,71,77,77,46,77,77,77,71,0,0],"gold":70,"neow_bonus":"THREE_ENEMY_KILL","is_daily":false,"chose_seed":false,"campfire_upgraded":7,"win_rate":0.0,"timestamp":1613811425,"path_taken":["M","M","M","?","?","R","?","E","T","M","?","?","$","E","R","BOSS","M","?","M","M","?","E","R","$","T","?","R","E","E","?","R","BOSS","M","$","?","?","?","?","M","?","T","M","R","E","?","?","R","BOSS","R","$","E","BOSS"],"items_purchased_type":["Card","Card","Relic","Relic","Potion","Relic","Relic","Card"],"build_version":"2020-12-22","purchased_purges":0,"victory":false,"max_hp_per_floor":[72,72,72,72,72,72,72,72,72,72,72,72,72,72,72,72,72,72,72,72,72,72,72,72,77,77,77,77,77,77,77,77,77,77,77,77,77,77,77,77,77,77,77,77,77,77,77,77,77,77,77,77,77,77,77,77],"card_choices":[{"not_picked":["theMarked:Electrify","theMarked:WastefulAttack"],"picked":"theMarked:BanishingStrike","floor":1},{"not_picked":["theMarked:EmpowerWeapon","theMarked:ChainLightning"],"picked":"theMarked:BanishingStrike","floor":2},{"not_picked":["theMarked:Improvise","theMarked:HeightenedSenses"],"picked":"theMarked:WardOff","floor":3},{"not_picked":["theMarked:GodGivenPower","theMarked:EmpowerWeapon"],"picked":"theMarked:WardOff","floor":5},{"not_picked":["theMarked:Snap","theMarked:EmpowerWeapon"],"picked":"theMarked:BanishingStrike","floor":8},{"not_picked":["theMarked:Frustration","theMarked:EmpowerWeapon"],"picked":"theMarked:Challenge","floor":10},{"not_picked":["theMarked:Improvise","theMarked:KeepCalmAndFight"],"picked":"theMarked:RogueSparks+1","floor":14},{"not_picked":["theMarked:MagusForm+1","theMarked:Levitate"],"picked":"theMarked:BindingBlade","floor":16},{"not_picked":["theMarked:Parkour+1"],"picked":"SKIP","floor":18},{"not_picked":["theMarked:HeightenedSenses+1"],"picked":"SKIP","floor":20},{"not_picked":[],"picked":"theMarked:Frustration+1","floor":21},{"not_picked":["theMarked:ShockingTouch"],"picked":"SKIP","floor":23},{"not_picked":[],"picked":"theMarked:StartUp","floor":27},{"not_picked":["theMarked:TakeCover"],"picked":"SKIP","floor":29},{"not_picked":[],"picked":"theMarked:Panic","floor":30},{"not_picked":[],"picked":"theMarked:DispelDoubt","floor":33},{"not_picked":["theMarked:Improvise"],"picked":"SKIP","floor":35},{"not_picked":[],"picked":"theMarked:EmpowerWeapon","floor":37},{"not_picked":["theMarked:RepellingDischarge"],"picked":"SKIP","floor":40},{"not_picked":["theMarked:PowerFlow"],"picked":"SKIP","floor":41},{"not_picked":[],"picked":"Transmutation","floor":42},{"not_picked":["theMarked:ShockingTouch"],"picked":"SKIP","floor":44},{"not_picked":["theMarked:RepellingDischarge+1"],"picked":"SKIP","floor":46},{"not_picked":[],"picked":"theMarked:ComboAttacks+1","floor":54}],"player_experience":2070318,"relics_obtained":[{"floor":8,"key":"Frozen Egg 2"},{"floor":9,"key":"TungstenRod"},{"floor":14,"key":"MealTicket"},{"floor":23,"key":"Tiny Chest"},{"floor":29,"key":"Dead Branch"},{"floor":30,"key":"MawBank"},{"floor":37,"key":"theMarked:KettuFlask"},{"floor":38,"key":"Centennial Puzzle"},{"floor":43,"key":"HornCleat"},{"floor":46,"key":"Incense Burner"},{"floor":47,"key":"Pantograph"},{"floor":54,"key":"CaptainsWheel"}],"event_choices":[{"damage_healed":0,"gold_gain":100,"player_choice":"Gold","damage_taken":0,"max_hp_gain":0,"max_hp_loss":0,"event_name":"Wheel of Change","floor":4,"gold_loss":0},{"damage_healed":0,"gold_gain":0,"player_choice":"Grow","damage_taken":0,"max_hp_gain":0,"max_hp_loss":0,"event_name":"Living Wall","floor":11,"gold_loss":0,"cards_upgraded":["theMarked:BanishingWave"]},{"damage_healed":0,"gold_gain":30,"player_choice":"Searched \u00273\u0027 times","damage_taken":0,"relics_obtained":["WingedGreaves"],"max_hp_gain":0,"max_hp_loss":0,"event_name":"Dead Adventurer","floor":12,"gold_loss":0},{"damage_healed":0,"gold_gain":0,"player_choice":"Choice 2","damage_taken":0,"relics_obtained":["alterego_mod:SomeoneToFightFor"],"max_hp_gain":0,"max_hp_loss":0,"event_name":"Secret Garden","floor":19,"gold_loss":0},{"damage_healed":0,"gold_gain":90,"player_choice":"GOLD ","damage_taken":12,"max_hp_gain":0,"max_hp_loss":0,"event_name":"Knowing Skull","floor":22,"potions_obtained":[],"gold_loss":0,"cards_obtained":[]},{"damage_healed":0,"gold_gain":0,"player_choice":"Obtained Relic","damage_taken":0,"relics_obtained":["The Courier"],"max_hp_gain":0,"max_hp_loss":0,"event_name":"Addict","floor":31,"gold_loss":85},{"damage_healed":0,"gold_gain":0,"player_choice":"Fight","damage_taken":0,"max_hp_gain":0,"max_hp_loss":0,"event_name":"MindBloom","floor":37,"gold_loss":0},{"damage_healed":0,"gold_gain":0,"player_choice":"Paid","damage_taken":0,"relics_obtained":["Red Mask"],"max_hp_gain":0,"max_hp_loss":0,"event_name":"Tomb of Lord Red Mask","floor":39,"gold_loss":98},{"damage_healed":0,"gold_gain":0,"player_choice":"Memory 1","damage_taken":0,"max_hp_gain":0,"max_hp_loss":0,"event_name":"SensoryStone","floor":42,"gold_loss":0}],"is_beta":false,"boss_relics":[{"not_picked":["Sozu","beaked:MawFillet"],"picked":"Busted Crown"},{"not_picked":["SlaversCollar","Philosopher\u0027s Stone"],"picked":"Pandora\u0027s Box"}],"items_purged_floors":[],"is_endless":false,"potions_floor_spawned":[2,14,16,18,21,35,40,46,54],"killed_by":"The Heart","ascension_level":0}}