{"host":"iirf6tm60n5v4e3j","time":1613813196,"event":{"mods":["Act Like it!","BaseMod","Gensokyo","Marisa????????","Minty Spire (QoL Compilation)","StSLib","The Marked"],"gold_per_floor":[112,112,112,123,141,173,123,123,178,204,234,86,113,125,137,263,275,322,334,375,387,399,399],"floor_reached":22,"language":"ENG","playtime":1420,"items_purged":[],"score":281,"play_id":"fa1a7ba6-3cd1-420b-bb88-1c1bda580602","local_time":"20210220012636","is_ascension_mode":true,"campfire_choices":[{"data":"MilkyWay","floor":8.0,"key":"SMITH"},{"floor":15.0,"key":"REST"}],"circlet_count":0,"master_deck":["AscendersBane","Strike_MRS","Strike_MRS","Strike_MRS","Strike_MRS","Defend_MRS","Defend_MRS","Defend_MRS","Defend_MRS","MasterSpark","UpSweep","MilkyWay+1","Gensokyo:MarisaTwilightSpark","PowerUp","Gensokyo:BlessingOfConstitution","6A","WitchOfGreed","MilkyWay","FinalSpark","Reinforced Body"],"relics":["MiniHakkero","NeowsBlessing","Gensokyo:CelestialsFlawlessClothing","Dream Catcher","Lantern","MawBank","Nilry\u0027s Codex","Black Star","Vajra"],"acts_visited":["Exordium","Gensokyo:Gensokyo"],"potions_floor_usage":[22,22],"damage_taken":[{"damage":0.0,"enemies":"Gensokyo:Gryphon","floor":1.0,"turns":1.0},{"damage":0.0,"enemies":"Gensokyo:2_Kodama","floor":4.0,"turns":1.0},{"damage":0.0,"enemies":"Gensokyo:Python","floor":5.0,"turns":1.0},{"damage":15.0,"enemies":"Gensokyo:Mamizou","floor":6.0,"turns":6.0},{"damage":31.0,"enemies":"Gensokyo:Cirno","floor":10.0,"turns":8.0},{"damage":0.0,"enemies":"Gensokyo:5_Fairies","floor":11.0,"turns":5.0},{"damage":3.0,"enemies":"Gensokyo:3_Kodama","floor":13.0,"turns":6.0},{"damage":14.0,"enemies":"Gensokyo:Yukari","floor":16.0,"turns":10.0},{"damage":10.0,"enemies":"Gensokyo:AngelMirror","floor":18.0,"turns":7.0},{"damage":37.0,"enemies":"Gensokyo:3_Dogs","floor":20.0,"turns":6.0},{"damage":83,"enemies":"Gensokyo:Wraith","floor":22,"turns":8}],"seed_played":"1896199495369179514","potions_obtained":[{"floor":4.0,"key":"PowerPotion"},{"floor":5.0,"key":"ColorlessPotion"},{"floor":13.0,"key":"ShroomBrew"},{"floor":16.0,"key":"Weak Potion"},{"floor":18.0,"key":"AttackPotion"},{"floor":18.0,"key":"LiquidBronze"},{"floor":20.0,"key":"Explosive Potion"}],"is_trial":false,"path_per_floor":["M","?","?","M","M","E","?","R","T","E","M","?","M","?","R","B",null,"M","?","M","?","M"],"character_chosen":"MARISA","items_purchased":[],"campfire_rested":1,"item_purchase_floors":[],"current_hp_per_floor":[68,50,50,50,50,35,35,35,35,4,4,4,1,1,23,9,59,49,49,12,12,0,0],"gold":399,"neow_bonus":"THREE_ENEMY_KILL","is_daily":false,"chose_seed":false,"campfire_upgraded":1,"win_rate":0.0,"timestamp":1613813196,"path_taken":["M","?","?","M","?","E","?","R","T","E","?","?","M","?","R","BOSS","M","?","?","?","?"],"items_purchased_type":[],"build_version":"2020-12-22","purchased_purges":0,"victory":false,"max_hp_per_floor":[75,75,75,75,75,75,75,75,75,75,75,75,75,75,75,75,75,75,69,69,69,69,69],"card_choices":[{"not_picked":["PowerUp","MysteriousBeam"],"picked":"MilkyWay","floor":1.0},{"not_picked":["MysteriousBeam","ManaConvection","IllusionStar"],"picked":"SKIP","floor":4.0},{"not_picked":["MagicAbsorber","Orbital"],"picked":"PowerUp","floor":5.0},{"not_picked":["GravityBeat","DragonMeteor","ShootingEcho"],"picked":"SKIP","floor":6.0},{"not_picked":["PowerUp","LuminesStrike"],"picked":"6A","floor":10.0},{"not_picked":["GravityBeat","SuperNova","WitchLeyline"],"picked":"SKIP","floor":11.0},{"not_picked":["LuminesStrike","UnstableBomb"],"picked":"WitchOfGreed","floor":13.0},{"not_picked":["NonDirectionalLaser","OpenUniverse"],"picked":"MilkyWay","floor":15.0},{"not_picked":["SuperNova","AbsoluteMagnitude"],"picked":"FinalSpark","floor":16.0},{"not_picked":["BlazeAway","UnstableBomb","GravityBeat+1"],"picked":"SKIP","floor":18.0},{"not_picked":["ManaConvection+1","PowerUp","WitchLeyline+1"],"picked":"SKIP","floor":20.0}],"player_experience":226336,"relics_obtained":[{"floor":6.0,"key":"Dream Catcher"},{"floor":9.0,"key":"Lantern"},{"floor":10.0,"key":"MawBank"}],"event_choices":[],"is_beta":false,"boss_relics":[{"not_picked":["Velvet Choker","Empty Cage"],"picked":"Black Star"}],"items_purged_floors":[],"is_endless":false,"potions_floor_spawned":[4,5,13,18],"killed_by":"Gensokyo:Wraith","ascension_level":10}}