{"host":"b1k9tvirjqaexfiq","time":1613801791,"event":{"mods":["AchievementEnabler","Act Like it!","BaseMod","Bestiary","Better Third Choice","BetterRewards","Bossed Relics","CapriCore","Colored Powertips","Conspire","Curses Come First","Energized Spire","Filter the Spire","Highlight Path","Hubris","Infinite Spire","Luminous","Marisa????????","Marked Mod","Minty Spire (QoL Compilation)","Permanent Neow","Quick Restart","Rare Cards Sparkle","Reliquary","Replay The Spire","Ruina","Shop Mod","StSLib","The Animator","The Bug Knight","The Cursed","The Immortal","The Marked","The Servant 0.9.4","Together in Spire","Waifu the Spire","??????REMEMod"],"gold_per_floor":[110,110,167,182,31,31,59,59,59,78,110,52,68,99,99,198,198,215,215,215,228,228,228,262,262,262,278,278,292,302,332,332,437,437,451,222,238,249,265,265,299,299,299,299,299,299,333,346,346,346,346,346,35,61,61],"floor_reached":56,"language":"ENG","playtime":3869,"items_purged":["REME_SingleHolding"],"score":1432,"play_id":"b59ec472-a8db-4e90-a5f9-59c05d3d50d1","local_time":"20210220001631","is_ascension_mode":true,"campfire_choices":[{"data":"conspire:Banana","floor":6.0,"key":"SMITH"},{"floor":8.0,"key":"REST"},{"data":"REME_Scribble","floor":15.0,"key":"SMITH"},{"floor":23.0,"key":"REST"},{"floor":25.0,"key":"REST"},{"data":"REME_Cut","floor":28.0,"key":"SMITH"},{"floor":32.0,"key":"REST"},{"floor":40,"key":"REST"},{"floor":42,"key":"REST"},{"data":"Limit Break","floor":44,"key":"SMITH"},{"floor":49,"key":"RECALL"},{"data":"Heavy Blade","floor":52,"key":"SMITH"}],"circlet_count":0,"master_deck":["Strike_R+1","Strike_R","Strike_R+1","Strike_R","Strike_R","Defend_R","Defend_R","Defend_R","Defend_R","animator:Rimuru","conspire:Banana+1","Hemokinesis","REME_Cut+1","Iron Wave","Shrug It Off","Ghostly Armor","Survivor","Neutralize","Pommel Strike","Cleave","REME_Scribble+1","Pommel Strike","ReplayTheSpireMod:Muscle Training","REME_Cut+1","Infernal Blade","Infernal Blade","Reaper","Cleave","Replay:Undeath\u0027s Touch","Sword Boomerang","Shrug It Off","Hemokinesis+1","Armaments","Limit Break+1","Rupture+1","Disarm","Spot Weakness","Sword Boomerang+1","Heavy Blade+1","Flex+1","Shrug It Off+1","Rupture","Life Link+1"],"relics":["Burning Blood","REME_ComplimentaryCards","Replay:Bottled Flurry","conspire:Boomerang","hubris:DeckOfHolding","Frozen Eye","infinitespire:Lucky Rock","CaptainsWheel","reliquary:Stiletto","Happy Flower","Centennial Puzzle","Whetstone","ChewingGum","REME_CardOfGreed","Replay:WaspNest","reliquary:PrincelyHelmet","Toy Ornithopter","conspire:SpecialSausage","MealTicket","BargainBundle","Replay:Kaleidoscope"],"acts_visited":["Exordium","TheCity","TheBeyond","TheEnding"],"potions_floor_usage":[39,55,55,55,55],"damage_taken":[{"damage":7.0,"enemies":"2 Louse","floor":1.0,"turns":3.0},{"damage":0.0,"enemies":"Small Slimes","floor":4.0,"turns":3.0},{"damage":11.0,"enemies":"3 Sentries","floor":7.0,"turns":4.0},{"damage":2.0,"enemies":"Cultist","floor":10.0,"turns":3.0},{"damage":16.0,"enemies":"Lagavulin","floor":11.0,"turns":6.0},{"damage":12.0,"enemies":"3 Louse","floor":13.0,"turns":2.0},{"damage":18.0,"enemies":"3 Sentries","floor":14.0,"turns":6.0},{"damage":43.0,"enemies":"Fading Forest","floor":16.0,"turns":11.0},{"damage":13.0,"enemies":"3 Byrds","floor":18.0,"turns":6.0},{"damage":37.0,"enemies":"Snake Plant","floor":21.0,"turns":4.0},{"damage":84.0,"enemies":"conspire:Head Lice","floor":24.0,"turns":10.0},{"damage":32.0,"enemies":"Centurion and Healer","floor":27.0,"turns":11.0},{"damage":70.0,"enemies":"Cultist and Chosen","floor":29.0,"turns":7.0},{"damage":21.0,"enemies":"conspire:HollyBat","floor":30.0,"turns":9.0},{"damage":43.0,"enemies":"HollowMod:Nosk","floor":31.0,"turns":8.0},{"damage":69.0,"enemies":"Champ","floor":33.0,"turns":11.0},{"damage":21,"enemies":"Orb Walker","floor":35,"turns":4},{"damage":0,"enemies":"3 Shapes","floor":37,"turns":2},{"damage":40,"enemies":"Jaw Worm Horde","floor":38,"turns":4},{"damage":43,"enemies":"Spire Growth","floor":39,"turns":5},{"damage":42,"enemies":"Reptomancer","floor":41,"turns":4},{"damage":43,"enemies":"Giant Head","floor":47,"turns":6},{"damage":30,"enemies":"Transient","floor":48,"turns":5},{"damage":54,"enemies":"Donu and Deca","floor":50,"turns":6},{"damage":83,"enemies":"Shield and Spear","floor":54,"turns":5},{"damage":58,"enemies":"The Heart","floor":55,"turns":5}],"seed_played":"-8174042638297112163","potions_obtained":[{"floor":4.0,"key":"Fire Potion"},{"floor":10.0,"key":"SpeedPotion"},{"floor":11.0,"key":"Regen Potion"},{"floor":24.0,"key":"Languid Potion"},{"floor":29.0,"key":"Dexterity Potion"},{"floor":38,"key":"Swift Potion"},{"floor":39,"key":"REME_GoldPotion"},{"floor":41,"key":"Strength Potion"}],"is_trial":false,"path_per_floor":["M","?","?","M","$","R","E","R","T","M","E","$","M","E","R","B",null,"M","?","?","M","?","R","E","R","T","M","R","M","M","E","R","B",null,"M","$","M","M","M","R","E","R","T","R","?","AVR","E","M","R","B",null,"R","$","E","B",null],"character_chosen":"IRONCLAD","items_purchased":["Replay:Bottled Flurry","conspire:Banana","Hemokinesis","REME_Cut+1","conspire:Boomerang","Iron Wave","Shrug It Off","Frozen Eye","Infernal Blade","REME_CardOfGreed","Disarm","EntropicBrew","BargainBundle","Shrug It Off+1","Rupture"],"campfire_rested":6,"item_purchase_floors":[0,0,0,0,0,0,0,5,12,36,36,53,53,53,53],"current_hp_per_floor":[44,44,24,31,31,31,30,55,55,65,59,59,55,82,82,72,107,109,109,119,95,95,122,54,92,92,97,97,61,63,31,76,18,158,146,146,152,130,98,148,117,168,168,168,168,168,153,144,144,155,188,188,188,125,178],"gold":61,"neow_bonus":"","is_daily":false,"chose_seed":false,"campfire_upgraded":5,"win_rate":0.0,"timestamp":1613801791,"path_taken":["M","?","?","M","$","R","E","R","T","M","E","$","M","E","R","BOSS","M","?","?","?","?","R","E","R","T","M","R","M","M","E","R","BOSS","M","$","M","M","M","R","E","R","T","R","?","AVR","E","M","R","BOSS","R","$","E","BOSS"],"items_purchased_type":["Relic","Card","Card","Card","Relic","Card","Card","Relic","Card","Relic","Card","Potion","Relic","Card","Card"],"build_version":"2020-12-22","purchased_purges":1,"victory":true,"max_hp_per_floor":[81,81,81,82,82,82,86,86,86,92,96,96,98,102,102,107,107,109,109,119,122,122,122,127,127,127,135,135,143,148,153,153,158,158,161,161,161,163,168,168,173,173,173,173,173,173,178,183,183,188,188,188,188,193,198],"card_choices":[{"not_picked":["Thunderclap","Bloodletting"],"picked":"Ghostly Armor","floor":1.0},{"not_picked":["True Grit","Fire Breathing"],"picked":"Pommel Strike","floor":3.0},{"not_picked":["Reckless Charge","Evolve"],"picked":"Cleave","floor":3.0},{"not_picked":["Carnage","Iron Wave"],"picked":"REME_Scribble","floor":4.0},{"not_picked":["Perfected Strike","Defy Death"],"picked":"Pommel Strike","floor":7.0},{"not_picked":["Searing Blow","Headbutt"],"picked":"ReplayTheSpireMod:Muscle Training","floor":10.0},{"not_picked":["Pommel Strike","Flex"],"picked":"REME_Cut","floor":11.0},{"not_picked":["ReplayTheSpireMod:Strike From Hell","Twin Strike"],"picked":"Reaper","floor":13.0},{"not_picked":["Abandon","Carnage"],"picked":"Cleave","floor":14.0},{"not_picked":["hubris:StunningStrike","REME_TheLastStrike"],"picked":"Juggernaut","floor":16.0},{"not_picked":["ReplayTheSpireMod:Strike From Hell","Warcry"],"picked":"Replay:Undeath\u0027s Touch","floor":18.0},{"not_picked":["Run Through","True Grit"],"picked":"REME_SingleHolding","floor":21.0},{"not_picked":["hubris:ReadiedAction","Heavy Blade"],"picked":"Sword Boomerang","floor":24.0},{"not_picked":["Searing Blow","infinitespire:OneForAll","Heavy Blade"],"picked":"SKIP","floor":27.0},{"not_picked":["ReplayTheSpireMod:LeadingStrike","REME_FearOfPain"],"picked":"Shrug It Off","floor":29.0},{"not_picked":["ReplayTheSpireMod:Stacked","Headbutt"],"picked":"Hemokinesis+1","floor":30.0},{"not_picked":["Body Slam","Shrug It Off"],"picked":"Armaments","floor":31.0},{"not_picked":["Hemogenesis","REME_TheLastStrike"],"picked":"Limit Break","floor":33.0},{"not_picked":["Headbutt","Armaments+1"],"picked":"Rupture+1","floor":35},{"not_picked":["Clash+1","Massacre+1","hubris:SharpeningStone"],"picked":"SKIP","floor":37},{"not_picked":["Battle Trance","Headbutt+1"],"picked":"Spot Weakness","floor":38},{"not_picked":["Pommel Strike","Shrug It Off+1"],"picked":"Sword Boomerang+1","floor":39},{"not_picked":["ReplayTheSpireMod:Strike From Hell","Headbutt+1","REME_TheLastStrike"],"picked":"SKIP","floor":41},{"not_picked":["Run Through","Seeing Red"],"picked":"Heavy Blade","floor":47},{"not_picked":["Sword Boomerang","Anger"],"picked":"Flex+1","floor":48},{"not_picked":["conspire:Charge","Headbutt+1"],"picked":"Life Link+1","floor":54}],"player_experience":84515,"relics_obtained":[{"floor":3.0,"key":"hubris:DeckOfHolding"},{"floor":7.0,"key":"infinitespire:Lucky Rock"},{"floor":9.0,"key":"CaptainsWheel"},{"floor":11.0,"key":"reliquary:Stiletto"},{"floor":14.0,"key":"Happy Flower"},{"floor":24.0,"key":"Centennial Puzzle"},{"floor":31.0,"key":"Whetstone"},{"floor":41,"key":"Replay:WaspNest"},{"floor":43,"key":"reliquary:PrincelyHelmet"},{"floor":47,"key":"MealTicket"},{"floor":54,"key":"Replay:Kaleidoscope"}],"event_choices":[{"cards_removed":["Juggernaut"],"damage_healed":0.0,"max_hp_gain":10.0,"max_hp_loss":0.0,"gold_gain":0.0,"event_name":"Bonfire Elementals","player_choice":"Offered Rare","floor":20.0,"gold_loss":0.0,"damage_taken":0.0}],"is_beta":false,"boss_relics":[{"not_picked":["Fusion Hammer","Painkiller Herb","energizedSpire:TabascoSauce"]},{"not_picked":["Calling Bell","Replay:Drink Me"],"picked":"ChewingGum"}],"items_purged_floors":[53],"is_endless":false,"potions_floor_spawned":[4,10,11,18,21,24,29,38,39,41,54],"ascension_level":3}}