{"host":"uceopoba4zvqsgiy","time":1613813452,"event":{"mods":["2.2 Compatiblity","Act Like it!","BaseMod","Better Skull","Better Third Choice","Elementarium","Evolution","GifTheSpireLib","Hermit","Humility","Infinite Spire","Jorbs\u0027s Wanderer Trilogy","Marked Mod","Minty Spire (QoL Compilation)","Potionbrewer","Reliquary","Replay The Spire","Robot Space Explorer","Shade Mod","Spicy Shops","StS++","StSLib","Stuff the Spire","The Blue Laboratory","The Caster","The Cursed","The Dragon Tamer","The Dragonkin","The Hierophant","The Judge","The Jungle","TheSurvivalist","Wandering Minibosses"],"gold_per_floor":[117,166,166,189,154,194,38,38,38],"floor_reached":8,"language":"ENG","playtime":203,"items_purged":[],"score":165,"play_id":"0ecc489a-2694-4343-8185-63433c4dfd12","local_time":"20210220200052","is_ascension_mode":true,"campfire_choices":[],"circlet_count":0,"master_deck":["Barrage","Barrage","Barrage","Barrage","Leap","Leap","Leap","Leap","Zap","Dualcast","Defragment"],"relics":["Cracked Core","EVO:Axolotl","NeowsBlessing","reliquary:RoseTintedGlasses","Golden Idol","Replay:WaspNest","Runic Capacitor"],"acts_visited":["Exordium"],"potions_floor_usage":[],"damage_taken":[{"damage":0,"enemies":"2 Louse","floor":1,"turns":1},{"damage":0,"enemies":"Small Slimes","floor":4,"turns":1},{"damage":0,"enemies":"Lagavulin","floor":6,"turns":1},{"damage":52,"enemies":"Gremlin Nob","floor":8,"turns":4}],"seed_played":"-6289570455009903976","potions_obtained":[{"floor":2,"key":"Dexterity Potion"},{"floor":6,"key":"blueLaboratory:BubblePotion"}],"is_trial":false,"path_per_floor":["M","?","?","M","?","E","$","E"],"character_chosen":"DEFECT","items_purchased":["Runic Capacitor"],"campfire_rested":0,"item_purchase_floors":[7],"current_hp_per_floor":[69,39,20,20,39,39,39,0,0],"gold":38,"neow_bonus":"THREE_ENEMY_KILL","is_daily":false,"chose_seed":false,"campfire_upgraded":0,"win_rate":0.0,"timestamp":1613813452,"path_taken":["M","?","?","M","?","E","?","E"],"items_purchased_type":["Relic"],"build_version":"2020-12-22","purchased_purges":0,"victory":false,"max_hp_per_floor":[76,76,76,76,76,76,76,76,76],"card_choices":[{"not_picked":["ReplayTheSpireMod:Reroute Power","BasicCrystalCard","StSpp:Mask"],"picked":"SKIP","floor":1},{"not_picked":["Auto Shields","Streamline"],"picked":"Defragment","floor":2},{"not_picked":["Conserve Battery","Barrage","Panic Button"],"picked":"SKIP","floor":4},{"not_picked":["Undo","Streamline","Steam"],"picked":"SKIP","floor":6}],"player_experience":1848026,"relics_obtained":[{"floor":2,"key":"reliquary:RoseTintedGlasses"},{"floor":6,"key":"Replay:WaspNest"}],"event_choices":[{"damage_healed":0,"gold_gain":0,"player_choice":"Take Damage","damage_taken":19,"relics_obtained":["Golden Idol"],"max_hp_gain":0,"max_hp_loss":0,"event_name":"Golden Idol","floor":3,"gold_loss":0},{"damage_healed":19,"gold_gain":0,"player_choice":"Healed","damage_taken":0,"max_hp_gain":0,"max_hp_loss":0,"event_name":"The Cleric","floor":5,"gold_loss":35}],"is_beta":false,"boss_relics":[],"items_purged_floors":[],"is_endless":false,"potions_floor_spawned":[6],"killed_by":"Gremlin Nob","ascension_level":9,"is_humility":true}}