{"host":"w2kjv12xyhtt0cv2","time":1613822195,"event":{"mods":["100% Spire Juice","Act Like it!","BaseMod","Colored Map","Friendly Minions","Gensokyo","GifTheSpireLib","Highlight Path","Hubris","Marisa（F雨　魔理沙）","Minty Spire (QoL Compilation)","Prisma Mod","Quick Restart","Reimu（博丽灵梦）","Relic Stats","Reliquary","Replay The Spire","Robot Space Explorer","RumiaBox-露米娅的神秘盒子","Shop Mod","Spicy Shops","StSLib","The Bug Knight","The Cursed","The Dragon Tamer","The Servant 0.9.4","UnlockEverythingMod","Waifu the Spire","[功能]功能增强和修复MOD","【功能Mod】Neow奖励","【遗物卡牌】REMEMod","没有小屋子和绿帽子啦"],"gold_per_floor":[110,110,110,122,222,247,247,275,275,307,321,206,232,28,28,132,132,151,151,10,10,20,48,63,95,95,124,124,150,60,60,60,164,164,174,174,194,212,212,247,266,300,300,328,57,57,70,95,95,95,95,95,327,353,353],"floor_reached":56,"language":"ZHS","playtime":5182,"items_purged":["HollowMod:NailStrikeStart","HollowMod:ShadowDash"],"score":1730,"play_id":"2182e0a5-abe0-4808-8d28-dd45cb39d8f4","local_time":"20210220195635","is_ascension_mode":true,"campfire_choices":[{"data":"HollowMod:HornetsHelp","floor":15.0,"key":"SMITH"},{"data":"HollowMod:HuntersJournal","floor":28.0,"key":"SMITH"},{"data":"HollowMod:HuntersJournal","floor":32.0,"key":"SMITH"},{"floor":49.0,"key":"RECALL"},{"data":"HollowMod:VoidDash","floor":52.0,"key":"SMITH"},{"data":"HollowMod:MothsMistake","floor":52.0,"key":"SMITH"}],"circlet_count":0,"master_deck":["PrismaMod:IllyaInstallRuler","HollowMod:HowlingWraiths","HollowMod:MothsMistake+1","HollowMod:HuntersJournal+1","HollowMod:MonarchWings","HollowMod:CycloneSlash+1","HollowMod:HornetsHelp+1","HollowMod:HornetsHelp","HollowMod:SiblingsSouls+1","HollowMod:HuntersJournal+1","HollowMod:SharpenedNail+1","HollowMod:SharpenedNail+1","HollowMod:NewLittleFool","HollowMod:SoulSplash+1","HollowMod:CornifersMapStart+1","HollowMod:InfectionAssault+1","HollowMod:MothsMistake+1","HollowMod:HuntersJournal","HollowMod:AwokenDreamNail","Gensokyo:AllTheWorldsEvil","Replay:Sluggish","Gensokyo:AllTheWorldsEvil","HollowMod:SiblingsSouls+1","HollowMod:NewJinnsSoul","HollowMod:LifebloodCore","HollowMod:VoidDash+1","HollowMod:Hiveblood+1","HollowMod:theNailsmith+1","HollowMod:Hiveblood","LessonLearned","HollowMod:CloakDash+1","HollowMod:ZotesMagnificence","HollowMod:MonarchWings","HollowMod:HornetsHelp+1","Indignation","HollowMod:NewGlowingWomb+1","HollowMod:SharpenedShadows","Master of Strategy"],"relics":["HollowMod:VesselMask","REME_ComplimentaryCards","PureWhite:ReiMu","reliquary:TridentHead","hubris:PeanutButter","Oddly Smooth Stone","Nunchaku","Replay:Accelerometer","hubris:TenFootPole","HollowMod:MillibellesNoteRelic","Bag of Preparation","Chemical X","Replay:Mystery Machine","Black Star","hubris:DisguiseKit","Orrery","Replay:Bottled Flurry","MealTicket","PreservedInsect","reliquary:PorcupineQuills","hubris:SlimyHat","Art of War","Du-Vu Doll","Replay:Kaleidoscope","hubris:Spice","HornCleat","Replay:Ancient Bell","Ccalipers","ReplayTheSpireMod:Ninjato","Replay:Arrowhead","SumBook","ReplayTheSpireMod:Lightbulb","Calipers","reliquary:FerryPass","hubris:BottledRain","Bird Faced Urn","Ornamental Fan","Membership Card","DollysMirror","Bronze Scales","hubris:Icosahedron","Juzu Bracelet","Strange Spoon","hubris:NiceRug","Lantern","Snack Pack","Medical Kit","Blue Doll","REME_PuzzleBoxRelic","hubris:DeckOfHolding"],"acts_visited":["Gensokyo:Gensokyo","TheCity","TheBeyond","TheEnding"],"potions_floor_usage":[55,55,55,55],"damage_taken":[{"damage":0.0,"enemies":"Gensokyo:2_Kodama","floor":1.0,"turns":4.0},{"damage":1.0,"enemies":"Gensokyo:Gryphon","floor":4.0,"turns":5.0},{"damage":13.0,"enemies":"Gensokyo:Cirno","floor":6.0,"turns":5.0},{"damage":10.0,"enemies":"Gensokyo:Aya","floor":8.0,"turns":7.0},{"damage":0.0,"enemies":"Gensokyo:Mamizou","floor":10.0,"turns":8.0},{"damage":0.0,"enemies":"Gensokyo:3_Fairies","floor":11.0,"turns":3.0},{"damage":0.0,"enemies":"Gensokyo:Cirno","floor":13.0,"turns":4.0},{"damage":0.0,"enemies":"Gensokyo:Reimu","floor":16.0,"turns":7.0},{"damage":0.0,"enemies":"2 Thieves","floor":18.0,"turns":3.0},{"damage":0.0,"enemies":"Spheric Guardian","floor":22.0,"turns":3.0},{"damage":9.0,"enemies":"REME_1_Revenger","floor":23.0,"turns":5.0},{"damage":0.0,"enemies":"Centurion and Healer","floor":24.0,"turns":3.0},{"damage":0.0,"enemies":"Book of Stabbing","floor":25.0,"turns":4.0},{"damage":19.0,"enemies":"Gremlin Leader","floor":27.0,"turns":3.0},{"damage":0.0,"enemies":"Slavers","floor":29.0,"turns":2.0},{"damage":0.0,"enemies":"Automaton","floor":33.0,"turns":5.0},{"damage":1.0,"enemies":"3 Shapes","floor":35.0,"turns":1.0},{"damage":0.0,"enemies":"Orb Walker","floor":37.0,"turns":2.0},{"damage":0.0,"enemies":"Sphere and 2 Shapes","floor":38.0,"turns":1.0},{"damage":0.0,"enemies":"HollowMod:StalkingDevout","floor":40.0,"turns":3.0},{"damage":0.0,"enemies":"Jaw Worm Horde","floor":41.0,"turns":1.0},{"damage":0.0,"enemies":"R_Hoarder","floor":42.0,"turns":4.0},{"damage":0.0,"enemies":"HollowMod:StalkingDevout","floor":44.0,"turns":4.0},{"damage":0.0,"enemies":"Writhing Mass","floor":47.0,"turns":2.0},{"damage":0.0,"enemies":"Reptomancer","floor":48.0,"turns":2.0},{"damage":0.0,"enemies":"Replay:Hell Engine","floor":50.0,"turns":4.0},{"damage":6,"enemies":"hubris:Merchant","floor":53,"turns":4},{"damage":0,"enemies":"Shield and Spear","floor":54,"turns":1},{"damage":0,"enemies":"The Heart","floor":55,"turns":4}],"seed_played":"-8331458698192327536","potions_obtained":[{"floor":11.0,"key":"REME_GoldPotion"},{"floor":13.0,"key":"ColorlessPotion"},{"floor":16.0,"key":"Elixir"},{"floor":18.0,"key":"Weak Potion"},{"floor":24.0,"key":"Elixir"},{"floor":27.0,"key":"AttackPotion"},{"floor":37.0,"key":"FearPotion"},{"floor":41.0,"key":"GrandPatriotsElixir:ReiMu"},{"floor":42.0,"key":"AttackPotion"},{"floor":47.0,"key":"SkillPotion"},{"floor":53,"key":"EntropicBrew"},{"floor":53,"key":"BlessingOfTheForge"}],"is_trial":false,"path_per_floor":["M","?","T","M","?","E","?","E","T","E","M","$","E","$","R","B",null,"M","T","$","?","M","E","M","E","T","E","R","E","$","T","R","B",null,"M","?","M","M","?","E","M","E","T","E","$","?","M","E","R","B",null,"R","$","E","B",null],"character_chosen":"THE_BUGKNIGHT","items_purchased":["HollowMod:VengefulSpirit+1","Chemical X","Replay:Mystery Machine","Orrery","Membership Card","DollysMirror","Bronze Scales","Strange Spoon","hubris:Spice"],"campfire_rested":0,"item_purchase_floors":[12,14,14,20,45,45,45,53,53],"current_hp_per_floor":[68,55,55,64,64,51,25,27,27,37,43,43,49,49,49,49,68,68,68,68,68,68,59,59,59,59,40,40,48,63,63,63,63,76,75,75,75,75,75,75,75,76,76,76,76,76,76,84,84,84,84,84,74,76,76],"gold":353,"neow_bonus":"ONE_RARE_RELIC","is_daily":false,"chose_seed":false,"campfire_upgraded":5,"win_rate":0.0,"timestamp":1613822195,"path_taken":["M","?","?","?","?","E","?","E","T","E","M","$","E","?","R","BOSS","M","?","$","?","?","E","M","E","T","E","R","E","?","?","R","BOSS","M","?","M","M","?","E","?","E","T","E","$","?","M","E","R","BOSS","R","$","E","BOSS"],"items_purchased_type":["Card","Relic","Relic","Relic","Relic","Relic","Relic","Relic","Relic"],"build_version":"2020-12-22","purchased_purges":2,"victory":true,"max_hp_per_floor":[68,68,68,68,68,68,68,68,68,68,68,68,68,68,68,68,68,68,68,68,68,68,68,68,68,68,68,68,76,76,76,76,76,76,76,76,76,76,76,76,76,76,76,76,76,76,76,84,84,84,84,84,76,76,76],"relic_stats":{"counters":[29,104],"PreservedInsect":400,"Bag of Preparation":[44],"Juzu Bracelet":0,"Medical Kit":[3],"Strange Spoon":[19],"Nunchaku":[23],"Ornamental Fan":[36],"Bird Faced Urn":[4],"Bronze Scales":[83],"MealTicket":15,"Black Star":9,"Art of War":[1],"Chemical X":[6865],"obtain_stats":[{"Replay:Accelerometer":8,"Calipers":40,"HollowMod:VesselMask":0,"HollowMod:MillibellesNoteRelic":10,"reliquary:FerryPass":42,"HornCleat":31,"Ccalipers":34,"DollysMirror":45,"MealTicket":23,"hubris:DeckOfHolding":54,"Replay:Bottled Flurry":23,"Oddly Smooth Stone":5,"Replay:Ancient Bell":34,"Replay:Kaleidoscope":29,"Du-Vu Doll":27,"reliquary:PorcupineQuills":25,"Bird Faced Urn":44,"Bronze Scales":45,"hubris:PeanutButter":3,"hubris:TenFootPole":9,"Black Star":17,"Lantern":53,"Blue Doll":53,"Bag of Preparation":13,"hubris:SlimyHat":26,"Juzu Bracelet":48,"Replay:Mystery Machine":14,"reliquary:TridentHead":2,"Nunchaku":6,"hubris:Icosahedron":46,"Chemical X":14,"SumBook":39,"hubris:DisguiseKit":19,"ReplayTheSpireMod:Ninjato":34,"PreservedInsect":25,"Medical Kit":53,"Replay:Arrowhead":34,"Strange Spoon":53,"PureWhite:ReiMu":0,"hubris:Spice":29,"Ornamental Fan":44,"Orrery":20,"Art of War":27,"Snack Pack":53,"Membership Card":45,"REME_PuzzleBoxRelic":54,"ReplayTheSpireMod:Lightbulb":40,"REME_ComplimentaryCards":0,"hubris:BottledRain":42,"hubris:NiceRug":53},{"Replay:Accelerometer":4,"Calipers":20,"HollowMod:VesselMask":0,"HollowMod:MillibellesNoteRelic":5,"reliquary:FerryPass":22,"HornCleat":15,"Ccalipers":16,"DollysMirror":23,"MealTicket":11,"hubris:DeckOfHolding":28,"Replay:Bottled Flurry":11,"Oddly Smooth Stone":2,"Replay:Ancient Bell":16,"Replay:Kaleidoscope":15,"Du-Vu Doll":14,"reliquary:PorcupineQuills":13,"Bird Faced Urn":23,"Bronze Scales":23,"hubris:PeanutButter":1,"hubris:TenFootPole":4,"Black Star":8,"Lantern":27,"Blue Doll":27,"Bag of Preparation":7,"hubris:SlimyHat":13,"Juzu Bracelet":25,"Replay:Mystery Machine":7,"reliquary:TridentHead":1,"Nunchaku":3,"hubris:Icosahedron":23,"Chemical X":7,"SumBook":19,"hubris:DisguiseKit":9,"ReplayTheSpireMod:Ninjato":16,"PreservedInsect":13,"Medical Kit":27,"Replay:Arrowhead":16,"Strange Spoon":26,"PureWhite:ReiMu":0,"hubris:Spice":15,"Ornamental Fan":23,"Orrery":9,"Art of War":14,"Snack Pack":27,"Membership Card":23,"REME_PuzzleBoxRelic":28,"ReplayTheSpireMod:Lightbulb":20,"REME_ComplimentaryCards":0,"hubris:BottledRain":22,"hubris:NiceRug":27},{"Replay:Accelerometer":21,"Calipers":78,"HollowMod:VesselMask":0,"HollowMod:MillibellesNoteRelic":29,"reliquary:FerryPass":83,"HornCleat":66,"Ccalipers":71,"DollysMirror":87,"MealTicket":54,"hubris:DeckOfHolding":100,"Replay:Bottled Flurry":54,"Oddly Smooth Stone":9,"Replay:Ancient Bell":71,"Replay:Kaleidoscope":66,"Du-Vu Doll":64,"reliquary:PorcupineQuills":61,"Bird Faced Urn":87,"Bronze Scales":87,"hubris:PeanutButter":4,"hubris:TenFootPole":21,"Black Star":43,"Lantern":99,"Blue Doll":99,"Bag of Preparation":36,"hubris:SlimyHat":61,"Juzu Bracelet":91,"Replay:Mystery Machine":36,"reliquary:TridentHead":4,"Nunchaku":14,"hubris:Icosahedron":87,"Chemical X":36,"SumBook":75,"hubris:DisguiseKit":46,"ReplayTheSpireMod:Ninjato":71,"PreservedInsect":61,"Medical Kit":99,"Replay:Arrowhead":71,"Strange Spoon":95,"PureWhite:ReiMu":0,"hubris:Spice":66,"Ornamental Fan":87,"Orrery":46,"Art of War":64,"Snack Pack":99,"Membership Card":87,"REME_PuzzleBoxRelic":100,"ReplayTheSpireMod:Lightbulb":78,"REME_ComplimentaryCards":0,"hubris:BottledRain":83,"hubris:NiceRug":99}]},"card_choices":[{"not_picked":["HollowMod:VengefulVoid","HollowMod:MawleksShell"],"picked":"HollowMod:HowlingWraiths","floor":1.0},{"not_picked":["HollowMod:VengefulSpirit","HollowMod:BlackTendrils"],"picked":"HollowMod:MothsMistake","floor":4.0},{"not_picked":["HollowMod:SoulSplash","HollowMod:HowlingWraiths"],"picked":"HollowMod:HuntersJournal","floor":6.0},{"not_picked":["HollowMod:QuirrelsAssistance","HollowMod:GoodIntentions","HollowMod:SharpenedNail"],"picked":"SKIP","floor":8.0},{"not_picked":["HollowMod:SiblingsSouls","HollowMod:DashSlash"],"picked":"HollowMod:MonarchWings","floor":10.0},{"not_picked":["HollowMod:SiblingsShadow","HollowMod:InfectionAssault"],"picked":"HollowMod:CycloneSlash","floor":11.0},{"not_picked":["HollowMod:DashSlash","HollowMod:WraithStrike"],"picked":"HollowMod:HornetsHelp","floor":13.0},{"not_picked":["HollowMod:NewInfectedGuardian","HollowMod:PureVessel"],"picked":"HollowMod:HornetsHelp","floor":16.0},{"not_picked":["HollowMod:InfectedCysts","HollowMod:HuntersJournal"],"picked":"HollowMod:SiblingsSouls+1","floor":18.0},{"not_picked":["HollowMod:DoubleDash","HollowMod:RecoilStrike","BowlingBash"],"picked":"HollowMod:HuntersJournal","floor":20.0},{"not_picked":["HollowMod:Grubsong","HollowMod:HowlingWraiths","Sanctity"],"picked":"HollowMod:SharpenedNail+1","floor":20.0},{"not_picked":["HollowMod:PureNailStrike","HollowMod:CoiledNail+1","Consecrate"],"picked":"HollowMod:SharpenedNail+1","floor":20.0},{"not_picked":["HollowMod:ShapeofUnn","HollowMod:MantisMark","FearNoEvil"],"picked":"HollowMod:NewLittleFool","floor":20.0},{"not_picked":["HollowMod:VoidDash","HollowMod:RecoilStrike+1","Halt"],"picked":"HollowMod:SoulSplash+1","floor":20.0},{"not_picked":["HollowMod:AbyssShriek","HollowMod:BaldurShell+1","Pray"],"picked":"HollowMod:CornifersMapStart+1","floor":22.0},{"not_picked":["HollowMod:SoulVessel","HollowMod:FastStrike","HollowMod:NewLittleFool","CutThroughFate"],"picked":"SKIP","floor":23.0},{"not_picked":["HollowMod:InfectedCysts","HollowMod:ChannelNail+1","FlurryOfBlows"],"picked":"HollowMod:InfectionAssault+1","floor":24.0},{"not_picked":["HollowMod:VengefulVoid+1","HollowMod:CrystalDash","HollowMod:ShadowDash","Meditate"],"picked":"SKIP","floor":25.0},{"not_picked":["HollowMod:AbyssShriek","HollowMod:BaldurShell+1","BowlingBash"],"picked":"HollowMod:MothsMistake+1","floor":27.0},{"not_picked":["HollowMod:ChannelNail","HollowMod:SharpenedNail","Replay:ManipulateFuture"],"picked":"HollowMod:HuntersJournal","floor":29.0},{"not_picked":["HollowMod:Weaversong","HollowMod:VoidDash","Establishment"],"picked":"HollowMod:AwokenDreamNail","floor":33.0},{"not_picked":["Sickly","Looming Evil","hubris:Disease"],"picked":"Gensokyo:AllTheWorldsEvil","floor":34.0},{"not_picked":["Parasite","Regret","ReplayTheSpireMod:Faulty Equipment"],"picked":"Replay:Sluggish","floor":34.0},{"not_picked":["Languid","ReplayTheSpireMod:Restless Dread","CommonCold"],"picked":"Gensokyo:AllTheWorldsEvil","floor":34.0},{"not_picked":["HollowMod:DescendingDark+1","HollowMod:CloakDash+1","SignatureMove"],"picked":"HollowMod:SiblingsSouls+1","floor":35.0},{"not_picked":["HollowMod:NewInfectedGuardian","HollowMod:VengefulVoid+1","HollowMod:SoulSplash","FlurryOfBlows"],"picked":"SKIP","floor":37.0},{"not_picked":["HollowMod:CloakDash","HollowMod:SoulSplash","Evaluate"],"picked":"HollowMod:NewJinnsSoul","floor":38.0},{"not_picked":["HollowMod:MawleksShell","HollowMod:WraithStrike","HollowMod:SharpenedNail+1"],"picked":"LessonLearned","floor":40.0},{"not_picked":["HollowMod:DoubleDash","HollowMod:PureVessel","Perseverance"],"picked":"HollowMod:CloakDash","floor":41.0},{"not_picked":["HollowMod:MothsMistake+1","HollowMod:CornifersMapStart","REME_MusicOfDeath"],"picked":"HollowMod:ZotesMagnificence","floor":42.0},{"not_picked":["HollowMod:InfectedCysts+1","HollowMod:NewJinnsSoul+1","Replay:DivineShield"],"picked":"HollowMod:MonarchWings","floor":44.0},{"not_picked":["HollowMod:PureNailStrike","HollowMod:CornifersMapStart+1","HollowMod:GrimmsGift"],"picked":"Indignation","floor":47.0},{"not_picked":["HollowMod:MawleksShell+1","HollowMod:CycloneSlash+1","CarveReality"],"picked":"HollowMod:NewGlowingWomb+1","floor":48.0},{"not_picked":[],"picked":"HollowMod:SharpenedShadows","floor":53},{"not_picked":[],"picked":"Master of Strategy","floor":53},{"not_picked":["HollowMod:DescendingDark"],"picked":"SKIP","floor":53},{"not_picked":["HollowMod:AbyssShriek"],"picked":"SKIP","floor":53},{"not_picked":["HollowMod:DreamGate"],"picked":"SKIP","floor":53},{"not_picked":["HollowMod:NewInfectedGuardian"],"picked":"SKIP","floor":53},{"not_picked":["Survey Options"],"picked":"SKIP","floor":53},{"not_picked":["HollowMod:CornifersMapStart+1","HollowMod:GoodIntentions","HollowMod:HowlingWraiths+1","EmptyBody"],"picked":"SKIP","floor":54}],"player_experience":252732,"relics_obtained":[{"floor":3.0,"key":"hubris:PeanutButter"},{"floor":5.0,"key":"Oddly Smooth Stone"},{"floor":6.0,"key":"Nunchaku"},{"floor":8.0,"key":"Replay:Accelerometer"},{"floor":9.0,"key":"hubris:TenFootPole"},{"floor":10.0,"key":"HollowMod:MillibellesNoteRelic"},{"floor":13.0,"key":"Bag of Preparation"},{"floor":19.0,"key":"hubris:DisguiseKit"},{"floor":23.0,"key":"Replay:Bottled Flurry"},{"floor":23.0,"key":"MealTicket"},{"floor":25.0,"key":"PreservedInsect"},{"floor":25.0,"key":"reliquary:PorcupineQuills"},{"floor":26.0,"key":"hubris:SlimyHat"},{"floor":27.0,"key":"Art of War"},{"floor":27.0,"key":"Du-Vu Doll"},{"floor":29.0,"key":"Replay:Kaleidoscope"},{"floor":29.0,"key":"hubris:Spice"},{"floor":31.0,"key":"HornCleat"},{"floor":39.0,"key":"SumBook"},{"floor":40.0,"key":"ReplayTheSpireMod:Lightbulb"},{"floor":40.0,"key":"Calipers"},{"floor":42.0,"key":"reliquary:FerryPass"},{"floor":42.0,"key":"hubris:BottledRain"},{"floor":44.0,"key":"Bird Faced Urn"},{"floor":44.0,"key":"Ornamental Fan"},{"floor":48.0,"key":"hubris:Spice"},{"floor":48.0,"key":"Juzu Bracelet"},{"floor":53,"key":"Lantern"},{"floor":53,"key":"Snack Pack"},{"floor":53,"key":"Medical Kit"},{"floor":53,"key":"Blue Doll"},{"floor":54,"key":"REME_PuzzleBoxRelic"},{"floor":54,"key":"hubris:DeckOfHolding"}],"event_choices":[{"damage_healed":0.0,"max_hp_gain":0.0,"max_hp_loss":0.0,"gold_gain":0.0,"cards_transformed":["HollowMod:NailStrikeStart"],"event_name":"Transmorgrifier","player_choice":"Transformed","floor":21.0,"gold_loss":0.0,"damage_taken":0.0,"cards_obtained":["HollowMod:ShadowDash"]},{"cards_removed":["HollowMod:VengefulSpirit"],"damage_healed":0.0,"max_hp_gain":0.0,"max_hp_loss":0.0,"gold_gain":0.0,"event_name":"Falling","player_choice":"Removed Attack","floor":36.0,"gold_loss":0.0,"damage_taken":0.0},{"damage_healed":0.0,"max_hp_gain":0.0,"max_hp_loss":0.0,"gold_gain":0.0,"event_name":"Wheel of Change","player_choice":"Relic","floor":39.0,"gold_loss":0.0,"damage_taken":0.0}],"is_beta":false,"boss_relics":[{"not_picked":["SoulBox","Busted Crown"],"picked":"Black Star"},{"not_picked":["hubris:BlackHole","hubris:Spice"],"picked":"Replay:Ancient Bell"},{"not_picked":["reliquary:ExpiredCoupon","Toy Ornithopter"],"picked":"Ccalipers"},{"not_picked":["GodSword1","reliquary:HotPoker"],"picked":"ReplayTheSpireMod:Ninjato"},{"not_picked":["hubris:64BitClover","hubris:Spice"],"picked":"Replay:Arrowhead"}],"items_purged_floors":[12,30],"is_endless":false,"potions_floor_spawned":[11,13,16,18,24,27,37,41,42,47,48],"ascension_level":1}}