{"host":"iggyqwhh1tk9qczq","time":1613808441,"event":{"mods":["BaseMod","Downfall","Googly Eyes","Minty Spire (QoL Compilation)","StSLib","Together in Spire"],"gold_per_floor":[19,32,32,32,47,81,81,106,160,160,161,179,179,220,220,349,349,363,138,158,173,173,216,141,180,180,180,180,95,95,138,138,267,267,288,41,41,41,64,98,98,133,133,153,184,184,184,517,517,517],"floor_reached":51,"language":"ENG","playtime":3869,"items_purged":["Strike_G","Defend_G+1"],"score":799,"play_id":"30de1003-f1c8-49fc-b4f1-6b191a0417f1","local_time":"20210220000721","is_ascension_mode":false,"campfire_choices":[{"data":"Bullet Time","floor":7,"key":"SMITH"},{"data":"Poisoned Stab","floor":13,"key":"SMITH"},{"data":"Deadly Poison","floor":15,"key":"SMITH"},{"floor":28,"key":"REST"},{"data":"Venomology","floor":32,"key":"SMITH"},{"data":"Bouncing Flask","floor":41,"key":"SMITH"},{"data":"After Image","floor":46,"key":"SMITH"},{"data":"Blur","floor":49,"key":"SMITH"}],"circlet_count":0,"master_deck":["Strike_G+1","Strike_G+1","Defend_G+1","Defend_G+1","Defend_G+1","Defend_G+1","Survivor+1","Neutralize","Blur+1","Well Laid Plans","After Image+1","Poisoned Stab+1","Bullet Time+1","Bane","Deadly Poison+1","Adrenaline","Deadly Poison","Venomology+1","Crippling Poison+1","Burst+1","Noxious Fumes+1","Secret Technique","Noxious Fumes+1","Bouncing Flask+1"],"relics":["Ring of the Snake","Bird Faced Urn","Mercury Hourglass","Tiny Chest","Happy Flower","Black Star","Snake Skull","Eternal Feather","Bag of Preparation","Smiling Mask","Art of War","Frozen Egg 2","Bottled Flame","InkBottle","Lantern","Torii","HoveringKite","Mummified Hand","War Paint","Gremlin Horn","Oddly Smooth Stone","Juzu Bracelet","Blue Candle","Letter Opener","White Beast Statue"],"acts_visited":["Exordium","TheCity","TheBeyond"],"potions_floor_usage":[16,22,22,42,45,50,50,50,50],"damage_taken":[{"damage":0,"enemies":"2 Louse","floor":1,"turns":2},{"damage":0,"enemies":"Cultist","floor":2,"turns":2},{"damage":0,"enemies":"Jaw Worm","floor":5,"turns":2},{"damage":21,"enemies":"Gremlin Nob","floor":6,"turns":3},{"damage":0,"enemies":"Blue Slaver","floor":8,"turns":2},{"damage":0,"enemies":"Looter","floor":11,"turns":2},{"damage":0,"enemies":"3 Louse","floor":12,"turns":1},{"damage":7,"enemies":"3 Sentries","floor":14,"turns":3},{"damage":7,"enemies":"Hexaghost","floor":16,"turns":5},{"damage":8,"enemies":"Spheric Guardian","floor":18,"turns":5},{"damage":0,"enemies":"Shell Parasite","floor":20,"turns":2},{"damage":10,"enemies":"Centurion and Healer","floor":21,"turns":4},{"damage":44,"enemies":"Masked Bandits","floor":22,"turns":5},{"damage":8,"enemies":"Book of Stabbing","floor":23,"turns":3},{"damage":0,"enemies":"Gremlin Leader","floor":25,"turns":3},{"damage":19,"enemies":"Slavers","floor":31,"turns":3},{"damage":12,"enemies":"Champ","floor":33,"turns":6},{"damage":0,"enemies":"3 Darklings","floor":35,"turns":2},{"damage":0,"enemies":"Orb Walker","floor":39,"turns":1},{"damage":0,"enemies":"Giant Head","floor":40,"turns":2},{"damage":0,"enemies":"Reptomancer","floor":42,"turns":3},{"damage":0,"enemies":"Sphere and 2 Shapes","floor":44,"turns":3},{"damage":0,"enemies":"Nemesis","floor":45,"turns":4},{"damage":46,"enemies":"Awakened One","floor":50,"turns":6}],"seed_played":"-1608185885290255368","potions_obtained":[{"floor":1,"key":"Swift Potion"},{"floor":6,"key":"Swift Potion"},{"floor":11,"key":"GamblersBrew"},{"floor":12,"key":"AttackPotion"},{"floor":21,"key":"SmokeBomb"},{"floor":25,"key":"EssenceOfSteel"}],"is_trial":false,"path_per_floor":["M","M","?","?","M","E","R","M","T","?","M","M","R","E","R","B",null,"M","$","M","M","?","E","?","E","T","T","R","?","?","E","R","B",null,"M","$","?","$","M","E","R","E","T","M","E","R","T","?","R","B",null],"character_chosen":"THE_SILENT","items_purchased":["Snake Skull","Secret Technique"],"campfire_rested":1,"item_purchase_floors":[19,36],"current_hp_per_floor":[70,70,53,53,57,38,38,40,40,45,45,47,47,44,44,41,75,67,67,69,63,23,19,19,21,21,21,52,52,52,37,49,41,75,75,75,75,75,75,75,75,75,75,75,75,75,75,75,75,33],"gold":517,"neow_bonus":"ONE_RARE_RELIC","is_daily":false,"chose_seed":false,"campfire_upgraded":7,"win_rate":0.0,"timestamp":1613808441,"path_taken":["M","M","?","?","?","E","R","M","T","?","M","M","R","E","R","BOSS","M","$","M","M","?","E","?","E","T","?","R","?","?","E","R","BOSS","M","$","?","$","M","E","R","E","T","M","E","R","?","?","R","BOSS"],"items_purchased_type":["Relic","Card"],"build_version":"2020-12-22","purchased_purges":2,"victory":true,"max_hp_per_floor":[70,70,70,70,70,70,70,70,70,75,75,75,75,75,75,75,75,75,75,75,75,75,75,75,75,75,75,75,75,75,75,75,75,75,75,75,75,75,75,75,75,75,75,75,75,75,75,75,75,75],"card_choices":[{"not_picked":["Blade Dance","Skewer"],"picked":"Blur","floor":1},{"not_picked":["Prepared","Backflip"],"picked":"Well Laid Plans","floor":2},{"not_picked":["Deflect","Leg Sweep"],"picked":"Poisoned Stab","floor":5},{"not_picked":["All Out Attack","Venomology"],"picked":"Bullet Time","floor":6},{"not_picked":["Leg Sweep","Heel Hook","Flying Knee"],"picked":"SKIP","floor":8},{"not_picked":["Cloak And Dagger","Skewer"],"picked":"Bane","floor":11},{"not_picked":["Flying Knee","Slice","Acrobatics"],"picked":"SKIP","floor":12},{"not_picked":["Caltrops","Bane"],"picked":"Deadly Poison","floor":14},{"not_picked":["Die Die Die","Unload"],"picked":"Adrenaline","floor":16},{"not_picked":["PiercingWail","Dodge and Roll"],"picked":"Deadly Poison","floor":18},{"not_picked":["PiercingWail","Cloak And Dagger","Masterful Stab"],"picked":"SKIP","floor":20},{"not_picked":["Endless Agony","Leg Sweep","Slice"],"picked":"SKIP","floor":21},{"not_picked":["Choke","Leg Sweep","Caltrops"],"picked":"SKIP","floor":23},{"not_picked":["Caltrops","Calculated Gamble"],"picked":"Venomology","floor":25},{"not_picked":["Concentrate","Cloak And Dagger+1"],"picked":"Crippling Poison+1","floor":31},{"not_picked":["Tools of the Trade+1","After Image+1"],"picked":"Burst","floor":33},{"not_picked":["Blur","Escape Plan+1"],"picked":"Noxious Fumes+1","floor":35},{"not_picked":["Acrobatics+1","Reflex+1","Quick Slash+1"],"picked":"SKIP","floor":39},{"not_picked":["Flechettes+1","Deadly Poison"],"picked":"Bouncing Flask","floor":40},{"not_picked":["Prepared+1","Deflect","Accuracy+1"],"picked":"SKIP","floor":42},{"not_picked":["Leg Sweep","Setup","Well Laid Plans+1"],"picked":"SKIP","floor":44},{"not_picked":["Accuracy+1","Sucker Punch","Flechettes+1"],"picked":"SKIP","floor":45}],"player_experience":124553,"relics_obtained":[{"floor":6,"key":"Mercury Hourglass"},{"floor":9,"key":"Tiny Chest"},{"floor":14,"key":"Happy Flower"},{"floor":23,"key":"Eternal Feather"},{"floor":23,"key":"Bag of Preparation"},{"floor":25,"key":"Smiling Mask"},{"floor":25,"key":"Art of War"},{"floor":26,"key":"Frozen Egg 2"},{"floor":27,"key":"Bottled Flame"},{"floor":31,"key":"Lantern"},{"floor":31,"key":"Torii"},{"floor":40,"key":"Mummified Hand"},{"floor":40,"key":"War Paint"},{"floor":42,"key":"Gremlin Horn"},{"floor":42,"key":"Oddly Smooth Stone"},{"floor":43,"key":"Juzu Bracelet"},{"floor":45,"key":"Blue Candle"},{"floor":45,"key":"Letter Opener"},{"floor":47,"key":"White Beast Statue"}],"event_choices":[{"damage_healed":0,"gold_gain":0,"player_choice":"Take Damage","damage_taken":17,"relics_obtained":["Golden Idol"],"max_hp_gain":0,"max_hp_loss":0,"event_name":"Golden Idol","floor":3,"gold_loss":0},{"damage_healed":0,"gold_gain":0,"cards_transformed":["Strike_G"],"player_choice":"Transformed","damage_taken":0,"max_hp_gain":0,"max_hp_loss":0,"event_name":"Transmorgrifier","floor":4,"gold_loss":0,"cards_obtained":["After Image"]},{"damage_healed":0,"gold_gain":0,"player_choice":"Donut","damage_taken":0,"max_hp_gain":5,"max_hp_loss":0,"event_name":"Big Fish","floor":10,"gold_loss":0},{"damage_healed":0,"gold_gain":0,"player_choice":"Fought Bandits","damage_taken":0,"max_hp_gain":0,"max_hp_loss":0,"event_name":"Masked Bandits","floor":22,"gold_loss":0},{"cards_removed":["Strike_G"],"damage_healed":0,"gold_gain":0,"player_choice":"Gave Gold","damage_taken":0,"max_hp_gain":0,"max_hp_loss":0,"event_name":"Beggar","floor":24,"gold_loss":75},{"damage_healed":0,"gold_gain":0,"player_choice":"Obtained Relic","damage_taken":0,"relics_obtained":["InkBottle"],"max_hp_gain":0,"max_hp_loss":0,"event_name":"Addict","floor":29,"gold_loss":85},{"damage_healed":0,"gold_gain":0,"player_choice":"Simplicity","damage_taken":0,"max_hp_gain":0,"max_hp_loss":0,"event_name":"Back to Basics","floor":30,"gold_loss":0,"cards_upgraded":["Strike_G","Strike_G","Defend_G","Defend_G","Defend_G","Defend_G","Defend_G"]},{"damage_healed":0,"gold_gain":0,"player_choice":"Copied","damage_taken":0,"max_hp_gain":0,"max_hp_loss":0,"event_name":"Duplicator","floor":37,"gold_loss":0,"cards_obtained":["Noxious Fumes"]},{"damage_healed":0,"gold_gain":333,"player_choice":"Gave Idol","damage_taken":0,"max_hp_gain":0,"max_hp_loss":0,"event_name":"The Moai Head","floor":48,"relics_lost":["Golden Idol"],"gold_loss":0}],"is_beta":false,"boss_relics":[{"not_picked":["Tiny House","Busted Crown"],"picked":"Black Star"},{"not_picked":["Pandora\u0027s Box","Snecko Eye"],"picked":"HoveringKite"}],"items_purged_floors":[19,36],"is_endless":false,"potions_floor_spawned":[1,6,11,12,21,22,25,40,44],"ascension_level":0}}