{"host":"l3lzhw5qete3bz2v","time":1613819932,"event":{"mods":["BaseMod","Colored Map","Colored Powertips","Minty Spire (QoL Compilation)","StSLib","SuperFastMode"],"gold_per_floor":[119,129,129,129,145,145,158,190,190,190,202,202,230,248,248,343,343,356,372,372,30,30,30,62,62,138,156,171,183,183,197,197,300,300,310,310,327,130,130,160,160,187,267,267,282,282,30,63,63,63],"floor_reached":51,"language":"JPN","playtime":2930,"items_purged":["Strike_G+1"],"score":1085,"play_id":"54352981-d1e2-4598-885d-714a73f0a419","local_time":"20210220201852","is_ascension_mode":true,"campfire_choices":[{"data":"Dash","floor":6.0,"key":"SMITH"},{"data":"Accuracy","floor":10.0,"key":"SMITH"},{"data":"Blade Dance","floor":12.0,"key":"SMITH"},{"data":"Blade Dance","floor":15.0,"key":"SMITH"},{"data":"Footwork","floor":23.0,"key":"SMITH"},{"floor":30.0,"key":"REST"},{"floor":32.0,"key":"REST"},{"data":"Well Laid Plans","floor":41.0,"key":"SMITH"},{"data":"Noxious Fumes","floor":44.0,"key":"SMITH"},{"data":"Acrobatics","floor":46.0,"key":"SMITH"},{"floor":49.0,"key":"REST"}],"circlet_count":0,"master_deck":["Strike_G+1","Defend_G+1","Defend_G+1","Defend_G+1","Defend_G+1","Defend_G+1","Survivor","Neutralize","Dash+1","Blur","Blade Dance+1","Terror","Accuracy+1","Infinite Blades","Blade Dance+1","Noxious Fumes+1","Corpse Explosion","Leg Sweep","Escape Plan","Footwork+1","Apotheosis+1","Acrobatics+1","PiercingWail","Cloak And Dagger","After Image+1","Blur","Well Laid Plans+1","Backflip","PiercingWail+1","Acrobatics+1","Predator+1"],"relics":["Runic Dome","Toy Ornithopter","Bag of Marbles","InkBottle","HoveringKite","ClockworkSouvenir","Juzu Bracelet","Ninja Scroll","Empty Cage","Snake Skull","Mercury Hourglass","Sundial","Kunai","Oddly Smooth Stone"],"acts_visited":["Exordium","TheCity","TheBeyond"],"potions_floor_usage":[50,50],"damage_taken":[{"damage":0.0,"enemies":"Jaw Worm","floor":1.0,"turns":5.0},{"damage":7.0,"enemies":"Small Slimes","floor":2.0,"turns":3.0},{"damage":0.0,"enemies":"Cultist","floor":5.0,"turns":3.0},{"damage":0.0,"enemies":"Looter","floor":7.0,"turns":3.0},{"damage":0.0,"enemies":"Lagavulin","floor":8.0,"turns":4.0},{"damage":0.0,"enemies":"Large Slime","floor":11.0,"turns":5.0},{"damage":0.0,"enemies":"3 Sentries","floor":13.0,"turns":5.0},{"damage":0.0,"enemies":"Gremlin Gang","floor":14.0,"turns":3.0},{"damage":0.0,"enemies":"Slime Boss","floor":16.0,"turns":1.0},{"damage":26.0,"enemies":"2 Thieves","floor":18.0,"turns":3.0},{"damage":0.0,"enemies":"3 Byrds","floor":19.0,"turns":2.0},{"damage":12.0,"enemies":"Gremlin Leader","floor":24.0,"turns":4.0},{"damage":1.0,"enemies":"Centurion and Healer","floor":27.0,"turns":5.0},{"damage":4.0,"enemies":"Snake Plant","floor":28.0,"turns":4.0},{"damage":0.0,"enemies":"Chosen and Byrds","floor":29.0,"turns":3.0},{"damage":0.0,"enemies":"Snecko","floor":31.0,"turns":3.0},{"damage":19.0,"enemies":"Collector","floor":33.0,"turns":5.0},{"damage":0.0,"enemies":"3 Shapes","floor":35.0,"turns":1.0},{"damage":0.0,"enemies":"Orb Walker","floor":37.0,"turns":2.0},{"damage":4.0,"enemies":"Reptomancer","floor":40.0,"turns":7.0},{"damage":1.0,"enemies":"Nemesis","floor":42.0,"turns":7.0},{"damage":5.0,"enemies":"3 Darklings","floor":45.0,"turns":4.0},{"damage":21.0,"enemies":"Reptomancer","floor":48.0,"turns":5.0},{"damage":7,"enemies":"Time Eater","floor":50,"turns":16}],"seed_played":"-4224365920022511055","potions_obtained":[{"floor":1.0,"key":"SpeedPotion"},{"floor":7.0,"key":"CunningPotion"},{"floor":8.0,"key":"Strength Potion"},{"floor":13.0,"key":"Poison Potion"},{"floor":24.0,"key":"LiquidMemories"},{"floor":28.0,"key":"Fire Potion"},{"floor":33.0,"key":"PowerPotion"},{"floor":35.0,"key":"GamblersBrew"},{"floor":40.0,"key":"PowerPotion"}],"is_trial":false,"path_per_floor":["M","M","?","?","M","R","M","E","T","R","M","R","E","M","R","B",null,"M","M","?","$","?","R","E","?","T","M","M","M","R","M","R","B",null,"M","?","M","$","?","E","R","E","T","R","M","R","$","E","R","B",null],"character_chosen":"THE_SILENT","items_purchased":["Apotheosis","ClockworkSouvenir","Well Laid Plans","Backflip","Kunai"],"campfire_rested":3,"item_purchase_floors":[21,21,38,38,47],"current_hp_per_floor":[63,56,42,42,42,42,42,42,42,42,42,42,42,42,42,47,64,43,43,43,43,43,43,31,31,31,30,26,26,47,47,68,54,66,66,66,66,66,66,62,62,61,61,61,56,56,56,35,56,59],"gold":63,"neow_bonus":"BOSS_RELIC","is_daily":false,"chose_seed":false,"campfire_upgraded":8,"win_rate":0.0,"timestamp":1613819932,"path_taken":["M","M","?","?","M","R","M","E","T","R","M","R","E","M","R","BOSS","M","?","?","$","?","R","E","?","T","M","M","M","R","M","R","BOSS","M","?","M","?","?","E","R","E","T","R","M","R","?","E","R","BOSS"],"items_purchased_type":["Card","Relic","Card","Card","Relic"],"build_version":"2020-12-22","purchased_purges":1,"victory":true,"max_hp_per_floor":[70,70,70,70,70,70,70,70,70,70,70,70,70,70,70,70,70,70,70,70,70,70,70,70,70,70,70,70,70,70,70,70,70,70,70,70,70,70,70,70,70,70,70,70,70,70,70,70,70,70],"card_choices":[{"not_picked":["Tactician","PiercingWail"],"picked":"Dash","floor":1.0},{"not_picked":["Backflip","Dagger Throw"],"picked":"Blur","floor":2.0},{"not_picked":["Well Laid Plans","After Image"],"picked":"Blade Dance","floor":5.0},{"not_picked":["Deadly Poison","Choke"],"picked":"Terror","floor":7.0},{"not_picked":["Deflect","Predator"],"picked":"Accuracy","floor":8.0},{"not_picked":["Poisoned Stab","Prepared"],"picked":"Infinite Blades","floor":11.0},{"not_picked":["Concentrate","Deflect"],"picked":"Blade Dance","floor":13.0},{"not_picked":["Acrobatics","Skewer"],"picked":"Noxious Fumes","floor":14.0},{"not_picked":["After Image","Envenom"],"picked":"Corpse Explosion","floor":16.0},{"not_picked":["Bane","Reflex"],"picked":"Leg Sweep","floor":18.0},{"not_picked":["Dodge and Roll","Poisoned Stab"],"picked":"Escape Plan","floor":19.0},{"not_picked":["Dagger Throw","Dash"],"picked":"Acrobatics","floor":24.0},{"not_picked":["Grand Finale","Tactician"],"picked":"PiercingWail","floor":27.0},{"not_picked":["Dagger Throw","Caltrops+1","Deadly Poison"],"picked":"SKIP","floor":28.0},{"not_picked":["Deadly Poison","Backstab","Deflect"],"picked":"SKIP","floor":29.0},{"not_picked":["Sucker Punch+1","All Out Attack"],"picked":"Cloak And Dagger","floor":31.0},{"not_picked":["Storm of Steel","Burst"],"picked":"After Image","floor":33.0},{"not_picked":["Distraction+1","Blade Dance"],"picked":"Blur","floor":35.0},{"not_picked":["Crippling Poison+1","All Out Attack","Reflex"],"picked":"SKIP","floor":37.0},{"not_picked":["Poisoned Stab+1","Deflect"],"picked":"PiercingWail+1","floor":40.0},{"not_picked":["Flechettes+1","Dagger Throw"],"picked":"Acrobatics+1","floor":42.0},{"not_picked":["Underhanded Strike","Endless Agony+1"],"picked":"Predator+1","floor":45.0},{"not_picked":["Prepared","Poisoned Stab","Outmaneuver"],"picked":"SKIP","floor":48.0}],"player_experience":125677,"relics_obtained":[{"floor":8.0,"key":"Toy Ornithopter"},{"floor":9.0,"key":"Bag of Marbles"},{"floor":13.0,"key":"InkBottle"},{"floor":24.0,"key":"Juzu Bracelet"},{"floor":26.0,"key":"Ninja Scroll"},{"floor":40.0,"key":"Snake Skull"},{"floor":42.0,"key":"Mercury Hourglass"},{"floor":43.0,"key":"Sundial"},{"floor":48.0,"key":"Oddly Smooth Stone"}],"event_choices":[{"damage_healed":0.0,"max_hp_gain":0.0,"max_hp_loss":0.0,"gold_gain":0.0,"event_name":"Shining Light","player_choice":"Entered Light","floor":3.0,"gold_loss":0.0,"damage_taken":14.0,"cards_upgraded":["Strike_G","Strike_G"]},{"cards_removed":["Strike_G"],"damage_healed":0.0,"max_hp_gain":0.0,"max_hp_loss":0.0,"gold_gain":0.0,"event_name":"Purifier","player_choice":"Purged","floor":4.0,"gold_loss":0.0,"damage_taken":0.0},{"damage_healed":0.0,"max_hp_gain":0.0,"max_hp_loss":0.0,"gold_gain":0.0,"event_name":"The Library","player_choice":"Read","floor":20.0,"gold_loss":0.0,"damage_taken":0.0,"cards_obtained":["Footwork"]},{"damage_healed":0.0,"max_hp_gain":0.0,"max_hp_loss":0.0,"gold_gain":0.0,"event_name":"Upgrade Shrine","player_choice":"Upgraded","floor":22.0,"gold_loss":0.0,"damage_taken":0.0,"cards_upgraded":["Apotheosis"]},{"damage_healed":0.0,"max_hp_gain":0.0,"max_hp_loss":0.0,"gold_gain":0.0,"event_name":"Back to Basics","player_choice":"Simplicity","floor":25.0,"gold_loss":0.0,"damage_taken":0.0,"cards_upgraded":["Strike_G","Strike_G","Defend_G","Defend_G","Defend_G","Defend_G","Defend_G"]},{"damage_healed":0.0,"max_hp_gain":0.0,"max_hp_loss":0.0,"gold_gain":0.0,"event_name":"Upgrade Shrine","player_choice":"Upgraded","floor":36.0,"gold_loss":0.0,"damage_taken":0.0,"cards_upgraded":["After Image"]},{"damage_healed":0.0,"max_hp_gain":0.0,"max_hp_loss":0.0,"gold_gain":0.0,"event_name":"SensoryStone","player_choice":"Memory 1","floor":39.0,"gold_loss":0.0,"damage_taken":0.0}],"is_beta":false,"boss_relics":[{"not_picked":["Tiny House","Ectoplasm"],"picked":"HoveringKite"},{"not_picked":["Snecko Eye","Black Star"],"picked":"Empty Cage"}],"items_purged_floors":[38],"is_endless":false,"potions_floor_spawned":[1,7,8,13,24,28,33,35,37,40],"ascension_level":6}}