{"host":"gopu3kmfaoww0llm","time":1613840559,"event":{"mods":["BaseMod","DeckTracker","Minty Spire (QoL Compilation)","Quick Restart","StSLib","SuperFastMode"],"gold_per_floor":[114,125,142,158,172,172,202,127,127,127,127,154,165,197,197,271,271,288,299,199,219,239,271,271,296,296,322,322,341,341,341,341,415,415,433,451,326,340,353,364,397,407,432,450,475,160,178,190,190,190,190,190,190,15,45,45],"floor_reached":57,"language":"KOR","playtime":1843,"items_purged":["Strike_P","Strike_P","Decay","Defend_P+1","WheelKick+1"],"score":3180,"play_id":"6ae8dab9-b6d9-479d-aae8-c669f2e9f1bd","local_time":"20210221020239","is_ascension_mode":true,"campfire_choices":[{"data":"Eruption","floor":6.0,"key":"SMITH"},{"data":"Tantrum","floor":10.0,"key":"SMITH"},{"data":"Scrawl","floor":15.0,"key":"SMITH"},{"data":"Strike_P","floor":24.0,"key":"PURGE"},{"data":"Defend_P","floor":28.0,"key":"PURGE"},{"floor":32.0,"key":"REST"},{"floor":49.0,"key":"RECALL"},{"floor":53.0,"key":"REST"}],"circlet_count":0,"master_deck":["AscendersBane","Defend_P+1","Defend_P+1","Eruption+1","Vigilance+1","CrushJoints+1","Tantrum+1","Crescendo+1","Scrawl+1","LessonLearned+1","MentalFortress+1","InnerPeace+1","Adaptation+1","Adaptation+1","ConjureBlade+1","TalkToTheHand+1","Fasting2+1"],"relics":["PureWater","NeowsBlessing","Ornamental Fan","Boot","Peace Pipe","VioletLotus","StrikeDummy","Shuriken","HornCleat","InkBottle","Fusion Hammer","Incense Burner","OrangePellets","CloakClasp"],"acts_visited":["Exordium","TheCity","TheBeyond","TheEnding"],"potions_floor_usage":[56],"damage_taken":[{"damage":0.0,"enemies":"Cultist","floor":1.0,"turns":1.0},{"damage":0.0,"enemies":"Small Slimes","floor":2.0,"turns":1.0},{"damage":0.0,"enemies":"2 Louse","floor":3.0,"turns":1.0},{"damage":8.0,"enemies":"Exordium Thugs","floor":4.0,"turns":4.0},{"damage":4.0,"enemies":"Looter","floor":5.0,"turns":4.0},{"damage":15.0,"enemies":"Lagavulin","floor":12.0,"turns":3.0},{"damage":14.0,"enemies":"2 Fungi Beasts","floor":13.0,"turns":3.0},{"damage":12.0,"enemies":"3 Sentries","floor":14.0,"turns":4.0},{"damage":0.0,"enemies":"Hexaghost","floor":16.0,"turns":4.0},{"damage":18.0,"enemies":"2 Thieves","floor":18.0,"turns":4.0},{"damage":0.0,"enemies":"Chosen","floor":19.0,"turns":2.0},{"damage":10.0,"enemies":"Centurion and Healer","floor":21.0,"turns":3.0},{"damage":6.0,"enemies":"3 Cultists","floor":22.0,"turns":5.0},{"damage":14.0,"enemies":"Gremlin Leader","floor":23.0,"turns":4.0},{"damage":0.0,"enemies":"Slavers","floor":25.0,"turns":3.0},{"damage":6.0,"enemies":"Book of Stabbing","floor":27.0,"turns":5.0},{"damage":12.0,"enemies":"Snake Plant","floor":29.0,"turns":2.0},{"damage":0.0,"enemies":"Automaton","floor":33.0,"turns":3.0},{"damage":0.0,"enemies":"Orb Walker","floor":35.0,"turns":2.0},{"damage":0.0,"enemies":"3 Darklings","floor":36.0,"turns":2.0},{"damage":0.0,"enemies":"Maw","floor":38.0,"turns":1.0},{"damage":1.0,"enemies":"4 Shapes","floor":39.0,"turns":4.0},{"damage":0.0,"enemies":"Writhing Mass","floor":40.0,"turns":2.0},{"damage":0.0,"enemies":"Giant Head","floor":41.0,"turns":2.0},{"damage":0.0,"enemies":"Sphere and 2 Shapes","floor":42.0,"turns":6.0},{"damage":5.0,"enemies":"Jaw Worm Horde","floor":44.0,"turns":3.0},{"damage":0.0,"enemies":"Nemesis","floor":45.0,"turns":3.0},{"damage":0.0,"enemies":"3 Darklings","floor":47.0,"turns":2.0},{"damage":0.0,"enemies":"Writhing Mass","floor":48.0,"turns":2.0},{"damage":17.0,"enemies":"Time Eater","floor":50.0,"turns":6.0},{"damage":30.0,"enemies":"Donu and Deca","floor":51.0,"turns":5.0},{"damage":0.0,"enemies":"Shield and Spear","floor":55.0,"turns":5.0},{"damage":22,"enemies":"The Heart","floor":56,"turns":7}],"seed_played":"-5871301258828912706","potions_obtained":[{"floor":4.0,"key":"SkillPotion"},{"floor":5.0,"key":"StancePotion"},{"floor":12.0,"key":"FairyPotion"},{"floor":14.0,"key":"SteroidPotion"},{"floor":19.0,"key":"Strength Potion"},{"floor":21.0,"key":"SteroidPotion"},{"floor":23.0,"key":"BlessingOfTheForge"},{"floor":25.0,"key":"EntropicBrew"},{"floor":33.0,"key":"Fire Potion"},{"floor":35.0,"key":"Ambrosia"},{"floor":45.0,"key":"SpeedPotion"},{"floor":48.0,"key":"Strength Potion"}],"is_trial":false,"path_per_floor":["M","M","M","M","M","R","?","$","T","R","?","E","M","E","R","B",null,"M","M","$","M","M","E","R","E","T","E","R","M","?","?","R","B",null,"M","M","$","M","M","M","E","M","T","M","E","$","M","M","R","B","B",null,"R","$","E","B",null],"character_chosen":"WATCHER","items_purchased":["OrangePellets"],"campfire_rested":2,"item_purchase_floors":[46],"current_hp_per_floor":[61,61,61,53,49,49,49,49,49,49,49,34,20,8,8,8,53,35,35,35,25,19,5,5,5,5,20,20,8,8,8,28,28,58,58,58,58,58,57,57,57,57,57,52,52,52,52,52,52,35,5,52,68,68,68,46],"gold":45,"neow_bonus":"THREE_ENEMY_KILL","is_daily":false,"chose_seed":false,"campfire_upgraded":3,"win_rate":0.0,"timestamp":1613840559,"path_taken":["M","?","?","?","M","R","?","$","T","R","?","E","?","E","R","BOSS","M","M","$","M","M","E","R","E","T","E","R","M","?","?","R","BOSS","M","M","$","?","M","M","E","M","T","M","E","$","M","M","R","BOSS","BOSS","R","$","E","BOSS"],"items_purchased_type":["Relic"],"build_version":"2020-12-22","purchased_purges":5,"victory":true,"max_hp_per_floor":[68,68,68,68,68,68,68,68,68,68,68,68,68,68,68,68,68,68,68,68,68,68,68,68,68,68,68,68,68,68,68,68,68,68,68,68,68,68,68,68,68,68,68,68,68,68,68,68,68,68,68,68,68,68,68,68],"card_choices":[{"not_picked":["Evaluate","EmptyMind"],"picked":"CrushJoints","floor":1.0},{"not_picked":["SashWhip","EmptyBody","Indignation"],"picked":"SKIP","floor":2.0},{"not_picked":["CrushJoints","Halt","Meditate"],"picked":"SKIP","floor":3.0},{"not_picked":["DeceiveReality","BattleHymn","Meditate"],"picked":"SKIP","floor":4.0},{"not_picked":["Swivel","Worship"],"picked":"Tantrum","floor":5.0},{"not_picked":["Study","CrushJoints"],"picked":"WheelKick","floor":12.0},{"not_picked":["FollowUp","DevaForm","Tantrum"],"picked":"SKIP","floor":13.0},{"not_picked":["SashWhip","Fasting2"],"picked":"Scrawl","floor":14.0},{"not_picked":["Judgement","Ragnarok"],"picked":"LessonLearned","floor":16.0},{"not_picked":["Crescendo","PathToVictory","SandsOfTime"],"picked":"SKIP","floor":18.0},{"not_picked":["FlyingSleeves","Halt","Perseverance"],"picked":"SKIP","floor":19.0},{"not_picked":["FlurryOfBlows","Conclude"],"picked":"MentalFortress+1","floor":21.0},{"not_picked":["Protect","FlurryOfBlows"],"picked":"InnerPeace","floor":22.0},{"not_picked":["BattleHymn","Sanctity"],"picked":"Adaptation+1","floor":23.0},{"not_picked":["EmptyFist","Ragnarok","BowlingBash"],"picked":"SKIP","floor":25.0},{"not_picked":["DeceiveReality","CutThroughFate","ThirdEye"],"picked":"SKIP","floor":27.0},{"not_picked":["FlurryOfBlows","BattleHymn"],"picked":"Adaptation","floor":29.0},{"not_picked":["BattleHymn","FlurryOfBlows+1","Prostrate"],"picked":"SKIP","floor":35.0},{"not_picked":["JustLucky","FlyingSleeves","Prostrate"],"picked":"SKIP","floor":36.0},{"not_picked":["Nirvana","EmptyFist","EmptyBody"],"picked":"SKIP","floor":38.0},{"not_picked":["EmptyFist","Prostrate","EmptyMind+1"],"picked":"SKIP","floor":39.0},{"not_picked":["Meditate","FlurryOfBlows","CarveReality+1"],"picked":"SKIP","floor":40.0},{"not_picked":["ConjureBlade","CutThroughFate+1","Indignation+1"],"picked":"SKIP","floor":41.0},{"not_picked":["CutThroughFate+1","Indignation+1"],"picked":"ConjureBlade","floor":41.0},{"not_picked":["PathToVictory","Nirvana"],"picked":"TalkToTheHand+1","floor":42.0},{"not_picked":["ThirdEye","Evaluate+1","WheelKick"],"picked":"SKIP","floor":44.0},{"not_picked":["CarveReality","Sanctity+1","SashWhip"],"picked":"SKIP","floor":45.0},{"not_picked":["Tantrum","ThirdEye","Study+1"],"picked":"SKIP","floor":47.0},{"not_picked":["TalkToTheHand+1","Crescendo"],"picked":"Fasting2","floor":48.0},{"not_picked":["FlyingSleeves","ConjureBlade","Alpha"],"picked":"SKIP","floor":55.0}],"player_experience":2916995,"relics_obtained":[{"floor":9.0,"key":"Ornamental Fan"},{"floor":12.0,"key":"Boot"},{"floor":14.0,"key":"Peace Pipe"},{"floor":23.0,"key":"StrikeDummy"},{"floor":25.0,"key":"Shuriken"},{"floor":26.0,"key":"HornCleat"},{"floor":27.0,"key":"InkBottle"},{"floor":41.0,"key":"Incense Burner"},{"floor":55.0,"key":"CloakClasp"}],"event_choices":[{"damage_healed":0.0,"max_hp_gain":0.0,"max_hp_loss":0.0,"gold_gain":30.0,"event_name":"Dead Adventurer","player_choice":"Searched \u00271\u0027 times","floor":7.0,"gold_loss":0.0,"damage_taken":0.0},{"damage_healed":0.0,"max_hp_gain":0.0,"max_hp_loss":0.0,"gold_gain":0.0,"cards_transformed":["Strike_P"],"event_name":"Living Wall","player_choice":"Change","floor":11.0,"gold_loss":0.0,"damage_taken":0.0,"cards_obtained":["Crescendo"]},{"damage_healed":0.0,"max_hp_gain":0.0,"max_hp_loss":0.0,"gold_gain":0.0,"event_name":"Forgotten Altar","player_choice":"Smashed Altar","floor":30.0,"gold_loss":0.0,"damage_taken":0.0,"cards_obtained":["Decay"]},{"damage_healed":0.0,"max_hp_gain":0.0,"max_hp_loss":0.0,"gold_gain":0.0,"event_name":"Upgrade Shrine","player_choice":"Upgraded","floor":31.0,"gold_loss":0.0,"damage_taken":0.0,"cards_upgraded":["Adaptation"]}],"is_beta":false,"boss_relics":[{"not_picked":["Busted Crown","Runic Pyramid"],"picked":"VioletLotus"},{"not_picked":["Astrolabe","Cursed Key"],"picked":"Fusion Hammer"}],"items_purged_floors":[8,20,37,46,54],"is_endless":false,"potions_floor_spawned":[4,5,12,13,14,19,21,23,25,33,35,39,41,45,47,48],"ascension_level":20}}