{"host":"6p0attdrtjqaih7v","time":1613841317,"event":{"mods":["2.2 Compatiblity","AchievementEnabler","Bard","BaseMod","Better Skull","Better Third Choice","Card Filter","Colored Powertips","Hermit","Highlight Path","Hubris","Key Reminder","Minty Spire (QoL Compilation)","Permanent Neow","Quick Restart","Random Character Button","Relic Filter","Relic Stats","Reliquary","Replay The Spire","StSLib","The Construct","The Hayseed","The Witch"],"gold_per_floor":[116,130,95,112,112,112,132,132,132,132,148,182,28,42,42,119,119,132,32,32,32,27,27,27,27],"floor_reached":24,"language":"ENG","playtime":1263,"items_purged":["construct:Strike_Gold","construct:Strike_Gold"],"score":382,"play_id":"a47702a7-74fc-4c17-8024-264019cac622","local_time":"20210220121517","is_ascension_mode":true,"campfire_choices":[{"data":"construct:NuclearCore","floor":6,"key":"SMITH"},{"data":"construct:NuclearCore+1","floor":8,"key":"SMITH"},{"data":"construct:HeavyBolt","floor":10,"key":"SMITH"},{"floor":15,"key":"REST"},{"floor":23,"key":"REST"}],"circlet_count":0,"master_deck":["AscendersBane","construct:Strike_Gold","construct:Defend_Gold","construct:Defend_Gold","construct:Defend_Gold","construct:Defend_Gold","construct:Defend_Gold","construct:AttackMode","construct:DefenseMode","construct:FocusedBeam","construct:FlameCore","construct:NuclearCore+2","construct:HeavyBolt+1","construct:Tumble","construct:Antimatter+2","construct:Enhance","construct:GatlingGun+1","construct:BlazingSpeed","construct:HammerDown","construct:Analyze","construct:HeavyBolt+1"],"relics":["construct:ClockworkPhoenix","Turnip","reliquary:RedPaperclip"],"acts_visited":["Exordium","TheCity"],"potions_floor_usage":[12,12,16],"damage_taken":[{"damage":10,"enemies":"Jaw Worm","floor":1,"turns":6},{"damage":16,"enemies":"Small Slimes","floor":2,"turns":5},{"damage":6,"enemies":"Cultist","floor":4,"turns":3},{"damage":9,"enemies":"Large Slime","floor":7,"turns":6},{"damage":6,"enemies":"Blue Slaver","floor":11,"turns":4},{"damage":6,"enemies":"3 Sentries","floor":12,"turns":9},{"damage":9,"enemies":"Red Slaver","floor":14,"turns":3},{"damage":41,"enemies":"Slime Boss","floor":16,"turns":13},{"damage":14,"enemies":"Shell Parasite","floor":18,"turns":7},{"damage":19,"enemies":"2 Thieves","floor":22,"turns":4},{"damage":73,"enemies":"Gremlin Leader","floor":24,"turns":6}],"seed_played":"1967731997291985450","potions_obtained":[{"floor":2,"key":"Dexterity Potion"},{"floor":7,"key":"BlessingOfTheForge"},{"floor":11,"key":"AttackPotion"},{"floor":16,"key":"CultistPotion"}],"is_trial":false,"path_per_floor":["M","M","?","M","?","R","M","R","T","R","M","E","$","M","R","B",null,"M","$","?","?","M","R","E"],"character_chosen":"THE_CONSTRUCT_MOD","items_purchased":["Reflective Coating"],"campfire_rested":2,"item_purchase_floors":[13],"current_hp_per_floor":[62,46,66,60,55,55,46,46,46,46,40,34,34,25,49,8,62,48,48,48,48,29,53,0,0],"gold":27,"neow_bonus":"THREE_CARDS","is_daily":false,"chose_seed":false,"campfire_upgraded":3,"win_rate":0.0,"timestamp":1613841317,"path_taken":["M","M","?","M","?","R","M","R","T","R","M","E","$","M","R","BOSS","M","$","?","?","M","R","E"],"items_purchased_type":["Potion"],"build_version":"2020-12-22","purchased_purges":2,"victory":false,"max_hp_per_floor":[80,80,80,80,80,80,80,80,80,80,80,80,80,80,80,80,80,80,80,80,80,80,80,80,80],"relic_stats":{"counters":[11,65],"Turnip":[5],"obtain_stats":[{"reliquary:RedPaperclip":17,"reliquary:PartyBalloon":5,"Molten Egg 2":12,"Turnip":9,"construct:ClockworkPhoenix":0},{"reliquary:RedPaperclip":8,"reliquary:PartyBalloon":3,"Molten Egg 2":6,"Turnip":4,"construct:ClockworkPhoenix":0},{"reliquary:RedPaperclip":48,"reliquary:PartyBalloon":14,"Molten Egg 2":32,"Turnip":19,"construct:ClockworkPhoenix":0}]},"card_choices":[{"not_picked":["construct:FlammableFog","construct:OmegaCannon"],"picked":"construct:FocusedBeam","floor":0},{"not_picked":["construct:CreateCores","construct:FocusedBeam","construct:Rollout"],"picked":"SKIP","floor":1},{"not_picked":["construct:Implosion","construct:Boost"],"picked":"construct:FlameCore","floor":2},{"not_picked":["construct:Analyze","construct:VentSteam"],"picked":"construct:NuclearCore","floor":4},{"not_picked":["construct:Boost","construct:FocusedBeam"],"picked":"construct:HeavyBolt","floor":7},{"not_picked":["construct:Disrupt","construct:HeavyBolt"],"picked":"construct:Tumble","floor":11},{"not_picked":["construct:Zapper","construct:Analyze"],"picked":"construct:Antimatter+1","floor":12},{"not_picked":["construct:ShiftStrike+1","construct:FlameCore"],"picked":"construct:Enhance","floor":14},{"not_picked":["construct:GoldenBullet+1","construct:Meltdown"],"picked":"construct:GatlingGun+1","floor":16},{"not_picked":["construct:Anticipate","construct:BatteryAcid"],"picked":"construct:BlazingSpeed","floor":18},{"not_picked":["construct:CreateCores","construct:Backfire"],"picked":"construct:HeavyBolt+1","floor":22}],"player_experience":1225030,"relics_obtained":[{"floor":9,"key":"Turnip"},{"floor":12,"key":"Molten Egg 2"}],"event_choices":[{"damage_healed":20,"gold_gain":0,"player_choice":"Healed","damage_taken":0,"max_hp_gain":0,"max_hp_loss":0,"event_name":"The Cleric","floor":3,"gold_loss":35},{"damage_healed":0,"gold_gain":0,"player_choice":"Relic ","damage_taken":5,"max_hp_gain":0,"max_hp_loss":0,"event_name":"betterThird:BetterScrap","floor":5,"gold_loss":0,"cards_obtained":["ReplayTheSpireMod:Calculation Training"]},{"damage_healed":0,"gold_gain":0,"cards_transformed":["construct:Strike_Gold","construct:Strike_Gold"],"player_choice":"Became Test Subject","damage_taken":0,"max_hp_gain":0,"max_hp_loss":0,"event_name":"Drug Dealer","floor":20,"gold_loss":0,"cards_obtained":["construct:HammerDown","construct:Analyze"]}],"is_beta":false,"boss_relics":[{"not_picked":["Busted Crown","Abe\u0027s Treasure"],"picked":"reliquary:RedPaperclip"}],"items_purged_floors":[13,19],"is_endless":false,"potions_floor_spawned":[2,7,11,16],"killed_by":"Gremlin Leader","ascension_level":19}}