{"host":"56xwnffi6e9z5l58","time":1613793482,"event":{"mods":["Aspiration","BaseMod","Better Match","Better Note","Better Sensory Stone","BetterRewards","Colored Map","Colored Powertips","Conspire","Downfall","GifTheSpireLib","Hermit","Highlight Path","Hubris","Infinite Spire","Key Reminder","Minty Spire (QoL Compilation)","Permanent Neow","Quick Restart","Rare Cards Sparkle","Replay The Spire","StSLib","Stuff the Spire","SuperFastMode","Unceasing Turn Reminder"],"gold_per_floor":[0,10,30,15,29,29,29,46,58,83,83,95,95,128,139,240,240,240,253,270,270,321,353,353,353,353,353],"floor_reached":25,"language":"ENG","playtime":806,"items_purged":[],"score":233,"play_id":"8422800b-0f78-4798-bbad-bba3c25b0ac4","local_time":"20210220115802","is_ascension_mode":false,"campfire_choices":[{"data":"bronze:Replicate","floor":1,"key":"SMITH"},{"data":"bronze:Flail","floor":6,"key":"SMITH"},{"data":"bronze:Format","floor":13,"key":"SMITH"},{"data":"bronze:HardenedForm","floor":18,"key":"SMITH"}],"circlet_count":0,"master_deck":["bronze:Strike","bronze:Strike","bronze:Strike","bronze:Defend","bronze:Defend","bronze:Defend","bronze:Replicate+1","bronze:Goto","bronze:Terminator","bronze:Shield","bronze:CutThrough","bronze:Repair","bronze:Branch","bronze:Flail+1","bronze:Philosophize","bronze:Assembly","bronze:Format+1","bronze:FineTuning","bronze:BronzeOrb","bronze:HardenedForm+1","bronze:Shell+1","bronze:Repair","bronze:Strike","ReplayTheSpireMod:Splinters","bronze:BronzeArmor+1"],"relics":["bronze:BronzeCore","Guardian:PocketSentry","Blue Doll","Replay:Bottled Flurry","ChewingGum","Blue Candle","hubris:Metronome","StuffTheSpire:EmeraldSignet"],"acts_visited":["Exordium","TheCity"],"potions_floor_usage":[16,25,25,25],"damage_taken":[{"damage":3,"enemies":"Jaw Worm","floor":2,"turns":4},{"damage":1,"enemies":"Cultist","floor":3,"turns":3},{"damage":2,"enemies":"downfall:FleeingMerchant","floor":4,"turns":4},{"damage":0,"enemies":"Small Slimes","floor":5,"turns":3},{"damage":0,"enemies":"Exordium Wildlife","floor":8,"turns":2},{"damage":0,"enemies":"downfall:LooterAlt","floor":9,"turns":2},{"damage":11,"enemies":"3 Sentries","floor":10,"turns":5},{"damage":0,"enemies":"3 Louse","floor":12,"turns":3},{"damage":11,"enemies":"Lagavulin","floor":14,"turns":4},{"damage":0,"enemies":"Large Slime","floor":15,"turns":4},{"damage":48,"enemies":"DF_ARCHETYPE_STREAMLINE","floor":16,"turns":8},{"damage":5,"enemies":"3 Byrds","floor":19,"turns":6},{"damage":34,"enemies":"Spheric Guardian","floor":20,"turns":5},{"damage":7,"enemies":"Slavers","floor":23,"turns":6},{"damage":62,"enemies":"Book of Stabbing","floor":25,"turns":5}],"seed_played":"-4115685321470503001","potions_obtained":[{"floor":5,"key":"EntropicBrew"},{"floor":10,"key":"LiquidBronze"},{"floor":14,"key":"LiquidBronze"},{"floor":16,"key":"DuplicationPotion"},{"floor":20,"key":"Guardian:BlockOnCardUsePotion"},{"floor":22,"key":"bronze:CleanCodePotion"}],"is_trial":false,"path_per_floor":["R","M","M","$","M","R","T","M","M","E","?","M","R","E","M","B",null,"R","M","M","?","?","E","T","E"],"character_chosen":"THE_AUTOMATON","items_purchased":[],"campfire_rested":0,"item_purchase_floors":[],"current_hp_per_floor":[70,67,66,68,68,68,68,70,70,59,59,66,66,62,69,21,70,70,65,36,36,36,43,43,0,0,0],"gold":353,"neow_bonus":"TRANSFORM_TWO_CARDS","is_daily":false,"chose_seed":false,"campfire_upgraded":4,"win_rate":0.0,"timestamp":1613793482,"path_taken":["R","M","M","$","M","R","T","M","M","E","?","?","R","E","M","BOSS","R","M","?","?","?","E","T","E"],"items_purchased_type":[],"build_version":"2020-12-22","purchased_purges":0,"victory":false,"max_hp_per_floor":[70,70,70,70,70,70,70,70,70,70,70,70,70,70,70,70,70,70,70,70,70,70,70,70,70,70,70],"card_choices":[{"not_picked":["bronze:Iterate","bronze:BitShift"],"picked":"bronze:CutThrough","floor":2},{"not_picked":["bronze:Frontload","bronze:ItsAFeature"],"picked":"bronze:Repair","floor":3},{"not_picked":["bronze:BuggyMess","bronze:Invalidate"],"picked":"bronze:Branch","floor":4},{"not_picked":["bronze:DelayedSlice","bronze:FineTuning"],"picked":"bronze:Flail","floor":5},{"not_picked":["bronze:Invalidate","bronze:Frontload"],"picked":"bronze:Philosophize","floor":8},{"not_picked":["bronze:Separator","bronze:FollowUp"],"picked":"bronze:Assembly","floor":9},{"not_picked":["bronze:WildBeam","bronze:Separator"],"picked":"bronze:Format","floor":10},{"not_picked":["bronze:Constructor","bronze:BugBarrage"],"picked":"bronze:FineTuning","floor":12},{"not_picked":["bronze:BitShift","bronze:Flail"],"picked":"bronze:BronzeOrb","floor":14},{"not_picked":["bronze:BuggyMess","bronze:NullPointer","bronze:Turbo"],"picked":"SKIP","floor":15},{"not_picked":["bronze:ShipIt","bronze:ThunderWave"],"picked":"bronze:HardenedForm","floor":16},{"not_picked":["bronze:Overload+1","bronze:Separator"],"picked":"bronze:Shell+1","floor":19},{"not_picked":["bronze:Constructor","bronze:Separator"],"picked":"bronze:Repair","floor":20},{"not_picked":["bronze:Overheat","bronze:ClassDefault"],"picked":"bronze:BronzeArmor+1","floor":23}],"player_experience":1049361,"relics_obtained":[{"floor":7,"key":"Guardian:PocketSentry"},{"floor":10,"key":"Blue Doll"},{"floor":14,"key":"Replay:Bottled Flurry"},{"floor":22,"key":"Blue Candle"},{"floor":23,"key":"hubris:Metronome"},{"floor":24,"key":"StuffTheSpire:EmeraldSignet"}],"event_choices":[{"cards_removed":["bronze:Strike"],"damage_healed":0,"gold_gain":0,"player_choice":"Give","damage_taken":0,"max_hp_gain":0,"max_hp_loss":0,"event_name":"betterNote:BetterNote","floor":11,"gold_loss":0,"cards_obtained":["bronze:Strike"]},{"damage_healed":0,"gold_gain":2,"player_choice":"4","damage_taken":0,"max_hp_gain":0,"max_hp_loss":0,"event_name":"betterStone:BetterStone","floor":21,"gold_loss":0,"cards_obtained":["bronze:Strike"]}],"is_beta":false,"boss_relics":[{"not_picked":["ReplayTheSpireMod:DimensionalGlitch","Runic Dome"],"picked":"ChewingGum"}],"items_purged_floors":[],"is_endless":false,"potions_floor_spawned":[5,10,14,15,16,20],"killed_by":"Book of Stabbing","ascension_level":0}}