{"host":"x5yhywqzhy6atib3","time":1613851987,"event":{"mods":["BaseMod","Colored Map","Colored Powertips","Curses Come First","DeckTracker","Highlight Path","Hubris","Infinite Spire","Minty Spire (QoL Compilation)","Rare Cards Sparkle","StSLib","The Blue Laboratory","The Cursed"],"gold_per_floor":[116,132,84,96,111,146,166,197,222,238,251,263,263,9,9,105,105,120,120,138,153,153,178,178,198,198,217,217,217,230,248,248,349,349,363,363,363,325,337,371,371,371,371,389,407,417,417,445,445,445],"floor_reached":51,"language":"KOR","playtime":5155,"items_purged":[],"score":747,"play_id":"c7bf4b43-5103-445d-a44c-77114e8d41af","local_time":"20210220211307","is_ascension_mode":false,"campfire_choices":[{"data":"TheCursedMod:StingEye","floor":15.0,"key":"SMITH"},{"floor":24,"key":"REST"},{"floor":32,"key":"REST"},{"floor":42,"key":"REST"},{"floor":49,"key":"REST"}],"circlet_count":0,"master_deck":["TheCursedMod:Strike_TheCursed","TheCursedMod:Strike_TheCursed","TheCursedMod:Strike_TheCursed","TheCursedMod:Strike_TheCursed","TheCursedMod:Defend_TheCursed","TheCursedMod:Defend_TheCursed","TheCursedMod:Defend_TheCursed","TheCursedMod:Defend_TheCursed","TheCursedMod:CursedWand","TheCursedMod:CleanUpWorkshop","TheCursedMod:Dregs","TheCursedMod:CursedBlade","TheCursedMod:CursedArmor","TheCursedMod:Obscuration","TheCursedMod:SpitefulStrike","TheCursedMod:SpitefulStrike","TheCursedMod:SurpriseAttack","TheCursedMod:CursedSpellbook","TheCursedMod:StunningStrike","TheCursedMod:FleshFromBone+1","TheCursedMod:FuryStrike","TheCursedMod:AshesToAshes","Apotheosis","TheCursedMod:StingEye+1","TheCursedMod:CollectTribute","TheCursedMod:Wield","Decay","TheCursedMod:BlessingInDisguise","TheCursedMod:WearCloak","TheCursedMod:FleshFromBone+1","TheCursedMod:SpitefulPray+1","Pain","TheCursedMod:CursedBlade","TheCursedMod:DoubleShield","TheCursedMod:SpitefulStrike","TheCursedMod:CursedSpellbook+1","TheCursedMod:CircleOfFocus+1","TheCursedMod:CircleOfFlame+1","TheCursedMod:CursedStaff+1","TheCursedMod:Wield+1","TheCursedMod:CursedAmulet+1","TheCursedMod:CursedMace+1","infinitespire:NeuralNetwork","TheCursedMod:ReleasedStrength","TheCursedMod:DoubleShield"],"relics":["TheCursedMod:BlackMagic101","infinitespire:CursedDice","TheCursedMod:Tack","Ancient Tea Set","Regal Pillow","TheCursedMod:FourLeafCloverCharm","Bag of Marbles","Dream Catcher","hubris:TinFlute","hubris:Towel","WarpedTongs","Black Star","hubris:Icosahedron","hubris:PeanutButter","infinitespire:ShieldingShard","The Courier","hubris:SlimyHat","infinitespire:WardingShard"],"acts_visited":["Exordium","TheCity","TheBeyond"],"potions_floor_usage":[21,35,40,40,40,40,45,45],"damage_taken":[{"damage":0.0,"enemies":"Small Slimes","floor":1.0,"turns":3.0},{"damage":0.0,"enemies":"Cultist","floor":2.0,"turns":3.0},{"damage":0.0,"enemies":"2 Louse","floor":4.0,"turns":2.0},{"damage":9.0,"enemies":"Exordium Thugs","floor":5.0,"turns":6.0},{"damage":5.0,"enemies":"3 Sentries","floor":6.0,"turns":8.0},{"damage":0.0,"enemies":"Looter","floor":7.0,"turns":2.0},{"damage":4.0,"enemies":"Gremlin Nob","floor":8.0,"turns":4.0},{"damage":2.0,"enemies":"Blue Slaver","floor":10.0,"turns":3.0},{"damage":0.0,"enemies":"Red Slaver","floor":11.0,"turns":2.0},{"damage":2.0,"enemies":"3 Louse","floor":12.0,"turns":2.0},{"damage":19.0,"enemies":"The Guardian","floor":16.0,"turns":12.0},{"damage":10,"enemies":"2 Thieves","floor":18,"turns":3},{"damage":10,"enemies":"Chosen","floor":20,"turns":4},{"damage":0,"enemies":"Snake Plant","floor":21,"turns":4},{"damage":20,"enemies":"Slavers","floor":23,"turns":5},{"damage":1,"enemies":"Cultist and Chosen","floor":25,"turns":7},{"damage":5,"enemies":"Sentry and Sphere","floor":27,"turns":9},{"damage":9,"enemies":"Shelled Parasite and Fungi","floor":30,"turns":4},{"damage":9,"enemies":"Snecko","floor":31,"turns":8},{"damage":16,"enemies":"Champ","floor":33,"turns":17},{"damage":0,"enemies":"Orb Walker","floor":35,"turns":4},{"damage":46,"enemies":"3 Darklings","floor":38,"turns":7},{"damage":7,"enemies":"4 Shapes","floor":39,"turns":9},{"damage":75,"enemies":"Giant Head","floor":40,"turns":16},{"damage":0,"enemies":"Transient","floor":44,"turns":5},{"damage":26,"enemies":"Maw","floor":45,"turns":12},{"damage":0,"enemies":"Spire Growth","floor":46,"turns":5},{"damage":4,"enemies":"Nemesis","floor":48,"turns":4},{"damage":22,"enemies":"Time Eater","floor":50,"turns":17}],"seed_played":"7027086140888342054","potions_obtained":[{"floor":1.0,"key":"TheCursedMod:DregsPotion"},{"floor":11.0,"key":"Energy Potion"},{"floor":12.0,"key":"Ancient Potion"},{"floor":16.0,"key":"Block Potion"},{"floor":18,"key":"AttackPotion"},{"floor":21,"key":"blueLaboratory:ForbiddenFruitJuice"},{"floor":23,"key":"blueLaboratory:SavagePotion"},{"floor":38,"key":"Dexterity Potion"},{"floor":40,"key":"blueLaboratory:PhilterOfMotion"},{"floor":44,"key":"blueLaboratory:EnragingPotion"}],"is_trial":false,"path_per_floor":["M","M","$","M","M","E","M","E","T","M","M","M","?","$","R","B",null,"M","?","M","M","AVR","E","R","M","T","M","?","?","M","M","R","B",null,"M","?","?","M","M","E","?","R","T","M","M","M","AVR","E","R","B",null],"character_chosen":"THE_CURSED","items_purchased":["TheCursedMod:Obscuration","Apotheosis","TheCursedMod:StingEye"],"campfire_rested":4,"item_purchase_floors":[3,14,14],"current_hp_per_floor":[68,68,68,68,59,54,54,50,50,48,48,46,46,46,46,27,68,58,58,48,48,48,28,63,62,62,57,57,57,48,39,68,52,68,68,68,68,22,15,21,21,53,53,53,27,27,27,23,55,33],"gold":445,"neow_bonus":"ONE_RARE_RELIC","is_daily":false,"chose_seed":false,"campfire_upgraded":1,"win_rate":0.0,"timestamp":1613851987,"path_taken":["M","M","$","M","M","E","M","E","T","M","M","M","?","$","R","BOSS","M","?","M","?","AVR","E","R","M","T","M","?","?","M","?","R","BOSS","M","?","?","M","?","E","?","R","T","M","M","M","AVR","E","R","BOSS"],"items_purchased_type":["Card","Card","Card"],"build_version":"2020-12-22","purchased_purges":0,"victory":true,"max_hp_per_floor":[68,68,68,68,68,68,68,68,68,68,68,68,68,68,68,68,68,68,68,68,68,68,68,68,68,68,68,68,68,68,68,68,68,68,68,68,68,68,68,58,58,58,58,58,58,58,58,58,58,58],"card_choices":[{"not_picked":["TheCursedMod:Stretching","TheCursedMod:SpreadPlague"],"picked":"TheCursedMod:CursedBlade","floor":1.0},{"not_picked":["TheCursedMod:CircleOfFlame","TheCursedMod:HellsGateOpen"],"picked":"TheCursedMod:CursedArmor","floor":2.0},{"not_picked":["TheCursedMod:SurpriseAttack","TheCursedMod:DoubleShield"],"picked":"TheCursedMod:SpitefulStrike","floor":4.0},{"not_picked":["TheCursedMod:SpreadPlague","TheCursedMod:CursedBlade"],"picked":"TheCursedMod:SpitefulStrike","floor":5.0},{"not_picked":["TheCursedMod:CursedStaff","TheCursedMod:VitalStrike"],"picked":"TheCursedMod:SurpriseAttack","floor":6.0},{"not_picked":["TheCursedMod:CircleOfBlood","TheCursedMod:LuckyCharm"],"picked":"TheCursedMod:CursedSpellbook","floor":7.0},{"not_picked":["TheCursedMod:CircleOfFocus","TheCursedMod:SoulReap"],"picked":"TheCursedMod:StunningStrike","floor":8.0},{"not_picked":["TheCursedMod:TroublousMinions","TheCursedMod:SpitefulStrike"],"picked":"TheCursedMod:FleshFromBone","floor":10.0},{"not_picked":["TheCursedMod:SoulCrush","TheCursedMod:RavingStaff"],"picked":"TheCursedMod:FuryStrike","floor":11.0},{"not_picked":["TheCursedMod:TacticalStrike","TheCursedMod:ReleasedStrength"],"picked":"TheCursedMod:AshesToAshes","floor":12.0},{"not_picked":["TheCursedMod:StunningStrike","TheCursedMod:NeowsMight"],"picked":"TheCursedMod:CollectTribute","floor":16.0},{"not_picked":["TheCursedMod:CursedShiv","TheCursedMod:RapidMovement"],"picked":"TheCursedMod:Wield","floor":18},{"not_picked":["TheCursedMod:AshesToAshes","TheCursedMod:Hemoplague"],"picked":"TheCursedMod:BlessingInDisguise","floor":20},{"not_picked":["TheCursedMod:CircleOfFlame","TheCursedMod:RavingStaff","TheCursedMod:CursedMace"],"picked":"SKIP","floor":21},{"not_picked":["TheCursedMod:Obscuration","TheCursedMod:SpitefulStrike"],"picked":"TheCursedMod:WearCloak","floor":23},{"not_picked":["TheCursedMod:Stigma","TheCursedMod:Mangle"],"picked":"TheCursedMod:RapidMovement+1","floor":24},{"not_picked":["TheCursedMod:CursedMace","TheCursedMod:CircleOfFocus"],"picked":"TheCursedMod:FleshFromBone+1","floor":25},{"not_picked":["TheCursedMod:UltimatePain","TheCursedMod:BlessingInDisguise"],"picked":"TheCursedMod:SpitefulPray+1","floor":27},{"not_picked":["TheCursedMod:ReleasedKnowledge","TheCursedMod:CircleOfFocus"],"picked":"TheCursedMod:CursedBlade","floor":30},{"not_picked":["TheCursedMod:Mangle","TheCursedMod:CursedShiv"],"picked":"TheCursedMod:DoubleShield","floor":31},{"not_picked":["TheCursedMod:SoulReap","TheCursedMod:Grudge"],"picked":"TheCursedMod:SpitefulStrike","floor":32},{"not_picked":["TheCursedMod:NeowsMight","TheCursedMod:CircleOfAbyss"],"picked":"TheCursedMod:ManaCirculation","floor":33},{"not_picked":["TheCursedMod:BlessingInDisguise","TheCursedMod:Stretching"],"picked":"TheCursedMod:CursedSpellbook+1","floor":35},{"not_picked":["TheCursedMod:Torture","TheCursedMod:ReleasedKnowledge"],"picked":"TheCursedMod:CircleOfFocus+1","floor":38},{"not_picked":["TheCursedMod:CursedAmulet+1","TheCursedMod:SpitefulStrike+1"],"picked":"TheCursedMod:CircleOfFlame+1","floor":39},{"not_picked":["TheCursedMod:Stretching+1","TheCursedMod:AshesToAshes"],"picked":"TheCursedMod:CursedStaff+1","floor":40},{"not_picked":["TheCursedMod:RavingStaff","TheCursedMod:CircleOfFlame+1"],"picked":"TheCursedMod:Wield+1","floor":42},{"not_picked":["TheCursedMod:Wield","TheCursedMod:TroublousMinions+1"],"picked":"TheCursedMod:CursedAmulet+1","floor":44},{"not_picked":["TheCursedMod:Stigma","TheCursedMod:CircleOfFlame"],"picked":"TheCursedMod:CursedMace+1","floor":45},{"not_picked":["TheCursedMod:CircleOfBlood","TheCursedMod:Stretching","TheCursedMod:CursedMace+1"],"picked":"SKIP","floor":46},{"not_picked":["TheCursedMod:StingEye","TheCursedMod:Grudge+1"],"picked":"TheCursedMod:ReleasedStrength","floor":48},{"not_picked":["TheCursedMod:SaltUponWound+1","TheCursedMod:TacticalStrike"],"picked":"TheCursedMod:DoubleShield","floor":49}],"player_experience":50461,"relics_obtained":[{"floor":6.0,"key":"TheCursedMod:Tack"},{"floor":8.0,"key":"Ancient Tea Set"},{"floor":9.0,"key":"Regal Pillow"},{"floor":23,"key":"Dream Catcher"},{"floor":26,"key":"hubris:TinFlute"},{"floor":40,"key":"hubris:PeanutButter"},{"floor":40,"key":"infinitespire:ShieldingShard"},{"floor":43,"key":"The Courier"},{"floor":48,"key":"hubris:SlimyHat"},{"floor":48,"key":"infinitespire:WardingShard"}],"event_choices":[{"damage_healed":0.0,"max_hp_gain":0.0,"max_hp_loss":0.0,"gold_gain":0.0,"event_name":"Upgrade Shrine","player_choice":"Upgraded","floor":13.0,"gold_loss":0.0,"damage_taken":0.0,"cards_upgraded":["TheCursedMod:FleshFromBone"]},{"damage_healed":0,"gold_gain":0,"player_choice":"Cursed","damage_taken":0,"max_hp_gain":0,"max_hp_loss":0,"event_name":"Wheel of Change","floor":19,"gold_loss":0,"cards_obtained":["Decay"]},{"damage_healed":0,"gold_gain":0,"player_choice":"Rummage","damage_taken":0,"relics_obtained":["WarpedTongs"],"max_hp_gain":0,"max_hp_loss":0,"event_name":"Accursed Blacksmith","floor":29,"gold_loss":0,"cards_obtained":["Pain"]},{"cards_removed":["TheCursedMod:RapidMovement"],"damage_healed":5,"gold_gain":0,"player_choice":"Offered Common","damage_taken":0,"max_hp_gain":0,"max_hp_loss":0,"event_name":"Bonfire Elementals","floor":37,"gold_loss":0},{"cards_removed":["TheCursedMod:RapidMovement"],"damage_healed":5,"gold_gain":0,"player_choice":"Offered Special","damage_taken":0,"max_hp_gain":0,"max_hp_loss":0,"event_name":"Bonfire Elementals","floor":37,"gold_loss":0},{"cards_removed":["TheCursedMod:ManaCirculation"],"damage_healed":0,"gold_gain":0,"player_choice":"Removed Power","damage_taken":0,"max_hp_gain":0,"max_hp_loss":0,"event_name":"Falling","floor":41,"gold_loss":0}],"is_beta":false,"boss_relics":[{"not_picked":["TheCursedMod:BlackMagicAdvanced","hubris:Backtick"],"picked":"TheCursedMod:FourLeafCloverCharm"},{"not_picked":["Astrolabe","hubris:ScarierMask"],"picked":"Black Star"}],"items_purged_floors":[],"is_endless":false,"potions_floor_spawned":[1,11,12,16,18,21,23,27,30,38,40,44],"ascension_level":0}}