{"host":"d54lcqy5t45er8jx","time":1613799840,"event":{"mods":["2.2 Compatiblity","BaseMod","CapriCore","Colored Powertips","Defuse TimeMaze Blight","Friendly Minions","Hermit","Hubris","Infinite Spire","KinomotoSakuraMod(ÙÊñýÜâ?)","Marisa£¨Ùöéë¡¡Øª×âÞÞ£©","Minty Spire (QoL Compilation)","Quick Restart","Railgun Mod","Rare Cards Sparkle","Relic Stats","Remilia£¨?Ú·×é?£©","StSLib","The Alterego","The Animator","The Cursed","The Immortal","The Servant 0.9.4","WarShipGirlsR/??á´Ò³R mod","Yakumo Yukari mod","Yohane!","Yuri Mod"],"gold_per_floor":[119,69,81,71,346,346,380,396,477,477,491,491,516,528,528,630,630,640,660,660,660],"floor_reached":20,"language":"ENG","playtime":1712,"items_purged":[],"score":184,"play_id":"9cb56bca-59ae-460d-836a-d929c9a0b074","local_time":"20210220144400","is_ascension_mode":false,"campfire_choices":[{"data":"ClowCardTheLock","floor":6,"key":"SMITH"},{"data":"ClowCardTheFlower","floor":10,"key":"SMITH"},{"data":"ClowCardTheThrough","floor":12,"key":"SMITH"},{"data":"ClowCardTheGlow","floor":15,"key":"SMITH"}],"circlet_count":0,"master_deck":["SakuraCardTheThrough+","ClowCardTheSword","ClowCardTheSword","ClowCardTheSword","ClowCardTheShield+1","ClowCardTheShield","ClowCardTheShield+1","ClowCardTheShield","SpellCardSeal","SpellCardRelease","ClowCardTheFloat","ClowCardTheGlow+1","ClowCardTheLock+1","Regret","ClowCardTheFlower+1","ClowCardTheVoice","ClowCardTheLoop","ClowCardTheShadow","ClowCardTheWindy","CurseOfTheBell","ClowCardTheArrow","ClowCardTheMirror"],"relics":["KSMOD_SealedBook","KSMOD_SealedWand","Blood Vial","hubris:MysteriousPyramids","Bag of Preparation","Calling Bell","MealTicket","Frozen Egg 2","Unceasing Top","War Paint"],"acts_visited":["Exordium","TheCity"],"potions_floor_usage":[7,13,18,20],"damage_taken":[{"damage":0,"enemies":"Cultist","floor":1,"turns":2},{"damage":0,"enemies":"Small Slimes","floor":3,"turns":6},{"damage":23,"enemies":"Lagavulin","floor":7,"turns":6},{"damage":8,"enemies":"2 Louse","floor":8,"turns":2},{"damage":11,"enemies":"Exordium Wildlife","floor":11,"turns":2},{"damage":9,"enemies":"3 Sentries","floor":13,"turns":3},{"damage":20,"enemies":"Looter","floor":14,"turns":4},{"damage":23,"enemies":"The Guardian","floor":16,"turns":14},{"damage":32,"enemies":"Chosen","floor":18,"turns":16},{"damage":4,"enemies":"Shell Parasite","floor":19,"turns":6},{"damage":0,"enemies":"3 Cultists","floor":20,"turns":2}],"seed_played":"6428611193235795555","potions_obtained":[{"floor":1,"key":"Swift Potion"},{"floor":7,"key":"BlessingOfTheForge"},{"floor":8,"key":"FairyPotion"},{"floor":16,"key":"DuplicationPotion"},{"floor":19,"key":"LiquidMemories"}],"is_trial":false,"path_per_floor":["M","?","M","?","?","R","E","M","T","R","M","R","E","M","R","B",null,"M","M","M"],"character_chosen":"KINOMOTOSAKURA","items_purchased":[],"campfire_rested":0,"item_purchase_floors":[],"current_hp_per_floor":[77,77,77,77,77,77,54,48,48,48,39,39,32,14,14,23,77,45,43,45,45],"gold":660,"neow_bonus":"TEN_PERCENT_HP_BONUS","is_daily":false,"chose_seed":false,"campfire_upgraded":4,"win_rate":0.0,"timestamp":1613799840,"path_taken":["M","?","M","?","?","R","E","M","T","R","M","R","E","?","R","BOSS","M","M","M"],"items_purchased_type":[],"build_version":"2020-12-22","purchased_purges":0,"victory":false,"max_hp_per_floor":[77,77,77,77,77,77,77,77,77,77,77,77,77,77,77,77,77,77,77,77,77],"relic_stats":{"Blood Vial":14,"counters":[11,63],"MealTicket":0,"Bag of Preparation":[10],"War Paint":["ClowCardTheShield","ClowCardTheShield"],"obtain_stats":[{"Blood Vial":7,"Calling Bell":17,"KSMOD_SealedBook":0,"MealTicket":17,"KSMOD_SealedWand":0,"Bag of Preparation":13,"hubris:MysteriousPyramids":9,"Frozen Egg 2":17,"War Paint":18,"Unceasing Top":17},{"Blood Vial":3,"Calling Bell":8,"KSMOD_SealedBook":0,"MealTicket":8,"KSMOD_SealedWand":0,"Bag of Preparation":6,"hubris:MysteriousPyramids":4,"Frozen Egg 2":8,"War Paint":9,"Unceasing Top":8},{"Blood Vial":14,"Calling Bell":39,"KSMOD_SealedBook":0,"MealTicket":39,"KSMOD_SealedWand":0,"Bag of Preparation":21,"hubris:MysteriousPyramids":16,"Frozen Egg 2":39,"War Paint":55,"Unceasing Top":39}],"Unceasing Top":[3]},"card_choices":[{"not_picked":["ClowCardTheCloud","ClowCardTheBig"],"picked":"ClowCardTheFloat","floor":1},{"not_picked":["ClowCardTheMirror","ClowCardTheMove"],"picked":"ClowCardTheGlow","floor":3},{"not_picked":[],"picked":"ClowCardTheLock","floor":4},{"not_picked":[],"picked":"ClowCardTheThrough","floor":4},{"not_picked":["ClowCardTheDream","ClowCardThePower"],"picked":"ClowCardTheFlower","floor":7},{"not_picked":["ClowCardTheFreeze","ClowCardTheDream"],"picked":"ClowCardTheVoice","floor":8},{"not_picked":["ClowCardTheJump","ClowCardTheRain"],"picked":"ClowCardTheLoop","floor":11},{"not_picked":["ClowCardTheErase","ClowCardTheLittle"],"picked":"ClowCardTheShadow","floor":13},{"not_picked":["ClowCardThePower","ClowCardTheShadow"],"picked":"ClowCardTheWindy","floor":14},{"not_picked":["ClowCardTheReturn","ClowCardTheFight"],"picked":"ClowCardTheCreate","floor":16},{"not_picked":["ClowCardTheLibra+1","ClowCardTheCloud"],"picked":"ClowCardTheArrow","floor":18},{"not_picked":["ClowCardTheRain","ClowCardTheWood"],"picked":"ClowCardTheMirror","floor":19}],"player_experience":990140,"relics_obtained":[{"floor":7,"key":"Blood Vial"},{"floor":9,"key":"hubris:MysteriousPyramids"},{"floor":13,"key":"Bag of Preparation"},{"floor":17,"key":"MealTicket"},{"floor":17,"key":"Frozen Egg 2"},{"floor":17,"key":"Unceasing Top"},{"floor":18,"key":"War Paint"}],"event_choices":[{"cards_removed":["ClowCardTheSword"],"damage_healed":0,"gold_gain":0,"player_choice":"Card Removal","damage_taken":0,"max_hp_gain":0,"max_hp_loss":0,"event_name":"The Cleric","floor":2,"gold_loss":50},{"damage_healed":0,"gold_gain":275,"player_choice":"Desecrate","damage_taken":0,"max_hp_gain":0,"max_hp_loss":0,"event_name":"Golden Shrine","floor":5,"gold_loss":0,"cards_obtained":["Regret"]}],"is_beta":false,"boss_relics":[{"not_picked":["hubris:HollowSoul","SacredBark"],"picked":"Calling Bell"}],"items_purged_floors":[],"is_endless":false,"potions_floor_spawned":[1,7,8,16,19],"killed_by":"3 Cultists","ascension_level":0}}