{"host":"8xoe65bk5yhopuhv","time":1613826421,"event":{"mods":["BaseMod","Colored Map","Downfall","Marisa£®ÏF”Í°°ƒß¿Ì…≥£©","Minty Spire (QoL Compilation)","Replay The Spire","Shop Mod","StSLib","The Bug Knight","The Construct","The Cursed","The Servant 0.9.4"],"gold_per_floor":[99,118,19,84,98,98,176,211,211,111,35,45,59,70,85,182,182,182,182,201,214,14,14,68,68,79,9,9,27,27,45,63,63,63],"floor_reached":33,"language":"ZHS","playtime":5067,"items_purged":[],"score":274,"play_id":"7128f840-aa8e-4507-8f15-2b4219871f15","local_time":"20210220210701","is_ascension_mode":false,"campfire_choices":[{"floor":1,"key":"RECALL"},{"floor":6,"key":"REST"},{"data":"HollowMod:SlysStrikes","floor":10,"key":"SMITH"},{"data":"HollowMod:LifebloodCore","floor":18,"key":"SMITH"},{"floor":28,"key":"REST"},{"floor":30,"key":"REST"}],"circlet_count":0,"master_deck":["HollowMod:NailStrikeStart","HollowMod:NailStrikeStart","HollowMod:NailStrikeStart","HollowMod:NailStrikeStart","HollowMod:QuickDashStart","HollowMod:QuickDashStart","HollowMod:QuickDashStart","HollowMod:QuickDashStart","HollowMod:FocusHealStart","HollowMod:PogoStrike","HollowMod:AbyssShriek","HollowMod:SlysStrikes+1","HollowMod:WraithStrike","HollowMod:GrimmsGift","HollowMod:SharpenedNail","HollowMod:VengefulVoid","HollowMod:PerfectDash","Parasite","HollowMod:AwokenDreamNail","HollowMod:SharpenedShadows+1","HollowMod:CloakDash","HollowMod:CloakDash","HollowMod:Weaversong","HollowMod:RecoilStrike+1","HollowMod:LifebloodCore+1","HollowMod:DashSlash","HollowMod:DescendingDark","HollowMod:ShadowDash+1","HollowMod:MantisMark","HollowMod:DescendingDark","HollowMod:DreamGate+1","HollowMod:PerfectDash","HollowMod:WraithStrike","HollowMod:WraithStrike","HollowMod:DreamGate","HollowMod:VoidDash","HollowMod:ShadowDash"],"relics":["HollowMod:VesselMask","Pet Ghost","Question Card","Onion Ring","downfall:HeartBlessingRed","Ring of Chaos","Blue Doll"],"acts_visited":["Exordium","TheCity"],"potions_floor_usage":[8,16,16,21,26,31,33,33],"damage_taken":[{"damage":1,"enemies":"Jaw Worm","floor":2,"turns":3},{"damage":0,"enemies":"downfall:FleeingMerchant","floor":3,"turns":4},{"damage":64,"enemies":"Lagavulin Event","floor":4,"turns":7},{"damage":1,"enemies":"Cultist","floor":5,"turns":3},{"damage":17,"enemies":"Lagavulin","floor":8,"turns":6},{"damage":5,"enemies":"downfall:FleeingMerchant","floor":11,"turns":4},{"damage":0,"enemies":"2 Louse","floor":12,"turns":2},{"damage":17,"enemies":"2 Fungi Beasts","floor":13,"turns":3},{"damage":0,"enemies":"Large Slime","floor":14,"turns":3},{"damage":8,"enemies":"Red Slaver","floor":15,"turns":3},{"damage":41,"enemies":"DF_ARCHETYPE_STREAMLINE","floor":16,"turns":9},{"damage":23,"enemies":"downfall:LooterAlt2","floor":20,"turns":4},{"damage":3,"enemies":"Spheric Guardian","floor":21,"turns":3},{"damage":20,"enemies":"downfall:FleeingMerchant","floor":22,"turns":4},{"damage":26,"enemies":"Shelled Parasite and Fungi","floor":26,"turns":6},{"damage":0,"enemies":"downfall:FleeingMerchant","floor":27,"turns":4},{"damage":23,"enemies":"Snake Plant","floor":29,"turns":4},{"damage":3,"enemies":"Sentry and Sphere","floor":31,"turns":3},{"damage":1,"enemies":"Cultist and Chosen","floor":32,"turns":6},{"damage":31,"enemies":"SI_MIRROR_ARCHETYPE","floor":33,"turns":8}],"seed_played":"-7044317136126350199","potions_obtained":[{"floor":2,"key":"Toxic Potion"},{"floor":5,"key":"Flashbang"},{"floor":14,"key":"FearPotion"},{"floor":15,"key":"EssenceOfSteel"},{"floor":16,"key":"Fire Potion"},{"floor":19,"key":"CultistPotion"},{"floor":29,"key":"Fire Potion"},{"floor":31,"key":"Strength Potion"}],"is_trial":false,"path_per_floor":["R","M","$","?","M","R","T","E","?","R","$","M","M","M","M","B",null,"R","?","M","M","$","?","T","?","M","$","R","M","R","M","M","B"],"character_chosen":"THE_BUGKNIGHT","items_purchased":["HollowMod:WraithStrike","HollowMod:GrimmsGift","HollowMod:SharpenedShadows+1","Blue Doll","HollowMod:MantisMark","HollowMod:PerfectDash","HollowMod:WraithStrike"],"campfire_rested":3,"item_purchase_floors":[3,3,11,22,22,27,27],"current_hp_per_floor":[82,81,81,23,28,52,52,41,61,61,56,56,45,45,43,8,82,82,82,59,56,36,36,36,36,10,10,34,11,35,32,31,0,0],"gold":63,"neow_bonus":"TEN_PERCENT_HP_BONUS","is_daily":false,"chose_seed":false,"campfire_upgraded":2,"win_rate":0.0,"timestamp":1613826421,"path_taken":["R","M","$","?","M","R","T","E","?","R","?","?","M","M","M","BOSS","R","?","M","M","$","?","T","?","M","$","R","?","R","?","M","BOSS"],"items_purchased_type":["Card","Card","Card","Relic","Card","Card","Card"],"build_version":"2020-12-22","purchased_purges":0,"victory":false,"max_hp_per_floor":[82,82,82,82,82,82,82,82,82,82,82,82,82,82,82,82,82,82,82,82,82,82,82,82,82,82,82,82,82,82,82,82,82,82],"card_choices":[{"not_picked":["HollowMod:LifebloodCocoon","HollowMod:PureNailStrike"],"picked":"HollowMod:AbyssShriek","floor":2},{"not_picked":["HollowMod:LifebloodCocoon","HollowMod:HeavyBlow"],"picked":"HollowMod:SlysStrikes","floor":3},{"not_picked":["HollowMod:HeavyBlow","HollowMod:ChannelNail"],"picked":"HollowMod:SharpenedNail","floor":4},{"not_picked":["HollowMod:ChannelNail","HollowMod:SoulStrike"],"picked":"HollowMod:VengefulVoid","floor":5},{"not_picked":["HollowMod:DoubleDash","HollowMod:NewLittleFool","HollowMod:QuirrelsAssistance"],"picked":"HollowMod:PerfectDash","floor":8},{"not_picked":["HollowMod:DoubleDash","HollowMod:DashSlash","HollowMod:ShadowDash"],"picked":"HollowMod:AwokenDreamNail","floor":11},{"not_picked":["HollowMod:MantisMark","HollowMod:InfectedAttack","HollowMod:Grubsong"],"picked":"HollowMod:CloakDash","floor":12},{"not_picked":["HollowMod:SoulStrike","HollowMod:InfectionAssault","HollowMod:GoodIntentions"],"picked":"HollowMod:CloakDash","floor":13},{"not_picked":["HollowMod:CloakDash","HollowMod:HowlingWraiths","HollowMod:DreamGate"],"picked":"HollowMod:Weaversong","floor":14},{"not_picked":["HollowMod:SharpenedShadows","HollowMod:DungDefenderAura","HollowMod:ChannelNail"],"picked":"HollowMod:RecoilStrike","floor":15},{"not_picked":["HollowMod:HornetsHelp","HollowMod:SlysStrikes","HollowMod:AwokenDreamNail"],"picked":"HollowMod:LifebloodCore","floor":16},{"not_picked":["HollowMod:SoulVessel+1","HollowMod:NewLittleFool+1","HollowMod:DoubleDash"],"picked":"HollowMod:DashSlash","floor":20},{"not_picked":["HollowMod:DesolateDive","HollowMod:SharpenedShadows","HollowMod:ShapeofUnn"],"picked":"HollowMod:DescendingDark","floor":21},{"not_picked":["HollowMod:HowlingWraiths","HollowMod:CrystalDash+1","HollowMod:TaintedHusks"],"picked":"HollowMod:ShadowDash+1","floor":22},{"not_picked":["HollowMod:GreatSlash","HollowMod:PureNailStrike","HollowMod:HuntersJournal"],"picked":"HollowMod:DescendingDark","floor":26},{"not_picked":["HollowMod:SoulEater","HollowMod:InfectedAttack","HollowMod:CoiledNail"],"picked":"HollowMod:DreamGate+1","floor":27},{"not_picked":["HollowMod:ChannelNail","HollowMod:MawleksShell","HollowMod:GrimmsGift"],"picked":"HollowMod:DreamGate","floor":29},{"not_picked":["HollowMod:CoiledNail","HollowMod:SoulSplash+1","HollowMod:LifebloodCocoon"],"picked":"HollowMod:VoidDash","floor":31},{"not_picked":["HollowMod:SharpenedShadows","HollowMod:GreatSlash","HollowMod:InfectedCysts"],"picked":"HollowMod:ShadowDash","floor":32}],"player_experience":152915,"relics_obtained":[{"floor":7,"key":"Question Card"},{"floor":8,"key":"Onion Ring"}],"event_choices":[{"damage_healed":20,"gold_gain":0,"player_choice":"Healed and dodged fight","damage_taken":0,"max_hp_gain":0,"max_hp_loss":0,"event_name":"Mushrooms","floor":9,"gold_loss":0,"cards_obtained":["Parasite"]},{"damage_healed":0,"gold_gain":0,"player_choice":"Forge","damage_taken":0,"max_hp_gain":0,"max_hp_loss":0,"event_name":"Accursed Blacksmith","floor":25,"gold_loss":0,"cards_upgraded":["HollowMod:RecoilStrike"]}],"is_beta":false,"boss_relics":[{"not_picked":["Replay:Grab Bag","Cursed Key"],"picked":"Ring of Chaos"}],"items_purged_floors":[],"is_endless":false,"potions_floor_spawned":[2,5,14,15,16,29,31],"killed_by":"SI_MIRROR_ARCHETYPE","ascension_level":0}}