{"host":"l5xpox9cbdko122s","time":1613848012,"event":{"mods":["AchievementEnabler","BaseMod","Better Skull","Colored Map","Colored Powertips","Curses Come First","Displayed Cursed Tome","Hermit","Highlight Path","Minty Spire (QoL Compilation)","Quick Restart","Shop Mod","StSLib"],"gold_per_floor":[109,109,129,129,129,162,181,33,57,70,102,102,121,134,134,229,229,240,285,285,303,148,148,148,148,219,295,394,416,416,416],"floor_reached":30,"language":"ENG","playtime":1117,"items_purged":[],"score":288,"play_id":"a6cfc13f-7bcf-4fa4-910f-32dd13de2ea0","local_time":"20210220140652","is_ascension_mode":false,"campfire_choices":[{"floor":15,"key":"RECALL"},{"data":"Bash","floor":23,"key":"SMITH"}],"circlet_count":0,"master_deck":["Defend_R","Defend_R","Defend_R","Defend_R","Bash+1","Cleave+1","Bite","Bite","Bite","Bite","Bite","Inflame+1"],"relics":["Burning Blood","NeowsBlessing","Strawberry","Brimstone","CeramicFish","Black Star","MerchantsRug","Matryoshka","Toxic Egg 2","Frozen Egg 2"],"acts_visited":["Exordium","TheCity"],"potions_floor_usage":[11,16,16,16,21,29],"damage_taken":[{"damage":0,"enemies":"Small Slimes","floor":1,"turns":1},{"damage":0,"enemies":"2 Louse","floor":3,"turns":1},{"damage":0,"enemies":"Lagavulin","floor":6,"turns":1},{"damage":6,"enemies":"Jaw Worm","floor":7,"turns":4},{"damage":12,"enemies":"Lots of Slimes","floor":10,"turns":2},{"damage":16,"enemies":"Gremlin Nob","floor":11,"turns":3},{"damage":0,"enemies":"Large Slime","floor":13,"turns":3},{"damage":7,"enemies":"Exordium Wildlife","floor":14,"turns":2},{"damage":66,"enemies":"The Guardian","floor":16,"turns":8},{"damage":56,"enemies":"3 Byrds","floor":18,"turns":5},{"damage":5,"enemies":"Chosen","floor":21,"turns":4},{"damage":38,"enemies":"Snake Plant","floor":29,"turns":4},{"damage":68,"enemies":"Shelled Parasite and Fungi","floor":30,"turns":4}],"seed_played":"1544468596882977433","potions_obtained":[{"floor":10,"key":"CultistPotion"},{"floor":11,"key":"GamblersBrew"},{"floor":13,"key":"Regen Potion"},{"floor":14,"key":"Block Potion"},{"floor":18,"key":"Regen Potion"},{"floor":21,"key":"AttackPotion"}],"is_trial":false,"path_per_floor":["M","$","M","?","?","E","M","$","T","M","E","$","M","M","R","B",null,"M","?","?","M","$","R","$","?","T","T","?","M","M"],"character_chosen":"IRONCLAD","items_purchased":["Brimstone","MerchantsRug"],"campfire_rested":0,"item_purchase_floors":[8,22],"current_hp_per_floor":[80,80,80,85,85,92,92,92,92,86,76,76,82,81,81,35,92,42,42,42,64,64,64,64,64,64,64,64,40,0,0],"gold":416,"neow_bonus":"THREE_ENEMY_KILL","is_daily":false,"chose_seed":false,"campfire_upgraded":1,"win_rate":0.0,"timestamp":1613848012,"path_taken":["M","$","M","?","?","E","M","$","T","M","E","?","?","M","R","BOSS","M","?","?","M","?","R","$","?","T","?","?","M","M"],"items_purchased_type":["Relic","Relic"],"build_version":"2020-12-22","purchased_purges":0,"victory":false,"max_hp_per_floor":[80,80,80,85,85,92,92,92,92,92,92,92,92,92,92,92,92,92,64,64,64,64,64,64,64,64,64,64,64,64,64],"card_choices":[{"not_picked":["Warcry","Disarm","Battle Trance"],"picked":"SKIP","floor":1},{"not_picked":["Sword Boomerang","Demon Form"],"picked":"Cleave","floor":3},{"not_picked":["Combust","Shockwave","Sword Boomerang"],"picked":"SKIP","floor":6},{"not_picked":["Sword Boomerang","Warcry","Armaments"],"picked":"SKIP","floor":7},{"not_picked":["Warcry","Headbutt","Shrug It Off"],"picked":"SKIP","floor":10},{"not_picked":["Thunderclap","Pommel Strike","Havoc"],"picked":"SKIP","floor":11},{"not_picked":["Battle Trance","Perfected Strike","Bloodletting"],"picked":"SKIP","floor":13},{"not_picked":["Sentinel","Thunderclap","Dropkick"],"picked":"SKIP","floor":14},{"not_picked":["Anger","Shrug It Off","Headbutt"],"picked":"SKIP","floor":18},{"not_picked":["Armaments","Havoc+1","Second Wind"],"picked":"SKIP","floor":21},{"not_picked":["Sentinel+1","Disarm+1"],"picked":"Inflame+1","floor":29}],"player_experience":203018,"relics_obtained":[{"floor":6,"key":"Strawberry"},{"floor":11,"key":"CeramicFish"},{"floor":26,"key":"Matryoshka"},{"floor":27,"key":"Toxic Egg 2"},{"floor":27,"key":"Frozen Egg 2"}],"event_choices":[{"damage_healed":0,"gold_gain":0,"player_choice":"Donut","damage_taken":0,"max_hp_gain":5,"max_hp_loss":0,"event_name":"Big Fish","floor":4,"gold_loss":0},{"damage_healed":0,"gold_gain":0,"player_choice":"Grow","damage_taken":0,"max_hp_gain":0,"max_hp_loss":0,"event_name":"Living Wall","floor":5,"gold_loss":0,"cards_upgraded":["Cleave"]},{"damage_healed":0,"gold_gain":0,"player_choice":"Became a vampire","damage_taken":0,"max_hp_gain":0,"max_hp_loss":28,"event_name":"Vampires","floor":19,"gold_loss":0,"cards_obtained":["Bite","Bite","Bite","Bite","Bite"]},{"damage_healed":0,"gold_gain":0,"player_choice":"Ignored","damage_taken":0,"max_hp_gain":0,"max_hp_loss":0,"event_name":"Cursed Tome","floor":20,"gold_loss":0},{"damage_healed":0,"gold_gain":0,"player_choice":"Ignored","damage_taken":0,"max_hp_gain":0,"max_hp_loss":0,"event_name":"Beggar","floor":25,"gold_loss":0},{"damage_healed":0,"gold_gain":99,"player_choice":"Stole From Cult","damage_taken":0,"max_hp_gain":0,"max_hp_loss":0,"event_name":"Nest","floor":28,"gold_loss":0}],"is_beta":false,"boss_relics":[{"not_picked":["SacredBark","Velvet Choker"],"picked":"Black Star"}],"items_purged_floors":[],"is_endless":false,"potions_floor_spawned":[10,11,13,14,18,21],"killed_by":"Shelled Parasite and Fungi","ascension_level":0}}