{"host":"qgrlfjrqk9z96gfi","time":1613852985,"event":{"mods":["BaseMod","Block Reminder","Colored Map","Custom Start","DeckTracker","Minty Spire (QoL Compilation)"],"gold_per_floor":[365,376,346,364,195,195,220,234,234,234,266,328,275,50,50,124,124,101,191,210,210,222,222,222,222],"floor_reached":24,"language":"ENG","playtime":794,"items_purged":["Normality","Strike_G"],"score":508,"play_id":"2171f786-e6d6-4bea-a1cd-7cf817c56c6e","local_time":"20210220102945","is_ascension_mode":true,"campfire_choices":[{"data":"Eviscerate","floor":6,"key":"SMITH"},{"floor":10,"key":"REST"},{"data":"Noxious Fumes","floor":15,"key":"SMITH"},{"floor":23,"key":"REST"}],"circlet_count":0,"master_deck":["AscendersBane","Strike_G","Strike_G","Strike_G","Strike_G","Defend_G","Defend_G","Defend_G","Defend_G","Defend_G","Survivor","Neutralize","Dagger Spray","Eviscerate+1","Blade Dance","Noxious Fumes+1","Poisoned Stab","Masterful Stab","Footwork","Blade Dance","Terror","Footwork","After Image","PiercingWail","Dagger Throw+1"],"relics":["Ring of the Snake","Bag of Marbles","Ornamental Fan","FossilizedHelix","Runic Pyramid"],"acts_visited":["Exordium","TheCity"],"potions_floor_usage":[7,11,11,16,16,18,22],"damage_taken":[{"damage":1,"enemies":"Small Slimes","floor":1,"turns":5},{"damage":4,"enemies":"Cultist","floor":2,"turns":4},{"damage":2,"enemies":"Jaw Worm","floor":4,"turns":5},{"damage":27,"enemies":"Lagavulin","floor":7,"turns":5},{"damage":0,"enemies":"2 Fungi Beasts","floor":8,"turns":2},{"damage":11,"enemies":"3 Sentries","floor":11,"turns":6},{"damage":0,"enemies":"The Guardian","floor":16,"turns":8},{"damage":1,"enemies":"2 Thieves","floor":18,"turns":4},{"damage":0,"enemies":"Shell Parasite","floor":20,"turns":5},{"damage":1,"enemies":"Shelled Parasite and Fungi","floor":22,"turns":6},{"damage":64,"enemies":"Slavers","floor":24,"turns":6}],"seed_played":"-1134871247706089937","potions_obtained":[{"floor":3,"key":"Strength Potion"},{"floor":3,"key":"Poison Potion"},{"floor":8,"key":"EntropicBrew"},{"floor":16,"key":"CunningPotion"},{"floor":20,"key":"Block Potion"}],"is_trial":false,"path_per_floor":["M","M","?","M","$","R","E","M","T","R","E","?","$","$","R","B",null,"M","?","M","?","M","R","E"],"character_chosen":"THE_SILENT","items_purchased":["Noxious Fumes","Poisoned Stab","Blade Dance","Terror","Footwork"],"campfire_rested":2,"item_purchase_floors":[5,5,13,14,14],"current_hp_per_floor":[58,54,54,52,52,52,25,25,25,44,33,33,33,33,33,33,58,57,39,39,21,20,41,0,0],"gold":222,"neow_bonus":"TWO_FIFTY_GOLD","is_daily":false,"chose_seed":false,"campfire_upgraded":2,"win_rate":0.0,"timestamp":1613852985,"path_taken":["M","M","?","?","$","R","E","M","T","R","E","?","?","$","R","BOSS","M","?","?","?","M","R","E"],"items_purchased_type":["Card","Card","Card","Card","Card"],"build_version":"2020-12-22","purchased_purges":2,"victory":false,"max_hp_per_floor":[66,66,66,66,66,66,66,66,66,66,66,66,66,66,66,66,66,66,66,66,71,71,71,71,71],"card_choices":[{"not_picked":["Expertise","Choke"],"picked":"Dagger Spray","floor":1},{"not_picked":["Cloak And Dagger","Prepared"],"picked":"Eviscerate","floor":2},{"not_picked":["Backflip","Underhanded Strike"],"picked":"Blade Dance","floor":4},{"not_picked":["Poisoned Stab","Caltrops","Catalyst"],"picked":"SKIP","floor":7},{"not_picked":["Deflect","Deadly Poison"],"picked":"Masterful Stab","floor":8},{"not_picked":["Dagger Spray","Noxious Fumes"],"picked":"Footwork","floor":11},{"not_picked":["Corpse Explosion","Adrenaline"],"picked":"After Image","floor":16},{"not_picked":["Noxious Fumes","Poisoned Stab","Dagger Spray+1"],"picked":"SKIP","floor":18},{"not_picked":["Sucker Punch","Predator"],"picked":"PiercingWail","floor":20},{"not_picked":["Escape Plan","Distraction"],"picked":"Dagger Throw+1","floor":22}],"player_experience":1172677,"relics_obtained":[{"floor":7,"key":"Bag of Marbles"},{"floor":9,"key":"Ornamental Fan"},{"floor":11,"key":"FossilizedHelix"}],"event_choices":[{"damage_healed":0,"gold_gain":0,"player_choice":"Bought 2 Potions","damage_taken":0,"max_hp_gain":0,"max_hp_loss":0,"event_name":"The Woman in Blue","floor":3,"gold_loss":0},{"damage_healed":0,"gold_gain":62,"player_choice":"Gained Gold","damage_taken":0,"max_hp_gain":0,"max_hp_loss":0,"event_name":"Golden Wing","floor":12,"gold_loss":0},{"damage_healed":0,"gold_gain":90,"player_choice":"POTION GOLD ","damage_taken":18,"max_hp_gain":0,"max_hp_loss":0,"event_name":"Knowing Skull","floor":19,"potions_obtained":["FairyPotion"],"gold_loss":0,"cards_obtained":[]},{"damage_healed":0,"gold_gain":0,"player_choice":"Shed Blood","damage_taken":23,"max_hp_gain":5,"max_hp_loss":0,"event_name":"Forgotten Altar","floor":21,"gold_loss":0}],"is_beta":false,"boss_relics":[{"not_picked":["Ring of the Serpent","Calling Bell"],"picked":"Runic Pyramid"}],"items_purged_floors":[5,14],"is_endless":false,"potions_floor_spawned":[4,8,16,20],"killed_by":"Slavers","ascension_level":20}}