{"host":"szp1d6dso4pv7ddl","time":1613844675,"event":{"mods":["AchievementEnabler","Alarm Clock","BaseMod","Bestiary","Block Reminder","Colored Map","Colored Powertips","Curses Come First","Dark Map","Displayed Cursed Tome","Highlight Path","Minty Spire (QoL Compilation)","Permanent Neow","Quick Restart","Relic Sorter","Relic Stats","StSLib","Synergy Search"],"gold_per_floor":[114,114,126,142,54,54,80,80,80,100,133,157,170,190,190,262,262,274,274,288,301,301,301,313,313,313,313,341,341,355,381,381,453,453,472,472,472,472],"floor_reached":37,"language":"ENG","playtime":1580,"items_purged":[],"score":891,"play_id":"044549e9-1927-43c3-ab47-287d43753c2a","local_time":"20210220101115","is_ascension_mode":true,"campfire_choices":[{"data":"Blood for Blood","floor":6.0,"key":"SMITH"},{"data":"Flame Barrier","floor":8.0,"key":"SMITH"},{"floor":15.0,"key":"REST"},{"data":"Demon Form","floor":23.0,"key":"SMITH"},{"floor":25.0,"key":"REST"},{"data":"Uppercut","floor":27.0,"key":"SMITH"},{"data":"Perfected Strike","floor":29.0,"key":"SMITH"},{"floor":32.0,"key":"REST"}],"circlet_count":0,"master_deck":["AscendersBane","Strike_R","Strike_R","Strike_R","Defend_R","Defend_R","Defend_R","Bash","Clothesline","Perfected Strike+1","Entrench","Blood for Blood+1","Shrug It Off","Flame Barrier+1","Carnage","Uppercut+1","Twin Strike","Perfected Strike","Demon Form+1","Disarm","Corruption","Blood for Blood","Juggernaut","True Grit+1","Immolate"],"relics":["Snecko Eye","Bottled Flame","Pantograph","Vajra","Dream Catcher","SlaversCollar","Mango","PreservedInsect","Strawberry","Regal Pillow","Empty Cage"],"acts_visited":["Exordium","TheCity","TheBeyond"],"potions_floor_usage":[37,37],"damage_taken":[{"damage":7.0,"enemies":"Small Slimes","floor":1.0,"turns":3.0},{"damage":0.0,"enemies":"Cultist","floor":3.0,"turns":2.0},{"damage":0.0,"enemies":"2 Louse","floor":4.0,"turns":2.0},{"damage":17.0,"enemies":"3 Sentries","floor":7.0,"turns":5.0},{"damage":1.0,"enemies":"Lots of Slimes","floor":10.0,"turns":3.0},{"damage":8.0,"enemies":"Gremlin Nob","floor":11.0,"turns":3.0},{"damage":0.0,"enemies":"2 Fungi Beasts","floor":13.0,"turns":2.0},{"damage":12.0,"enemies":"3 Louse","floor":14.0,"turns":2.0},{"damage":16.0,"enemies":"Hexaghost","floor":16.0,"turns":5.0},{"damage":23.0,"enemies":"3 Byrds","floor":18.0,"turns":4.0},{"damage":0.0,"enemies":"Shell Parasite","floor":20.0,"turns":1.0},{"damage":25.0,"enemies":"Snake Plant","floor":21.0,"turns":4.0},{"damage":7.0,"enemies":"Snecko","floor":24.0,"turns":5.0},{"damage":0.0,"enemies":"Book of Stabbing","floor":28.0,"turns":3.0},{"damage":0.0,"enemies":"Sentry and Sphere","floor":30.0,"turns":3.0},{"damage":43.0,"enemies":"Gremlin Leader","floor":31.0,"turns":5.0},{"damage":38.0,"enemies":"Automaton","floor":33.0,"turns":6.0},{"damage":7.0,"enemies":"3 Shapes","floor":35.0,"turns":10.0},{"damage":96,"enemies":"Donu and Deca","floor":37,"turns":8}],"seed_played":"-5841896742091804322","potions_obtained":[{"floor":3.0,"key":"AttackPotion"},{"floor":10.0,"key":"Ancient Potion"},{"floor":16.0,"key":"SteroidPotion"},{"floor":21.0,"key":"EssenceOfSteel"},{"floor":24.0,"key":"Fire Potion"},{"floor":31.0,"key":"DistilledChaos"},{"floor":35.0,"key":"Ancient Potion"}],"is_trial":false,"path_per_floor":["M","?","M","M","$","R","E","R","T","M","E","T","M","M","R","B",null,"M","?","M","M","?","R","M","R","T","R","E","R","M","E","R","B",null,"M","?","B"],"character_chosen":"IRONCLAD","items_purchased":["Blood for Blood","Shrug It Off"],"campfire_rested":3,"item_purchase_floors":[5,5],"current_hp_per_floor":[61,61,61,61,61,61,44,44,44,43,35,35,35,23,45,54,70,47,61,61,36,36,36,29,55,55,55,62,62,62,19,62,49,84,77,77,0,0],"gold":472,"neow_bonus":"BOSS_RELIC","is_daily":false,"chose_seed":false,"campfire_upgraded":5,"win_rate":0.0,"timestamp":1613844675,"path_taken":["M","?","M","?","$","R","E","R","T","M","E","?","?","M","R","BOSS","M","?","M","?","?","R","M","R","T","R","E","R","M","E","R","BOSS","M","?","BOSS"],"items_purchased_type":["Card","Card"],"build_version":"2020-12-22","purchased_purges":0,"victory":false,"max_hp_per_floor":[75,75,75,75,75,75,75,75,75,75,75,75,75,75,75,75,75,75,89,89,89,89,89,89,89,89,89,96,96,96,96,96,96,96,96,96,96,96],"relic_stats":{"Dream Catcher":3,"Regal Pillow":15,"counters":[19,76],"Pantograph":69,"Snecko Eye":[115,136,119,142],"PreservedInsect":91,"obtain_stats":[{"SlaversCollar":17,"Bottled Flame":7,"Dream Catcher":12,"Regal Pillow":31,"Pantograph":9,"Strawberry":28,"Snecko Eye":0,"Vajra":11,"Mango":19,"PreservedInsect":26,"Empty Cage":34,"Burning Blood":0},{"SlaversCollar":9,"Bottled Flame":4,"Dream Catcher":6,"Regal Pillow":16,"Pantograph":4,"Strawberry":14,"Snecko Eye":0,"Vajra":6,"Mango":10,"PreservedInsect":13,"Empty Cage":17,"Burning Blood":0},{"SlaversCollar":27,"Bottled Flame":12,"Dream Catcher":18,"Regal Pillow":52,"Pantograph":12,"Strawberry":44,"Snecko Eye":0,"Vajra":18,"Mango":31,"PreservedInsect":41,"Empty Cage":58,"Burning Blood":0}]},"card_choices":[{"not_picked":["Havoc","True Grit"],"picked":"Clothesline","floor":1.0},{"not_picked":["Iron Wave","Ghostly Armor"],"picked":"Perfected Strike","floor":3.0},{"not_picked":["Metallicize","Sword Boomerang"],"picked":"Entrench","floor":4.0},{"not_picked":["Carnage","Warcry"],"picked":"Flame Barrier","floor":7.0},{"not_picked":["Dual Wield","Headbutt"],"picked":"Carnage","floor":10.0},{"not_picked":["Clash","Carnage"],"picked":"Uppercut","floor":11.0},{"not_picked":["Thunderclap","Feel No Pain"],"picked":"Twin Strike","floor":13.0},{"not_picked":["Rupture","Rage","Clash"],"picked":"SKIP","floor":14.0},{"not_picked":["Combust","Body Slam"],"picked":"Perfected Strike","floor":15.0},{"not_picked":["Barricade","Impervious"],"picked":"Demon Form","floor":16.0},{"not_picked":["Armaments","Pommel Strike"],"picked":"Disarm","floor":18.0},{"not_picked":["Clash","Cleave","Warcry"],"picked":"SKIP","floor":20.0},{"not_picked":["Flame Barrier","Inflame"],"picked":"Corruption","floor":21.0},{"not_picked":["Wild Strike","Thunderclap","Body Slam"],"picked":"SKIP","floor":24.0},{"not_picked":["Pommel Strike","Body Slam"],"picked":"Blood for Blood","floor":25.0},{"not_picked":["Infernal Blade+1","Wild Strike","Rampage"],"picked":"SKIP","floor":28.0},{"not_picked":["Rupture","Flex","Dropkick"],"picked":"SKIP","floor":30.0},{"not_picked":["Power Through","Entrench"],"picked":"Juggernaut","floor":31.0},{"not_picked":["Iron Wave","Rampage"],"picked":"True Grit+1","floor":32.0},{"not_picked":["Brutality","Corruption"],"picked":"Immolate","floor":33.0},{"not_picked":["Perfected Strike+1","Pommel Strike","Combust"],"picked":"SKIP","floor":35.0}],"player_experience":1607360,"relics_obtained":[{"floor":7.0,"key":"Bottled Flame"},{"floor":9.0,"key":"Pantograph"},{"floor":11.0,"key":"Vajra"},{"floor":12.0,"key":"Dream Catcher"},{"floor":26.0,"key":"PreservedInsect"},{"floor":28.0,"key":"Strawberry"},{"floor":31.0,"key":"Regal Pillow"}],"event_choices":[{"cards_removed":["Defend_R"],"damage_healed":0.0,"max_hp_gain":0.0,"max_hp_loss":0.0,"gold_gain":0.0,"event_name":"Bonfire Elementals","player_choice":"Offered Basic","floor":2.0,"gold_loss":0.0,"damage_taken":0.0},{"damage_healed":0.0,"max_hp_gain":0.0,"max_hp_loss":0.0,"gold_gain":0.0,"event_name":"WeMeetAgain","player_choice":"Gave Potion","floor":19.0,"gold_loss":0.0,"damage_taken":0.0,"relics_obtained":["Mango"]},{"damage_healed":0.0,"max_hp_gain":0.0,"max_hp_loss":0.0,"gold_gain":0.0,"event_name":"Ghosts","player_choice":"Ignored","floor":22.0,"gold_loss":0.0,"damage_taken":0.0},{"damage_healed":0.0,"max_hp_gain":0.0,"max_hp_loss":0.0,"gold_gain":0.0,"event_name":"SecretPortal","player_choice":"Took Portal","floor":36.0,"gold_loss":0.0,"damage_taken":0.0}],"is_beta":false,"boss_relics":[{"not_picked":["Velvet Choker","Runic Pyramid"],"picked":"SlaversCollar"},{"not_picked":["Mark of Pain","Tiny House"],"picked":"Empty Cage"}],"items_purged_floors":[],"is_endless":false,"potions_floor_spawned":[3,10,16,21,24,31,35],"killed_by":"Donu and Deca","ascension_level":19}}