{"host":"y9t3brv5y5t41vuj","time":1613848559,"event":{"mods":["AchievementEnabler","BaseMod","BetterRewards","Block Reminder","Colored Map","Colored Powertips","Conspire","Highlight Path","Hubris","Infinite Spire","Minty Spire (QoL Compilation)","Quick Restart","Replay The Spire","Shop Mod","StSLib","SuperFastMode","Unceasing Turn Reminder"],"gold_per_floor":[113,113,125,25,25,60,60,76,103,115,142,166,178,218,230,342,354,385,397,324,349,373,385,417,441,453,465,496,518,560,171,171,273,273,288,304,55,74,89,89,145,145,219,236,252,267,267,301,301,301],"floor_reached":51,"language":"ENG","playtime":1063,"items_purged":["Strike_R","Strike_R","Strike_R"],"score":1038,"play_id":"b7219704-5b67-41ff-b809-d8d8d78e7650","local_time":"20210220201559","is_ascension_mode":false,"campfire_choices":[{"data":"Heavy Blade","floor":10,"key":"SMITH"},{"data":"Replay:Undeath\u0027s Touch","floor":13,"key":"SMITH"},{"data":"Shrug It Off","floor":15,"key":"SMITH"},{"data":"infinitespire:Gouge","floor":23,"key":"SMITH"},{"data":"Strike_R","floor":27,"key":"PURGE"},{"floor":32,"key":"REST"},{"data":"Defend_R","floor":40,"key":"PURGE"},{"data":"Metallicize","floor":42,"key":"SMITH"},{"floor":49,"key":"REST"}],"circlet_count":0,"master_deck":["Strike_R+1","Defend_R","Defend_R","Defend_R","Bash","Sword Boomerang+1","Inflame","Heavy Blade+1","Iron Wave+1","Battle Trance","Iron Wave+1","Replay:Undeath\u0027s Touch+1","Shrug It Off+1","infinitespire:Gouge+1","Spot Weakness","Rage","Body Slam+1","Heavy Blade","Armaments+1","Metallicize+1","Metallicize"],"relics":["Burning Blood","MerchantsRug","Mirror","infinitespire:EmpoweringShard","hubris:Towel","Blue Doll","King of Hearts","Peace Pipe","Ornamental Fan","hubris:SphereOfDissonance","Tiny Chest","Philosopher\u0027s Stone","Singing Bowl","Replay:Rubber Ducky","Paper Frog","Whetstone"],"acts_visited":["Exordium","TheCity","TheBeyond"],"potions_floor_usage":[6,14,16,22,30],"damage_taken":[{"damage":8,"enemies":"Small Slimes","floor":1,"turns":2},{"damage":0,"enemies":"Cultist","floor":3,"turns":3},{"damage":17,"enemies":"3 Sentries","floor":6,"turns":7},{"damage":1,"enemies":"Jaw Worm","floor":8,"turns":2},{"damage":0,"enemies":"Looter","floor":11,"turns":2},{"damage":4,"enemies":"2 Fungi Beasts","floor":12,"turns":3},{"damage":26,"enemies":"Replay:BlueRogue","floor":14,"turns":4},{"damage":9,"enemies":"Hexaghost","floor":16,"turns":5},{"damage":0,"enemies":"Spheric Guardian","floor":18,"turns":2},{"damage":11,"enemies":"2 Thieves","floor":21,"turns":4},{"damage":10,"enemies":"Snecko","floor":22,"turns":3},{"damage":9,"enemies":"Centurion and Healer","floor":24,"turns":3},{"damage":16,"enemies":"Snake Plant","floor":25,"turns":2},{"damage":19,"enemies":"Shelled Parasite and Fungi","floor":28,"turns":4},{"damage":14,"enemies":"Sentry and Sphere","floor":29,"turns":4},{"damage":0,"enemies":"Book of Stabbing","floor":30,"turns":2},{"damage":46,"enemies":"Champ","floor":33,"turns":7},{"damage":4,"enemies":"3 Shapes","floor":35,"turns":3},{"damage":0,"enemies":"Orb Walker","floor":36,"turns":2},{"damage":21,"enemies":"Jaw Worm Horde","floor":38,"turns":3},{"damage":0,"enemies":"Transient","floor":39,"turns":5},{"damage":6,"enemies":"Sphere and 2 Shapes","floor":44,"turns":3},{"damage":7,"enemies":"Maw","floor":45,"turns":5},{"damage":0,"enemies":"Jaw Worm Horde","floor":46,"turns":2},{"damage":0,"enemies":"R_Hoarder","floor":48,"turns":6},{"damage":33,"enemies":"hubris:GrandSnecko","floor":50,"turns":9}],"seed_played":"2101692790002216441","potions_obtained":[{"floor":3,"key":"SteroidPotion"},{"floor":8,"key":"LiquidBronze"},{"floor":12,"key":"Ancient Potion"},{"floor":14,"key":"Strength Potion"},{"floor":16,"key":"FairyPotion"},{"floor":18,"key":"FearPotion"},{"floor":25,"key":"DistilledChaos"},{"floor":33,"key":"LiquidBronze"},{"floor":35,"key":"Block Potion"}],"is_trial":false,"path_per_floor":["M","?","M","$","T","E","?","M","T","R","M","M","R","E","R_BF","B",null,"M","?","?","M","M","R","M","M","T","R","M","M","E","$","R","B",null,"M","M","$","M","M","R","?","R","T","M","M","M","?","E","R","B",null],"character_chosen":"IRONCLAD","items_purchased":["MerchantsRug","Sword Boomerang","Guide Book","Inflame","Heavy Blade","hubris:SphereOfDissonance","Tiny Chest","Heavy Blade","Weak Potion","Singing Bowl"],"campfire_rested":2,"item_purchase_floors":[0,0,0,0,0,31,31,31,31,37],"current_hp_per_floor":[53,53,59,59,59,48,48,53,53,53,59,61,61,41,41,38,80,80,60,60,55,51,51,48,38,38,38,25,17,23,23,47,7,80,80,80,80,67,75,75,42,42,42,44,43,51,53,61,88,61],"gold":301,"neow_bonus":"","is_daily":false,"chose_seed":false,"campfire_upgraded":5,"win_rate":0.0,"timestamp":1613848559,"path_taken":["M","?","M","$","?","E","?","M","T","R","M","M","R","E","R_BF","BOSS","M","?","?","M","M","R","M","M","T","R","M","M","E","$","R","BOSS","M","M","$","M","M","R","?","R","T","?","M","M","?","E","R","BOSS"],"items_purchased_type":["Relic","Card","Relic","Card","Card","Relic","Relic","Card","Potion","Relic"],"build_version":"2020-12-22","purchased_purges":3,"victory":true,"max_hp_per_floor":[80,80,80,80,80,80,80,80,80,80,80,80,80,80,80,80,80,80,80,80,80,80,80,80,80,80,80,80,80,80,80,80,80,80,80,80,80,82,84,84,84,84,84,86,86,88,90,92,92,92],"card_choices":[{"not_picked":["Body Slam","Flex"],"picked":"Iron Wave","floor":1},{"not_picked":["ReplayTheSpireMod:Strike From Hell","Thunderclap","Seeing Red"],"picked":"SKIP","floor":3},{"not_picked":["Clothesline","ReplayReversal"],"picked":"Battle Trance","floor":6},{"not_picked":["Disarm","True Grit"],"picked":"Iron Wave","floor":8},{"not_picked":["Fire Breathing","Clothesline","Anger"],"picked":"SKIP","floor":11},{"not_picked":["Run Through","infinitespire:OneForAll"],"picked":"Replay:Undeath\u0027s Touch","floor":12},{"not_picked":["Havoc","hubris:ReadiedAction"],"picked":"Shrug It Off","floor":14},{"not_picked":["Carnage+1","True Grit+1","ReplayTheSpireMod:Stacked+1"],"picked":"SKIP","floor":18},{"not_picked":["ReplayTheSpireMod:Echoes of Time","Replay:Fractal Strike"],"picked":"infinitespire:Gouge","floor":19},{"not_picked":["ReplayTheSpireMod:Corrosion Curse+1","ReplayTheSpireMod:Strike From Hell"],"picked":"Spot Weakness","floor":21},{"not_picked":["Headbutt+1","Clothesline","Pommel Strike+1"],"picked":"SKIP","floor":22},{"not_picked":["Flex","Clash","infinitespire:OneForAll"],"picked":"SKIP","floor":24},{"not_picked":["Fire Breathing","Havoc","ReplayReversal"],"picked":"SKIP","floor":25},{"not_picked":["Wild Strike","Anger"],"picked":"Rage","floor":28},{"not_picked":["Ghostly Armor","Massacre"],"picked":"Body Slam+1","floor":29},{"not_picked":["Fiend Fire","Bloodletting","Pommel Strike"],"picked":"SKIP","floor":30},{"not_picked":["Ghostly Armor+1","Sever Soul+1","Wild Strike+1"],"picked":"SKIP","floor":35},{"not_picked":["Twin Strike","Heavy Blade+1"],"picked":"Armaments+1","floor":36},{"not_picked":["Juggernaut","Abandon+1","Sword Boomerang"],"picked":"Singing Bowl","floor":38},{"not_picked":["Pommel Strike","Intimidate+1","Armaments+1"],"picked":"Singing Bowl","floor":39},{"not_picked":["Havoc+1","Perfected Strike+1"],"picked":"Metallicize","floor":41},{"not_picked":["ReplayTheSpireMod:Strike From Hell+1","Abandon+1","Pommel Strike"],"picked":"Singing Bowl","floor":44},{"not_picked":["ReplayTheSpireMod:Strike From Hell","Disarm+1"],"picked":"Metallicize","floor":45},{"not_picked":["Clothesline","Replay:Undeath\u0027s Touch+1","Shrug It Off"],"picked":"Singing Bowl","floor":46},{"not_picked":["Discovery","Deep Breath","Good Instincts"],"picked":"Singing Bowl","floor":47},{"not_picked":["Run Through","ReplayTheSpireMod:Strike From Hell+1","Life Link"],"picked":"Singing Bowl","floor":48}],"player_experience":540087,"relics_obtained":[{"floor":5,"key":"Mirror"},{"floor":6,"key":"infinitespire:EmpoweringShard"},{"floor":9,"key":"MawBank"},{"floor":14,"key":"Blue Doll"},{"floor":26,"key":"Peace Pipe"},{"floor":30,"key":"Ornamental Fan"},{"floor":41,"key":"Replay:Rubber Ducky"},{"floor":43,"key":"Paper Frog"},{"floor":48,"key":"Whetstone"}],"event_choices":[{"damage_healed":0,"gold_gain":0,"player_choice":"Ignored","damage_taken":0,"max_hp_gain":0,"max_hp_loss":0,"event_name":"NoteForYourself","floor":2,"gold_loss":0},{"damage_healed":0,"gold_gain":0,"player_choice":"Obtained Relic","damage_taken":0,"relics_obtained":["King of Hearts"],"max_hp_gain":0,"max_hp_loss":0,"event_name":"Addict","floor":20,"gold_loss":85},{"damage_healed":0,"gold_gain":0,"player_choice":"Memory 1","damage_taken":0,"max_hp_gain":0,"max_hp_loss":0,"event_name":"SensoryStone","floor":47,"gold_loss":0}],"is_beta":false,"boss_relics":[{"not_picked":["hubris:HollowSoul","hubris:TerracottaHorce"],"picked":"hubris:Stopwatch"},{"not_picked":["hubris:BlackHole","Cursed Key"],"picked":"Philosopher\u0027s Stone"}],"items_purged_floors":[0,4,31],"is_endless":false,"potions_floor_spawned":[3,8,12,14,16,18,25,28,33,35,39,45],"ascension_level":0}}