{"host":"7fvko3k8nkm2ff8d","time":1613837324,"event":{"mods":["BaseMod","Minty Spire (QoL Compilation)","StSLib"],"gold_per_floor":[110,110,110,19,19,50,75,75,75,111,111,150,150,186,186,276,276,289,308,327,277,302,302,321,354,354,133,146,161,197,197,197,286,286,300,300,323,323,106,145,145,169,169,210,210,246,265,23,23,23,23],"floor_reached":50,"language":"ENG","playtime":3520,"items_purged":["Strike_G","Strike_G","Strike_G"],"score":1347,"play_id":"e76c6268-b377-4450-8118-25ad091fabba","local_time":"20210220110844","is_ascension_mode":true,"campfire_choices":[{"floor":8.0,"key":"REST"},{"floor":11.0,"key":"REST"},{"floor":13.0,"key":"REST"},{"data":"Footwork","floor":15.0,"key":"SMITH"},{"data":"Backstab","floor":23.0,"key":"SMITH"},{"data":"Ghostly","floor":32.0,"key":"SMITH"},{"data":"Well Laid Plans","floor":41.0,"key":"SMITH"},{"data":"Catalyst","floor":45,"key":"SMITH"},{"data":"Bouncing Flask","floor":49,"key":"SMITH"}],"circlet_count":0,"master_deck":["AscendersBane","Strike_G","Strike_G+1","Defend_G","Defend_G","Defend_G","Defend_G+1","Defend_G+1","Survivor","Neutralize+1","Dagger Spray+1","Finesse","All Out Attack+1","Backstab+1","Leg Sweep","Bouncing Flask+1","Dagger Spray","Footwork+1","Crippling Poison","Masterful Stab","Phantasmal Killer","Outmaneuver","Prepared+1","Backflip","Well Laid Plans+1","Malaise","Backflip+1","Predator","Ghostly","Ghostly","Ghostly+1","Glass Knife","Terror","Catalyst+1","Thinking Ahead","Acrobatics+1","Crippling Poison+1","Catalyst","Noxious Fumes"],"relics":["Ring of the Snake","NeowsBlessing","Golden Idol","Dream Catcher","Paper Crane","Smiling Mask","Centennial Puzzle","Meat on the Bone","Cursed Key","Strawberry","Blood Vial","Whetstone","Coffee Dripper","PreservedInsect","Art of War","Omamori","Bottled Flame","War Paint"],"acts_visited":["Exordium","TheCity","TheBeyond"],"potions_floor_usage":[44,44],"damage_taken":[{"damage":0.0,"enemies":"Small Slimes","floor":1.0,"turns":1.0},{"damage":0.0,"enemies":"3 Sentries","floor":6.0,"turns":2.0},{"damage":0.0,"enemies":"Jaw Worm","floor":7.0,"turns":1.0},{"damage":16.0,"enemies":"Lagavulin","floor":10.0,"turns":9.0},{"damage":32.0,"enemies":"Gremlin Nob","floor":12.0,"turns":4.0},{"damage":4.0,"enemies":"3 Sentries","floor":14.0,"turns":5.0},{"damage":6.0,"enemies":"The Guardian","floor":16.0,"turns":14.0},{"damage":7.0,"enemies":"Shell Parasite","floor":18.0,"turns":4.0},{"damage":11.0,"enemies":"2 Thieves","floor":19.0,"turns":3.0},{"damage":0.0,"enemies":"3 Cultists","floor":20.0,"turns":6.0},{"damage":8.0,"enemies":"Cultist and Chosen","floor":22.0,"turns":6.0},{"damage":13.0,"enemies":"Centurion and Healer","floor":24.0,"turns":8.0},{"damage":0.0,"enemies":"Gremlin Leader","floor":25.0,"turns":8.0},{"damage":22.0,"enemies":"Sentry and Sphere","floor":28.0,"turns":7.0},{"damage":21.0,"enemies":"Shelled Parasite and Fungi","floor":29.0,"turns":7.0},{"damage":0.0,"enemies":"Book of Stabbing","floor":30.0,"turns":6.0},{"damage":22.0,"enemies":"Champ","floor":33.0,"turns":15.0},{"damage":0.0,"enemies":"3 Darklings","floor":35.0,"turns":4.0},{"damage":2.0,"enemies":"Orb Walker","floor":37.0,"turns":4.0},{"damage":3.0,"enemies":"Nemesis","floor":40.0,"turns":7.0},{"damage":5.0,"enemies":"Writhing Mass","floor":42.0,"turns":9.0},{"damage":0,"enemies":"Reptomancer","floor":44,"turns":5},{"damage":2,"enemies":"Giant Head","floor":46,"turns":7},{"damage":2,"enemies":"Spire Growth","floor":47,"turns":6},{"damage":44,"enemies":"Donu and Deca","floor":50,"turns":7}],"seed_played":"-6718671818132761413","potions_obtained":[{"floor":6.0,"key":"Energy Potion"},{"floor":12.0,"key":"Dexterity Potion"},{"floor":16.0,"key":"Fire Potion"},{"floor":18.0,"key":"Energy Potion"},{"floor":20.0,"key":"Strength Potion"},{"floor":25.0,"key":"LiquidBronze"},{"floor":30.0,"key":"ColorlessPotion"},{"floor":37.0,"key":"PowerPotion"},{"floor":40.0,"key":"LiquidMemories"},{"floor":42.0,"key":"ColorlessPotion"}],"is_trial":false,"path_per_floor":["M","?","?","$","?","E","M","R","T","E","R","E","R","E","R","B",null,"M","M","M","$","M","R","M","E","T","$","M","M","E","?","R","B",null,"M","?","M","?","$","E","R","M","T","E","R","E","M","$","R","B"],"character_chosen":"THE_SILENT","items_purchased":["Finesse","Blood Vial","PreservedInsect","Noxious Fumes","War Paint"],"campfire_rested":3,"item_purchase_floors":[4,27,39,48,48],"current_hp_per_floor":[59,36,16,16,16,16,16,35,35,19,38,6,25,21,21,27,56,49,38,38,38,42,42,41,48,48,48,40,33,47,36,36,26,34,36,36,34,34,34,33,33,30,30,32,32,32,32,32,32,0,0],"gold":23,"neow_bonus":"THREE_ENEMY_KILL","is_daily":false,"chose_seed":false,"campfire_upgraded":6,"win_rate":0.0,"timestamp":1613837324,"path_taken":["M","?","?","?","?","E","M","R","T","E","R","E","R","E","R","BOSS","M","M","?","$","M","R","M","E","T","?","M","M","E","?","R","BOSS","M","?","?","?","$","E","R","M","T","E","R","E","M","$","R","BOSS"],"items_purchased_type":["Card","Relic","Relic","Card","Relic"],"build_version":"2020-12-22","purchased_purges":3,"victory":false,"max_hp_per_floor":[66,66,66,66,66,66,66,66,66,66,66,66,66,66,66,66,66,66,66,66,66,66,66,66,73,73,73,73,73,73,36,36,36,36,36,36,36,36,36,36,36,36,36,36,36,36,36,36,36,36,36],"card_choices":[{"not_picked":["Quick Slash","Acrobatics"],"picked":"Dagger Spray","floor":1.0},{"not_picked":["Underhanded Strike","Flechettes"],"picked":"All Out Attack","floor":6.0},{"not_picked":["Setup","Bouncing Flask"],"picked":"Backstab","floor":7.0},{"not_picked":["Poisoned Stab","Backflip"],"picked":"Leg Sweep","floor":8.0},{"not_picked":["Dodge and Roll","Flying Knee"],"picked":"Bouncing Flask","floor":10.0},{"not_picked":["Deadly Poison","Skewer"],"picked":"Dagger Spray","floor":11.0},{"not_picked":["Acrobatics","Prepared"],"picked":"Footwork","floor":12.0},{"not_picked":["Backflip","Endless Agony"],"picked":"Crippling Poison","floor":13.0},{"not_picked":["Outmaneuver","Envenom"],"picked":"Masterful Stab","floor":14.0},{"not_picked":["Burst","Malaise"],"picked":"Phantasmal Killer","floor":16.0},{"not_picked":["Underhanded Strike+1","PiercingWail"],"picked":"Outmaneuver","floor":18.0},{"not_picked":["Flying Knee","Bane"],"picked":"Prepared+1","floor":19.0},{"not_picked":["Eviscerate+1","Poisoned Stab","Flechettes"],"picked":"SKIP","floor":20.0},{"not_picked":["Underhanded Strike","Leg Sweep","Dagger Throw"],"picked":"SKIP","floor":22.0},{"not_picked":["Heel Hook","Bane"],"picked":"Backflip","floor":24.0},{"not_picked":["Tactician","Concentrate"],"picked":"Well Laid Plans","floor":25.0},{"not_picked":["Sucker Punch","Deadly Poison"],"picked":"Malaise","floor":28.0},{"not_picked":["Well Laid Plans","Quick Slash"],"picked":"Backflip+1","floor":29.0},{"not_picked":["Caltrops","Endless Agony"],"picked":"Predator","floor":30.0},{"not_picked":["Malaise","Corpse Explosion"],"picked":"Glass Knife","floor":33.0},{"not_picked":["Poisoned Stab+1","Sucker Punch"],"picked":"Terror","floor":35.0},{"not_picked":["Predator","Well Laid Plans"],"picked":"Catalyst","floor":37.0},{"not_picked":["Mayhem","Enlightenment"],"picked":"Thinking Ahead","floor":38.0},{"not_picked":["Flying Knee","Backflip+1"],"picked":"Acrobatics+1","floor":40.0},{"not_picked":["Deadly Poison","Dagger Spray+1","Acrobatics"],"picked":"SKIP","floor":42.0},{"not_picked":["Flechettes","Dagger Throw","Cloak And Dagger"],"picked":"SKIP","floor":44},{"not_picked":["Quick Slash","Dagger Spray"],"picked":"Crippling Poison","floor":46},{"not_picked":["Dagger Spray","Eviscerate+1"],"picked":"Catalyst","floor":47}],"player_experience":684812,"relics_obtained":[{"floor":6.0,"key":"Dream Catcher"},{"floor":9.0,"key":"Paper Crane"},{"floor":10.0,"key":"Smiling Mask"},{"floor":12.0,"key":"Centennial Puzzle"},{"floor":14.0,"key":"Meat on the Bone"},{"floor":25.0,"key":"Strawberry"},{"floor":30.0,"key":"Whetstone"},{"floor":40.0,"key":"Art of War"},{"floor":44,"key":"Omamori"},{"floor":46,"key":"Bottled Flame"}],"event_choices":[{"damage_healed":0.0,"max_hp_gain":0.0,"max_hp_loss":0.0,"gold_gain":0.0,"event_name":"Golden Idol","player_choice":"Take Damage","floor":2.0,"gold_loss":0.0,"damage_taken":23.0,"relics_obtained":["Golden Idol"]},{"damage_healed":0.0,"max_hp_gain":0.0,"max_hp_loss":0.0,"gold_gain":0.0,"event_name":"Shining Light","player_choice":"Entered Light","floor":3.0,"gold_loss":0.0,"damage_taken":20.0,"cards_upgraded":["Defend_G","Strike_G"]},{"damage_healed":0.0,"max_hp_gain":0.0,"max_hp_loss":0.0,"gold_gain":0.0,"event_name":"Upgrade Shrine","player_choice":"Upgraded","floor":5.0,"gold_loss":0.0,"damage_taken":0.0,"cards_upgraded":["Dagger Spray"]},{"damage_healed":0.0,"max_hp_gain":0.0,"max_hp_loss":37.0,"gold_gain":0.0,"event_name":"Ghosts","player_choice":"Became a Ghost","floor":31.0,"gold_loss":0.0,"damage_taken":0.0,"cards_obtained":["Ghostly","Ghostly","Ghostly"]},{"damage_healed":0.0,"max_hp_gain":0.0,"max_hp_loss":0.0,"gold_gain":0.0,"event_name":"SecretPortal","player_choice":"Ignored","floor":36.0,"gold_loss":0.0,"damage_taken":0.0},{"damage_healed":0.0,"max_hp_gain":0.0,"max_hp_loss":0.0,"gold_gain":0.0,"event_name":"SensoryStone","player_choice":"Memory 1","floor":38.0,"gold_loss":0.0,"damage_taken":0.0}],"is_beta":false,"boss_relics":[{"not_picked":["Velvet Choker","SacredBark"],"picked":"Cursed Key"},{"not_picked":["SlaversCollar","HoveringKite"],"picked":"Coffee Dripper"}],"items_purged_floors":[21,27,39],"is_endless":false,"potions_floor_spawned":[6,12,16,18,20,25,30,37,40,42],"killed_by":"Donu and Deca","ascension_level":18}}