{"host":"ydh61a5ftgdajrbo","time":1613832281,"event":{"mods":["BaseMod","Colored Map","Colored Powertips","DeckTracker","Downfall","Hermit","Koishi","Minty Spire (QoL Compilation)","Prisma Mod","Relic Stats","Spire Arcade","StSLib","SuperFastMode","The Cursed","The Jungle","The Mystic","The Runesmith","The Senshi","The Servant 0.9.4"],"gold_per_floor":[118,131,131,144,69,69,102,115,115,115,11,30,42,55,55,132,182,197,34,47,58,38,38,72,72,72,89,14,14,47,47,47],"floor_reached":31,"language":"ZHS","playtime":1223,"items_purged":["Defend_G"],"score":554,"play_id":"6fa6bf67-84b4-4af7-a340-2824db70a541","local_time":"20210220224441","is_ascension_mode":true,"campfire_choices":[{"data":"Cloak And Dagger","floor":6.0,"key":"SMITH"},{"data":"Neutralize","floor":10.0,"key":"SMITH"},{"floor":15.0,"key":"REST"},{"data":"A Thousand Cuts","floor":23.0,"key":"SMITH"},{"floor":25.0,"key":"REST"},{"data":"Sucker Punch","floor":29.0,"key":"SMITH"}],"circlet_count":0,"master_deck":["AscendersBane","Strike_G","Strike_G","Strike_G","Strike_G","Defend_G","Defend_G","Defend_G","Defend_G","Survivor","Neutralize+1","Blade Dance+1","Cloak And Dagger+1","Predator","Deflect","Blade Dance","Blade Dance","Sucker Punch+1","Dagger Throw","A Thousand Cuts+1","Underhanded Strike","Escape Plan+1","Riddle With Holes","PiercingWail","Unload","Cloak And Dagger"],"relics":["Ring of the Snake","NeowsBlessing","Toy Ornithopter","HornCleat","FossilizedHelix","Tiny House","Toolbox","Frozen Egg 2","Prayer Wheel","Bag of Preparation"],"acts_visited":["Exordium","TheCity"],"potions_floor_usage":[],"damage_taken":[{"damage":0.0,"enemies":"Cultist","floor":1.0,"turns":1.0},{"damage":0.0,"enemies":"Small Slimes","floor":2.0,"turns":1.0},{"damage":0.0,"enemies":"2 Louse","floor":4.0,"turns":1.0},{"damage":19.0,"enemies":"Lagavulin","floor":7.0,"turns":6.0},{"damage":10.0,"enemies":"Gremlin Gang","floor":8.0,"turns":5.0},{"damage":0.0,"enemies":"2 Fungi Beasts","floor":12.0,"turns":3.0},{"damage":0.0,"enemies":"Exordium Thugs","floor":13.0,"turns":3.0},{"damage":0.0,"enemies":"Exordium Wildlife","floor":14.0,"turns":4.0},{"damage":29.0,"enemies":"Hexaghost","floor":16.0,"turns":12.0},{"damage":11.0,"enemies":"Spheric Guardian","floor":18.0,"turns":4.0},{"damage":0.0,"enemies":"Shell Parasite","floor":20.0,"turns":3.0},{"damage":18.0,"enemies":"3 Cultists","floor":21.0,"turns":6.0},{"damage":19.0,"enemies":"Gremlin Leader","floor":24.0,"turns":7.0},{"damage":0.0,"enemies":"Centurion and Healer","floor":27.0,"turns":7.0},{"damage":39.0,"enemies":"Slavers","floor":30.0,"turns":5.0},{"damage":0,"enemies":"Sentry and Sphere","floor":31,"turns":3}],"seed_played":"-1679586132440786872","potions_obtained":[{"floor":4.0,"key":"BlessingOfTheForge"},{"floor":12.0,"key":"LiquidBronze"},{"floor":14.0,"key":"Swift Potion"},{"floor":16.0,"key":"Fire Potion"},{"floor":20.0,"key":"EssenceOfSteel"},{"floor":22.0,"key":"EntropicBrew"},{"floor":30.0,"key":"DuplicationPotion"}],"is_trial":false,"path_per_floor":["M","M","?","M","?","R","E","M","T","R","?","M","M","M","R","B",null,"M","$","M","M","?","R","E","R","T","M","$","R","E","M"],"character_chosen":"THE_SILENT","items_purchased":["Toolbox"],"campfire_rested":2,"item_purchase_floors":[19],"current_hp_per_floor":[59,59,64,64,64,64,45,35,35,35,35,35,35,35,56,32,66,55,55,55,37,37,37,28,50,50,50,50,50,11,11,11],"gold":47,"neow_bonus":"THREE_ENEMY_KILL","is_daily":false,"chose_seed":false,"campfire_upgraded":4,"win_rate":0.0,"timestamp":1613832281,"path_taken":["M","M","?","M","?","R","E","M","T","R","?","M","M","?","R","BOSS","M","$","M","?","?","R","E","R","T","M","?","R","E","M"],"items_purchased_type":["Relic"],"build_version":"2020-12-22","purchased_purges":1,"victory":false,"max_hp_per_floor":[66,66,71,71,71,71,71,71,71,71,71,71,71,71,71,71,76,76,76,76,76,76,76,76,76,76,76,76,76,76,76,76],"relic_stats":{"counters":[16,71],"Prayer Wheel":1,"Bag of Preparation":[2],"obtain_stats":[{"HornCleat":9,"Tiny House":17,"NeowsBlessing":0,"Toolbox":19,"Prayer Wheel":26,"Bag of Preparation":30,"Frozen Egg 2":24,"Toy Ornithopter":7,"FossilizedHelix":11,"Ring of the Snake":0},{"HornCleat":5,"Tiny House":9,"NeowsBlessing":0,"Toolbox":10,"Prayer Wheel":13,"Bag of Preparation":15,"Frozen Egg 2":13,"Toy Ornithopter":4,"FossilizedHelix":5,"Ring of the Snake":0},{"HornCleat":14,"Tiny House":36,"NeowsBlessing":0,"Toolbox":40,"Prayer Wheel":56,"Bag of Preparation":68,"Frozen Egg 2":56,"Toy Ornithopter":9,"FossilizedHelix":14,"Ring of the Snake":0}],"Toy Ornithopter":15,"Ring of the Snake":[32]},"card_choices":[{"not_picked":["Bane","Masterful Stab"],"picked":"Blade Dance","floor":1.0},{"not_picked":["Escape Plan","Riddle With Holes"],"picked":"Cloak And Dagger","floor":2.0},{"not_picked":["Masterful Stab","Blade Dance"],"picked":"Predator","floor":4.0},{"not_picked":["Prepared","Expertise"],"picked":"Deflect","floor":7.0},{"not_picked":["Sucker Punch","Backflip"],"picked":"Blade Dance","floor":8.0},{"not_picked":["Concentrate","Deadly Poison"],"picked":"Blade Dance","floor":12.0},{"not_picked":["Heel Hook","Skewer"],"picked":"Sucker Punch","floor":13.0},{"not_picked":["Reflex","Bane"],"picked":"Dagger Throw","floor":14.0},{"not_picked":["Tools of the Trade","Burst"],"picked":"A Thousand Cuts","floor":16.0},{"not_picked":["Prepared","Sucker Punch"],"picked":"Underhanded Strike","floor":17.0},{"not_picked":["Quick Slash","Calculated Gamble"],"picked":"Escape Plan+1","floor":18.0},{"not_picked":["Poisoned Stab","Calculated Gamble"],"picked":"Riddle With Holes","floor":20.0},{"not_picked":["Poisoned Stab","Expertise+1"],"picked":"PiercingWail","floor":21.0},{"not_picked":["Blade Dance","Outmaneuver"],"picked":"Unload","floor":24.0},{"not_picked":["Eviscerate","Masterful Stab","Choke"],"picked":"SKIP","floor":27.0},{"not_picked":["Blade Dance","Underhanded Strike","Deflect"],"picked":"SKIP","floor":27.0},{"not_picked":["Deflect","Poisoned Stab"],"picked":"Cloak And Dagger","floor":30.0}],"player_experience":413750,"relics_obtained":[{"floor":7.0,"key":"Toy Ornithopter"},{"floor":9.0,"key":"HornCleat"},{"floor":24.0,"key":"Frozen Egg 2"},{"floor":26.0,"key":"Prayer Wheel"},{"floor":30.0,"key":"Bag of Preparation"}],"event_choices":[{"damage_healed":0.0,"max_hp_gain":5.0,"max_hp_loss":0.0,"gold_gain":0.0,"event_name":"Big Fish","player_choice":"Donut","floor":3.0,"gold_loss":0.0,"damage_taken":0.0},{"cards_removed":["Strike_G"],"damage_healed":0.0,"max_hp_gain":0.0,"max_hp_loss":0.0,"gold_gain":0.0,"event_name":"The Cleric","player_choice":"Card Removal","floor":5.0,"gold_loss":75.0,"damage_taken":0.0},{"damage_healed":0.0,"max_hp_gain":0.0,"max_hp_loss":0.0,"gold_gain":0.0,"event_name":"WeMeetAgain","player_choice":"Paid Gold","floor":11.0,"gold_loss":104.0,"damage_taken":0.0,"relics_obtained":["FossilizedHelix"]},{"damage_healed":0.0,"max_hp_gain":0.0,"max_hp_loss":0.0,"gold_gain":0.0,"event_name":"The Woman in Blue","player_choice":"Bought 1 Potion","floor":22.0,"gold_loss":0.0,"damage_taken":0.0}],"is_beta":false,"boss_relics":[{"not_picked":["Ectoplasm","HoveringKite"],"picked":"Tiny House"}],"items_purged_floors":[28],"is_endless":false,"potions_floor_spawned":[4,12,14,16,20,24,27,30],"killed_by":"Sentry and Sphere","ascension_level":20}}