{"host":"vjt3l4e4gk5t90rp","time":1613851151,"event":{"mods":["BaseMod","Colored Map","Highlight Path","Minty Spire (QoL Compilation)","StSLib"],"gold_per_floor":[213,59,59,69,85,113,129,141,141,141,141,141,182,107,107,232,232,255,279,279,27,50,88,88,122,122,84,84,98,98,112,112,243,243,257,282,282,109,128,128,128,166,241,262,276,292,335,1,1,1,1,1,1,45,45,45],"floor_reached":55,"language":"KOR","playtime":5708,"items_purged":["Defend_G","Injury"],"score":827,"play_id":"5caa8d1a-e15f-47ca-8978-d2ebae58107e","local_time":"20210221045911","is_ascension_mode":true,"campfire_choices":[{"floor":10.0,"key":"REST"},{"floor":15.0,"key":"REST"},{"floor":24.0,"key":"REST"},{"floor":28.0,"key":"REST"},{"data":"Storm of Steel","floor":30.0,"key":"SMITH"},{"floor":32.0,"key":"RECALL"},{"data":"Bullet Time","floor":41.0,"key":"SMITH"},{"floor":49,"key":"REST"},{"data":"Phantasmal Killer","floor":52,"key":"SMITH"}],"circlet_count":0,"master_deck":["Strike_G+1","Strike_G+1","Strike_G+1","Strike_G+1","Defend_G+1","Defend_G+1","Defend_G+1","Defend_G+1","Survivor","Neutralize+1","Poisoned Stab","Dagger Throw","Well Laid Plans+1","After Image+1","Prepared","Footwork+1","Storm of Steel+1","Dagger Throw+1","Backflip","Terror+1","Cloak And Dagger","Accuracy+1","Slice","Bullet Time+1","Finisher+1","Acrobatics","Madness","Madness","Infinite Blades+1","Infinite Blades+1","Phantasmal Killer+1","Escape Plan+1","Purity"],"relics":["Ring of the Snake","Happy Flower","Frozen Egg 2","Sundial","Golden Idol","Bottled Tornado","WristBlade","Mummified Hand","MealTicket","Anchor","Sozu","Bottled Flame","Letter Opener","Vajra","Ornamental Fan","Whetstone"],"acts_visited":["Exordium","TheCity","TheBeyond","TheEnding"],"potions_floor_usage":[],"damage_taken":[{"damage":3.0,"enemies":"Jaw Worm","floor":1.0,"turns":4.0},{"damage":2.0,"enemies":"Small Slimes","floor":4.0,"turns":5.0},{"damage":0.0,"enemies":"2 Louse","floor":5.0,"turns":4.0},{"damage":24.0,"enemies":"3 Sentries","floor":6.0,"turns":10.0},{"damage":4.0,"enemies":"Blue Slaver","floor":7.0,"turns":4.0},{"damage":2.0,"enemies":"3 Louse","floor":8.0,"turns":6.0},{"damage":3.0,"enemies":"Gremlin Nob","floor":13.0,"turns":4.0},{"damage":42.0,"enemies":"Hexaghost","floor":16.0,"turns":17.0},{"damage":15.0,"enemies":"Shell Parasite","floor":18.0,"turns":7.0},{"damage":11.0,"enemies":"3 Byrds","floor":19.0,"turns":9.0},{"damage":0.0,"enemies":"3 Cultists","floor":22.0,"turns":8.0},{"damage":11.0,"enemies":"Book of Stabbing","floor":23.0,"turns":7.0},{"damage":25.0,"enemies":"Slavers","floor":25.0,"turns":6.0},{"damage":0.0,"enemies":"Centurion and Healer","floor":29.0,"turns":4.0},{"damage":7.0,"enemies":"Snake Plant","floor":31.0,"turns":4.0},{"damage":49.0,"enemies":"Collector","floor":33.0,"turns":9.0},{"damage":0.0,"enemies":"Orb Walker","floor":35.0,"turns":3.0},{"damage":1.0,"enemies":"3 Shapes","floor":36.0,"turns":6.0},{"damage":10.0,"enemies":"Writhing Mass","floor":39.0,"turns":5.0},{"damage":12.0,"enemies":"Reptomancer","floor":42.0,"turns":5.0},{"damage":0.0,"enemies":"3 Darklings","floor":44.0,"turns":3.0},{"damage":5.0,"enemies":"Maw","floor":45.0,"turns":6.0},{"damage":11,"enemies":"Writhing Mass","floor":46,"turns":5},{"damage":0,"enemies":"Giant Head","floor":47,"turns":5},{"damage":39,"enemies":"Donu and Deca","floor":50,"turns":8},{"damage":5,"enemies":"Shield and Spear","floor":54,"turns":8},{"damage":68,"enemies":"The Heart","floor":55,"turns":6}],"seed_played":"-3113989224740417218","potions_obtained":[{"floor":1.0,"key":"Explosive Potion"},{"floor":4.0,"key":"AttackPotion"},{"floor":7.0,"key":"FearPotion"},{"floor":8.0,"key":"EntropicBrew"},{"floor":18.0,"key":"Dexterity Potion"},{"floor":22.0,"key":"DuplicationPotion"},{"floor":23.0,"key":"Fire Potion"},{"floor":25.0,"key":"GamblersBrew"},{"floor":31.0,"key":"Strength Potion"}],"is_trial":false,"path_per_floor":["M","$","?","M","M","E","M","M","T","R","?","?","E","$","R","B",null,"M","M","?","$","M","E","R","E","T","$","R","M","R","M","R","B",null,"M","M","?","$","M","?","R","E","T","M","M","M","E","$","R","B",null,"R","$","E","B"],"character_chosen":"THE_SILENT","items_purchased":["Happy Flower","Mummified Hand","Accuracy+1","Infinite Blades+1","Ornamental Fan","Purity"],"campfire_rested":5,"item_purchase_floors":[2,21,27,38,48,48],"current_hp_per_floor":[67,67,60,58,58,34,30,28,28,49,49,49,46,46,67,25,70,55,44,44,44,44,33,54,29,29,44,65,65,65,58,58,9,70,70,69,60,70,60,60,60,48,48,48,43,32,32,47,68,29,70,70,70,65,0,0],"gold":45,"neow_bonus":"HUNDRED_GOLD","is_daily":false,"chose_seed":false,"campfire_upgraded":3,"win_rate":0.0,"timestamp":1613851151,"path_taken":["M","$","?","M","M","E","M","M","T","R","?","?","E","$","R","BOSS","M","M","?","$","M","E","R","E","T","$","R","M","R","M","R","BOSS","M","M","?","$","M","?","R","E","T","?","M","M","E","$","R","BOSS","R","$","E","BOSS"],"items_purchased_type":["Relic","Relic","Card","Card","Relic","Card"],"build_version":"2020-12-22","purchased_purges":2,"victory":false,"max_hp_per_floor":[70,70,70,70,70,70,70,70,70,70,70,70,70,70,70,70,70,70,70,70,70,70,70,70,70,70,70,70,70,70,70,70,70,70,70,70,70,70,70,70,70,70,70,70,70,70,70,70,70,70,70,70,70,70,70,70],"card_choices":[{"not_picked":["Tactician","Choke","Poisoned Stab"],"picked":"SKIP","floor":1.0},{"not_picked":["Tactician","Choke","Poisoned Stab"],"picked":"SKIP","floor":1.0},{"not_picked":["Riddle With Holes","Accuracy"],"picked":"Poisoned Stab","floor":4.0},{"not_picked":["Flechettes","Masterful Stab"],"picked":"Dagger Throw","floor":5.0},{"not_picked":["Deadly Poison","PiercingWail"],"picked":"Well Laid Plans+1","floor":6.0},{"not_picked":["All Out Attack","Slice"],"picked":"After Image+1","floor":7.0},{"not_picked":["Dagger Spray","Poisoned Stab"],"picked":"Prepared","floor":8.0},{"not_picked":["Expertise","Cloak And Dagger"],"picked":"Footwork+1","floor":13.0},{"not_picked":["Phantasmal Killer","Adrenaline"],"picked":"Storm of Steel","floor":16.0},{"not_picked":["Deflect","Bane"],"picked":"Dagger Throw","floor":18.0},{"not_picked":["Distraction","Leg Sweep"],"picked":"Backflip","floor":19.0},{"not_picked":["Catalyst+1","All Out Attack+1","Deadly Poison"],"picked":"SKIP","floor":22.0},{"not_picked":["PiercingWail","Bouncing Flask+1"],"picked":"Terror+1","floor":23.0},{"not_picked":["Noxious Fumes+1","Bane"],"picked":"Cloak And Dagger","floor":25.0},{"not_picked":["Bouncing Flask","Flying Knee"],"picked":"Slice","floor":29.0},{"not_picked":["Dagger Throw","Flying Knee+1","Bane"],"picked":"SKIP","floor":31.0},{"not_picked":["Venomology","Glass Knife"],"picked":"Bullet Time","floor":33.0},{"not_picked":["Masterful Stab+1","Dash+1"],"picked":"Finisher+1","floor":35.0},{"not_picked":["Dagger Spray+1","Deadly Poison"],"picked":"Acrobatics","floor":36.0},{"not_picked":["Bouncing Flask","Catalyst+1","Acrobatics"],"picked":"SKIP","floor":39.0},{"not_picked":["Backstab+1","All Out Attack","Backflip"],"picked":"SKIP","floor":42.0},{"not_picked":["Backstab+1","All Out Attack","Backflip"],"picked":"SKIP","floor":42.0},{"not_picked":["Bouncing Flask+1","Sucker Punch","Dagger Throw"],"picked":"SKIP","floor":44.0},{"not_picked":["Deadly Poison","Flying Knee"],"picked":"Phantasmal Killer","floor":45.0},{"not_picked":["Prepared","Tactician+1"],"picked":"Escape Plan+1","floor":46},{"not_picked":["Terror","Prepared+1","Bane+1"],"picked":"SKIP","floor":47},{"not_picked":["Blade Dance","Leg Sweep+1","Underhanded Strike"],"picked":"SKIP","floor":54},{"not_picked":["Blade Dance","Leg Sweep+1","Underhanded Strike"],"picked":"SKIP","floor":54},{"not_picked":["Blade Dance","Leg Sweep+1","Underhanded Strike"],"picked":"SKIP","floor":54}],"player_experience":128107,"relics_obtained":[{"floor":6.0,"key":"Frozen Egg 2"},{"floor":9.0,"key":"Sundial"},{"floor":13.0,"key":"Bottled Tornado"},{"floor":23.0,"key":"MealTicket"},{"floor":25.0,"key":"Anchor"},{"floor":42.0,"key":"Bottled Flame"},{"floor":43.0,"key":"Letter Opener"},{"floor":47,"key":"Vajra"},{"floor":54,"key":"Whetstone"}],"event_choices":[{"cards_removed":["Strike_G"],"damage_healed":0.0,"max_hp_gain":0.0,"max_hp_loss":0.0,"gold_gain":0.0,"event_name":"Golden Wing","player_choice":"Card Removal","floor":3.0,"gold_loss":0.0,"damage_taken":7.0},{"damage_healed":0.0,"max_hp_gain":0.0,"max_hp_loss":0.0,"gold_gain":0.0,"event_name":"Golden Idol","player_choice":"Take Wound","floor":11.0,"gold_loss":0.0,"damage_taken":0.0,"relics_obtained":["Golden Idol"],"cards_obtained":["Injury"]},{"damage_healed":0.0,"max_hp_gain":0.0,"max_hp_loss":0.0,"gold_gain":0.0,"event_name":"Liars Game","player_choice":"Ignored","floor":12.0,"gold_loss":0.0,"damage_taken":0.0},{"damage_healed":0.0,"max_hp_gain":0.0,"max_hp_loss":0.0,"gold_gain":0.0,"event_name":"Back to Basics","player_choice":"Simplicity","floor":20.0,"gold_loss":0.0,"damage_taken":0.0,"cards_upgraded":["Strike_G","Strike_G","Strike_G","Strike_G","Defend_G","Defend_G","Defend_G","Defend_G"]},{"damage_healed":0.0,"max_hp_gain":0.0,"max_hp_loss":0.0,"gold_gain":0.0,"event_name":"Winding Halls","player_choice":"Embrace Madness","floor":37.0,"gold_loss":0.0,"damage_taken":9.0,"cards_obtained":["Madness","Madness"]},{"damage_healed":0.0,"max_hp_gain":0.0,"max_hp_loss":0.0,"gold_gain":0.0,"event_name":"Duplicator","player_choice":"Copied","floor":40.0,"gold_loss":0.0,"damage_taken":0.0,"cards_obtained":["Infinite Blades"]}],"is_beta":false,"boss_relics":[{"not_picked":["Calling Bell","Busted Crown"],"picked":"WristBlade"},{"not_picked":["SacredBark","Astrolabe"],"picked":"Sozu"}],"items_purged_floors":[14,38],"is_endless":false,"potions_floor_spawned":[1,4,7,8,18,22,23,25,31,35,39,42,44,47],"killed_by":"The Heart","ascension_level":2}}