{"host":"rguvlafm46vqn9ib","time":1613809413,"event":{"mods":["2.2 Compatiblity","AchievementEnabler","Act Like it!","Arknights","Aspiration","BaseMod","Beaked The Cultist","Better Match","Better Note","Better Third Choice","BetterRewards","Colored Map","Downfall","Elementarium","GifTheSpireLib","Hermit","Highlight Path","Hubris","JesterMod","Mad Scientist","Minty Spire (QoL Compilation)","RRrroohrrRGHHhhh!!","Reliquary","Reorder Act Four","Replay The Spire","Retaliation","SCP261 Mod","Small Relic Pack","Spikes Relics","StSLib","Stuff the Spire","The Blackbeard","The Bug Knight","The Construct","The Death Knight","The Disciple","The Forsaken","The Judge","The Marked","The Mystic","The Necromancer","The Problem Sleuth","The Runesmith","TheSwordswoman"],"gold_per_floor":[110,110,124,124,28,54,54,85,85,85,101,132,14,14,14],"floor_reached":14,"language":"ENG","playtime":1010,"items_purged":[],"score":127,"play_id":"3c24656e-666e-4193-8090-1890d02e1b68","local_time":"20210220082333","is_ascension_mode":true,"campfire_choices":[{"floor":7,"key":"REST"},{"floor":10,"key":"REST"}],"circlet_count":0,"master_deck":["Strike_W","Strike_W+1","Defend_W","Defend_W","Defend_W","Summon_Vampire_Lady","Blood_Curse","relicPack:TruthCard","beaked:AwakenedForm","rorgmod:Phantasmal Killer","Death_March_Dance","Spectral_Armor","Bones_to_Steel","Uncharnel","Pandemic","Hellfire","Negative_Energy_Sphere","Vampiric_Strike","Toxic_Smoke_Screen"],"relics":["Vampire_Amulet","Strange Spoon","relicPack:EdsArm","HollowMod:LifeEnderRelic","relicPack:DarknessArmor","reliquary:Vitrine","reliquary:SilkGlove"],"acts_visited":["Exordium"],"potions_floor_usage":[6,14],"damage_taken":[{"damage":12,"enemies":"Jaw Worm","floor":1,"turns":3},{"damage":7,"enemies":"Small Slimes","floor":3,"turns":4},{"damage":47,"enemies":"Lagavulin","floor":6,"turns":9},{"damage":52,"enemies":"3 Sentries","floor":8,"turns":9},{"damage":6,"enemies":"2 Louse","floor":11,"turns":3},{"damage":33,"enemies":"Lagavulin","floor":12,"turns":6},{"damage":41,"enemies":"Gremlin Nob","floor":14,"turns":4}],"seed_played":"-8601240004262821670","potions_obtained":[{"floor":3,"key":"Adrenaline Potion"},{"floor":12,"key":"champ:CounterPotion"}],"is_trial":false,"path_per_floor":["M","?","M","?","$","E","R","E","T","R","M","E","$","E"],"character_chosen":"NECROMANCER","items_purchased":["Summon_Vampire_Lady","Strange Spoon","Blood_Curse","Spectral_Armor","Bones_to_Steel","Vampiric_Strike","Toxic_Smoke_Screen","AttackPotion"],"campfire_rested":2,"item_purchase_floors":[0,0,0,5,5,13,13,13],"current_hp_per_floor":[63,63,66,66,66,39,60,41,41,62,60,29,29,0,0],"gold":14,"neow_bonus":"","is_daily":false,"chose_seed":false,"campfire_upgraded":0,"win_rate":0.0,"timestamp":1613809413,"path_taken":["M","?","M","?","?","E","R","E","T","R","M","E","$","E"],"items_purchased_type":["Card","Relic","Card","Card","Card","Card","Card","Potion"],"build_version":"2020-12-22","purchased_purges":0,"victory":false,"max_hp_per_floor":[75,70,70,70,70,70,70,70,70,70,70,70,70,70,70],"card_choices":[{"not_picked":["Scare","Bone_Spikes"],"picked":"Finger_Of_Death","floor":1},{"not_picked":["Negative_Energy_Javelin","Consume_Illness"],"picked":"Death_March_Dance","floor":3},{"not_picked":["Flesh_Made_Foul","Finger_Of_Death"],"picked":"Uncharnel","floor":6},{"not_picked":["Violent_Necrosis","Blood_for_Blood"],"picked":"Pandemic","floor":8},{"not_picked":["Chill_Blood","Acid_Javelin"],"picked":"Hellfire","floor":11},{"not_picked":["Death_March_Dance","Strike_from_Beyond"],"picked":"Negative_Energy_Sphere","floor":12}],"player_experience":1016926,"relics_obtained":[{"floor":6,"key":"HollowMod:LifeEnderRelic"},{"floor":8,"key":"relicPack:DarknessArmor"},{"floor":9,"key":"reliquary:Vitrine"},{"floor":12,"key":"reliquary:SilkGlove"}],"event_choices":[],"is_beta":false,"boss_relics":[],"items_purged_floors":[],"is_endless":false,"potions_floor_spawned":[3,12],"killed_by":"Gremlin Nob","ascension_level":4}}