{"host":"121m0oxswv9tg9hk","time":1613831163,"event":{"mods":["BaseMod","Better Altar","Better Third Choice","Hermit","Hubris","Ironclad Rager","MarisaÅiñ∂âJÅ@ñÇóùçπÅj","Minty Spire (QoL Compilation)","Replay The Spire","StSLib","The Construct","The Mystic"],"gold_per_floor":[117,129,146,156,172,172,206,11,37,50,50,50,50,150,150,249,249,259,275,7,26,3,3,3,3,29,49,49,80,93,93,93],"floor_reached":31,"language":"ENG","playtime":2007,"items_purged":["hubris:Envy","mysticmod:Strike_Mystic"],"score":337,"play_id":"c6ed62b0-0d18-4bbe-a413-2b6d09e9d9b3","local_time":"20210220152603","is_ascension_mode":true,"campfire_choices":[{"floor":6,"key":"DIG"},{"floor":13,"key":"DIG"},{"floor":15,"key":"REST"},{"floor":23,"key":"REST"},{"data":"mysticmod:Strike_Mystic","floor":25,"key":"PURGE"},{"floor":28,"key":"DIG"}],"circlet_count":0,"master_deck":["mysticmod:Strike_Mystic","mysticmod:Strike_Mystic","mysticmod:Defend_Mystic","mysticmod:Defend_Mystic","mysticmod:Defend_Mystic","mysticmod:Defend_Mystic","mysticmod:ArcaneDodge","mysticmod:ShockingGrasp","mysticmod:PowerSlash","mysticmod:MightyMagic","mysticmod:Flurry","mysticmod:CureLightWounds","mysticmod:Sideswipe","mysticmod:Flurry","mysticmod:Disengage","mysticmod:MightyMagic","mysticmod:PureInstinct","mysticmod:Momentum","mysticmod:Daze","mysticmod:Feint","mysticmod:ComboCaster","mysticmod:Disengage","mysticmod:CureLightWounds","mysticmod:Feint"],"relics":["mysticmod:SpellBook","Shovel","Boot","Replay:Multitool","hubris:OldNail","ReplayTheSpireMod:Ninjato","Runic Pyramid","Regal Pillow","Sundial","Orichalcum"],"acts_visited":["Exordium","TheCity"],"potions_floor_usage":[3,7,21,24,29],"damage_taken":[{"damage":10,"enemies":"Jaw Worm","floor":1,"turns":4},{"damage":0,"enemies":"2 Louse","floor":2,"turns":2},{"damage":4,"enemies":"Cultist","floor":3,"turns":5},{"damage":4,"enemies":"Looter","floor":4,"turns":5},{"damage":5,"enemies":"Red Slaver","floor":5,"turns":3},{"damage":37,"enemies":"Lagavulin","floor":7,"turns":9},{"damage":0,"enemies":"Blue Slaver","floor":10,"turns":2},{"damage":31,"enemies":"The Guardian","floor":16,"turns":13},{"damage":12,"enemies":"3 Byrds","floor":18,"turns":7},{"damage":29,"enemies":"Spheric Guardian","floor":19,"turns":6},{"damage":5,"enemies":"Centurion and Healer","floor":21,"turns":7},{"damage":0,"enemies":"Snecko","floor":24,"turns":2},{"damage":9,"enemies":"Cultist and Chosen","floor":27,"turns":8},{"damage":15,"enemies":"Book of Stabbing","floor":29,"turns":6},{"damage":5,"enemies":"Centurion and Healer","floor":30,"turns":6},{"damage":56,"enemies":"Chosen and Byrds","floor":31,"turns":8}],"seed_played":"6939965431313793775","potions_obtained":[{"floor":1,"key":"Adrenaline Potion"},{"floor":2,"key":"Cursed Concoction"},{"floor":4,"key":"Flashbang"},{"floor":18,"key":"Flashbang"}],"is_trial":false,"path_per_floor":["M","M","M","M","M","R","E","$","T","M","$","?","R","?","R","B",null,"M","M","$","M","$","R","M","R","T","M","R","E","M","M"],"character_chosen":"MYSTIC_CLASS","items_purchased":["mysticmod:Disengage","mysticmod:MightyMagic","mysticmod:ComboCaster","SmokeBomb","mysticmod:Disengage"],"campfire_rested":2,"item_purchase_floors":[8,8,20,20,22],"current_hp_per_floor":[59,59,55,51,46,46,12,12,12,12,12,37,37,37,60,32,66,57,31,31,29,29,52,52,52,52,46,46,39,41,0,0],"gold":93,"neow_bonus":"ONE_RARE_RELIC","is_daily":false,"chose_seed":false,"campfire_upgraded":0,"win_rate":0.0,"timestamp":1613831163,"path_taken":["M","M","M","M","M","R","E","$","T","M","$","?","R","?","R","BOSS","M","M","$","M","$","R","M","R","T","M","R","E","?","M"],"items_purchased_type":["Card","Card","Card","Potion","Card"],"build_version":"2020-12-22","purchased_purges":2,"victory":false,"max_hp_per_floor":[77,77,77,77,77,77,77,77,77,77,77,77,77,77,77,77,77,77,77,77,77,77,77,77,77,77,77,77,77,77,77,77],"card_choices":[{"not_picked":["mysticmod:Probe","mysticmod:StyleChange"],"picked":"mysticmod:PowerSlash","floor":1},{"not_picked":["mysticmod:ComponentsPouch","mysticmod:PureInstinct"],"picked":"mysticmod:MightyMagic","floor":2},{"not_picked":["mysticmod:Flourish","mysticmod:PreparedCaster"],"picked":"mysticmod:Flurry","floor":3},{"not_picked":["mysticmod:HeavyStrike","mysticmod:DiviningBlow"],"picked":"mysticmod:CureLightWounds","floor":4},{"not_picked":["mysticmod:Grapple","mysticmod:StyleChange"],"picked":"mysticmod:Sideswipe","floor":5},{"not_picked":["mysticmod:Riposte","mysticmod:PowerSlash"],"picked":"mysticmod:Flurry","floor":7},{"not_picked":["mysticmod:Dedication","mysticmod:Riposte"],"picked":"mysticmod:PureInstinct","floor":10},{"not_picked":["mysticmod:EnchantedMoulinet","mysticmod:MirrorEntity"],"picked":"mysticmod:Momentum","floor":16},{"not_picked":["mysticmod:LightningBolt+1","mysticmod:Probe"],"picked":"mysticmod:Daze","floor":18},{"not_picked":["mysticmod:Sideswipe","mysticmod:ComponentsPouch"],"picked":"mysticmod:Feint","floor":19},{"not_picked":["mysticmod:SuddenClarity","mysticmod:LightningBolt","mysticmod:Daze"],"picked":"SKIP","floor":21},{"not_picked":["mysticmod:ComponentsPouch+1","mysticmod:DiviningBlow"],"picked":"mysticmod:CureLightWounds","floor":27},{"not_picked":["mysticmod:DiviningBlow","mysticmod:Daze"],"picked":"mysticmod:Feint","floor":29},{"not_picked":["mysticmod:CorrosiveTouch","mysticmod:EarthenWall","mysticmod:HunkerDown"],"picked":"SKIP","floor":30}],"player_experience":2578670,"relics_obtained":[{"floor":6,"key":"Boot"},{"floor":7,"key":"Replay:Multitool"},{"floor":9,"key":"hubris:OldNail"},{"floor":13,"key":"ReplayTheSpireMod:Ninjato"},{"floor":26,"key":"Regal Pillow"},{"floor":28,"key":"Sundial"},{"floor":29,"key":"Orichalcum"}],"event_choices":[{"damage_healed":25,"gold_gain":0,"player_choice":"Banana","damage_taken":0,"max_hp_gain":0,"max_hp_loss":0,"event_name":"Big Fish","floor":12,"gold_loss":0},{"damage_healed":0,"gold_gain":100,"player_choice":"Pray","damage_taken":0,"max_hp_gain":0,"max_hp_loss":0,"event_name":"Golden Shrine","floor":14,"gold_loss":0}],"is_beta":false,"boss_relics":[{"not_picked":["Replay:Ancient Bell","construct:WeddingRing"],"picked":"Runic Pyramid"}],"items_purged_floors":[8,20],"is_endless":false,"potions_floor_spawned":[1,2,4,18,24],"killed_by":"Chosen and Byrds","ascension_level":6}}