{"host":"iodn1af76021fjto","time":1613807177,"event":{"mods":["AchievementEnabler","BaseMod","BetterRewards","Colored Map","Downfall","Hermit","Infinite Spire","Jorbs\u0027s Wanderer Trilogy","Minty Spire (QoL Compilation)","Quick Restart","StSLib","SuperFastMode","The Cursed","The Hierophant","The Jungle","The Runesmith","The Servant 0.9.4"],"gold_per_floor":[114,114,126,139,152,181,181,207,233,253,284,284,314,314,314,411,411,423,423,443,443,456,456,456],"floor_reached":23,"language":"ENG","playtime":560,"items_purged":[],"score":254,"play_id":"2c2c368a-4e26-4871-a6cf-22a0469588fc","local_time":"20210220024617","is_ascension_mode":true,"campfire_choices":[{"data":"Static Discharge","floor":12,"key":"SMITH"},{"data":"Dualcast","floor":15,"key":"SMITH"}],"circlet_count":0,"master_deck":["Strike_B","Strike_B","Strike_B","Strike_B","Defend_B","Defend_B","Defend_B","Defend_B","Zap","Dualcast+1","Static Discharge+1","Static Discharge+1","Leap","Leap","Parasite","Defragment","Ball Lightning","Multi-Cast","White Noise","Conserve Battery"],"relics":["Cracked Core","Oddly Smooth Stone","Cables","Smiling Mask","Blood Vial","infinitespire:PuzzleCube","Bottled Tornado","Inserter","MutagenicStrength"],"acts_visited":["Exordium","TheCity"],"potions_floor_usage":[13,13,16],"damage_taken":[{"damage":6,"enemies":"Jaw Worm","floor":1,"turns":4},{"damage":4,"enemies":"Cultist","floor":3,"turns":4},{"damage":6,"enemies":"Small Slimes","floor":4,"turns":3},{"damage":6,"enemies":"Looter","floor":5,"turns":3},{"damage":28,"enemies":"Gremlin Nob","floor":6,"turns":4},{"damage":12,"enemies":"Lagavulin","floor":8,"turns":6},{"damage":3,"enemies":"Exordium Wildlife","floor":10,"turns":4},{"damage":14,"enemies":"3 Sentries","floor":11,"turns":5},{"damage":4,"enemies":"Gremlin Nob","floor":13,"turns":3},{"damage":16,"enemies":"Slime Boss","floor":16,"turns":7},{"damage":12,"enemies":"Chosen","floor":18,"turns":3},{"damage":15,"enemies":"Spheric Guardian","floor":20,"turns":3},{"damage":16,"enemies":"Centurion and Healer","floor":22,"turns":5},{"damage":30,"enemies":"Gremlin Leader","floor":23,"turns":2}],"seed_played":"-5210316760592623884","potions_obtained":[{"floor":1,"key":"PowerPotion"},{"floor":6,"key":"Energy Potion"},{"floor":8,"key":"Explosive Potion"},{"floor":13,"key":"Ancient Potion"},{"floor":18,"key":"Weak Potion"}],"is_trial":false,"path_per_floor":["M","?","M","M","M","E","?","E","T","M","E","R","E","?","R","B",null,"M","?","M","?","M","E"],"character_chosen":"DEFECT","items_purchased":[],"campfire_rested":0,"item_purchase_floors":[],"current_hp_per_floor":[69,69,65,59,53,25,43,31,31,30,18,18,16,16,16,2,75,63,63,50,36,22,0,0],"gold":456,"neow_bonus":"RANDOM_COMMON_RELIC","is_daily":false,"chose_seed":false,"campfire_upgraded":2,"win_rate":0.0,"timestamp":1613807177,"path_taken":["M","?","M","?","M","E","?","E","T","M","E","R","E","?","R","BOSS","M","?","M","?","M","E"],"items_purchased_type":[],"build_version":"2020-12-22","purchased_purges":0,"victory":false,"max_hp_per_floor":[75,75,75,75,75,75,75,75,75,75,75,75,75,75,75,75,75,75,75,75,80,80,80,80],"card_choices":[{"not_picked":["Steam Power","Chill"],"picked":"Static Discharge","floor":1},{"not_picked":["Steam","Conserve Battery"],"picked":"Static Discharge","floor":3},{"not_picked":["Compile Driver","Doom and Gloom"],"picked":"Leap","floor":4},{"not_picked":["Compile Driver","Barrage"],"picked":"Leap","floor":5},{"not_picked":["Leap","Fission","Undo"],"picked":"SKIP","floor":6},{"not_picked":["Stack","Skim","Gash"],"picked":"SKIP","floor":8},{"not_picked":["Streamline","Darkness"],"picked":"Defragment","floor":10},{"not_picked":["Leap","Streamline","Sunder"],"picked":"SKIP","floor":11},{"not_picked":["Buffer","Compile Driver"],"picked":"Ball Lightning","floor":13},{"not_picked":["Biased Cognition","Reboot"],"picked":"Multi-Cast","floor":16},{"not_picked":["Hologram+1","Beam Cell"],"picked":"White Noise","floor":18},{"not_picked":["Steam Power+1","Leap+1"],"picked":"Conserve Battery","floor":20},{"not_picked":["Reprogram+1","Go for the Eyes","White Noise"],"picked":"SKIP","floor":22}],"player_experience":281810,"relics_obtained":[{"floor":6,"key":"Cables"},{"floor":8,"key":"Smiling Mask"},{"floor":9,"key":"Blood Vial"},{"floor":11,"key":"infinitespire:PuzzleCube"},{"floor":13,"key":"Bottled Tornado"}],"event_choices":[{"damage_healed":0,"gold_gain":0,"player_choice":"Forge","damage_taken":0,"max_hp_gain":0,"max_hp_loss":0,"event_name":"Accursed Blacksmith","floor":2,"gold_loss":0,"cards_upgraded":["Static Discharge"]},{"damage_healed":18,"gold_gain":0,"player_choice":"Healed and dodged fight","damage_taken":0,"max_hp_gain":0,"max_hp_loss":0,"event_name":"Mushrooms","floor":7,"gold_loss":0,"cards_obtained":["Parasite"]},{"damage_healed":0,"gold_gain":0,"player_choice":"Ignored","damage_taken":0,"max_hp_gain":0,"max_hp_loss":0,"event_name":"Shining Light","floor":14,"gold_loss":0},{"damage_healed":0,"gold_gain":0,"player_choice":"Inject Mutagens","damage_taken":0,"relics_obtained":["MutagenicStrength"],"max_hp_gain":0,"max_hp_loss":0,"event_name":"Drug Dealer","floor":19,"gold_loss":0},{"damage_healed":0,"gold_gain":0,"player_choice":"Shed Blood","damage_taken":19,"max_hp_gain":5,"max_hp_loss":0,"event_name":"Forgotten Altar","floor":21,"gold_loss":0}],"is_beta":false,"boss_relics":[{"not_picked":["Snecko Eye","bronze:MakeshiftBattery"],"picked":"Inserter"}],"items_purged_floors":[],"is_endless":false,"potions_floor_spawned":[1,6,8,11,13,18],"killed_by":"Gremlin Leader","ascension_level":3}}