{"host":"krw8kyiy0um8ye49","time":1613855385,"event":{"mods":["BaseMod","Minty Spire (QoL Compilation)","StSLib","The Runesmith"],"gold_per_floor":[110,110,30,41,54,89,264,295,295,295,295,295],"floor_reached":11,"language":"ENG","playtime":497,"items_purged":[],"score":89,"play_id":"0b80cca3-b6e7-4abb-8aeb-9ecb83875206","local_time":"20210220220945","is_ascension_mode":true,"campfire_choices":[],"circlet_count":0,"master_deck":["Runesmith:Strike_RS","Runesmith:Strike_RS","Runesmith:Strike_RS","Runesmith:Strike_RS","Runesmith:Defend_RS","Runesmith:Defend_RS","Runesmith:Defend_RS","Runesmith:Defend_RS","Runesmith:CraftFirestone","Runesmith:Fortify","Runesmith:Duplicate","Runesmith:NegativeSpace+1","Runesmith:LithiumIon","Runesmith:HeatedChisel","Runesmith:DuctTape","Doubt","Runesmith:Refine"],"relics":["Runesmith:BrokenRuby","MealTicket","Ornamental Fan","Shuriken"],"acts_visited":["Exordium"],"potions_floor_usage":[6,6,11],"damage_taken":[{"damage":1,"enemies":"Small Slimes","floor":1,"turns":3},{"damage":0,"enemies":"Cultist","floor":4,"turns":3},{"damage":0,"enemies":"Jaw Worm","floor":5,"turns":7},{"damage":17,"enemies":"Gremlin Nob","floor":6,"turns":4},{"damage":27,"enemies":"3 Sentries","floor":8,"turns":11},{"damage":41,"enemies":"Gremlin Nob","floor":11,"turns":4}],"seed_played":"-5010129169250471419","potions_obtained":[{"floor":1,"key":"Swift Potion"},{"floor":4,"key":"EssenceOfSteel"},{"floor":5,"key":"EssenceOfSteel"}],"is_trial":false,"path_per_floor":["M","?","$","M","M","E","?","E","T","T","E"],"character_chosen":"RUNESMITH_CLASS","items_purchased":["Runesmith:LithiumIon"],"campfire_rested":0,"item_purchase_floors":[3],"current_hp_per_floor":[62,62,62,62,62,45,45,18,18,18,0,0],"gold":295,"neow_bonus":"THREE_RARE_CARDS","is_daily":false,"chose_seed":false,"campfire_upgraded":0,"win_rate":0.0,"timestamp":1613855385,"path_taken":["M","?","$","?","M","E","?","E","T","?","E"],"items_purchased_type":["Card"],"build_version":"2020-12-22","purchased_purges":0,"victory":false,"max_hp_per_floor":[63,63,63,63,63,63,63,63,63,63,63,63],"card_choices":[{"not_picked":["Runesmith:FissionHammer","Runesmith:CraftMedicinae"],"picked":"Runesmith:Duplicate","floor":0},{"not_picked":["Runesmith:Superposition","Runesmith:RuneHurl"],"picked":"Runesmith:NegativeSpace","floor":1},{"not_picked":["Runesmith:Overpower","Runesmith:Retool"],"picked":"Runesmith:HeatedChisel","floor":4},{"not_picked":["Runesmith:MakeshiftArmor","Runesmith:Repurpose","Runesmith:HeatExchange"],"picked":"SKIP","floor":5},{"not_picked":["Runesmith:ShiftingStrike","Runesmith:CraftObretio"],"picked":"Runesmith:DuctTape","floor":6},{"not_picked":["Runesmith:CraftSpiculum","Runesmith:HammerAndChisel"],"picked":"Runesmith:Refine","floor":8}],"player_experience":212508,"relics_obtained":[{"floor":8,"key":"MealTicket"},{"floor":9,"key":"Ornamental Fan"},{"floor":10,"key":"Shuriken"}],"event_choices":[{"damage_healed":0,"gold_gain":0,"player_choice":"Upgraded","damage_taken":0,"max_hp_gain":0,"max_hp_loss":0,"event_name":"Upgrade Shrine","floor":2,"gold_loss":0,"cards_upgraded":["Runesmith:NegativeSpace"]},{"damage_healed":0,"gold_gain":175,"player_choice":"AGREE","damage_taken":0,"max_hp_gain":0,"max_hp_loss":0,"event_name":"Liars Game","floor":7,"gold_loss":0,"cards_obtained":["Doubt"]}],"is_beta":false,"boss_relics":[],"items_purged_floors":[],"is_endless":false,"potions_floor_spawned":[1,4,5],"killed_by":"Gremlin Nob","ascension_level":2}}