{"host":"oknzaotplmnl5xaf","time":1613779975,"event":{"mods":["BaseMod","Colored Map","Highlight Path","Minty Spire (QoL Compilation)","Permanent Neow","Quick Restart","Relic Stats"],"gold_per_floor":[109,109,109,126,9,9,22,54,54,54,68,68,81,109,109,183,183,197,215,55,70,70,70,70],"floor_reached":23,"language":"ENG","playtime":877,"items_purged":["Strike_B"],"score":452,"play_id":"6345bfce-bf84-48b2-b4d7-01950054739c","local_time":"20210219191255","is_ascension_mode":true,"campfire_choices":[{"data":"Sunder","floor":6,"key":"SMITH"},{"floor":10,"key":"REST"},{"data":"Go for the Eyes","floor":15,"key":"SMITH"}],"circlet_count":0,"master_deck":["AscendersBane","Strike_B+1","Defend_B","Defend_B","Defend_B","Defend_B","Zap+1","Dualcast","Blind+1","Ball Lightning","Lockon","Sunder+1","Ball Lightning","Glacier","Chill","Skim","Go for the Eyes+1","Machine Learning","Hologram","Compile Driver","Meteor Strike"],"relics":["Cracked Core","Bird Faced Urn","Thread and Needle","Vajra","Velvet Choker","MealTicket"],"acts_visited":["Exordium","TheCity"],"potions_floor_usage":[11,23],"damage_taken":[{"damage":1,"enemies":"2 Louse","floor":1,"turns":2},{"damage":2,"enemies":"Jaw Worm","floor":4,"turns":2},{"damage":0,"enemies":"Small Slimes","floor":7,"turns":2},{"damage":11,"enemies":"Gremlin Nob","floor":8,"turns":3},{"damage":4,"enemies":"Gremlin Gang","floor":11,"turns":4},{"damage":0,"enemies":"3 Louse","floor":13,"turns":3},{"damage":0,"enemies":"Lagavulin","floor":14,"turns":6},{"damage":8,"enemies":"The Guardian","floor":16,"turns":12},{"damage":0,"enemies":"Spheric Guardian","floor":18,"turns":2},{"damage":22,"enemies":"2 Thieves","floor":19,"turns":4},{"damage":0,"enemies":"Snecko","floor":21,"turns":2},{"damage":50,"enemies":"Gremlin Leader","floor":23,"turns":6}],"seed_played":"8284041561825970008","potions_obtained":[{"floor":1,"key":"PowerPotion"},{"floor":4,"key":"SkillPotion"},{"floor":11,"key":"Explosive Potion"},{"floor":13,"key":"EssenceOfSteel"},{"floor":19,"key":"Swift Potion"}],"is_trial":false,"path_per_floor":["M","?","?","M","$","R","M","E","T","R","M","?","M","E","R","B",null,"M","M","$","M","?","E"],"character_chosen":"DEFECT","items_purchased":["Sunder","MealTicket"],"campfire_rested":1,"item_purchase_floors":[5,20],"current_hp_per_floor":[63,42,42,40,40,40,40,29,29,50,46,46,46,46,46,38,63,63,41,41,43,43,0,0],"gold":70,"neow_bonus":"RANDOM_COLORLESS","is_daily":false,"chose_seed":false,"campfire_upgraded":2,"win_rate":0.0,"timestamp":1613779975,"path_taken":["M","?","?","M","$","R","M","E","T","R","M","?","?","E","R","BOSS","M","?","$","M","?","E"],"items_purchased_type":["Card","Relic"],"build_version":"2020-12-22","purchased_purges":1,"victory":false,"max_hp_per_floor":[71,71,71,71,71,71,71,71,71,71,71,71,71,71,71,71,71,71,71,71,71,71,71,71],"relic_stats":{"counters":[12,48],"Bird Faced Urn":[6],"MealTicket":0,"obtain_stats":[{"Bird Faced Urn":8,"Vajra":14,"Velvet Choker":17,"Thread and Needle":12,"MealTicket":20,"Cracked Core":0},{"Bird Faced Urn":4,"Vajra":7,"Velvet Choker":8,"Thread and Needle":5,"MealTicket":10,"Cracked Core":0},{"Bird Faced Urn":9,"Vajra":22,"Velvet Choker":34,"Thread and Needle":13,"MealTicket":40,"Cracked Core":0}]},"card_choices":[{"not_picked":["Trip","Forethought"],"picked":"Blind","floor":0},{"not_picked":["Chaos","Capacitor"],"picked":"Ball Lightning","floor":1},{"not_picked":["Stack","Static Discharge"],"picked":"Lockon","floor":4},{"not_picked":["Redo","Hologram"],"picked":"Ball Lightning","floor":7},{"not_picked":["Cold Snap","Thunder Strike"],"picked":"Glacier","floor":8},{"not_picked":["Undo","Gash"],"picked":"Chill","floor":11},{"not_picked":["Rebound","Chill"],"picked":"Skim","floor":13},{"not_picked":["Compile Driver","Aggregate"],"picked":"Go for the Eyes","floor":14},{"not_picked":["Multi-Cast","Core Surge"],"picked":"Machine Learning","floor":16},{"not_picked":["Barrage","Beam Cell"],"picked":"Hologram","floor":18},{"not_picked":["Steam","Double Energy","Streamline"],"picked":"SKIP","floor":19},{"not_picked":["Rip and Tear","Go for the Eyes","Steam Power+1"],"picked":"SKIP","floor":21}],"player_experience":1558589,"relics_obtained":[{"floor":8,"key":"Bird Faced Urn"},{"floor":14,"key":"Vajra"}],"event_choices":[{"damage_healed":0,"gold_gain":0,"player_choice":"Entered Light","damage_taken":21,"max_hp_gain":0,"max_hp_loss":0,"event_name":"Shining Light","floor":2,"gold_loss":0,"cards_upgraded":["Zap","Strike_B"]},{"damage_healed":0,"gold_gain":0,"player_choice":"Grow","damage_taken":0,"max_hp_gain":0,"max_hp_loss":0,"event_name":"Living Wall","floor":3,"gold_loss":0,"cards_upgraded":["Blind"]},{"damage_healed":0,"gold_gain":0,"player_choice":"Gave Potion","damage_taken":0,"relics_obtained":["Thread and Needle"],"max_hp_gain":0,"max_hp_loss":0,"event_name":"WeMeetAgain","floor":12,"gold_loss":0},{"damage_healed":0,"gold_gain":0,"cards_transformed":["Strike_B","Strike_B"],"player_choice":"Became Test Subject","damage_taken":0,"max_hp_gain":0,"max_hp_loss":0,"event_name":"Drug Dealer","floor":22,"gold_loss":0,"cards_obtained":["Compile Driver","Meteor Strike"]}],"is_beta":false,"boss_relics":[{"not_picked":["Calling Bell","Pandora\u0027s Box"],"picked":"Velvet Choker"}],"items_purged_floors":[5],"is_endless":false,"potions_floor_spawned":[1,4,11,13,14,19,21],"killed_by":"Gremlin Leader","ascension_level":20}}