{"host":"g7uq9uzahx9e0kti","time":1613829351,"event":{"mods":["100% Spire Juice","AchievementEnabler","Act Like it!","Arknights","BaseMod","CapriCore","Hermit","Koishi","Minty Spire (QoL Compilation)","Permanent Neow","Quick Restart","StSLib","SuperFastMode","The Bug Knight","The Cursed","The Hierophant","The Poker Player","Together in Spire","WarShipGirlsR/??á´Ò³R mod"],"gold_per_floor":[114,128,143,68,81,81,81,81,153,185,196,206,216,232,232,337,337,357,307,257,272,289,317,317,317,317,317,317,344,344,6,6,6,6],"floor_reached":33,"language":"KOR","playtime":1268,"items_purged":["hermit:Defend_Hermit"],"score":287,"play_id":"397d83c6-8334-4a61-94f6-a9a47fa7881b","local_time":"20210220225551","is_ascension_mode":false,"campfire_choices":[{"data":"hermit:Ricochet","floor":6.0,"key":"SMITH"},{"data":"hermit:CursedWeapon","floor":8.0,"key":"SMITH"},{"floor":15.0,"key":"REST"},{"floor":24.0,"key":"REST"},{"floor":27.0,"key":"REST"},{"floor":30.0,"key":"REST"},{"floor":32.0,"key":"REST"}],"circlet_count":0,"master_deck":["hermit:Strike_Hermit","hermit:Strike_Hermit+1","hermit:Defend_Hermit","hermit:Defend_Hermit","hermit:Snapshot+1","hermit:Covet","hermit:Dive","hermit:Ricochet+1","hermit:SprayPray","hermit:CursedWeapon+1","hermit:Glare","hermit:Ricochet","hermit:PistolWhip","hermit:WideOpen","hermit:HeroicBravado","hermit:Misfire","hermit:GhostlyPresence","hermit:Glare","hermit:PistolWhip","hermit:Coalescence","hermit:Glare","hermit:GoldenBullet","hermit:Ricochet","Dramatic Entrance"],"relics":["hermit:Momento","Ornamental Fan","hermit:RyeStalk","Black Star","Whetstone","WingedGreaves","Nunchaku","Darkstone Periapt","Letter Opener"],"acts_visited":["Exordium","TheCity"],"potions_floor_usage":[33,33,33],"damage_taken":[{"damage":1.0,"enemies":"Cultist","floor":1.0,"turns":3.0},{"damage":5.0,"enemies":"Small Slimes","floor":2.0,"turns":3.0},{"damage":0.0,"enemies":"2 Louse","floor":3.0,"turns":2.0},{"damage":3.0,"enemies":"Large Slime","floor":5.0,"turns":6.0},{"damage":18.0,"enemies":"Lagavulin","floor":10.0,"turns":5.0},{"damage":2.0,"enemies":"Exordium Wildlife","floor":11.0,"turns":2.0},{"damage":2.0,"enemies":"3 Louse","floor":12.0,"turns":2.0},{"damage":3.0,"enemies":"Lots of Slimes","floor":13.0,"turns":3.0},{"damage":2.0,"enemies":"Exordium Wildlife","floor":14.0,"turns":2.0},{"damage":29.0,"enemies":"The Guardian","floor":16.0,"turns":6.0},{"damage":20.0,"enemies":"2 Thieves","floor":18.0,"turns":3.0},{"damage":10.0,"enemies":"Shell Parasite","floor":21.0,"turns":3.0},{"damage":22.0,"enemies":"Sentry and Sphere","floor":22.0,"turns":4.0},{"damage":14.0,"enemies":"HollowMod:Nosk","floor":23.0,"turns":7.0},{"damage":37.0,"enemies":"Slavers","floor":29.0,"turns":5.0},{"damage":60,"enemies":"Automaton","floor":33,"turns":6}],"seed_played":"3462735084088575213","potions_obtained":[{"floor":10.0,"key":"SpeedPotion"},{"floor":12.0,"key":"Dexterity Potion"},{"floor":14.0,"key":"Block Potion"},{"floor":23.0,"key":"Weak Potion"},{"floor":29.0,"key":"SkillPotion"}],"is_trial":false,"path_per_floor":["M","M","M","$","M","R","?","R","T","E","M","M","M","M","R","B",null,"M","?","?","M","M","E","R","?","T","R","?","E","R","$","R","B"],"character_chosen":"HERMIT","items_purchased":["Letter Opener","Dramatic Entrance"],"campfire_rested":5,"item_purchase_floors":[31,31],"current_hp_per_floor":[53,48,48,48,45,45,45,45,45,27,25,23,20,18,40,11,75,55,55,55,45,23,9,31,31,31,53,53,16,38,38,60,0,0],"gold":6,"neow_bonus":"REMOVE_TWO","is_daily":false,"chose_seed":false,"campfire_upgraded":2,"win_rate":0.0,"timestamp":1613829351,"path_taken":["M","M","M","?","M","R","?","R","T","E","M","?","M","M","R","BOSS","M","?","?","?","M","E","R","?","T","R","?","E","R","$","R","BOSS"],"items_purchased_type":["Relic","Card"],"build_version":"2020-12-22","purchased_purges":1,"victory":false,"max_hp_per_floor":[75,75,75,75,75,75,75,75,75,75,75,75,75,75,75,75,75,75,75,75,75,75,75,75,75,75,75,75,75,75,75,75,75,75],"card_choices":[{"not_picked":["hermit:ItchyTrigger","hermit:Coalescence","hermit:Desperado"],"picked":"SKIP","floor":1.0},{"not_picked":["hermit:CalledShot","hermit:EyeOfTheStorm"],"picked":"hermit:Dive","floor":2.0},{"not_picked":["hermit:HighCaliber","hermit:Cheat"],"picked":"hermit:Ricochet","floor":3.0},{"not_picked":["hermit:HoleUp","hermit:LowProfile"],"picked":"hermit:SprayPray","floor":5.0},{"not_picked":["hermit:BigShot","hermit:Desperado"],"picked":"hermit:Glare","floor":10.0},{"not_picked":["hermit:Coalescence","hermit:TakeAim"],"picked":"hermit:Ricochet","floor":11.0},{"not_picked":["hermit:GhostlyPresence","hermit:Purgatory"],"picked":"hermit:PistolWhip","floor":12.0},{"not_picked":["hermit:ItchyTrigger","hermit:CalledShot","hermit:Feint"],"picked":"SKIP","floor":13.0},{"not_picked":["hermit:Shortfuse","hermit:Enervate"],"picked":"hermit:WideOpen","floor":14.0},{"not_picked":["hermit:FromBeyond","hermit:Purgatory"],"picked":"hermit:HeroicBravado","floor":16.0},{"not_picked":["hermit:Shortfuse","hermit:Determination"],"picked":"hermit:Misfire","floor":18.0},{"not_picked":[],"picked":"hermit:GhostlyPresence","floor":19.0},{"not_picked":[],"picked":"hermit:Glare","floor":19.0},{"not_picked":[],"picked":"hermit:PistolWhip","floor":19.0},{"not_picked":[],"picked":"hermit:Coalescence","floor":19.0},{"not_picked":["hermit:Maintenance+1","hermit:Horror"],"picked":"hermit:Glare","floor":21.0},{"not_picked":["hermit:Headshot+1","hermit:ItchyTrigger+1","hermit:LowProfile"],"picked":"SKIP","floor":22.0},{"not_picked":["hermit:BlackWind","hermit:GoldenBullet","hermit:Gestalt"],"picked":"SKIP","floor":23.0},{"not_picked":["hermit:BlackWind","hermit:Gestalt"],"picked":"hermit:GoldenBullet","floor":23.0},{"not_picked":["hermit:HighCaliber","hermit:Glare"],"picked":"hermit:Ricochet","floor":29.0}],"player_experience":145291,"relics_obtained":[{"floor":9.0,"key":"Ornamental Fan"},{"floor":10.0,"key":"hermit:RyeStalk"},{"floor":23.0,"key":"Whetstone"},{"floor":23.0,"key":"WingedGreaves"},{"floor":29.0,"key":"Nunchaku"},{"floor":29.0,"key":"Darkstone Periapt"}],"event_choices":[{"damage_healed":0.0,"max_hp_gain":0.0,"max_hp_loss":0.0,"gold_gain":0.0,"cards_transformed":["hermit:Strike_Hermit"],"event_name":"Transmorgrifier","player_choice":"Transformed","floor":7.0,"gold_loss":0.0,"damage_taken":0.0,"cards_obtained":["hermit:CursedWeapon"]},{"damage_healed":0.0,"max_hp_gain":0.0,"max_hp_loss":0.0,"gold_gain":0.0,"event_name":"The Joust","player_choice":"Bet on Murderer","floor":20.0,"gold_loss":50.0,"damage_taken":0.0},{"damage_healed":0.0,"max_hp_gain":0.0,"max_hp_loss":0.0,"gold_gain":0.0,"event_name":"Ghosts","player_choice":"Ignored","floor":25.0,"gold_loss":0.0,"damage_taken":0.0},{"damage_healed":0.0,"max_hp_gain":0.0,"max_hp_loss":0.0,"gold_gain":0.0,"event_name":"Vampires","player_choice":"Ignored","floor":28.0,"gold_loss":0.0,"damage_taken":0.0}],"is_beta":false,"boss_relics":[{"not_picked":["Tiny House","Empty Cage"],"picked":"Black Star"}],"items_purged_floors":[4],"is_endless":false,"potions_floor_spawned":[10,12,14,23,29],"killed_by":"Automaton","ascension_level":0}}