{"host":"43wsnxh97mgjl5zw","time":1613848595,"event":{"mods":["Aspiration","BaseMod","Colored Map","Colored Powertips","Conspire","Downfall","Halation","Hubris","Minty Spire (QoL Compilation)","Quick Restart","Rare Cards Sparkle","Relic Sorter","Reliquary","Replay The Spire","StSLib"],"gold_per_floor":[113,113,113,129,144,185,110,131,180,180,180,180],"floor_reached":11,"language":"ENG","playtime":231,"items_purged":[],"score":146,"play_id":"ce60ac49-1526-4ee5-aa92-4d9ec9c5116f","local_time":"20210220211635","is_ascension_mode":true,"campfire_choices":[],"circlet_count":0,"master_deck":["AscendersBane","Strike_R","Strike_R","Strike_R","Strike_R","Defend_R","Defend_R","Defend_R","Defend_R","Bash","Entrench+1","ReplayTheSpireMod:Stacked","Cleave","Fire Breathing","Body Slam"],"relics":["Burning Blood","NeowsBlessing","Golden Idol","Bag of Marbles","reliquary:Knoch"],"acts_visited":["Exordium"],"potions_floor_usage":[6,11],"damage_taken":[{"damage":0,"enemies":"conspire:RoseBush","floor":1,"turns":1},{"damage":0,"enemies":"Jaw Worm","floor":4,"turns":1},{"damage":0,"enemies":"Cultist","floor":5,"turns":1},{"damage":56,"enemies":"Gremlin Nob","floor":6,"turns":5},{"damage":8,"enemies":"2 Fungi Beasts","floor":8,"turns":3},{"damage":24,"enemies":"Lagavulin","floor":11,"turns":8}],"seed_played":"-2901392861680301824","potions_obtained":[{"floor":5,"key":"conspire:TimeTravelPotion"},{"floor":8,"key":"BlessingOfTheForge"}],"is_trial":false,"path_per_floor":["M","?","?","M","M","E","$","M","T","?","E"],"character_chosen":"IRONCLAD","items_purchased":["Fire Breathing"],"campfire_rested":0,"item_purchase_floors":[7],"current_hp_per_floor":[74,68,68,68,68,42,42,40,40,40,16,16],"gold":180,"neow_bonus":"THREE_ENEMY_KILL","is_daily":false,"chose_seed":false,"campfire_upgraded":0,"win_rate":0.0,"timestamp":1613848595,"path_taken":["M","?","?","M","?","E","$","M","T","?","E"],"items_purchased_type":["Card"],"build_version":"2020-12-22","purchased_purges":0,"victory":false,"max_hp_per_floor":[75,68,68,68,68,68,68,68,68,68,68,68],"card_choices":[{"not_picked":["Twin Strike","Infernal Blade"],"picked":"Entrench","floor":1},{"not_picked":["Pommel Strike","Warcry"],"picked":"ReplayTheSpireMod:Stacked","floor":4},{"not_picked":["Havoc","Shrug It Off"],"picked":"Cleave","floor":5},{"not_picked":["Thunderclap","Second Wind","hubris:ReadiedAction"],"picked":"SKIP","floor":6},{"not_picked":["True Grit","Headbutt"],"picked":"Body Slam","floor":8}],"player_experience":1271543,"relics_obtained":[{"floor":6,"key":"Bag of Marbles"},{"floor":9,"key":"reliquary:Knoch"}],"event_choices":[{"damage_healed":0,"gold_gain":0,"player_choice":"Lose Max HP","damage_taken":0,"relics_obtained":["Golden Idol"],"max_hp_gain":0,"max_hp_loss":7,"event_name":"Golden Idol","floor":2,"gold_loss":0},{"damage_healed":0,"gold_gain":0,"player_choice":"Upgraded","damage_taken":0,"max_hp_gain":0,"max_hp_loss":0,"event_name":"Upgrade Shrine","floor":3,"gold_loss":0,"cards_upgraded":["Entrench"]},{"cards_removed":["Strike_R"],"damage_healed":0,"gold_gain":0,"player_choice":"Purged","damage_taken":0,"max_hp_gain":0,"max_hp_loss":0,"event_name":"Purifier","floor":10,"gold_loss":0}],"is_beta":false,"boss_relics":[],"items_purged_floors":[],"is_endless":false,"potions_floor_spawned":[5,8],"killed_by":"Lagavulin","ascension_level":20}}