{"host":"4qkvkh7pd9qr2mca","time":1613855947,"event":{"mods":["AchievementEnabler","Act Like it!","BaseMod","Colored Map","Colored Powertips","Highlight Path","Minty Spire (QoL Compilation)","Pale of the Ancients","Permanent Neow","Quick Restart","Relic Stats","StSLib","SuperFastMode"],"gold_per_floor":[117,117,117,217,229,259,259,291,343,343,377,394,413,431,431,431,431],"floor_reached":16,"language":"ENG","playtime":556,"items_purged":[],"score":240,"play_id":"37f367c3-6cdb-4344-bad3-29a2bedd6cfb","local_time":"20210220221907","is_ascension_mode":true,"campfire_choices":[{"floor":7,"key":"REST"},{"floor":10,"key":"REST"},{"data":"Choke","floor":15,"key":"SMITH"}],"circlet_count":0,"master_deck":["AscendersBane","Strike_G","Strike_G","Strike_G","Strike_G","Defend_G","Defend_G","Defend_G","Defend_G","Defend_G","Survivor","Neutralize","Venomology","Slice","Choke+1","Infinite Blades","Terror","Flying Knee"],"relics":["Ring of the Snake","Ancient Tea Set","Smiling Mask","Boot","Lantern"],"acts_visited":["Exordium"],"potions_floor_usage":[5,6,6,8,8,8,11,13,14,14,16,16],"damage_taken":[{"damage":1,"enemies":"2 Louse","floor":1,"turns":5},{"damage":1,"enemies":"Jaw Worm","floor":5,"turns":3},{"damage":36,"enemies":"Lagavulin","floor":6,"turns":8},{"damage":6,"enemies":"Gremlin Nob","floor":8,"turns":3},{"damage":23,"enemies":"Lagavulin","floor":11,"turns":6},{"damage":0,"enemies":"Cultist","floor":12,"turns":4},{"damage":0,"enemies":"2 Fungi Beasts","floor":13,"turns":4},{"damage":1,"enemies":"Looter","floor":14,"turns":3},{"damage":16,"enemies":"The Guardian","floor":16,"turns":5}],"seed_played":"3213850054976927295","potions_obtained":[{"floor":5,"key":"Strength Potion"},{"floor":6,"key":"Strength Potion"},{"floor":11,"key":"Block Potion"},{"floor":14,"key":"Fruit Juice"}],"is_trial":false,"path_per_floor":["M","?","?","?","M","E","R","E","T","R","E","M","M","M","R","B"],"character_chosen":"THE_SILENT","items_purchased":[],"campfire_rested":2,"item_purchase_floors":[],"current_hp_per_floor":[43,36,58,58,57,21,40,34,34,53,30,30,30,34,34,18,18],"gold":431,"neow_bonus":"THREE_RARE_CARDS","is_daily":false,"chose_seed":false,"campfire_upgraded":1,"win_rate":0.0,"timestamp":1613855947,"path_taken":["M","?","?","?","M","E","R","E","T","R","E","M","M","?","R","BOSS"],"items_purchased_type":[],"build_version":"2020-12-22","purchased_purges":0,"victory":false,"max_hp_per_floor":[66,66,66,66,66,66,66,66,66,66,66,66,66,71,71,71,71],"relic_stats":{"counters":[9,41],"Smiling Mask":0,"Boot":[26],"obtain_stats":[{"Lantern":11,"Ancient Tea Set":6,"Smiling Mask":8,"Boot":9,"Ring of the Snake":0},{"Lantern":5,"Ancient Tea Set":3,"Smiling Mask":4,"Boot":4,"Ring of the Snake":0},{"Lantern":25,"Ancient Tea Set":16,"Smiling Mask":19,"Boot":19,"Ring of the Snake":0}],"Ring of the Snake":[18]},"card_choices":[{"not_picked":["Tools of the Trade","Storm of Steel"],"picked":"Venomology","floor":0},{"not_picked":["Acrobatics","Outmaneuver"],"picked":"Slice","floor":1},{"not_picked":["Dagger Spray","Heel Hook"],"picked":"Choke","floor":5},{"not_picked":["Prepared","Terror"],"picked":"Infinite Blades","floor":6},{"not_picked":["Tactician","Quick Slash","Flechettes"],"picked":"SKIP","floor":8},{"not_picked":["Cloak And Dagger","Tactician"],"picked":"Terror","floor":11},{"not_picked":["Bane","Distraction","Flechettes"],"picked":"SKIP","floor":12},{"not_picked":["Deadly Poison","Dagger Spray"],"picked":"Flying Knee","floor":13},{"not_picked":["Catalyst","Predator","Sucker Punch"],"picked":"SKIP","floor":14}],"player_experience":654394,"relics_obtained":[{"floor":6,"key":"Ancient Tea Set"},{"floor":8,"key":"Smiling Mask"},{"floor":9,"key":"Boot"},{"floor":11,"key":"Lantern"}],"event_choices":[{"cards_removed":["Strike_G"],"damage_healed":0,"gold_gain":0,"player_choice":"Card Removal","damage_taken":7,"max_hp_gain":0,"max_hp_loss":0,"event_name":"Golden Wing","floor":2,"gold_loss":0},{"damage_healed":22,"gold_gain":0,"player_choice":"Banana","damage_taken":0,"max_hp_gain":0,"max_hp_loss":0,"event_name":"Big Fish","floor":3,"gold_loss":0},{"damage_healed":0,"gold_gain":100,"player_choice":"Gold","damage_taken":0,"max_hp_gain":0,"max_hp_loss":0,"event_name":"Wheel of Change","floor":4,"gold_loss":0}],"is_beta":false,"boss_relics":[],"items_purged_floors":[],"is_endless":false,"potions_floor_spawned":[5,6,11,12,14],"killed_by":"The Guardian","ascension_level":20}}