{"host":"g7uq9uzahx9e0kti","time":1613806091,"event":{"mods":["100% Spire Juice","AchievementEnabler","Act Like it!","Arknights","BaseMod","CapriCore","Hermit","Koishi","Minty Spire (QoL Compilation)","Permanent Neow","Quick Restart","StSLib","SuperFastMode","The Bug Knight","The Cursed","The Hierophant","The Poker Player","Together in Spire","WarShipGirlsR/??á´Ò³R mod"],"gold_per_floor":[116,116,129,204,204,243,21,21,48,66,66,104,51,94,94,213,213,232,232,232,253,277,320,320,13,67,81,121,121,164,183,183,183,183],"floor_reached":33,"language":"KOR","playtime":1255,"items_purged":["Regret","rmod:defend+1"],"score":408,"play_id":"e32b06e0-b874-4687-8d72-d4878bd1bba1","local_time":"20210220162811","is_ascension_mode":true,"campfire_choices":[{"data":"rmod:windflower","floor":8,"key":"SMITH"},{"data":"rmod:aggressivemary","floor":11,"key":"SMITH"},{"floor":15,"key":"REST"},{"data":"rmod:diamondstrike","floor":24,"key":"SMITH"},{"data":"rmod:tearstotiara","floor":32,"key":"SMITH"}],"circlet_count":0,"master_deck":["rmod:strick+1","rmod:strick+1","rmod:strick+1","rmod:strick+1","rmod:defend+1","rmod:defend+1","rmod:defend+1","rmod:basicallowance","rmod:maingunfire","rmod:aggressivemary+1","rmod:fletcherpendant+1","rmod:windflower+1","rmod:diamondstrike+1","rmod:tearstotiara+1","rmod:tearstotiara","rmod:firesupport","rmod:supportaircraftcarrier","rmod:supportescort+1","rmod:heivgo","rmod:ammunitionsupply+1","rmod:wife","rmod:intelligenceanalysis","rmod:wife"],"relics":["rmod:firstchargereward","NeowsBlessing","Golden Idol","Bag of Marbles","Thread and Needle","Whetstone","Oddly Smooth Stone","CaptainsWheel","rmod:extraamm","Busted Crown","Letter Opener","Smiling Mask","Kunai","Akabeko","Prayer Wheel","Strawberry"],"acts_visited":["Exordium","TheCity"],"potions_floor_usage":[23,30,33,33],"damage_taken":[{"damage":0,"enemies":"Jaw Worm","floor":1,"turns":1},{"damage":0,"enemies":"Small Slimes","floor":3,"turns":1},{"damage":0,"enemies":"Gremlin Nob","floor":6,"turns":1},{"damage":0,"enemies":"2 Louse","floor":10,"turns":1},{"damage":14,"enemies":"3 Sentries","floor":12,"turns":6},{"damage":6,"enemies":"Lagavulin","floor":14,"turns":4},{"damage":42,"enemies":"Hexaghost","floor":16,"turns":8},{"damage":7,"enemies":"2 Thieves","floor":18,"turns":2},{"damage":0,"enemies":"Cultist and Chosen","floor":21,"turns":3},{"damage":0,"enemies":"Snake Plant","floor":22,"turns":1},{"damage":0,"enemies":"Book of Stabbing","floor":23,"turns":3},{"damage":0,"enemies":"Snecko","floor":27,"turns":3},{"damage":9,"enemies":"Gremlin Leader","floor":28,"turns":6},{"damage":3,"enemies":"Book of Stabbing","floor":30,"turns":3},{"damage":7,"enemies":"Centurion and Healer","floor":31,"turns":3},{"damage":57,"enemies":"Collector","floor":33,"turns":7}],"seed_played":"6092466280973491103","potions_obtained":[{"floor":3,"key":"Strength Potion"},{"floor":12,"key":"Strength Potion"},{"floor":16,"key":"DistilledChaos"},{"floor":23,"key":"Fire Potion"},{"floor":28,"key":"Strength Potion"}],"is_trial":false,"path_per_floor":["M","?","M","?","?","E","$","R","T","M","R","E","$","E","R","B",null,"M","?","?","M","M","E","R","$","T","M","E","T","E","M","R","B"],"character_chosen":"PRAEFECT","items_purchased":["Whetstone","rmod:tearstotiara","Kunai"],"campfire_rested":1,"item_purchase_floors":[7,13,25],"current_hp_per_floor":[75,57,57,46,46,46,46,46,46,46,46,32,32,26,48,6,75,68,68,68,68,68,68,68,68,68,68,59,59,63,56,56,0,0],"gold":183,"neow_bonus":"THREE_ENEMY_KILL","is_daily":false,"chose_seed":false,"campfire_upgraded":4,"win_rate":0.0,"timestamp":1613806091,"path_taken":["M","?","M","?","?","E","?","R","T","M","R","E","$","E","R","BOSS","M","?","?","?","M","E","R","$","T","M","E","?","E","M","R","BOSS"],"items_purchased_type":["Relic","Card","Relic"],"build_version":"2020-12-22","purchased_purges":2,"victory":false,"max_hp_per_floor":[75,75,75,75,75,75,75,75,75,75,75,75,75,75,75,75,75,75,75,75,75,75,75,75,75,75,75,75,75,82,82,82,82,82],"card_choices":[{"not_picked":["rmod:combined","rmod:shuttlebombing"],"picked":"rmod:aggressivemary","floor":1},{"not_picked":["rmod:tearstotiara","rmod:diamondstrike"],"picked":"rmod:fletcherpendant","floor":3},{"not_picked":["rmod:overbreakdown","rmod:luckystar"],"picked":"rmod:windflower","floor":6},{"not_picked":["rmod:smokecover","rmod:advancebysurprise"],"picked":"rmod:diamondstrike","floor":10},{"not_picked":["rmod:ammunitionsupply","rmod:capitalist"],"picked":"rmod:tearstotiara","floor":12},{"not_picked":["rmod:generalist","rmod:overbreakdown"],"picked":"rmod:firesupport","floor":14},{"not_picked":[],"picked":"rmod:supportaircraftcarrier","floor":18},{"not_picked":[],"picked":"rmod:supportescort+1","floor":21},{"not_picked":[],"picked":"rmod:heivgo","floor":22},{"not_picked":[],"picked":"rmod:ammunitionsupply+1","floor":23},{"not_picked":["rmod:smokecover"],"picked":"SKIP","floor":27},{"not_picked":["rmod:combined"],"picked":"SKIP","floor":28},{"not_picked":[],"picked":"rmod:wife","floor":30},{"not_picked":[],"picked":"rmod:intelligenceanalysis","floor":31},{"not_picked":[],"picked":"rmod:wife","floor":31}],"player_experience":139883,"relics_obtained":[{"floor":6,"key":"Thread and Needle"},{"floor":9,"key":"Oddly Smooth Stone"},{"floor":12,"key":"CaptainsWheel"},{"floor":14,"key":"rmod:extraamm"},{"floor":23,"key":"Smiling Mask"},{"floor":26,"key":"Akabeko"},{"floor":28,"key":"Prayer Wheel"},{"floor":30,"key":"Strawberry"}],"event_choices":[{"damage_healed":0,"gold_gain":0,"player_choice":"Take Damage","damage_taken":18,"relics_obtained":["Golden Idol"],"max_hp_gain":0,"max_hp_loss":0,"event_name":"Golden Idol","floor":2,"gold_loss":0},{"damage_healed":0,"gold_gain":75,"player_choice":"Gather Gold","damage_taken":11,"max_hp_gain":0,"max_hp_loss":0,"event_name":"World of Goop","floor":4,"gold_loss":0},{"damage_healed":0,"gold_gain":0,"player_choice":"Box","damage_taken":0,"relics_obtained":["Bag of Marbles"],"max_hp_gain":0,"max_hp_loss":0,"event_name":"Big Fish","floor":5,"gold_loss":0,"cards_obtained":["Regret"]},{"damage_healed":0,"gold_gain":0,"player_choice":"Simplicity","damage_taken":0,"max_hp_gain":0,"max_hp_loss":0,"event_name":"Back to Basics","floor":19,"gold_loss":0,"cards_upgraded":["rmod:strick","rmod:strick","rmod:strick","rmod:defend","rmod:defend","rmod:defend","rmod:defend"]},{"damage_healed":0,"gold_gain":0,"player_choice":"Gave Potion","damage_taken":0,"relics_obtained":["Letter Opener"],"max_hp_gain":0,"max_hp_loss":0,"event_name":"WeMeetAgain","floor":20,"gold_loss":0}],"is_beta":false,"boss_relics":[{"not_picked":["Velvet Choker","Fusion Hammer"],"picked":"Busted Crown"}],"items_purged_floors":[7,25],"is_endless":false,"potions_floor_spawned":[3,12,16,18,23,28],"killed_by":"Collector","ascension_level":2}}