{"host":"a4s27ghlnr83kbqz","time":1613796116,"event":{"mods":["AchievementEnabler","BaseMod","Colored Map","Minty Spire (QoL Compilation)","Permanent Neow","SuperFastMode"],"gold_per_floor":[112,112,287,300,300,330,330,330,330,348,360,28,60,72,72,143,143,143,143,143,43,43,43,43,43,43,43,43,43,43,43,43,43,43,43,43,43,43,43,43,43,43,43,43,43,43,43,43,43,43,43],"floor_reached":50,"language":"KOR","playtime":1614,"items_purged":["Strike_G","Doubt"],"score":1064,"play_id":"f54f4a17-4c3d-4977-b21d-63b06382f2de","local_time":"20210220134156","is_ascension_mode":true,"campfire_choices":[{"data":"Bouncing Flask","floor":8.0,"key":"SMITH"},{"data":"Sadistic Nature","floor":15.0,"key":"SMITH"},{"data":"Well Laid Plans","floor":24.0,"key":"SMITH"},{"floor":30.0,"key":"REST"},{"floor":32.0,"key":"REST"},{"floor":40.0,"key":"REST"},{"floor":44.0,"key":"REST"},{"floor":46.0,"key":"REST"},{"floor":49.0,"key":"REST"}],"circlet_count":0,"master_deck":["AscendersBane","Survivor","Neutralize","A Thousand Cuts+1","Poisoned Stab","Bouncing Flask+1","Endless Agony","PiercingWail","Well Laid Plans+1","Sadistic Nature+1","Masterful Stab+1","Cloak And Dagger","Sucker Punch+1","Malaise","Blade Dance","Acrobatics","Terror+1","Noxious Fumes+1","Acrobatics+1","Envenom+1","Well Laid Plans+1","Accuracy+1","Night Terror","Predator+1","Quick Slash+1","Deadly Poison","Dodge and Roll","Prepared+1","PiercingWail","Leg Sweep","Writhe","After Image+1"],"relics":["Ring of the Snake","NeowsBlessing","MealTicket","Molten Egg 2","Centennial Puzzle","Ectoplasm","Blood Vial","Frozen Egg 2","WingedGreaves","Ancient Tea Set","Calipers","Ornamental Fan","Pandora\u0027s Box","Singing Bowl","Bronze Scales","Mercury Hourglass"],"acts_visited":["Exordium","TheCity","TheBeyond"],"potions_floor_usage":[50,50],"damage_taken":[{"damage":0.0,"enemies":"Jaw Worm","floor":1.0,"turns":1.0},{"damage":0.0,"enemies":"Small Slimes","floor":4.0,"turns":1.0},{"damage":0.0,"enemies":"Lagavulin","floor":6.0,"turns":1.0},{"damage":0.0,"enemies":"Cultist","floor":10.0,"turns":3.0},{"damage":14.0,"enemies":"Large Slime","floor":11.0,"turns":5.0},{"damage":9.0,"enemies":"3 Sentries","floor":13.0,"turns":5.0},{"damage":0.0,"enemies":"Blue Slaver","floor":14.0,"turns":2.0},{"damage":0.0,"enemies":"Slime Boss","floor":16.0,"turns":5.0},{"damage":7.0,"enemies":"3 Byrds","floor":18.0,"turns":4.0},{"damage":3.0,"enemies":"Shell Parasite","floor":19.0,"turns":4.0},{"damage":1.0,"enemies":"Chosen and Byrds","floor":20.0,"turns":4.0},{"damage":2.0,"enemies":"Gremlin Leader","floor":23.0,"turns":4.0},{"damage":25.0,"enemies":"Book of Stabbing","floor":27.0,"turns":5.0},{"damage":12.0,"enemies":"Gremlin Leader","floor":28.0,"turns":3.0},{"damage":18.0,"enemies":"Colosseum Slavers","floor":29.0,"turns":3.0},{"damage":1.0,"enemies":"Colosseum Nobs","floor":29.0,"turns":4.0},{"damage":4.0,"enemies":"Snecko","floor":31.0,"turns":5.0},{"damage":39.0,"enemies":"Automaton","floor":33.0,"turns":9.0},{"damage":19.0,"enemies":"3 Darklings","floor":35.0,"turns":3.0},{"damage":0.0,"enemies":"3 Shapes","floor":36.0,"turns":3.0},{"damage":34.0,"enemies":"Spire Growth","floor":38.0,"turns":4.0},{"damage":48.0,"enemies":"Nemesis","floor":41.0,"turns":7.0},{"damage":3.0,"enemies":"4 Shapes","floor":42.0,"turns":4.0},{"damage":13.0,"enemies":"Giant Head","floor":45.0,"turns":7.0},{"damage":8.0,"enemies":"Sphere and 2 Shapes","floor":47.0,"turns":4.0},{"damage":10.0,"enemies":"3 Darklings","floor":48.0,"turns":3.0},{"damage":56,"enemies":"Time Eater","floor":50,"turns":6}],"seed_played":"2062657645769261865","potions_obtained":[{"floor":4.0,"key":"Strength Potion"},{"floor":6.0,"key":"SkillPotion"},{"floor":14.0,"key":"Block Potion"},{"floor":23.0,"key":"LiquidBronze"},{"floor":27.0,"key":"Fire Potion"},{"floor":29.0,"key":"BlessingOfTheForge"},{"floor":35.0,"key":"DuplicationPotion"},{"floor":38.0,"key":"Poison Potion"},{"floor":45.0,"key":"Strength Potion"},{"floor":48.0,"key":"PowerPotion"}],"is_trial":false,"path_per_floor":["M","?","?","M","?","E","?","R","T","M","M","$","E","M","R","B",null,"M","M","M","$","?","E","R","?","T","E","E","?","R","M","R","B",null,"M","M","?","M","?","R","E","M","T","R","E","R","M","M","R","B"],"character_chosen":"THE_SILENT","items_purchased":["Sadistic Nature","Masterful Stab+1"],"campfire_rested":6,"item_purchase_floors":[12,12],"current_hp_per_floor":[63,63,63,63,49,49,49,49,49,49,35,50,41,41,41,41,63,56,53,52,67,67,65,65,65,65,42,32,17,38,36,57,20,58,41,43,43,11,29,50,4,5,5,26,17,39,35,29,52,0,0],"gold":43,"neow_bonus":"THREE_ENEMY_KILL","is_daily":false,"chose_seed":false,"campfire_upgraded":3,"win_rate":0.0,"timestamp":1613796116,"path_taken":["M","?","?","M","?","E","?","R","T","M","M","$","E","?","R","BOSS","M","M","M","$","?","E","R","?","T","E","E","?","R","M","R","BOSS","M","M","?","?","?","R","E","M","T","R","E","R","M","M","R","BOSS"],"items_purchased_type":["Card","Card"],"build_version":"2020-12-22","purchased_purges":2,"victory":false,"max_hp_per_floor":[70,70,70,70,70,70,70,70,70,70,70,70,70,70,70,70,70,70,70,70,70,70,70,70,70,70,70,70,70,70,70,70,70,70,70,70,70,70,70,70,70,72,72,72,74,74,76,78,78,78,78],"card_choices":[{"not_picked":["Bane","Catalyst","Acrobatics"],"picked":"SKIP","floor":1.0},{"not_picked":["Caltrops","Deflect"],"picked":"Poisoned Stab","floor":4.0},{"not_picked":["Catalyst","A Thousand Cuts"],"picked":"Bouncing Flask","floor":6.0},{"not_picked":["Deadly Poison","Blur"],"picked":"PiercingWail","floor":10.0},{"not_picked":["Calculated Gamble","Deflect"],"picked":"Well Laid Plans","floor":11.0},{"not_picked":["Quick Slash+1","Flechettes+1"],"picked":"Cloak And Dagger","floor":13.0},{"not_picked":["Acrobatics","Eviscerate+1"],"picked":"Sucker Punch+1","floor":14.0},{"not_picked":["Doppelganger","Wraith Form v2"],"picked":"Malaise","floor":16.0},{"not_picked":["Sucker Punch+1","Tactician"],"picked":"Blade Dance","floor":18.0},{"not_picked":["Heel Hook+1","Dagger Throw+1"],"picked":"Acrobatics","floor":19.0},{"not_picked":["Finisher+1","Night Terror"],"picked":"Terror+1","floor":20.0},{"not_picked":["Finisher+1","Quick Slash+1","Infinite Blades"],"picked":"SKIP","floor":23.0},{"not_picked":["Finisher+1","Quick Slash+1","Infinite Blades"],"picked":"SKIP","floor":23.0},{"not_picked":["Unload+1","Outmaneuver"],"picked":"Noxious Fumes+1","floor":27.0},{"not_picked":["Heel Hook+1","Crippling Poison"],"picked":"Acrobatics+1","floor":28.0},{"not_picked":["Slice+1","Flying Knee+1","Quick Slash+1"],"picked":"SKIP","floor":31.0},{"not_picked":["Grand Finale+1","Bullet Time"],"picked":"Envenom+1","floor":33.0},{"not_picked":["Escape Plan","All Out Attack+1"],"picked":"Prepared+1","floor":35.0},{"not_picked":["Slice+1","Quick Slash+1","Outmaneuver+1"],"picked":"SKIP","floor":36.0},{"not_picked":["Crippling Poison","Underhanded Strike+1"],"picked":"Leg Sweep","floor":38.0},{"not_picked":["Acrobatics","Backflip"],"picked":"After Image+1","floor":41.0},{"not_picked":["Flying Knee+1","Choke+1","Dodge and Roll"],"picked":"Singing Bowl","floor":42.0},{"not_picked":["Cloak And Dagger","Deadly Poison+1","Endless Agony+1"],"picked":"Singing Bowl","floor":45.0},{"not_picked":["Predator+1","Blade Dance+1","Eviscerate+1"],"picked":"Singing Bowl","floor":47.0},{"not_picked":["Slice+1","Cloak And Dagger","Quick Slash+1"],"picked":"Singing Bowl","floor":48.0}],"player_experience":1134893,"relics_obtained":[{"floor":6.0,"key":"MealTicket"},{"floor":9.0,"key":"Molten Egg 2"},{"floor":13.0,"key":"Centennial Puzzle"},{"floor":23.0,"key":"Blood Vial"},{"floor":26.0,"key":"Frozen Egg 2"},{"floor":27.0,"key":"WingedGreaves"},{"floor":28.0,"key":"Ancient Tea Set"},{"floor":29.0,"key":"Calipers"},{"floor":29.0,"key":"Ornamental Fan"},{"floor":41.0,"key":"Singing Bowl"},{"floor":43.0,"key":"Bronze Scales"},{"floor":45.0,"key":"Mercury Hourglass"}],"event_choices":[{"damage_healed":0.0,"max_hp_gain":0.0,"max_hp_loss":0.0,"gold_gain":0.0,"cards_transformed":["Strike_G"],"event_name":"Living Wall","player_choice":"Change","floor":2.0,"gold_loss":0.0,"damage_taken":0.0,"cards_obtained":["A Thousand Cuts"]},{"damage_healed":0.0,"max_hp_gain":0.0,"max_hp_loss":0.0,"gold_gain":175.0,"event_name":"Liars Game","player_choice":"AGREE","floor":3.0,"gold_loss":0.0,"damage_taken":0.0,"cards_obtained":["Doubt"]},{"damage_healed":0.0,"max_hp_gain":0.0,"max_hp_loss":0.0,"gold_gain":0.0,"event_name":"Shining Light","player_choice":"Entered Light","floor":5.0,"gold_loss":0.0,"damage_taken":14.0,"cards_upgraded":["A Thousand Cuts","Defend_G"]},{"damage_healed":0.0,"max_hp_gain":0.0,"max_hp_loss":0.0,"gold_gain":0.0,"event_name":"Match and Keep!","player_choice":"1 cards matched","floor":7.0,"gold_loss":0.0,"damage_taken":0.0,"cards_obtained":["Endless Agony"]},{"damage_healed":0.0,"max_hp_gain":0.0,"max_hp_loss":0.0,"gold_gain":99.0,"event_name":"Nest","player_choice":"Stole From Cult","floor":22.0,"gold_loss":0.0,"damage_taken":0.0},{"damage_healed":0.0,"max_hp_gain":0.0,"max_hp_loss":0.0,"gold_gain":0.0,"event_name":"Vampires","player_choice":"Ignored","floor":25.0,"gold_loss":0.0,"damage_taken":0.0},{"damage_healed":0.0,"max_hp_gain":0.0,"max_hp_loss":0.0,"gold_gain":0.0,"event_name":"Colosseum","player_choice":"Fight","floor":29.0,"gold_loss":0.0,"damage_taken":0.0},{"damage_healed":0.0,"max_hp_gain":0.0,"max_hp_loss":0.0,"gold_gain":0.0,"event_name":"Colosseum","player_choice":"Fought Nobs","floor":29.0,"gold_loss":0.0,"damage_taken":0.0},{"damage_healed":0.0,"max_hp_gain":0.0,"max_hp_loss":0.0,"gold_gain":0.0,"cards_transformed":["Storm of Steel"],"event_name":"Transmorgrifier","player_choice":"Transformed","floor":37.0,"gold_loss":0.0,"damage_taken":0.0,"cards_obtained":["PiercingWail"]},{"damage_healed":18.0,"max_hp_gain":0.0,"max_hp_loss":0.0,"gold_gain":0.0,"event_name":"Winding Halls","player_choice":"Writhe","floor":39.0,"gold_loss":0.0,"damage_taken":0.0,"cards_obtained":["Writhe"]}],"is_beta":false,"boss_relics":[{"not_picked":["Calling Bell","Coffee Dripper"],"picked":"Ectoplasm"},{"not_picked":["Busted Crown","SlaversCollar"],"picked":"Pandora\u0027s Box"}],"items_purged_floors":[12,21],"is_endless":false,"potions_floor_spawned":[4,6,14,16,23,27,29,31,35,38,45,48],"killed_by":"Time Eater","ascension_level":13}}