{"host":"eksvfr80mef7di1h","time":1613854704,"event":{"mods":["AchievementEnabler","BaseMod","Colored Map","Minty Spire (QoL Compilation)","StSLib","SuperFastMode"],"gold_per_floor":[118,136,151,170,189,214,214,230,230,230,230,73,90,90,90,194,194,206,254,271,271,271,297,217,227,227,227,245,270,270,290,290,394,394,409,426,61,111,131,131,143,143,223,254,270,270,54,80,80,80],"floor_reached":51,"language":"ENG","playtime":1198,"items_purged":["Strike_G","Strike_G+1","Strike_G+1"],"score":794,"play_id":"a446c628-61e8-46f1-a761-30f457c222c9","local_time":"20210220215824","is_ascension_mode":false,"campfire_choices":[{"data":"Cloak And Dagger","floor":7,"key":"SMITH"},{"data":"Cloak And Dagger","floor":10,"key":"SMITH"},{"data":"Accuracy","floor":15,"key":"SMITH"},{"data":"After Image","floor":27,"key":"SMITH"},{"data":"Burst","floor":30,"key":"SMITH"},{"floor":32,"key":"DIG"},{"data":"A Thousand Cuts","floor":40,"key":"SMITH"},{"floor":42,"key":"DIG"},{"data":"Acrobatics","floor":49,"key":"SMITH"}],"circlet_count":0,"master_deck":["Strike_G+1","Strike_G+1","Defend_G+1","Defend_G+1","Defend_G+1","Defend_G+1","Defend_G+1","Survivor","Neutralize","Slice","Acrobatics+1","Cloak And Dagger+1","Cloak And Dagger+1","Blade Dance","Escape Plan","Accuracy+1","Dagger Spray","After Image+1","Blade Dance","Quick Slash+1","Burst+1","Endless Agony","Backflip","A Thousand Cuts+1","Blur+1","Slice+1","Accuracy","Cloak And Dagger+1","Finisher","Adrenaline","Flash of Steel"],"relics":["WristBlade","Thread and Needle","Shovel","MealTicket","Sozu","Vajra","The Courier","Ornamental Fan","Prayer Wheel","Omamori","Busted Crown","Sling","Bag of Marbles","Nunchaku","The Specimen","Torii","Sundial","HornCleat","Membership Card","Oddly Smooth Stone"],"acts_visited":["Exordium","TheCity","TheBeyond"],"potions_floor_usage":[6,16,16,50],"damage_taken":[{"damage":1,"enemies":"Cultist","floor":1,"turns":4},{"damage":0,"enemies":"Small Slimes","floor":2,"turns":3},{"damage":0,"enemies":"Jaw Worm","floor":3,"turns":3},{"damage":0,"enemies":"Red Slaver","floor":4,"turns":3},{"damage":0,"enemies":"2 Fungi Beasts","floor":5,"turns":3},{"damage":4,"enemies":"Lagavulin","floor":6,"turns":5},{"damage":0,"enemies":"Blue Slaver","floor":8,"turns":2},{"damage":0,"enemies":"3 Louse","floor":13,"turns":2},{"damage":0,"enemies":"Slime Boss","floor":16,"turns":4},{"damage":0,"enemies":"Shell Parasite","floor":18,"turns":3},{"damage":1,"enemies":"Chosen","floor":20,"turns":2},{"damage":15,"enemies":"Book of Stabbing","floor":23,"turns":4},{"damage":0,"enemies":"Snecko","floor":25,"turns":4},{"damage":0,"enemies":"3 Cultists","floor":28,"turns":3},{"damage":0,"enemies":"Gremlin Leader","floor":29,"turns":4},{"damage":0,"enemies":"Sentry and Sphere","floor":31,"turns":3},{"damage":9,"enemies":"Collector","floor":33,"turns":4},{"damage":2,"enemies":"3 Darklings","floor":35,"turns":4},{"damage":0,"enemies":"3 Shapes","floor":36,"turns":2},{"damage":0,"enemies":"Mind Bloom Boss Battle","floor":38,"turns":4},{"damage":8,"enemies":"Spire Growth","floor":39,"turns":3},{"damage":0,"enemies":"Maw","floor":41,"turns":6},{"damage":1,"enemies":"Reptomancer","floor":44,"turns":4},{"damage":0,"enemies":"Sphere and 2 Shapes","floor":45,"turns":3},{"damage":32,"enemies":"Time Eater","floor":50,"turns":8}],"seed_played":"-1187114024156070375","potions_obtained":[{"floor":2,"key":"Ancient Potion"},{"floor":5,"key":"CunningPotion"},{"floor":8,"key":"Poison Potion"},{"floor":13,"key":"Swift Potion"},{"floor":14,"key":"DuplicationPotion"},{"floor":14,"key":"Ancient Potion"}],"is_trial":false,"path_per_floor":["M","M","M","M","M","E","R","M","T","R","?","$","M","?","R","B",null,"M","T","M","?","?","E","$","M","T","R","M","E","R","M","R","B",null,"M","M","$","?","M","R","M","R","T","E","M","?","$","T","R","B",null],"character_chosen":"THE_SILENT","items_purchased":["Accuracy","Sling","Bag of Marbles","Nunchaku","Membership Card","Flash of Steel"],"campfire_rested":0,"item_purchase_floors":[12,37,37,37,47,47],"current_hp_per_floor":[69,69,69,69,69,65,65,65,65,65,62,70,70,70,70,70,70,70,70,69,69,69,54,69,69,69,69,69,69,69,69,69,60,70,68,68,70,70,62,62,62,62,62,61,61,61,66,66,66,34],"gold":80,"neow_bonus":"BOSS_RELIC","is_daily":false,"chose_seed":false,"campfire_upgraded":7,"win_rate":0.0,"timestamp":1613854704,"path_taken":["M","?","M","M","M","E","R","M","T","R","?","$","M","?","R","BOSS","M","?","M","?","?","E","$","M","T","R","M","E","R","M","R","BOSS","M","M","$","?","M","R","M","R","T","E","M","?","$","?","R","BOSS"],"items_purchased_type":["Card","Relic","Relic","Relic","Relic","Card"],"build_version":"2020-12-22","purchased_purges":3,"victory":true,"max_hp_per_floor":[70,70,70,70,70,70,70,70,70,70,70,70,70,70,70,70,70,70,70,70,70,70,70,70,70,70,70,70,70,70,70,70,70,70,70,70,70,70,70,70,70,70,70,70,70,66,66,66,66,66],"card_choices":[{"not_picked":["Outmaneuver","Bane"],"picked":"Slice","floor":1},{"not_picked":["All Out Attack","Flying Knee"],"picked":"Acrobatics","floor":2},{"not_picked":["Dodge and Roll","Deflect"],"picked":"Cloak And Dagger","floor":3},{"not_picked":["PiercingWail","Flechettes","Poisoned Stab"],"picked":"SKIP","floor":4},{"not_picked":["Wraith Form v2","Dagger Throw"],"picked":"Cloak And Dagger","floor":5},{"not_picked":["Heel Hook","Noxious Fumes"],"picked":"Blade Dance","floor":6},{"not_picked":["Reflex","Calculated Gamble"],"picked":"Escape Plan","floor":8},{"not_picked":["Bane","Storm of Steel"],"picked":"Dagger Spray","floor":13},{"not_picked":["Envenom","Night Terror"],"picked":"After Image","floor":16},{"not_picked":["Dagger Spray","Flechettes"],"picked":"Blade Dance","floor":18},{"not_picked":["Heel Hook+1","Masterful Stab"],"picked":"Quick Slash+1","floor":20},{"not_picked":["Crippling Poison","Noxious Fumes","Well Laid Plans"],"picked":"SKIP","floor":23},{"not_picked":["Predator","Prepared","Noxious Fumes"],"picked":"SKIP","floor":25},{"not_picked":["All Out Attack","Poisoned Stab","Sucker Punch"],"picked":"SKIP","floor":28},{"not_picked":["Outmaneuver","Underhanded Strike+1"],"picked":"Endless Agony","floor":29},{"not_picked":["Concentrate","Outmaneuver+1"],"picked":"Backflip","floor":31},{"not_picked":["Dagger Spray","Setup","Crippling Poison"],"picked":"SKIP","floor":31},{"not_picked":["Envenom","Glass Knife"],"picked":"A Thousand Cuts","floor":33},{"not_picked":[],"picked":"Blur+1","floor":35},{"not_picked":[],"picked":"Slice+1","floor":35},{"not_picked":["Predator+1"],"picked":"SKIP","floor":36},{"not_picked":["Sucker Punch+1"],"picked":"SKIP","floor":36},{"not_picked":[],"picked":"Accuracy","floor":38},{"not_picked":["Reflex+1"],"picked":"SKIP","floor":39},{"not_picked":["Concentrate"],"picked":"SKIP","floor":39},{"not_picked":[],"picked":"Cloak And Dagger+1","floor":41},{"not_picked":[],"picked":"Finisher","floor":41},{"not_picked":[],"picked":"Adrenaline","floor":44},{"not_picked":["Cloak And Dagger"],"picked":"SKIP","floor":45},{"not_picked":["Dagger Spray+1"],"picked":"SKIP","floor":45}],"player_experience":169978,"relics_obtained":[{"floor":6,"key":"Thread and Needle"},{"floor":9,"key":"Shovel"},{"floor":19,"key":"Vajra"},{"floor":23,"key":"The Courier"},{"floor":26,"key":"Ornamental Fan"},{"floor":29,"key":"Prayer Wheel"},{"floor":32,"key":"Omamori"},{"floor":38,"key":"The Specimen"},{"floor":42,"key":"Torii"},{"floor":43,"key":"Sundial"},{"floor":44,"key":"HornCleat"},{"floor":48,"key":"Oddly Smooth Stone"}],"event_choices":[{"damage_healed":0,"gold_gain":0,"player_choice":"Success","damage_taken":3,"relics_obtained":["MealTicket"],"max_hp_gain":0,"max_hp_loss":0,"event_name":"Scrap Ooze","floor":11,"gold_loss":0},{"damage_healed":0,"gold_gain":0,"player_choice":"Got Potions","damage_taken":0,"max_hp_gain":0,"max_hp_loss":0,"event_name":"Lab","floor":14,"gold_loss":0},{"damage_healed":0,"gold_gain":0,"player_choice":"Read","damage_taken":0,"max_hp_gain":0,"max_hp_loss":0,"event_name":"The Library","floor":21,"gold_loss":0,"cards_obtained":["Burst"]},{"damage_healed":0,"gold_gain":0,"player_choice":"Simplicity","damage_taken":0,"max_hp_gain":0,"max_hp_loss":0,"event_name":"Back to Basics","floor":22,"gold_loss":0,"cards_upgraded":["Strike_G","Strike_G","Strike_G","Strike_G","Defend_G","Defend_G","Defend_G","Defend_G","Defend_G"]},{"damage_healed":0,"gold_gain":0,"player_choice":"Fight","damage_taken":0,"max_hp_gain":0,"max_hp_loss":0,"event_name":"MindBloom","floor":38,"gold_loss":0},{"damage_healed":0,"gold_gain":0,"player_choice":"Max HP","damage_taken":0,"max_hp_gain":0,"max_hp_loss":4,"event_name":"Winding Halls","floor":46,"gold_loss":0}],"is_beta":false,"boss_relics":[{"not_picked":["SlaversCollar","HoveringKite"],"picked":"Sozu"},{"not_picked":["SacredBark","Tiny House"],"picked":"Busted Crown"}],"items_purged_floors":[12,24,47],"is_endless":false,"potions_floor_spawned":[2,5,8,13,18,25,28,31,36,38,41,45],"ascension_level":0}}