{"host":"0dsi8ju7ih3zb7n8","time":1613836623,"event":{"mods":["2.2 Compatiblity","Act Like it!","BaseMod","Downfall","Hermit","Minty Spire (QoL Compilation)","Robot Space Explorer","Spicy Shops","StSLib","The Marked"],"gold_per_floor":[99,119,119,132,149,180,180,180,180,180,192,192,192,220,234,331,331,331,342,442,442,442,442,469,48,77,77,110,110,110,110,122,217,217,217,232,232,245,296,296,296,329,357,50,85,85,85,85,100,100],"floor_reached":51,"language":"ENG","playtime":1882,"items_purged":[],"score":1148,"play_id":"3aa52cd2-c389-4ffe-ad90-0b4923573593","local_time":"20210220165703","daily_mods":["SealedDeck","Heirloom","Flight"],"is_ascension_mode":false,"campfire_choices":[{"data":"bronze:Terminator","floor":1,"key":"SMITH"},{"data":"bronze:Constructor","floor":9,"key":"SMITH"},{"data":"bronze:Assembly","floor":13,"key":"SMITH"},{"data":"bronze:InfiniteLoop","floor":18,"key":"SMITH"},{"data":"bronze:Return","floor":23,"key":"SMITH"},{"data":"bronze:Flail","floor":27,"key":"SMITH"},{"data":"bronze:Shell","floor":29,"key":"SMITH"},{"data":"bronze:Separator","floor":30,"key":"SMITH"},{"data":"bronze:RecursiveStrike","floor":35,"key":"SMITH"},{"floor":40,"key":"RECALL"},{"data":"bronze:ItsAFeature","floor":47,"key":"SMITH"}],"circlet_count":0,"master_deck":["bronze:Separator+1","bronze:Frontload","bronze:Return+1","bronze:Fortify","bronze:Constructor+1","bronze:ChosenStrike","bronze:Flail+1","bronze:Terminator+1","bronze:ItsAFeature+1","bronze:Shell+1","bronze:Assembly+1","bronze:MaxOutput+1","bronze:ForLoop","bronze:InfiniteLoop+1","Necronomicurse","downfall:Bewildered","bronze:FineTuning+1","bronze:Return+1","bronze:MaxOutput+1","bronze:DigitalCarnage+1","bronze:RecursiveStrike+1","bronze:Return+1","downfall:Icky","bronze:CleanCode","bronze:ClassDefault","bronze:Iterate","bronze:GetLatest+1"],"relics":["bronze:BronzeCore","bronze:AnalyticalCore","Incense Burner","Shuriken","Strawberry","Juzu Bracelet","Letter Opener","Sundial","Philosopher\u0027s Stone","Prayer Wheel","Bottled Tornado","Necronomicon","sneckomod:BabySnecko","Anchor","Chemical X","Mummified Hand","Darkstone Periapt","Pear","Cursed Key","Guardian:PocketSentry","ClockworkSouvenir","Gambling Chip","champ:DuelingGlove","Bag of Marbles","Slimebound:PreparedRelic","Du-Vu Doll","Slimebound:StickyStick"],"acts_visited":["Exordium","TheCity","TheBeyond"],"potions_floor_usage":[14],"damage_taken":[{"damage":0,"enemies":"Cultist","floor":2,"turns":2},{"damage":0,"enemies":"Small Slimes","floor":4,"turns":2},{"damage":11,"enemies":"Jaw Worm","floor":5,"turns":2},{"damage":8,"enemies":"3 Sentries","floor":6,"turns":5},{"damage":1,"enemies":"Looter","floor":11,"turns":2},{"damage":0,"enemies":"Gremlin Nob","floor":14,"turns":3},{"damage":0,"enemies":"Exordium Thugs","floor":15,"turns":1},{"damage":28,"enemies":"DF_ARCHETYPE_STREAMLINE","floor":16,"turns":6},{"damage":1,"enemies":"Shell Parasite","floor":19,"turns":2},{"damage":23,"enemies":"IC_STATUS_ARCHETYPE","floor":20,"turns":3},{"damage":0,"enemies":"downfall:FleeingMerchant","floor":25,"turns":4},{"damage":0,"enemies":"Gremlin Leader","floor":26,"turns":4},{"damage":0,"enemies":"Slavers","floor":28,"turns":2},{"damage":0,"enemies":"downfall:LooterAlt2","floor":32,"turns":1},{"damage":0,"enemies":"WA_ARCHETYPE_CALM","floor":33,"turns":4},{"damage":0,"enemies":"3 Darklings","floor":36,"turns":2},{"damage":0,"enemies":"downfall:FleeingMerchant","floor":38,"turns":2},{"damage":0,"enemies":"2 Orb Walkers","floor":39,"turns":2},{"damage":0,"enemies":"Nemesis","floor":42,"turns":1},{"damage":0,"enemies":"Reptomancer","floor":43,"turns":1},{"damage":0,"enemies":"Giant Head","floor":45,"turns":2},{"damage":0,"enemies":"Orb Walker","floor":49,"turns":1},{"damage":0,"enemies":"IC_BLOCK_ARCHETYPE","floor":50,"turns":2}],"seed_played":"-4334904771330919852","potions_obtained":[{"floor":5,"key":"Block Potion"},{"floor":6,"key":"Weak Potion"},{"floor":14,"key":"PowerPotion"},{"floor":16,"key":"PowerPotion"},{"floor":31,"key":"CultistPotion"}],"is_trial":true,"path_per_floor":["R","M","T","M","M","E","T","?","R","T","M","?","R","E","M","B",null,"R","M","?","?","?","R","T","$","E","R","E","R","R","?","M","B",null,"R","M","?","$","?","R","T","E","E","$","E","?","R","?","M","B",null],"character_chosen":"THE_AUTOMATON","items_purchased":["Chemical X","Mummified Hand","Guardian:PocketSentry","ClockworkSouvenir","Du-Vu Doll"],"campfire_rested":0,"item_purchase_floors":[25,25,38,38,44],"current_hp_per_floor":[70,70,70,70,59,58,58,55,55,55,54,54,54,54,54,26,77,77,76,53,37,37,37,37,37,37,37,47,47,47,47,47,47,87,87,87,87,87,87,87,93,93,93,93,93,93,93,93,93,93],"gold":100,"neow_bonus":"","is_daily":false,"chose_seed":false,"campfire_upgraded":10,"win_rate":0.0,"timestamp":1613836623,"path_taken":["R","?","?","?","?","E","T","?","R","?","M","?","R","E","M","BOSS","R","M","?","?","?","R","T","$","E","R","E","R","R","?","M","BOSS","R","M","?","?","?","R","T","E","E","$","E","?","R","?","M","BOSS"],"items_purchased_type":["Relic","Relic","Relic","Relic","Relic"],"build_version":"2020-12-22","purchased_purges":0,"victory":true,"max_hp_per_floor":[70,70,70,70,70,77,77,77,77,77,77,77,77,77,77,77,77,77,77,77,77,77,77,77,77,77,77,87,87,87,87,87,87,87,87,87,87,87,87,87,93,93,93,93,93,93,93,93,93,93],"card_choices":[{"not_picked":["bronze:Iterate","bronze:DelayedSlice"],"picked":"bronze:ItsAFeature","floor":2},{"not_picked":["bronze:WhirlingStrike","bronze:Overheat"],"picked":"bronze:Shell","floor":4},{"not_picked":["bronze:Overheat","bronze:CutThrough","bronze:BitShift"],"picked":"SKIP","floor":5},{"not_picked":["bronze:DelayedGuard","bronze:OilSpill"],"picked":"bronze:Assembly","floor":6},{"not_picked":["bronze:NullPointer","bronze:Invalidate"],"picked":"bronze:MaxOutput","floor":11},{"not_picked":["bronze:WildBeam","bronze:CutThrough"],"picked":"bronze:ForLoop","floor":14},{"not_picked":["bronze:Frontload","bronze:Overheat","bronze:InfiniteBeams"],"picked":"SKIP","floor":15},{"not_picked":["bronze:Library","bronze:HyperBeam"],"picked":"bronze:InfiniteLoop","floor":16},{"not_picked":["bronze:Frontload","bronze:WildBeam","bronze:Shield"],"picked":"SKIP","floor":19},{"not_picked":["bronze:Shield","bronze:Separator+1"],"picked":"bronze:FineTuning+1","floor":25},{"not_picked":["bronze:HardenedForm","bronze:Overheat"],"picked":"bronze:Return+1","floor":26},{"not_picked":["bronze:Shield+1","bronze:DarkDash"],"picked":"bronze:MaxOutput+1","floor":28},{"not_picked":["bronze:CutThrough+1","bronze:BronzeArmor+1"],"picked":"bronze:DigitalCarnage+1","floor":32},{"not_picked":["bronze:Repair","bronze:CutThrough","bronze:Branch+1"],"picked":"SKIP","floor":32},{"not_picked":["bronze:Assembly","bronze:BurnOut"],"picked":"bronze:RecursiveStrike","floor":33},{"not_picked":["bronze:Turbo","bronze:WildBeam","bronze:DelayedGuard+1"],"picked":"SKIP","floor":36},{"not_picked":["bronze:Fortify","bronze:FollowUp+1","bronze:Refactor+1"],"picked":"SKIP","floor":36},{"not_picked":["bronze:Backtrace","bronze:Overheat","bronze:BuggyMess"],"picked":"SKIP","floor":38},{"not_picked":["bronze:Terminator","bronze:Separator+1"],"picked":"bronze:CleanCode","floor":42},{"not_picked":["bronze:Invalidate","bronze:Iterate","bronze:Terminator+1"],"picked":"SKIP","floor":43},{"not_picked":["bronze:DigitalCarnage+1","bronze:Terminator"],"picked":"bronze:ClassDefault","floor":45},{"not_picked":["bronze:ClassDefault","bronze:ForceShield"],"picked":"bronze:GetLatest+1","floor":49},{"not_picked":["bronze:WildBeam","bronze:Turbo+1","bronze:FineTuning"],"picked":"SKIP","floor":49}],"player_experience":861084,"relics_obtained":[{"floor":3,"key":"Shuriken"},{"floor":6,"key":"Strawberry"},{"floor":10,"key":"Letter Opener"},{"floor":14,"key":"Sundial"},{"floor":20,"key":"Prayer Wheel"},{"floor":20,"key":"Bottled Tornado"},{"floor":21,"key":"Necronomicon"},{"floor":24,"key":"Anchor"},{"floor":26,"key":"Darkstone Periapt"},{"floor":28,"key":"Pear"},{"floor":39,"key":"Gambling Chip"},{"floor":41,"key":"champ:DuelingGlove"},{"floor":42,"key":"Bag of Marbles"},{"floor":43,"key":"Slimebound:PreparedRelic"},{"floor":45,"key":"Slimebound:StickyStick"}],"event_choices":[{"damage_healed":0,"gold_gain":0,"player_choice":"Success","damage_taken":3,"relics_obtained":["Juzu Bracelet"],"max_hp_gain":0,"max_hp_loss":0,"event_name":"Scrap Ooze","floor":8,"gold_loss":0},{"damage_healed":0,"gold_gain":0,"player_choice":"Grow","damage_taken":0,"max_hp_gain":0,"max_hp_loss":0,"event_name":"Living Wall","floor":12,"gold_loss":0,"cards_upgraded":["bronze:MaxOutput"]},{"damage_healed":0,"gold_gain":0,"player_choice":"Fight","damage_taken":0,"max_hp_gain":0,"max_hp_loss":0,"event_name":"Mysterious Sphere","floor":39,"gold_loss":0},{"cards_removed":["bronze:ItsAFeature"],"damage_healed":0,"gold_gain":0,"player_choice":"Removed Power","damage_taken":0,"max_hp_gain":0,"max_hp_loss":0,"event_name":"Falling","floor":46,"gold_loss":0}],"is_beta":false,"boss_relics":[{"not_picked":["Runic Pyramid","expansioncontent:StudyCardRelic"],"picked":"Philosopher\u0027s Stone"},{"not_picked":["Sozu","Black Star"],"picked":"Cursed Key"}],"items_purged_floors":[],"is_endless":false,"potions_floor_spawned":[5,6,14,16,26,33,36,39,43],"ascension_level":0}}