{"host":"p0hktren06injwdf","time":1613811699,"event":{"mods":["AchievementEnabler","BaseMod","Colored Map","DeckTracker","Minty Spire (QoL Compilation)","Permanent Neow","StSLib","SuperFastMode"],"gold_per_floor":[116,131,131,131,152,196,196,196,196,91,109,109,124,137,137,230,230,244,244,267,292,311,311,254,254,279,295,319,319,319],"floor_reached":29,"language":"KOR","playtime":517,"items_purged":["Strike_P"],"score":558,"play_id":"7227740c-ff71-429a-9562-e5a93e1c32ac","local_time":"20210220180139","is_ascension_mode":true,"campfire_choices":[{"data":"TalkToTheHand","floor":8.0,"key":"SMITH"},{"data":"Eruption","floor":12.0,"key":"SMITH"},{"floor":15.0,"key":"REST"},{"floor":23,"key":"REST"},{"data":"MentalFortress","floor":25,"key":"SMITH"}],"circlet_count":0,"master_deck":["AscendersBane","Strike_P","Strike_P","Strike_P","Defend_P+1","Defend_P+1","Defend_P+1","Eruption+1","Vigilance","Apotheosis+1","CutThroughFate","TalkToTheHand+1","MentalFortress+1","InnerPeace+1","EmptyFist+1","LessonLearned+1","WheelKick+1"],"relics":["PureWater","Golden Idol","Molten Egg 2","Letter Opener","SlaversCollar","Strawberry","Vajra"],"acts_visited":["Exordium","TheCity"],"potions_floor_usage":[22,28],"damage_taken":[{"damage":14.0,"enemies":"Jaw Worm","floor":1.0,"turns":6.0},{"damage":0.0,"enemies":"Small Slimes","floor":2.0,"turns":4.0},{"damage":0.0,"enemies":"Cultist","floor":5.0,"turns":3.0},{"damage":32.0,"enemies":"3 Sentries","floor":6.0,"turns":9.0},{"damage":0.0,"enemies":"2 Fungi Beasts","floor":11.0,"turns":4.0},{"damage":0.0,"enemies":"Exordium Thugs","floor":13.0,"turns":6.0},{"damage":4.0,"enemies":"Exordium Wildlife","floor":14.0,"turns":3.0},{"damage":0.0,"enemies":"The Guardian","floor":16.0,"turns":10.0},{"damage":4.0,"enemies":"Chosen","floor":18.0,"turns":3.0},{"damage":2.0,"enemies":"Shell Parasite","floor":20.0,"turns":6.0},{"damage":18,"enemies":"Snecko","floor":21,"turns":4},{"damage":11,"enemies":"Snake Plant","floor":22,"turns":3},{"damage":9,"enemies":"Centurion and Healer","floor":27,"turns":8},{"damage":11,"enemies":"3 Cultists","floor":28,"turns":5},{"damage":16,"enemies":"Snake Plant","floor":29,"turns":2}],"seed_played":"-6298291816273677476","potions_obtained":[{"floor":5.0,"key":"Fire Potion"},{"floor":14.0,"key":"SkillPotion"},{"floor":16.0,"key":"StancePotion"},{"floor":22,"key":"SkillPotion"},{"floor":27,"key":"Fire Potion"}],"is_trial":false,"path_per_floor":["M","M","?","?","M","E","?","R","T","$","M","R","M","M","R","B",null,"M","?","M","M","M","R","?","R","T","M","M","M"],"character_chosen":"WATCHER","items_purchased":["EmptyFist+1"],"campfire_rested":2,"item_purchase_floors":[10],"current_hp_per_floor":[47,47,47,47,47,15,15,15,15,15,15,15,15,11,27,27,49,45,45,43,25,14,30,37,37,37,28,17,1,1],"gold":319,"neow_bonus":"RANDOM_COLORLESS_2","is_daily":false,"chose_seed":false,"campfire_upgraded":3,"win_rate":0.0,"timestamp":1613811699,"path_taken":["M","M","?","?","M","E","?","R","T","$","M","R","M","M","R","BOSS","M","?","M","M","M","R","?","R","T","?","M","M"],"items_purchased_type":["Card"],"build_version":"2020-12-22","purchased_purges":1,"victory":false,"max_hp_per_floor":[62,62,62,56,56,56,56,56,56,56,56,56,56,56,56,56,56,56,56,56,56,56,56,63,63,63,63,63,63,63],"card_choices":[{"not_picked":["Violence","Metamorphosis"],"picked":"Apotheosis","floor":0.0},{"not_picked":["ThirdEye","SashWhip"],"picked":"CutThroughFate","floor":1.0},{"not_picked":["SashWhip","WreathOfFlame"],"picked":"TalkToTheHand","floor":2.0},{"not_picked":["EmptyBody","CrushJoints"],"picked":"MentalFortress","floor":5.0},{"not_picked":["Worship","Ragnarok+1"],"picked":"InnerPeace","floor":6.0},{"not_picked":["CutThroughFate+1","Nirvana","JustLucky+1"],"picked":"SKIP","floor":11.0},{"not_picked":["CrushJoints+1","Worship","FlyingSleeves+1"],"picked":"SKIP","floor":13.0},{"not_picked":["JustLucky+1","ReachHeaven+1","BowlingBash+1"],"picked":"SKIP","floor":14.0},{"not_picked":["Wish","Brilliance+1"],"picked":"LessonLearned+1","floor":16.0},{"not_picked":["FollowUp+1","SashWhip+1"],"picked":"WheelKick+1","floor":18.0},{"not_picked":["Worship","EmptyFist+1","SandsOfTime+1"],"picked":"SKIP","floor":20.0},{"not_picked":["ThirdEye+1","CarveReality+1","CutThroughFate+1"],"picked":"SKIP","floor":21},{"not_picked":["SashWhip+1","WindmillStrike+1","Prostrate"],"picked":"SKIP","floor":22},{"not_picked":["Protect","JustLucky+1","LikeWater"],"picked":"SKIP","floor":27},{"not_picked":["ThirdEye","DeceiveReality","Devotion"],"picked":"SKIP","floor":28}],"player_experience":1093077,"relics_obtained":[{"floor":6.0,"key":"Molten Egg 2"},{"floor":9.0,"key":"Letter Opener"},{"floor":26,"key":"Vajra"}],"event_choices":[{"damage_healed":0.0,"max_hp_gain":0.0,"max_hp_loss":0.0,"gold_gain":0.0,"event_name":"Living Wall","player_choice":"Grow","floor":3.0,"gold_loss":0.0,"damage_taken":0.0,"cards_upgraded":["Apotheosis"]},{"damage_healed":0.0,"max_hp_gain":0.0,"max_hp_loss":6.0,"gold_gain":0.0,"event_name":"Golden Idol","player_choice":"Lose Max HP","floor":4.0,"gold_loss":0.0,"damage_taken":0.0,"relics_obtained":["Golden Idol"]},{"damage_healed":0.0,"max_hp_gain":0.0,"max_hp_loss":0.0,"gold_gain":0.0,"event_name":"Scrap Ooze","player_choice":"Fled","floor":7.0,"gold_loss":0.0,"damage_taken":0.0},{"cards_removed":["Defend_P"],"damage_healed":0.0,"max_hp_gain":0.0,"max_hp_loss":0.0,"gold_gain":0.0,"event_name":"Back to Basics","player_choice":"Elegance","floor":19.0,"gold_loss":0.0,"damage_taken":0.0},{"damage_healed":0,"gold_gain":0,"player_choice":"Paid Gold","damage_taken":0,"relics_obtained":["Strawberry"],"max_hp_gain":0,"max_hp_loss":0,"event_name":"WeMeetAgain","floor":24,"gold_loss":57}],"is_beta":false,"boss_relics":[{"not_picked":["SacredBark","Busted Crown"],"picked":"SlaversCollar"}],"items_purged_floors":[10],"is_endless":false,"potions_floor_spawned":[5,14,16,22,27],"killed_by":"Snake Plant","ascension_level":20}}