{"host":"yx5rao87132cy5xq","time":1613834901,"event":{"mods":["2.2 Compatiblity","AchievementEnabler","BaseMod","Bestiary","Colored Map","Colored Powertips","Minty Spire (QoL Compilation)","Quick Restart","Relic Stats","Slay-I","SuperFastMode"],"gold_per_floor":[112,162,178,50,66,66,66,66,115,141,141,216,247,258,258,332,332,345,44,44,44,57,57,88,88,88,88,88],"floor_reached":27,"language":"ENG","playtime":872,"items_purged":["Strike_R"],"score":462,"play_id":"a81aa58b-fcb0-4015-b7ae-8b23d72944cf","local_time":"20210220162821","is_ascension_mode":true,"campfire_choices":[{"data":"Searing Blow","floor":6.0,"key":"SMITH"},{"data":"Searing Blow+1","floor":8.0,"key":"SMITH"},{"data":"Searing Blow+2","floor":11.0,"key":"SMITH"},{"data":"Searing Blow+3","floor":15.0,"key":"SMITH"},{"data":"Searing Blow+4","floor":23.0,"key":"SMITH"},{"data":"Searing Blow+5","floor":25.0,"key":"SMITH"}],"circlet_count":0,"master_deck":["AscendersBane","Strike_R","Strike_R","Strike_R","Strike_R","Defend_R","Defend_R","Defend_R","Defend_R","Bash","Cleave","Searing Blow+6","Armaments","Evolve","Seeing Red","Flame Barrier","Shockwave","Double Tap","Headbutt","Armaments","Offering","Iron Wave"],"relics":["Burning Blood","NeowsBlessing","Art of War","Gremlin Horn","Potion Belt","SacredBark","Pen Nib","Orichalcum","White Beast Statue"],"acts_visited":["Exordium","TheCity"],"potions_floor_usage":[27],"damage_taken":[{"damage":0.0,"enemies":"2 Louse","floor":1.0,"turns":1.0},{"damage":0.0,"enemies":"Cultist","floor":3.0,"turns":1.0},{"damage":0.0,"enemies":"Small Slimes","floor":5.0,"turns":1.0},{"damage":20.0,"enemies":"3 Sentries","floor":10.0,"turns":6.0},{"damage":28.0,"enemies":"Gremlin Nob","floor":13.0,"turns":4.0},{"damage":0.0,"enemies":"Exordium Wildlife","floor":14.0,"turns":3.0},{"damage":6.0,"enemies":"The Guardian","floor":16.0,"turns":14.0},{"damage":13.0,"enemies":"3 Byrds","floor":18.0,"turns":4.0},{"damage":16.0,"enemies":"Spheric Guardian","floor":22.0,"turns":4.0},{"damage":35.0,"enemies":"Slavers","floor":24.0,"turns":6.0},{"damage":20,"enemies":"Gremlin Leader","floor":27,"turns":4}],"seed_played":"6611976247993193622","potions_obtained":[{"floor":3.0,"key":"Swift Potion"},{"floor":14.0,"key":"EssenceOfSteel"},{"floor":18.0,"key":"Energy Potion"},{"floor":24.0,"key":"BlessingOfTheForge"}],"is_trial":false,"path_per_floor":["M","?","M","$","M","R","$","R","T","E","R","?","E","M","R","B",null,"M","$","?","?","M","R","E","R","T","E"],"character_chosen":"IRONCLAD","items_purchased":["Armaments","Pen Nib","FearPotion","Weak Potion","Armaments"],"campfire_rested":0,"item_purchase_floors":[4,19,19,19,19],"current_hp_per_floor":[74,74,75,75,75,75,75,75,75,61,61,50,28,34,34,34,65,58,58,58,58,48,48,19,19,19,0,0],"gold":88,"neow_bonus":"THREE_ENEMY_KILL","is_daily":false,"chose_seed":false,"campfire_upgraded":6,"win_rate":0.0,"timestamp":1613834901,"path_taken":["M","?","M","?","M","R","$","R","T","E","R","?","E","M","R","BOSS","M","$","?","?","M","R","E","R","T","E"],"items_purchased_type":["Card","Relic","Potion","Potion","Card"],"build_version":"2020-12-22","purchased_purges":1,"victory":false,"max_hp_per_floor":[75,75,75,75,75,75,75,75,75,75,75,75,75,75,75,75,75,75,75,75,75,75,75,75,75,75,75,75],"relic_stats":{"Gremlin Horn":[7,7],"counters":[11,48],"Pen Nib":[2],"Art of War":[8],"Orichalcum":[0],"obtain_stats":[{"Potion Belt":13,"NeowsBlessing":0,"Gremlin Horn":10,"SacredBark":17,"Pen Nib":19,"Art of War":9,"Orichalcum":24,"Burning Blood":0,"White Beast Statue":26},{"Potion Belt":5,"NeowsBlessing":0,"Gremlin Horn":4,"SacredBark":7,"Pen Nib":8,"Art of War":3,"Orichalcum":10,"Burning Blood":0,"White Beast Statue":10},{"Potion Belt":13,"NeowsBlessing":0,"Gremlin Horn":9,"SacredBark":30,"Pen Nib":34,"Art of War":3,"Orichalcum":44,"Burning Blood":0,"White Beast Statue":44}],"Burning Blood":49},"card_choices":[{"not_picked":["Seeing Red","Second Wind"],"picked":"Cleave","floor":1.0},{"not_picked":["Pommel Strike","Headbutt"],"picked":"Searing Blow","floor":3.0},{"not_picked":["Perfected Strike","Havoc"],"picked":"Evolve","floor":5.0},{"not_picked":["Havoc","Body Slam"],"picked":"Seeing Red","floor":10.0},{"not_picked":["Fiend Fire","Body Slam"],"picked":"Flame Barrier","floor":13.0},{"not_picked":["Clothesline","Flex"],"picked":"Shockwave","floor":14.0},{"not_picked":["Reaper","Corruption"],"picked":"Double Tap","floor":16.0},{"not_picked":["Warcry","Iron Wave"],"picked":"Headbutt","floor":18.0},{"not_picked":["Body Slam+1","Heavy Blade"],"picked":"Iron Wave","floor":22.0},{"not_picked":["Shockwave","Brutality","Sword Boomerang+1"],"picked":"SKIP","floor":24.0}],"player_experience":1069120,"relics_obtained":[{"floor":9.0,"key":"Art of War"},{"floor":10.0,"key":"Gremlin Horn"},{"floor":13.0,"key":"Potion Belt"},{"floor":24.0,"key":"Orichalcum"},{"floor":26.0,"key":"White Beast Statue"}],"event_choices":[{"damage_healed":0.0,"max_hp_gain":0.0,"max_hp_loss":0.0,"gold_gain":50.0,"event_name":"Golden Shrine","player_choice":"Pray","floor":2.0,"gold_loss":0.0,"damage_taken":0.0},{"damage_healed":0.0,"max_hp_gain":0.0,"max_hp_loss":0.0,"gold_gain":75.0,"event_name":"World of Goop","player_choice":"Gather Gold","floor":12.0,"gold_loss":0.0,"damage_taken":11.0},{"damage_healed":0.0,"max_hp_gain":0.0,"max_hp_loss":0.0,"gold_gain":0.0,"event_name":"The Mausoleum","player_choice":"Ignored","floor":20.0,"gold_loss":0.0,"damage_taken":0.0},{"damage_healed":0.0,"max_hp_gain":0.0,"max_hp_loss":0.0,"gold_gain":0.0,"event_name":"The Library","player_choice":"Read","floor":21.0,"gold_loss":0.0,"damage_taken":0.0,"cards_obtained":["Offering"]}],"is_beta":false,"boss_relics":[{"not_picked":["Coffee Dripper","Black Blood"],"picked":"SacredBark"}],"items_purged_floors":[4],"is_endless":false,"potions_floor_spawned":[3,14,18,24],"killed_by":"Gremlin Leader","ascension_level":19}}