{"host":"l2lylj0omvglf5x0","time":1613845549,"event":{"mods":["2.2 Compatiblity","BaseMod","Bestiary","Block Reminder","Colored Map","Colored Powertips","Curses Come First","Highlight Path","Keyboard Shortcuts","Minty Spire (QoL Compilation)","Relic Sorter","Relic Stats","Slay the Relics Exporter","StSLib","SuperFastMode"],"gold_per_floor":[122,134,158,181,193,205,242,268,280,324,351,363,408,485,497,614,626,651,663,585,615,627,639,639],"floor_reached":23,"language":"ENG","playtime":916,"items_purged":[],"score":359,"play_id":"4912c52d-5238-4a77-a7ba-f8638ab01a67","local_time":"20210220192549","is_ascension_mode":true,"campfire_choices":[{"data":"Uppercut","floor":6,"key":"SMITH"},{"floor":15,"key":"REST"}],"circlet_count":0,"master_deck":["AscendersBane","Strike_R","Strike_R","Strike_R","Defend_R","Defend_R","Defend_R","Defend_R","Bash","Sword Boomerang","Shrug It Off","Uppercut+1","Bloodletting","Pommel Strike","Whirlwind","Battle Trance","Armaments","Bloodletting","Barricade+1","Inflame","Metallicize"],"relics":["Burning Blood","MawBank","Strawberry","Dream Catcher","Question Card","Thread and Needle","Lantern","Mark of Pain"],"acts_visited":["Exordium","TheCity"],"potions_floor_usage":[7,10,13,14,16,23],"damage_taken":[{"damage":7,"enemies":"Small Slimes","floor":1,"turns":6},{"damage":1,"enemies":"Cultist","floor":3,"turns":3},{"damage":0,"enemies":"Jaw Worm","floor":4,"turns":3},{"damage":22,"enemies":"Lagavulin","floor":7,"turns":5},{"damage":20,"enemies":"Exordium Wildlife","floor":8,"turns":5},{"damage":20,"enemies":"Gremlin Nob","floor":10,"turns":4},{"damage":0,"enemies":"3 Louse","floor":11,"turns":2},{"damage":16,"enemies":"Lagavulin","floor":13,"turns":8},{"damage":10,"enemies":"Lagavulin Event","floor":14,"turns":5},{"damage":58,"enemies":"The Guardian","floor":16,"turns":15},{"damage":3,"enemies":"Chosen","floor":18,"turns":6},{"damage":8,"enemies":"Shell Parasite","floor":21,"turns":3},{"damage":56,"enemies":"Gremlin Leader","floor":23,"turns":4}],"seed_played":"8352381685934319248","potions_obtained":[{"floor":3,"key":"Strength Potion"},{"floor":8,"key":"EssenceOfSteel"},{"floor":10,"key":"Fruit Juice"},{"floor":13,"key":"SneckoOil"},{"floor":14,"key":"Fire Potion"},{"floor":21,"key":"SpeedPotion"}],"is_trial":false,"path_per_floor":["M","?","M","M","?","R","E","M","T","E","M","$","E","?","R","B",null,"M","?","?","M","$","E"],"character_chosen":"IRONCLAD","items_purchased":[],"campfire_rested":1,"item_purchase_floors":[],"current_hp_per_floor":[71,71,76,80,80,80,71,57,57,48,54,54,44,40,67,15,73,76,58,58,56,56,0,0],"gold":639,"neow_bonus":"RANDOM_COMMON_RELIC","is_daily":false,"chose_seed":false,"campfire_upgraded":1,"win_rate":0.0,"timestamp":1613845549,"path_taken":["M","?","M","?","?","R","E","M","T","E","M","?","E","?","R","BOSS","M","?","?","M","$","E"],"items_purchased_type":[],"build_version":"2020-12-22","purchased_purges":0,"victory":false,"max_hp_per_floor":[80,80,80,80,80,80,87,87,87,92,92,92,92,92,92,92,92,92,97,97,97,97,97,97],"relic_stats":{"Dream Catcher":1,"counters":[13,69],"MawBank":276,"Question Card":7,"obtain_stats":[{"Dream Catcher":9,"Lantern":14,"Strawberry":7,"Thread and Needle":13,"Mark of Pain":17,"MawBank":0,"Question Card":10,"Burning Blood":0},{"Dream Catcher":5,"Lantern":9,"Strawberry":4,"Thread and Needle":8,"Mark of Pain":10,"MawBank":0,"Question Card":6,"Burning Blood":0},{"Dream Catcher":22,"Lantern":41,"Strawberry":17,"Thread and Needle":36,"Mark of Pain":56,"MawBank":0,"Question Card":26,"Burning Blood":0}],"Burning Blood":70},"card_choices":[{"not_picked":["Wild Strike","Seeing Red"],"picked":"Sword Boomerang","floor":1},{"not_picked":["Warcry","Heavy Blade"],"picked":"Shrug It Off","floor":3},{"not_picked":["Seeing Red","Feel No Pain"],"picked":"Uppercut","floor":4},{"not_picked":["Perfected Strike","Burning Pact"],"picked":"Bloodletting","floor":7},{"not_picked":["Wild Strike","Havoc"],"picked":"Pommel Strike","floor":8},{"not_picked":["Iron Wave","Havoc"],"picked":"Whirlwind","floor":10},{"not_picked":["Pommel Strike","Thunderclap","Searing Blow"],"picked":"Battle Trance","floor":11},{"not_picked":["Iron Wave","Thunderclap","Pommel Strike"],"picked":"Armaments","floor":13},{"not_picked":["Clothesline","Warcry","Perfected Strike"],"picked":"Bloodletting","floor":15},{"not_picked":["Offering","Brutality","Impervious"],"picked":"Barricade","floor":16},{"not_picked":["Wild Strike","Blood for Blood","Feel No Pain"],"picked":"Inflame","floor":18},{"not_picked":["Armaments","Dark Embrace+1","Pommel Strike"],"picked":"Metallicize","floor":21}],"player_experience":1017609,"relics_obtained":[{"floor":7,"key":"Strawberry"},{"floor":9,"key":"Dream Catcher"},{"floor":10,"key":"Question Card"},{"floor":13,"key":"Thread and Needle"},{"floor":14,"key":"Lantern"}],"event_choices":[{"cards_removed":["Strike_R"],"damage_healed":0,"gold_gain":0,"player_choice":"Purged","damage_taken":0,"max_hp_gain":0,"max_hp_loss":0,"event_name":"Purifier","floor":2,"gold_loss":0},{"damage_healed":0,"gold_gain":0,"player_choice":"Ignored","damage_taken":0,"max_hp_gain":0,"max_hp_loss":0,"event_name":"Liars Game","floor":5,"gold_loss":0},{"damage_healed":0,"gold_gain":0,"player_choice":"Searched \u00271\u0027 times","damage_taken":0,"max_hp_gain":0,"max_hp_loss":0,"event_name":"Dead Adventurer","floor":14,"gold_loss":0},{"damage_healed":0,"gold_gain":0,"player_choice":"Shed Blood","damage_taken":23,"max_hp_gain":5,"max_hp_loss":0,"event_name":"Forgotten Altar","floor":19,"gold_loss":0},{"cards_removed":["Strike_R"],"damage_healed":0,"gold_gain":0,"player_choice":"Upgrade and Remove","damage_taken":0,"max_hp_gain":0,"max_hp_loss":0,"event_name":"Designer","floor":20,"gold_loss":90,"cards_upgraded":["Barricade"]}],"is_beta":false,"boss_relics":[{"not_picked":["Calling Bell","SacredBark"],"picked":"Mark of Pain"}],"items_purged_floors":[],"is_endless":false,"potions_floor_spawned":[3,8,10,13,14,21],"killed_by":"Gremlin Leader","ascension_level":12}}