{"host":"5tzvto3beate6p8b","time":1613844427,"event":{"mods":["BaseMod","Colored Map","Minty Spire (QoL Compilation)","StSLib","SuperFastMode"],"gold_per_floor":[118,135,147,161,2,2,22,22,22,22,51,51,80,91,91,168,168,185,185,20,38,54,66,66,76,102,102,130,130,159,175,175,249,249,262,276,35,54,71,71,89,89,89,65,93,112,122,147,147,147],"floor_reached":51,"language":"JPN","playtime":2686,"items_purged":["Strike_B","Strike_B"],"score":1430,"play_id":"cd6dcd50-2515-4a8e-8491-8d740d9f5224","local_time":"20210221030707","is_ascension_mode":true,"campfire_choices":[{"data":"Sunder","floor":6.0,"key":"SMITH"},{"data":"Consume","floor":8.0,"key":"SMITH"},{"data":"Zap","floor":12.0,"key":"SMITH"},{"data":"Dualcast","floor":15.0,"key":"SMITH"},{"floor":24.0,"key":"REST"},{"floor":27.0,"key":"REST"},{"floor":32.0,"key":"REST"},{"floor":40.0,"key":"REST"},{"floor":42.0,"key":"REST"},{"floor":49,"key":"REST"}],"circlet_count":0,"master_deck":["AscendersBane","Strike_B","Defend_B","Defend_B","Defend_B","Defend_B","Zap+1","Dualcast+1","Consume+1","Sweeping Beam","Go for the Eyes","Steam Power","Sunder+1","Genetic Algorithm","Go for the Eyes","Melter","Doom and Gloom","White Noise","Electrodynamics","Reinforced Body","Defragment+1","Ball Lightning","White Noise","Glacier","Amplify","Ball Lightning","Hologram","Seek","Seek","Cold Snap","Go for the Eyes+1","Capacitor","Hologram","Stack","Hologram+1","Tempest","Injury","Stack","Core Surge","Steam+1","Reinforced Body+1","Loop+1"],"relics":["Cracked Core","Ancient Tea Set","Mercury Hourglass","Bag of Marbles","Matryoshka","Fusion Hammer","Strawberry","Tiny Chest","Bottled Lightning","Boot","Cursed Key","Centennial Puzzle","Meat on the Bone","Smiling Mask","Pear"],"acts_visited":["Exordium","TheCity","TheBeyond"],"potions_floor_usage":[48],"damage_taken":[{"damage":1.0,"enemies":"Cultist","floor":1.0,"turns":3.0},{"damage":7.0,"enemies":"Jaw Worm","floor":2.0,"turns":3.0},{"damage":5.0,"enemies":"2 Louse","floor":3.0,"turns":3.0},{"damage":7.0,"enemies":"Exordium Wildlife","floor":4.0,"turns":4.0},{"damage":4.0,"enemies":"Red Slaver","floor":7.0,"turns":2.0},{"damage":17.0,"enemies":"Lagavulin","floor":11.0,"turns":5.0},{"damage":6.0,"enemies":"Gremlin Nob","floor":13.0,"turns":3.0},{"damage":0.0,"enemies":"Blue Slaver","floor":14.0,"turns":1.0},{"damage":26.0,"enemies":"The Guardian","floor":16.0,"turns":7.0},{"damage":14.0,"enemies":"2 Thieves","floor":18.0,"turns":3.0},{"damage":0.0,"enemies":"Chosen","floor":21.0,"turns":3.0},{"damage":18.0,"enemies":"Snake Plant","floor":22.0,"turns":4.0},{"damage":9.0,"enemies":"Chosen and Byrds","floor":23.0,"turns":3.0},{"damage":3.0,"enemies":"Shelled Parasite and Fungi","floor":25.0,"turns":4.0},{"damage":12.0,"enemies":"Slavers","floor":28.0,"turns":5.0},{"damage":10.0,"enemies":"Book of Stabbing","floor":30.0,"turns":5.0},{"damage":21.0,"enemies":"Snake Plant","floor":31.0,"turns":2.0},{"damage":22.0,"enemies":"Collector","floor":33.0,"turns":5.0},{"damage":6.0,"enemies":"3 Shapes","floor":35.0,"turns":2.0},{"damage":0.0,"enemies":"3 Darklings","floor":36.0,"turns":2.0},{"damage":9.0,"enemies":"Sphere and 2 Shapes","floor":38.0,"turns":3.0},{"damage":9.0,"enemies":"4 Shapes","floor":39.0,"turns":2.0},{"damage":0.0,"enemies":"Writhing Mass","floor":41.0,"turns":8.0},{"damage":3.0,"enemies":"Giant Head","floor":45.0,"turns":7.0},{"damage":0.0,"enemies":"Spire Growth","floor":46.0,"turns":5.0},{"damage":22.0,"enemies":"4 Shapes","floor":47.0,"turns":2.0},{"damage":11,"enemies":"Reptomancer","floor":48,"turns":7},{"damage":32,"enemies":"Time Eater","floor":50,"turns":12}],"seed_played":"1294234064101423430","potions_obtained":[{"floor":1.0,"key":"ColorlessPotion"},{"floor":2.0,"key":"ColorlessPotion"},{"floor":11.0,"key":"Regen Potion"},{"floor":14.0,"key":"Swift Potion"},{"floor":21.0,"key":"SpeedPotion"},{"floor":22.0,"key":"PotionOfCapacity"},{"floor":28.0,"key":"Weak Potion"},{"floor":30.0,"key":"SpeedPotion"},{"floor":36.0,"key":"BlessingOfTheForge"},{"floor":38.0,"key":"Swift Potion"},{"floor":45.0,"key":"ColorlessPotion"},{"floor":47.0,"key":"Fire Potion"}],"is_trial":false,"path_per_floor":["M","M","M","M","$","R","M","R","T","?","E","R","E","M","R","B",null,"M","?","$","M","M","M","R","M","T","R","E","?","E","M","R","B",null,"M","M","$","M","M","R","M","R","T","$","E","M","M","E","R","B",null],"character_chosen":"DEFECT","items_purchased":["Sunder","Genetic Algorithm","Defragment","Ball Lightning","Capacitor","Hologram","Stack"],"campfire_rested":6,"item_purchase_floors":[5,5,20,20,37,37,44],"current_hp_per_floor":[63,56,51,44,44,44,40,40,40,63,46,46,40,40,40,29,61,47,47,47,47,29,20,41,38,45,68,56,56,46,25,48,26,65,59,59,59,50,41,64,64,78,78,78,75,75,53,52,78,46],"gold":147,"neow_bonus":"RANDOM_COMMON_RELIC","is_daily":false,"chose_seed":false,"campfire_upgraded":4,"win_rate":0.0,"timestamp":1613844427,"path_taken":["M","M","M","M","?","R","M","R","T","?","E","R","E","M","R","BOSS","M","?","$","M","?","M","R","M","T","R","E","?","E","M","R","BOSS","M","?","$","M","M","R","M","R","T","$","E","M","M","E","R","BOSS"],"items_purchased_type":["Card","Card","Card","Card","Card","Card","Card"],"build_version":"2020-12-22","purchased_purges":2,"victory":true,"max_hp_per_floor":[71,71,71,71,71,71,71,71,71,71,71,71,71,71,71,71,71,71,71,71,71,71,71,71,71,78,78,78,78,78,78,78,78,78,78,78,78,78,78,78,78,78,78,78,78,78,78,88,88,88],"card_choices":[{"not_picked":["Rip and Tear","Doom and Gloom"],"picked":"Consume","floor":1.0},{"not_picked":["Rebound","Heatsinks"],"picked":"Sweeping Beam","floor":2.0},{"not_picked":["Double Energy","Compile Driver"],"picked":"Go for the Eyes","floor":3.0},{"not_picked":["Compile Driver","Leap"],"picked":"Steam Power","floor":4.0},{"not_picked":["Beam Cell","Steam"],"picked":"Go for the Eyes","floor":7.0},{"not_picked":["Rip and Tear","Hyperbeam"],"picked":"Melter","floor":11.0},{"not_picked":["Sweeping Beam","Blizzard"],"picked":"Doom and Gloom","floor":13.0},{"not_picked":["Turbo","Scrape"],"picked":"White Noise","floor":14.0},{"not_picked":["Machine Learning","Reboot"],"picked":"Electrodynamics","floor":16.0},{"not_picked":["Sweeping Beam+1","Steam"],"picked":"Reinforced Body","floor":18.0},{"not_picked":["Go for the Eyes","Coolheaded"],"picked":"White Noise","floor":21.0},{"not_picked":["Rebound","Rip and Tear"],"picked":"Glacier","floor":22.0},{"not_picked":["Sweeping Beam","Redo","Barrage"],"picked":"SKIP","floor":23.0},{"not_picked":["Turbo","Recycle"],"picked":"Amplify","floor":25.0},{"not_picked":["Conserve Battery","Go for the Eyes"],"picked":"Ball Lightning","floor":28.0},{"not_picked":["Sweeping Beam","Ball Lightning"],"picked":"Hologram","floor":30.0},{"not_picked":["Cold Snap","Compile Driver"],"picked":"Seek","floor":31.0},{"not_picked":["Amplify","Buffer"],"picked":"Seek","floor":33.0},{"not_picked":["Turbo+1","Rebound"],"picked":"Cold Snap","floor":35.0},{"not_picked":["Streamline+1","Leap"],"picked":"Go for the Eyes+1","floor":36.0},{"not_picked":["FTL","Hello World"],"picked":"Stack","floor":38.0},{"not_picked":["Leap","Rainbow"],"picked":"Hologram+1","floor":39.0},{"not_picked":["Sweeping Beam","Hologram"],"picked":"Tempest","floor":41.0},{"not_picked":["Coolheaded","Hologram"],"picked":"Core Surge","floor":45.0},{"not_picked":["Ball Lightning","Conserve Battery"],"picked":"Steam+1","floor":46.0},{"not_picked":["Barrage+1","Beam Cell"],"picked":"Reinforced Body+1","floor":47.0},{"not_picked":["Sweeping Beam","Streamline+1"],"picked":"Loop+1","floor":48}],"player_experience":815009,"relics_obtained":[{"floor":9.0,"key":"Mercury Hourglass"},{"floor":11.0,"key":"Bag of Marbles"},{"floor":13.0,"key":"Matryoshka"},{"floor":26.0,"key":"Strawberry"},{"floor":26.0,"key":"Tiny Chest"},{"floor":28.0,"key":"Bottled Lightning"},{"floor":30.0,"key":"Boot"},{"floor":43.0,"key":"Centennial Puzzle"},{"floor":43.0,"key":"Meat on the Bone"},{"floor":45.0,"key":"Smiling Mask"},{"floor":48,"key":"Pear"}],"event_choices":[{"damage_healed":23.0,"max_hp_gain":0.0,"max_hp_loss":0.0,"gold_gain":0.0,"event_name":"Big Fish","player_choice":"Banana","floor":10.0,"gold_loss":0.0,"damage_taken":0.0},{"cards_removed":["Strike_B"],"damage_healed":0.0,"max_hp_gain":0.0,"max_hp_loss":0.0,"gold_gain":0.0,"event_name":"Purifier","player_choice":"Purged","floor":19.0,"gold_loss":0.0,"damage_taken":0.0},{"damage_healed":0.0,"max_hp_gain":0.0,"max_hp_loss":0.0,"gold_gain":0.0,"event_name":"Accursed Blacksmith","player_choice":"Forge","floor":29.0,"gold_loss":0.0,"damage_taken":0.0,"cards_upgraded":["Defragment"]}],"is_beta":false,"boss_relics":[{"not_picked":["Ectoplasm","Coffee Dripper"],"picked":"Fusion Hammer"},{"not_picked":["Runic Dome","Empty Cage"],"picked":"Cursed Key"}],"items_purged_floors":[20,37],"is_endless":false,"potions_floor_spawned":[1,2,11,14,21,22,28,30,36,38,39,45,47],"ascension_level":18}}