{"host":"id23shmscryl4psl","time":1613786329,"event":{"mods":["BaseMod","Better Altar","Better Match","Better Note","Better Sensory Stone","Better Skull","Better Third Choice","Colored Map","Colored Powertips","Dark Map","Downfall","HololiveMod","Minty Spire (QoL Compilation)","Rare Cards Sparkle","Relic Stats","Robot Space Explorer","StSLib"],"gold_per_floor":[99,116,133,583,595,495,575,593,593,610,610,621,621,655,675,770,770,670,689,700,710,710,710,736,736,736,736,751,751,764,134,154,256,256,256,267,18,34,19,19,19,47,47,47,47],"floor_reached":43,"language":"ENG","playtime":4747,"items_purged":[],"score":485,"play_id":"41add8a0-550d-4b62-9dfd-4c6f8b0e8e49","local_time":"20210219185849","is_ascension_mode":false,"campfire_choices":[{"floor":1,"key":"RECALL"},{"data":"bronze:Shell","floor":6,"key":"SMITH"},{"data":"bronze:Repulsor","floor":11,"key":"SMITH"},{"data":"bronze:WhirlingStrike","floor":18,"key":"SMITH"},{"data":"bronze:CloningBeam","floor":23,"key":"SMITH"},{"data":"bronze:Goto","floor":27,"key":"SMITH"},{"data":"bronze:Replicate","floor":29,"key":"SMITH"},{"data":"bronze:Verify","floor":35,"key":"SMITH"},{"data":"bronze:Format","floor":40,"key":"SMITH"}],"circlet_count":0,"master_deck":["bronze:Strike","bronze:Strike","bronze:Strike","bronze:Defend","bronze:Defend","bronze:Defend","bronze:Defend","bronze:Replicate+1","bronze:Goto+1","bronze:Overheat","bronze:Shield","downfall:Icky","downfall:Icky","downfall:Icky","bronze:Shell+1","bronze:Repulsor+1","bronze:DelayedSlice+1","bronze:WhirlingStrike+1","bronze:ChildClass","CurseOfTheBell","bronze:CloningBeam+1","bronze:Iterate+1","bronze:ForLoop+1","bronze:HyperBeam","bronze:Frontload+1","bronze:DelayedGuard","bronze:Fortify","bronze:Repair","bronze:Format+1","bronze:Verify+1","bronze:Repair","bronze:CloningBeam+1","bronze:Return","bronze:RecursiveStrike+1","bronze:Turbo","bronze:ChosenStrike+1","bronze:DelayedSlice+1","expansioncontent:AwakenDeath","bronze:Flail+1","bronze:Virus+1","bronze:WhirlingStrike+1","bronze:Flail+1"],"relics":["bronze:BronzeCore","downfall:HeartBlessingRed","Kunai","Calling Bell","Omamori","Meat on the Bone","Prayer Wheel","downfall:HeartBlessingGreen","Juzu Bracelet","downfall:RedIOU","Enchiridion","DollysMirror","Molten Egg 2","SlaversCollar","OrangePellets","Bottled Flame"],"acts_visited":["Exordium","TheCity","TheBeyond"],"potions_floor_usage":[5,14,14,21,31,33,33,42,43],"damage_taken":[{"damage":1,"enemies":"Jaw Worm","floor":2,"turns":4},{"damage":0,"enemies":"2 Louse","floor":3,"turns":2},{"damage":15,"enemies":"Cultist","floor":5,"turns":4},{"damage":0,"enemies":"Exordium Thugs","floor":8,"turns":5},{"damage":3,"enemies":"3 Louse","floor":10,"turns":5},{"damage":10,"enemies":"downfall:LooterAlt","floor":12,"turns":3},{"damage":24,"enemies":"Gremlin Nob","floor":14,"turns":4},{"damage":8,"enemies":"Blue Slaver","floor":15,"turns":4},{"damage":8,"enemies":"SI_SHIV_ARCHETYPE","floor":16,"turns":26},{"damage":12,"enemies":"Spheric Guardian","floor":19,"turns":8},{"damage":8,"enemies":"3 Byrds","floor":20,"turns":4},{"damage":11,"enemies":"Cultist and Chosen","floor":21,"turns":8},{"damage":19,"enemies":"Centurion and Healer","floor":28,"turns":7},{"damage":11,"enemies":"Snecko","floor":30,"turns":4},{"damage":0,"enemies":"downfall:FleeingMerchant","floor":31,"turns":4},{"damage":3,"enemies":"3 Cultists","floor":32,"turns":4},{"damage":46,"enemies":"IC_MUSHROOM_ARCHETYPE","floor":33,"turns":14},{"damage":48,"enemies":"Orb Walker","floor":36,"turns":5},{"damage":9,"enemies":"downfall:FleeingMerchant","floor":37,"turns":4},{"damage":23,"enemies":"3 Shapes","floor":38,"turns":6},{"damage":20,"enemies":"downfall:FleeingMerchant","floor":39,"turns":4},{"damage":64,"enemies":"Nemesis","floor":42,"turns":5},{"damage":40,"enemies":"2 Orb Walkers","floor":43,"turns":3}],"seed_played":"800456530233895640","potions_obtained":[{"floor":2,"key":"FearPotion"},{"floor":3,"key":"GamblersBrew"},{"floor":8,"key":"ColorlessPotion"},{"floor":16,"key":"AttackPotion"},{"floor":19,"key":"Dexterity Potion"},{"floor":28,"key":"hexamod:SoulburnPotion"},{"floor":32,"key":"Block Potion"},{"floor":33,"key":"SkillPotion"},{"floor":42,"key":"bronze:BurnAndBuffPotion"}],"is_trial":false,"path_per_floor":["R","M","M","?","M","R","T","M","?","M","R","M","?","E","M","B",null,"R","M","M","M","?","R","T","?","?","R","M","R","M","$","M","B",null,"R","M","$","M","$","R","T","E","?"],"character_chosen":"THE_AUTOMATON","items_purchased":["bronze:Format","bronze:Verify","DollysMirror","Molten Egg 2","expansioncontent:AwakenDeath","OrangePellets"],"campfire_rested":0,"item_purchase_floors":[31,31,31,31,37,37],"current_hp_per_floor":[77,76,76,76,61,61,61,61,61,58,58,48,48,24,16,8,77,77,65,57,46,46,46,46,46,30,30,23,23,24,36,45,25,77,77,48,46,49,39,39,39,32,0,0,0],"gold":47,"neow_bonus":"TEN_PERCENT_HP_BONUS","is_daily":false,"chose_seed":false,"campfire_upgraded":8,"win_rate":0.0,"timestamp":1613786329,"path_taken":["R","M","M","?","M","R","T","M","?","M","R","M","?","E","M","BOSS","R","M","M","M","?","R","T","?","?","R","M","R","M","$","M","BOSS","R","M","$","M","$","R","T","E","?"],"items_purchased_type":["Card","Card","Relic","Relic","Card","Relic"],"build_version":"2020-12-22","purchased_purges":0,"victory":false,"max_hp_per_floor":[77,77,77,77,77,77,77,77,77,77,77,77,77,77,77,77,77,77,77,77,77,77,77,77,77,77,77,77,77,77,77,77,77,77,77,77,77,77,77,77,77,77,77,77,77],"relic_stats":{"OrangePellets":[0],"counters":[23,137],"Prayer Wheel":8,"Juzu Bracelet":0,"Kunai":[35],"obtain_stats":[{"bronze:BronzeCore":0,"downfall:HeartBlessingRed":6,"Enchiridion":26,"downfall:HeartBlessingGreen":18,"Omamori":17,"Juzu Bracelet":24,"Calling Bell":17,"SlaversCollar":34,"OrangePellets":37,"Bottled Flame":42,"bronze:ProtectiveGoggles":14,"DollysMirror":31,"Prayer Wheel":17,"Molten Egg 2":31,"downfall:RedIOU":25,"Kunai":7,"Meat on the Bone":17},{"bronze:BronzeCore":0,"downfall:HeartBlessingRed":3,"Enchiridion":12,"downfall:HeartBlessingGreen":9,"Omamori":9,"Juzu Bracelet":12,"Calling Bell":9,"SlaversCollar":17,"OrangePellets":19,"Bottled Flame":22,"bronze:ProtectiveGoggles":7,"DollysMirror":15,"Prayer Wheel":9,"Molten Egg 2":15,"downfall:RedIOU":12,"Kunai":3,"Meat on the Bone":9},{"bronze:BronzeCore":0,"downfall:HeartBlessingRed":10,"Enchiridion":77,"downfall:HeartBlessingGreen":57,"Omamori":57,"Juzu Bracelet":77,"Calling Bell":57,"SlaversCollar":110,"OrangePellets":119,"Bottled Flame":134,"bronze:ProtectiveGoggles":27,"DollysMirror":92,"Prayer Wheel":57,"Molten Egg 2":92,"downfall:RedIOU":77,"Kunai":10,"Meat on the Bone":57}],"Meat on the Bone":96},"card_choices":[{"not_picked":["bronze:NullPointer","bronze:DarkDash"],"picked":"bronze:Overheat","floor":2},{"not_picked":["bronze:Safeguard","bronze:Repulsor"],"picked":"bronze:Shield","floor":3},{"not_picked":["bronze:OilSpill","bronze:BitShift"],"picked":"bronze:Shell","floor":5},{"not_picked":["bronze:DelayedGuard","bronze:BuggyMess"],"picked":"bronze:Repulsor","floor":8},{"not_picked":["bronze:NullPointer","bronze:Frontload"],"picked":"bronze:DelayedSlice","floor":10},{"not_picked":["bronze:Invalidate","bronze:Turbo","bronze:DigitalCarnage"],"picked":"SKIP","floor":12},{"not_picked":["bronze:FindAndReplace","bronze:Turbo"],"picked":"bronze:WhirlingStrike","floor":14},{"not_picked":["bronze:Turbo","bronze:FollowUp"],"picked":"bronze:ChildClass","floor":15},{"not_picked":["bronze:Return+1","bronze:Overheat+1","bronze:Invalidate+1"],"picked":"SKIP","floor":19},{"not_picked":["bronze:BuggyMess+1","bronze:ChildClass","bronze:Turbo+1"],"picked":"SKIP","floor":19},{"not_picked":["bronze:FineTuning","bronze:Return"],"picked":"bronze:CloningBeam","floor":20},{"not_picked":["bronze:Allocate","bronze:Overheat","bronze:Deprecate+1"],"picked":"SKIP","floor":20},{"not_picked":["bronze:BuggyMess","bronze:FineTuning+1"],"picked":"bronze:Iterate+1","floor":21},{"not_picked":["bronze:CutThrough","bronze:BuggyMess"],"picked":"bronze:ForLoop+1","floor":21},{"not_picked":["bronze:Turbo","bronze:Philosophize"],"picked":"bronze:HyperBeam","floor":28},{"not_picked":["bronze:Return","bronze:DelayedGuard"],"picked":"bronze:Frontload+1","floor":28},{"not_picked":["bronze:FineTuning","bronze:Frontload"],"picked":"bronze:DelayedGuard","floor":30},{"not_picked":["bronze:DarkDash+1","bronze:DelayedSlice"],"picked":"bronze:Fortify","floor":30},{"not_picked":["bronze:Overheat","bronze:Safeguard"],"picked":"bronze:Repair","floor":31},{"not_picked":["bronze:ForLoop+1","bronze:Deprecate"],"picked":"bronze:CloningBeam+1","floor":32},{"not_picked":["bronze:DarkDash+1","bronze:Deprecate"],"picked":"bronze:Return","floor":32},{"not_picked":["bronze:Format","bronze:SpaghettiCode"],"picked":"bronze:RecursiveStrike+1","floor":33},{"not_picked":["bronze:FineTuning+1","bronze:Allocate"],"picked":"bronze:Turbo","floor":36},{"not_picked":["bronze:ItsAFeature","bronze:BuggyMess+1"],"picked":"bronze:ChosenStrike+1","floor":36},{"not_picked":["bronze:Return","bronze:CutThrough+1"],"picked":"bronze:DelayedSlice+1","floor":37},{"not_picked":["bronze:Invalidate","bronze:DelayedGuard+1"],"picked":"bronze:Flail+1","floor":38},{"not_picked":["bronze:Overheat+1","bronze:Deprecate+1"],"picked":"bronze:Virus+1","floor":38},{"not_picked":["bronze:DelayedSlice+1","bronze:CloningBeam+1"],"picked":"bronze:WhirlingStrike+1","floor":39},{"not_picked":["bronze:Return","bronze:Invalidate+1"],"picked":"bronze:Flail+1","floor":42}],"player_experience":119609,"relics_obtained":[{"floor":7,"key":"Kunai"},{"floor":14,"key":"bronze:ProtectiveGoggles"},{"floor":17,"key":"Omamori"},{"floor":17,"key":"Meat on the Bone"},{"floor":17,"key":"Prayer Wheel"},{"floor":24,"key":"Juzu Bracelet"},{"floor":26,"key":"Enchiridion"},{"floor":42,"key":"Bottled Flame"}],"event_choices":[{"damage_healed":0,"gold_gain":0,"player_choice":"Ignored","damage_taken":0,"max_hp_gain":0,"max_hp_loss":0,"event_name":"betterNote:BetterNote","floor":22,"gold_loss":0,"cards_obtained":["Strike_G"]},{"damage_healed":0,"gold_gain":0,"player_choice":"Fight","damage_taken":0,"max_hp_gain":0,"max_hp_loss":0,"event_name":"Mysterious Sphere","floor":43,"gold_loss":0}],"is_beta":false,"boss_relics":[{"not_picked":["Velvet Choker","Runic Pyramid"],"picked":"Calling Bell"},{"not_picked":["Hololive_ChaosS","Cursed Key"],"picked":"SlaversCollar"}],"items_purged_floors":[],"is_endless":false,"potions_floor_spawned":[2,3,8,16,19,28,32,33,42],"killed_by":"2 Orb Walkers","ascension_level":0}}