{"host":"v86vpwf004p2esb7","time":1613786676,"event":{"mods":["AchievementEnabler","BaseMod","BetterRewards","Colored Powertips","Minty Spire (QoL Compilation)","Quick Restart","StSLib","Transform Curses"],"gold_per_floor":[116,130,142,217,233,233,258,258,258,284,296,296,360,26,26,129,129,149,160,177,102,102,102,137,150,173,206,102,116,133,233,233,329,379,399,399,416,101,0,0,32,32,108,108,136,136,162,172,172,172],"floor_reached":51,"language":"ENG","playtime":5602,"items_purged":["Regret"],"score":1060,"play_id":"d902db44-d211-40ec-adeb-e699631c7edb","local_time":"20210219180436","is_ascension_mode":true,"campfire_choices":[{"floor":6.0,"key":"REST"},{"floor":12.0,"key":"REST"},{"data":"Demon Form","floor":15.0,"key":"SMITH"},{"floor":23.0,"key":"RECALL"},{"data":"Entrench","floor":32,"key":"SMITH"},{"data":"Entrench","floor":40,"key":"SMITH"},{"floor":46,"key":"REST"},{"floor":49,"key":"REST"}],"circlet_count":0,"master_deck":["Strike_R+1","Strike_R+1","Strike_R+1","Strike_R+1","Strike_R+1","Defend_R+1","Defend_R+1","Defend_R+1","Bash","Fire Breathing","Perfected Strike+1","Demon Form+1","Exhume","Rampage","Heavy Blade","Twin Strike","Anger","Thunderclap","Wild Strike","Twin Strike","Fire Breathing","Bandage Up","Demon Form","Heavy Blade","Sword Boomerang","Metallicize","Evolve","Entrench+1","Reaper","Feel No Pain","Shrug It Off","Twin Strike+1","Armaments+1","Headbutt+1","Limit Break","Pommel Strike","Twin Strike+1","Madness","Madness","Iron Wave+1","Reaper","Entrench+1","Perfected Strike+1","Pommel Strike+1","Shrug It Off","Perfected Strike","Flex+1"],"relics":["Burning Blood","Potion Belt","Membership Card","Ornamental Fan","WingedGreaves","Mummified Hand","Gremlin Horn","StrikeDummy","Bag of Marbles","Dead Branch","Lee\u0027s Waffle","Mark of Pain","MealTicket","Akabeko","Ginger","Lizard Tail","Sundial","Tiny House","Prayer Wheel","DollysMirror","Juzu Bracelet","Red Mask","Blood Vial","HornCleat","Regal Pillow","Lantern"],"acts_visited":["Exordium","TheCity","TheBeyond"],"potions_floor_usage":[41,45,45,45,50,50,50,50,50,50],"damage_taken":[{"damage":7.0,"enemies":"2 Louse","floor":1.0,"turns":4.0},{"damage":12.0,"enemies":"Jaw Worm","floor":2.0,"turns":2.0},{"damage":0.0,"enemies":"Small Slimes","floor":3.0,"turns":4.0},{"damage":18.0,"enemies":"3 Louse","floor":5.0,"turns":4.0},{"damage":26.0,"enemies":"Lagavulin","floor":7.0,"turns":5.0},{"damage":22.0,"enemies":"3 Sentries","floor":10.0,"turns":5.0},{"damage":3.0,"enemies":"Gremlin Gang","floor":11.0,"turns":2.0},{"damage":57.0,"enemies":"Hexaghost","floor":16.0,"turns":6.0},{"damage":0.0,"enemies":"Shell Parasite","floor":18.0,"turns":1.0},{"damage":25.0,"enemies":"2 Thieves","floor":19.0,"turns":3.0},{"damage":11.0,"enemies":"Centurion and Healer","floor":20.0,"turns":4.0},{"damage":30.0,"enemies":"Book of Stabbing","floor":24.0,"turns":3.0},{"damage":23.0,"enemies":"Sentry and Sphere","floor":25.0,"turns":4.0},{"damage":0.0,"enemies":"Slavers","floor":27.0,"turns":2.0},{"damage":10.0,"enemies":"Cultist and Chosen","floor":29.0,"turns":3.0},{"damage":4.0,"enemies":"3 Cultists","floor":30.0,"turns":3.0},{"damage":0.0,"enemies":"Colosseum Slavers","floor":31.0,"turns":1.0},{"damage":20.0,"enemies":"Colosseum Nobs","floor":31.0,"turns":4.0},{"damage":61,"enemies":"Collector","floor":33,"turns":7},{"damage":21,"enemies":"3 Darklings","floor":35,"turns":5},{"damage":0,"enemies":"Orb Walker","floor":37,"turns":1},{"damage":65,"enemies":"Nemesis","floor":41,"turns":7},{"damage":66,"enemies":"Giant Head","floor":45,"turns":7},{"damage":37,"enemies":"Reptomancer","floor":47,"turns":4},{"damage":3,"enemies":"4 Shapes","floor":48,"turns":1},{"damage":81,"enemies":"Time Eater","floor":50,"turns":6}],"seed_played":"1143452551566000302","potions_obtained":[{"floor":2.0,"key":"EntropicBrew"},{"floor":7.0,"key":"BloodPotion"},{"floor":10.0,"key":"FearPotion"},{"floor":16.0,"key":"Weak Potion"},{"floor":19.0,"key":"DistilledChaos"},{"floor":24.0,"key":"LiquidMemories"},{"floor":27.0,"key":"SteroidPotion"},{"floor":29.0,"key":"Fruit Juice"},{"floor":34,"key":"LiquidBronze"},{"floor":41,"key":"PowerPotion"},{"floor":48,"key":"Ancient Potion"}],"is_trial":false,"path_per_floor":["M","M","M","?","M","R","E","?","T","E","M","R","?","$","R","B",null,"M","M","M","?","?","R","E","M","T","E","$","M","M","?","R","B",null,"M","?","M","$","?","R","E","$","T","?","E","R","E","M","R","B",null],"character_chosen":"IRONCLAD","items_purchased":["Potion Belt","Fire Breathing","Perfected Strike","Membership Card","Demon Form","Ornamental Fan","Exhume","Fire Breathing","Bandage Up","Dead Branch","Lee\u0027s Waffle","Feel No Pain","Shrug It Off","DistilledChaos","Prayer Wheel","DollysMirror","Entrench","Juzu Bracelet"],"campfire_rested":4,"item_purchase_floors":[0,0,0,0,0,0,0,14,14,14,14,28,28,28,38,38,38,38],"current_hp_per_floor":[43,37,43,32,20,44,24,24,24,24,27,51,51,87,87,40,87,87,68,67,67,67,67,43,34,34,40,55,60,76,86,86,47,97,97,85,91,97,97,97,42,57,57,57,17,61,32,49,93,53],"gold":172,"neow_bonus":"","is_daily":false,"chose_seed":false,"campfire_upgraded":3,"win_rate":0.0,"timestamp":1613786676,"path_taken":["M","M","M","?","M","R","E","?","T","E","M","R","?","?","R","BOSS","M","M","M","?","?","R","E","M","T","E","?","M","?","?","R","BOSS","M","?","M","$","?","R","E","$","T","?","E","R","E","M","R","BOSS"],"items_purchased_type":["Relic","Card","Card","Relic","Card","Relic","Card","Card","Card","Relic","Relic","Card","Card","Potion","Relic","Relic","Card","Relic"],"build_version":"2020-12-22","purchased_purges":1,"victory":true,"max_hp_per_floor":[80,80,80,80,80,80,80,80,80,80,80,80,80,87,87,87,87,87,87,87,87,87,87,87,87,87,87,87,92,92,92,92,92,97,97,97,97,97,97,97,97,97,97,97,97,97,97,97,97,97],"card_choices":[{"not_picked":["Flex","Cleave"],"picked":"Rampage","floor":1.0},{"not_picked":["Pummel","Sword Boomerang"],"picked":"Heavy Blade","floor":2.0},{"not_picked":["Rupture","Pummel"],"picked":"Twin Strike","floor":3.0},{"not_picked":["Sword Boomerang","True Grit"],"picked":"Anger","floor":5.0},{"not_picked":["True Grit","Battle Trance"],"picked":"Thunderclap","floor":7.0},{"not_picked":["Berserk","Dark Embrace"],"picked":"Wild Strike","floor":10.0},{"not_picked":["Second Wind","Shrug It Off"],"picked":"Twin Strike","floor":11.0},{"not_picked":["Corruption","Berserk"],"picked":"Demon Form","floor":16.0},{"not_picked":["Iron Wave","Warcry"],"picked":"Heavy Blade","floor":18.0},{"not_picked":["Cleave","Havoc"],"picked":"Sword Boomerang","floor":19.0},{"not_picked":["Shrug It Off","Shockwave"],"picked":"Metallicize","floor":20.0},{"not_picked":["Juggernaut","True Grit"],"picked":"Evolve","floor":24.0},{"not_picked":["Rupture","Twin Strike"],"picked":"Entrench","floor":25.0},{"not_picked":["Iron Wave+1","Warcry"],"picked":"Reaper","floor":27.0},{"not_picked":["Thunderclap","Wild Strike"],"picked":"Twin Strike+1","floor":29.0},{"not_picked":["Thunderclap","Reckless Charge"],"picked":"Armaments+1","floor":30.0},{"not_picked":["Flex","Pummel"],"picked":"Headbutt+1","floor":31.0},{"not_picked":["Fiend Fire","Corruption"],"picked":"Limit Break","floor":33},{"not_picked":["Clash+1","Sentinel"],"picked":"Pommel Strike","floor":34},{"not_picked":["Warcry","Pommel Strike"],"picked":"Twin Strike+1","floor":35},{"not_picked":["Sentinel","Warcry"],"picked":"Iron Wave+1","floor":37},{"not_picked":["Havoc","Whirlwind+1"],"picked":"Perfected Strike+1","floor":41},{"not_picked":["Wild Strike","Power Through+1"],"picked":"Pommel Strike+1","floor":45},{"not_picked":["Fiend Fire","Immolate"],"picked":"Shrug It Off","floor":47},{"not_picked":["Cleave","Shrug It Off"],"picked":"Perfected Strike","floor":48},{"not_picked":["Second Wind+1","Power Through"],"picked":"Flex+1","floor":48}],"player_experience":300275,"relics_obtained":[{"floor":7.0,"key":"Mummified Hand"},{"floor":9.0,"key":"StrikeDummy"},{"floor":10.0,"key":"Bag of Marbles"},{"floor":24.0,"key":"MealTicket"},{"floor":26.0,"key":"Akabeko"},{"floor":27.0,"key":"Ginger"},{"floor":31.0,"key":"Lizard Tail"},{"floor":31.0,"key":"Sundial"},{"floor":41,"key":"Blood Vial"},{"floor":43,"key":"HornCleat"},{"floor":45,"key":"Regal Pillow"},{"floor":47,"key":"Lantern"}],"event_choices":[{"damage_healed":0.0,"max_hp_gain":0.0,"max_hp_loss":0.0,"gold_gain":75.0,"event_name":"World of Goop","player_choice":"Gather Gold","floor":4.0,"gold_loss":0.0,"damage_taken":11.0},{"damage_healed":0.0,"max_hp_gain":0.0,"max_hp_loss":0.0,"gold_gain":0.0,"event_name":"Big Fish","player_choice":"Box","floor":8.0,"gold_loss":0.0,"damage_taken":0.0,"relics_obtained":["Gremlin Horn"],"cards_obtained":["Regret"]},{"damage_healed":0.0,"max_hp_gain":0.0,"max_hp_loss":0.0,"gold_gain":64.0,"event_name":"Golden Wing","player_choice":"Gained Gold","floor":13.0,"gold_loss":0.0,"damage_taken":0.0},{"cards_removed":["Defend_R"],"damage_healed":0.0,"max_hp_gain":0.0,"max_hp_loss":0.0,"gold_gain":0.0,"event_name":"Beggar","player_choice":"Gave Gold","floor":21.0,"gold_loss":75.0,"damage_taken":0.0},{"damage_healed":0.0,"max_hp_gain":0.0,"max_hp_loss":0.0,"gold_gain":0.0,"event_name":"Back to Basics","player_choice":"Simplicity","floor":22.0,"gold_loss":0.0,"damage_taken":0.0,"cards_upgraded":["Strike_R","Strike_R","Strike_R","Strike_R","Strike_R","Defend_R","Defend_R","Defend_R"]},{"damage_healed":0.0,"max_hp_gain":0.0,"max_hp_loss":0.0,"gold_gain":0.0,"event_name":"Colosseum","player_choice":"Fight","floor":31.0,"gold_loss":0.0,"damage_taken":0.0},{"damage_healed":0.0,"max_hp_gain":0.0,"max_hp_loss":0.0,"gold_gain":0.0,"event_name":"Colosseum","player_choice":"Fought Nobs","floor":31.0,"gold_loss":0.0,"damage_taken":0.0},{"damage_healed":0,"gold_gain":0,"player_choice":"Embrace Madness","damage_taken":12,"max_hp_gain":0,"max_hp_loss":0,"event_name":"Winding Halls","floor":36,"gold_loss":0,"cards_obtained":["Madness","Madness"]},{"damage_healed":0,"gold_gain":0,"player_choice":"Paid","damage_taken":0,"relics_obtained":["Red Mask"],"max_hp_gain":0,"max_hp_loss":0,"event_name":"Tomb of Lord Red Mask","floor":39,"gold_loss":101},{"damage_healed":0,"gold_gain":0,"player_choice":"Ignored","damage_taken":0,"max_hp_gain":0,"max_hp_loss":0,"event_name":"Transmorgrifier","floor":44,"gold_loss":0}],"is_beta":false,"boss_relics":[{"not_picked":["Black Star","Runic Dome"],"picked":"Mark of Pain"},{"not_picked":["Velvet Choker","Fusion Hammer"],"picked":"Tiny House"}],"items_purged_floors":[14],"is_endless":false,"potions_floor_spawned":[2,7,10,16,19,24,27,29,37,41,48],"ascension_level":4}}