{"host":"2yqfi47fogfu1ic4","time":1613801752,"event":{"mods":["AchievementEnabler","BaseMod","Colored Map","Colored Powertips","Highlight Path","Minty Spire (QoL Compilation)","Permanent Neow","Relic Stats","StSLib"],"gold_per_floor":[116,116,116,128,142,173,173,205,205,239,250,14,41,54,54,132,132,149,149,44,5,24,24,56,69,69,101,301,334,353,378,378,450,450,470,486,486,496,509,509,543,543,543,578,578,607,617,635,635,635,635,635,635,53,79,79],"floor_reached":57,"language":"DEU","playtime":5628,"items_purged":["Pain","Strike_G"],"score":3425,"play_id":"ab53b5b5-a316-437b-ba27-cc3bafdd3bf6","local_time":"20210220071552","is_ascension_mode":true,"campfire_choices":[{"floor":7.0,"key":"REST"},{"data":"Footwork","floor":15,"key":"SMITH"},{"data":"Night Terror","floor":23,"key":"SMITH"},{"data":"Strike_G","floor":32,"key":"PURGE"},{"data":"Strike_G","floor":40,"key":"PURGE"},{"data":"Strike_G","floor":42,"key":"PURGE"},{"floor":49,"key":"RECALL"},{"data":"Strike_G","floor":53,"key":"PURGE"}],"circlet_count":0,"master_deck":["AscendersBane","Defend_G","Defend_G","Defend_G","Defend_G","Defend_G","Survivor","Neutralize","Quick Slash","Slice+1","Sucker Punch+1","Backflip","Leg Sweep","Endless Agony+1","Sucker Punch+1","Poisoned Stab+1","Glass Knife+1","Footwork+1","Night Terror+1","PiercingWail","Slice+1","All Out Attack+1","Riddle With Holes+1","Heel Hook+1","Distraction+1","Endless Agony+1","Noxious Fumes+1","Cloak And Dagger+1","PiercingWail+1","Malaise+1","Prepared+1","Outmaneuver+1","Cloak And Dagger+1","Distraction+1","Malaise+1","Madness+1","Madness+1","Parasite","Accuracy+1","Acrobatics+1","Footwork+1","Trip+1","Violence+1","Endless Agony+1"],"relics":["Black Star","Molten Egg 2","Ninja Scroll","Tiny Chest","Pantograph","Ornamental Fan","Shuriken","Anchor","Dead Branch","Art of War","Singing Bowl","Runic Dome","WarpedTongs","Toxic Egg 2","Vajra","InkBottle","Peace Pipe","Boot","Nunchaku","CaptainsWheel","Incense Burner","Mummified Hand","Philosopher\u0027s Stone","Gambling Chip","Bottled Lightning","Meat on the Bone","Bag of Marbles","Ancient Tea Set","Mercury Hourglass","Happy Flower","DollysMirror","Blood Vial","Pear"],"acts_visited":["Exordium","TheCity","TheBeyond","TheEnding"],"potions_floor_usage":[56],"damage_taken":[{"damage":5.0,"enemies":"Jaw Worm","floor":1.0,"turns":6.0},{"damage":3.0,"enemies":"Cultist","floor":4.0,"turns":5.0},{"damage":3.0,"enemies":"Small Slimes","floor":5.0,"turns":4.0},{"damage":19.0,"enemies":"3 Sentries","floor":6.0,"turns":11.0},{"damage":9.0,"enemies":"Gremlin Nob","floor":8.0,"turns":4.0},{"damage":23.0,"enemies":"Lagavulin","floor":10.0,"turns":6.0},{"damage":0.0,"enemies":"Gremlin Gang","floor":11.0,"turns":2.0},{"damage":0,"enemies":"3 Sentries","floor":13,"turns":4},{"damage":0,"enemies":"3 Louse","floor":14,"turns":1},{"damage":6,"enemies":"Hexaghost","floor":16,"turns":6},{"damage":0,"enemies":"Spheric Guardian","floor":18,"turns":1},{"damage":0,"enemies":"Chosen","floor":22,"turns":2},{"damage":0,"enemies":"Slavers","floor":24,"turns":2},{"damage":0,"enemies":"Sentry and Sphere","floor":25,"turns":3},{"damage":0,"enemies":"Book of Stabbing","floor":27,"turns":2},{"damage":0,"enemies":"Slavers","floor":29,"turns":1},{"damage":0,"enemies":"Centurion and Healer","floor":30,"turns":2},{"damage":0,"enemies":"Book of Stabbing","floor":31,"turns":2},{"damage":0,"enemies":"Automaton","floor":33,"turns":2},{"damage":0,"enemies":"3 Darklings","floor":35,"turns":3},{"damage":0,"enemies":"Orb Walker","floor":36,"turns":2},{"damage":0,"enemies":"4 Shapes","floor":38,"turns":5},{"damage":0,"enemies":"Spire Growth","floor":39,"turns":2},{"damage":0,"enemies":"Nemesis","floor":41,"turns":1},{"damage":0,"enemies":"Giant Head","floor":44,"turns":3},{"damage":2,"enemies":"Nemesis","floor":46,"turns":3},{"damage":0,"enemies":"Writhing Mass","floor":47,"turns":4},{"damage":0,"enemies":"3 Darklings","floor":48,"turns":1},{"damage":20,"enemies":"Awakened One","floor":50,"turns":9},{"damage":15,"enemies":"Time Eater","floor":51,"turns":11},{"damage":0,"enemies":"Shield and Spear","floor":55,"turns":6},{"damage":15,"enemies":"The Heart","floor":56,"turns":6}],"seed_played":"-2570923434156665207","potions_obtained":[{"floor":4.0,"key":"GhostInAJar"},{"floor":5.0,"key":"Ancient Potion"},{"floor":8.0,"key":"DuplicationPotion"}],"is_trial":false,"path_per_floor":["M","?","T","M","M","E","R","E","T","E","M","$","E","M","R","B",null,"M","?","$","$","M","R","E","M","T","E","?","E","M","E","R","B",null,"M","M","T","M","M","R","E","R","T","E","?","E","M","M","R","B","B",null,"R","$","E","B",null],"character_chosen":"THE_SILENT","items_purchased":["Poisoned Stab+1","Glass Knife+1","FairyPotion","Slice+1","All Out Attack+1","DollysMirror","Trip+1","Violence+1"],"campfire_rested":1,"item_purchase_floors":[12,12,12,20,21,54,54,54],"current_hp_per_floor":[54,54,54,51,48,29,48,39,39,16,16,16,16,18,18,37,60,60,60,60,60,60,60,60,60,60,60,60,60,60,60,60,68,68,68,68,68,68,68,68,68,68,68,70,57,57,57,57,57,52,57,68,68,68,78,67],"gold":79,"neow_bonus":"BOSS_RELIC","is_daily":false,"chose_seed":false,"campfire_upgraded":2,"win_rate":0.0,"timestamp":1613801752,"path_taken":["M","?","?","M","M","E","R","E","T","E","M","$","E","M","R","BOSS","M","?","?","$","M","R","E","M","T","E","?","E","M","E","R","BOSS","M","M","?","M","M","R","E","R","T","E","?","E","M","M","R","BOSS","BOSS","R","$","E","BOSS"],"items_purchased_type":["Card","Card","Potion","Card","Card","Relic","Card","Card"],"build_version":"2020-12-22","purchased_purges":2,"victory":true,"max_hp_per_floor":[66,66,66,66,66,66,66,66,66,66,66,66,66,68,68,68,68,68,68,68,68,68,68,68,68,68,68,68,68,68,68,68,68,68,68,68,68,68,68,68,68,68,68,70,70,72,72,72,72,72,72,72,72,72,82,82],"relic_stats":{"Singing Bowl":6,"Happy Flower":[12],"counters":[32,122],"Dead Branch":[329],"Boot":[22],"WarpedTongs":[70],"Mercury Hourglass":[105],"Peace Pipe":4,"Blood Vial":2,"Nunchaku":[31],"Ornamental Fan":[496],"Shuriken":[124],"Mummified Hand":[58],"Pantograph":70,"Gambling Chip":[18],"Tiny Chest":1,"Black Star":12,"Art of War":[8],"obtain_stats":[{"Singing Bowl":13,"Vajra":24,"Incense Burner":31,"Boot":27,"Ancient Tea Set":44,"Blood Vial":55,"Nunchaku":29,"Ninja Scroll":6,"Mummified Hand":31,"DollysMirror":54,"Pantograph":8,"Gambling Chip":41,"Tiny Chest":6,"Philosopher\u0027s Stone":34,"Toxic Egg 2":24,"InkBottle":26,"Ring of the Snake":0,"Pear":55,"Happy Flower":46,"Dead Branch":10,"WarpedTongs":19,"Mercury Hourglass":46,"Peace Pipe":27,"Runic Dome":17,"Anchor":10,"CaptainsWheel":29,"Ornamental Fan":8,"Shuriken":9,"Molten Egg 2":3,"Black Star":0,"Art of War":13,"Bag of Marbles":44,"Bottled Lightning":41,"Meat on the Bone":43},{"Singing Bowl":8,"Vajra":13,"Incense Burner":18,"Boot":15,"Ancient Tea Set":25,"Blood Vial":31,"Nunchaku":16,"Ninja Scroll":4,"Mummified Hand":18,"DollysMirror":30,"Pantograph":5,"Gambling Chip":24,"Tiny Chest":4,"Philosopher\u0027s Stone":19,"Toxic Egg 2":13,"InkBottle":14,"Ring of the Snake":0,"Pear":31,"Happy Flower":26,"Dead Branch":6,"WarpedTongs":11,"Mercury Hourglass":26,"Peace Pipe":15,"Runic Dome":10,"Anchor":6,"CaptainsWheel":16,"Ornamental Fan":5,"Shuriken":5,"Molten Egg 2":1,"Black Star":0,"Art of War":8,"Bag of Marbles":25,"Bottled Lightning":24,"Meat on the Bone":24},{"Singing Bowl":42,"Vajra":54,"Incense Burner":64,"Boot":59,"Ancient Tea Set":82,"Blood Vial":116,"Nunchaku":60,"Ninja Scroll":26,"Mummified Hand":64,"DollysMirror":110,"Pantograph":30,"Gambling Chip":79,"Tiny Chest":26,"Philosopher\u0027s Stone":66,"Toxic Egg 2":54,"InkBottle":57,"Ring of the Snake":0,"Pear":116,"Happy Flower":85,"Dead Branch":36,"WarpedTongs":50,"Mercury Hourglass":85,"Peace Pipe":59,"Runic Dome":49,"Anchor":36,"CaptainsWheel":60,"Ornamental Fan":30,"Shuriken":30,"Molten Egg 2":6,"Black Star":0,"Art of War":42,"Bag of Marbles":82,"Bottled Lightning":79,"Meat on the Bone":79}],"InkBottle":[63],"Meat on the Bone":0},"card_choices":[{"not_picked":["Acrobatics","Caltrops"],"picked":"Quick Slash","floor":1.0},{"not_picked":["Leg Sweep","Tactician"],"picked":"Slice+1","floor":4.0},{"not_picked":["Dodge and Roll","Dagger Throw+1"],"picked":"Sucker Punch+1","floor":5.0},{"not_picked":["Concentrate","Deflect"],"picked":"Backflip","floor":6.0},{"not_picked":["Caltrops","Doppelganger"],"picked":"Leg Sweep","floor":8.0},{"not_picked":["Outmaneuver","Quick Slash+1"],"picked":"Endless Agony+1","floor":10.0},{"not_picked":["Calculated Gamble","Skewer+1"],"picked":"Sucker Punch+1","floor":11.0},{"not_picked":["Prepared","Acrobatics"],"picked":"Footwork","floor":13},{"not_picked":["Acrobatics","Sucker Punch+1","Cloak And Dagger"],"picked":"Singing Bowl","floor":14},{"not_picked":["After Image","Bullet Time"],"picked":"Night Terror","floor":16},{"not_picked":["Well Laid Plans","Prepared"],"picked":"PiercingWail","floor":18},{"not_picked":["Deadly Poison","Quick Slash+1"],"picked":"Riddle With Holes+1","floor":22},{"not_picked":["Backflip+1","After Image"],"picked":"Heel Hook+1","floor":24},{"not_picked":["Flying Knee+1","Caltrops"],"picked":"Distraction+1","floor":25},{"not_picked":["Deflect+1","Bane+1"],"picked":"Endless Agony+1","floor":27},{"not_picked":["Eviscerate+1","Acrobatics+1"],"picked":"Noxious Fumes+1","floor":29},{"not_picked":["Crippling Poison+1","Backflip+1"],"picked":"Cloak And Dagger+1","floor":30},{"not_picked":["Quick Slash+1","Dodge and Roll+1"],"picked":"PiercingWail+1","floor":31},{"not_picked":["Doppelganger+1","Night Terror+1"],"picked":"Malaise+1","floor":33},{"not_picked":["Reflex+1","All Out Attack+1"],"picked":"Prepared+1","floor":35},{"not_picked":["Deflect+1","Predator+1"],"picked":"Outmaneuver+1","floor":36},{"not_picked":["Poisoned Stab+1","Flying Knee+1"],"picked":"Cloak And Dagger+1","floor":38},{"not_picked":["Dagger Spray+1","Underhanded Strike+1"],"picked":"Distraction+1","floor":39},{"not_picked":["Dagger Spray+1","Sucker Punch+1"],"picked":"Malaise+1","floor":41},{"not_picked":["Quick Slash+1","Dagger Throw+1","Slice+1"],"picked":"Singing Bowl","floor":44},{"not_picked":["Reflex+1","Dagger Throw+1","Deflect+1"],"picked":"Singing Bowl","floor":46},{"not_picked":["Backstab+1","Endless Agony+1"],"picked":"Accuracy+1","floor":47},{"not_picked":["Quick Slash+1","Flying Knee+1"],"picked":"Acrobatics+1","floor":48},{"not_picked":["Crippling Poison+1","Tools of the Trade"],"picked":"Endless Agony+1","floor":55}],"player_experience":1895923,"relics_obtained":[{"floor":3.0,"key":"Molten Egg 2"},{"floor":6.0,"key":"Ninja Scroll"},{"floor":6.0,"key":"Tiny Chest"},{"floor":8.0,"key":"Pantograph"},{"floor":8.0,"key":"Ornamental Fan"},{"floor":9.0,"key":"Shuriken"},{"floor":10.0,"key":"Anchor"},{"floor":10.0,"key":"Dead Branch"},{"floor":13,"key":"Art of War"},{"floor":13,"key":"Singing Bowl"},{"floor":24,"key":"Toxic Egg 2"},{"floor":24,"key":"Vajra"},{"floor":26,"key":"InkBottle"},{"floor":27,"key":"Peace Pipe"},{"floor":27,"key":"Boot"},{"floor":29,"key":"Nunchaku"},{"floor":29,"key":"CaptainsWheel"},{"floor":31,"key":"Incense Burner"},{"floor":31,"key":"Mummified Hand"},{"floor":41,"key":"Gambling Chip"},{"floor":41,"key":"Bottled Lightning"},{"floor":43,"key":"Meat on the Bone"},{"floor":44,"key":"Bag of Marbles"},{"floor":44,"key":"Ancient Tea Set"},{"floor":46,"key":"Mercury Hourglass"},{"floor":46,"key":"Happy Flower"},{"floor":55,"key":"Blood Vial"},{"floor":55,"key":"Pear"}],"event_choices":[{"damage_healed":0.0,"max_hp_gain":0.0,"max_hp_loss":0.0,"gold_gain":0.0,"event_name":"Liars Game","player_choice":"Ignored","floor":2.0,"gold_loss":0.0,"damage_taken":0.0},{"damage_healed":0,"gold_gain":0,"player_choice":"Rummage","damage_taken":0,"relics_obtained":["WarpedTongs"],"max_hp_gain":0,"max_hp_loss":0,"event_name":"Accursed Blacksmith","floor":19,"gold_loss":0,"cards_obtained":["Pain"]},{"damage_healed":0,"gold_gain":250,"player_choice":"Bet on Owner","damage_taken":0,"max_hp_gain":0,"max_hp_loss":0,"event_name":"The Joust","floor":28,"gold_loss":50},{"damage_healed":0,"gold_gain":0,"player_choice":"Embrace Madness","damage_taken":13,"max_hp_gain":0,"max_hp_loss":0,"event_name":"Winding Halls","floor":45,"gold_loss":0,"cards_obtained":["Madness","Madness"]}],"is_beta":false,"boss_relics":[{"not_picked":["Runic Pyramid","Ectoplasm"],"picked":"Runic Dome"},{"not_picked":["WristBlade","Cursed Key"],"picked":"Philosopher\u0027s Stone"}],"items_purged_floors":[20,54],"is_endless":false,"potions_floor_spawned":[4,5,8,13,22,24,25,27,30,39,41,44,47,55],"ascension_level":20}}