{"host":"i4d8tgqbnmcnjm0a","time":1613803909,"event":{"mods":["BaseMod","Keyboard Shortcuts","Minty Spire (QoL Compilation)"],"gold_per_floor":[114,125,135,154,174,174,199,199,280,280,312,312,35,65,65,168,168,183,107,89,106,124,124,24,24,92,121,133,158,170,192,204,317,329,354,379,406,435,463,475,487,526,538,550,612,641,668,697,709,721],"floor_reached":51,"language":"ENG","playtime":4898,"items_purged":["Strike_R","Defend_R"],"score":916,"play_id":"90e74aa6-1e06-4c31-8631-5fed6a330628","local_time":"20210220015149","is_ascension_mode":true,"campfire_choices":[{"floor":6,"key":"REST"},{"floor":8,"key":"REST"},{"floor":12,"key":"REST"},{"floor":15,"key":"REST"},{"floor":23,"key":"REST"},{"floor":25,"key":"REST"},{"data":"Demon Form","floor":28,"key":"SMITH"},{"floor":32,"key":"REST"},{"floor":40,"key":"REST"},{"floor":49,"key":"REST"}],"circlet_count":0,"master_deck":["Strike_R","Strike_R","Strike_R","Defend_R","Defend_R","Defend_R","Bash","Dual Wield","Battle Trance","Bloodletting","Cleave","Feed","Clothesline","Burning Pact","Pommel Strike","Demon Form+1","Bloodletting","Cleave","Flame Barrier","Infernal Blade+1","Seeing Red","Thunderclap+1","Corruption","Sentinel+1","Armaments+1","Heavy Blade","Madness","Madness","Spot Weakness","Injury","Dark Embrace+1","Shockwave","Parasite","Iron Wave+1"],"relics":["Burning Blood","Peace Pipe","Meat on the Bone","TungstenRod","Happy Flower","Ancient Tea Set","Runic Pyramid","InkBottle","MawBank","Cursed Key","Blood Vial","HornCleat","Prayer Wheel"],"acts_visited":["Exordium","TheCity","TheBeyond"],"potions_floor_usage":[7,7,14,16,22,27,38,39,42,47,50,50,50],"damage_taken":[{"damage":7,"enemies":"Small Slimes","floor":1,"turns":3},{"damage":6,"enemies":"Cultist","floor":2,"turns":3},{"damage":13,"enemies":"Jaw Worm","floor":3,"turns":4},{"damage":45,"enemies":"Large Slime","floor":4,"turns":7},{"damage":13,"enemies":"Exordium Thugs","floor":5,"turns":5},{"damage":18,"enemies":"Gremlin Nob","floor":7,"turns":3},{"damage":43,"enemies":"3 Sentries","floor":11,"turns":6},{"damage":39,"enemies":"Lagavulin","floor":14,"turns":4},{"damage":83,"enemies":"Hexaghost","floor":16,"turns":13},{"damage":32,"enemies":"Spheric Guardian","floor":18,"turns":4},{"damage":33,"enemies":"2 Thieves","floor":20,"turns":4},{"damage":36,"enemies":"Snake Plant","floor":21,"turns":5},{"damage":15,"enemies":"Chosen and Byrds","floor":22,"turns":4},{"damage":33,"enemies":"Slavers","floor":27,"turns":5},{"damage":17,"enemies":"Snecko","floor":29,"turns":4},{"damage":35,"enemies":"Centurion and Healer","floor":31,"turns":4},{"damage":68,"enemies":"Champ","floor":33,"turns":10},{"damage":22,"enemies":"3 Darklings","floor":35,"turns":3},{"damage":22,"enemies":"3 Shapes","floor":36,"turns":3},{"damage":46,"enemies":"Maw","floor":37,"turns":6},{"damage":5,"enemies":"Spire Growth","floor":38,"turns":5},{"damage":14,"enemies":"4 Shapes","floor":39,"turns":4},{"damage":49,"enemies":"Giant Head","floor":42,"turns":7},{"damage":13,"enemies":"Mind Bloom Boss Battle","floor":45,"turns":5},{"damage":10,"enemies":"Sphere and 2 Shapes","floor":46,"turns":4},{"damage":15,"enemies":"Writhing Mass","floor":47,"turns":4},{"damage":4,"enemies":"3 Darklings","floor":48,"turns":3},{"damage":30,"enemies":"Donu and Deca","floor":50,"turns":4}],"seed_played":"380687780937655115","potions_obtained":[{"floor":3,"key":"FearPotion"},{"floor":5,"key":"SteroidPotion"},{"floor":14,"key":"Block Potion"},{"floor":21,"key":"AttackPotion"},{"floor":22,"key":"DistilledChaos"},{"floor":31,"key":"LiquidMemories"},{"floor":33,"key":"SkillPotion"},{"floor":37,"key":"ElixirPotion"},{"floor":38,"key":"BlessingOfTheForge"},{"floor":39,"key":"Regen Potion"},{"floor":46,"key":"CultistPotion"},{"floor":48,"key":"SkillPotion"}],"is_trial":false,"path_per_floor":["M","M","M","M","M","R","E","R","T","?","E","R","$","E","R","B",null,"M","$","M","M","M","R","$","R","T","E","R","M","?","M","R","B",null,"M","M","M","M","M","R","?","E","T","?","?","M","M","M","R","B",null],"character_chosen":"IRONCLAD","items_purchased":["Happy Flower","Strength Potion","Bloodletting"],"campfire_rested":9,"item_purchase_floors":[13,13,19],"current_hp_per_floor":[87,87,80,41,34,60,48,74,74,74,52,79,79,58,85,20,73,59,59,47,32,38,68,68,98,98,74,74,66,101,78,111,64,102,89,76,51,68,72,110,95,79,79,79,77,75,80,84,123,105],"gold":733,"neow_bonus":"TEN_PERCENT_HP_BONUS","is_daily":false,"chose_seed":false,"campfire_upgraded":1,"win_rate":0.0,"timestamp":1613803909,"path_taken":["M","M","M","M","M","R","E","R","T","?","E","R","$","E","R","BOSS","M","?","M","M","M","R","$","R","T","E","R","M","?","M","R","BOSS","M","M","M","M","M","R","?","E","T","?","?","?","M","M","R","BOSS"],"items_purchased_type":["Relic","Potion","Card"],"build_version":"2020-12-22","purchased_purges":2,"victory":true,"max_hp_per_floor":[88,88,88,88,88,88,88,88,88,88,91,91,91,91,91,91,91,91,91,94,97,100,100,100,100,100,103,103,106,106,112,112,115,115,118,121,124,128,128,128,128,128,128,128,131,131,131,131,131,135],"card_choices":[{"not_picked":["Wild Strike","Entrench"],"picked":"Dual Wield","floor":1},{"not_picked":["Anger","Heavy Blade"],"picked":"Battle Trance","floor":2},{"not_picked":["Second Wind","Armaments"],"picked":"Bloodletting","floor":3},{"not_picked":["Bloodletting","Flex"],"picked":"Cleave","floor":4},{"not_picked":["Iron Wave","Body Slam"],"picked":"Feed","floor":5},{"not_picked":["Body Slam","Sentinel"],"picked":"Clothesline","floor":7},{"not_picked":["Cleave","Intimidate"],"picked":"Burning Pact","floor":11},{"not_picked":["Body Slam","Clash"],"picked":"Pommel Strike","floor":14},{"not_picked":["Offering","Bludgeon"],"picked":"Demon Form","floor":16},{"not_picked":["Clothesline","Cleave","Burning Pact"],"picked":"SKIP","floor":18},{"not_picked":["Shrug It Off+1","Body Slam"],"picked":"Cleave","floor":20},{"not_picked":["Havoc","Twin Strike+1","Perfected Strike+1"],"picked":"SKIP","floor":21},{"not_picked":["Sword Boomerang","Pommel Strike+1"],"picked":"Flame Barrier","floor":22},{"not_picked":["Body Slam+1","Rupture"],"picked":"Infernal Blade+1","floor":27},{"not_picked":["Pommel Strike","Clothesline+1"],"picked":"Seeing Red","floor":29},{"not_picked":["Entrench+1","Anger"],"picked":"Thunderclap+1","floor":31},{"not_picked":["Double Tap","Feed"],"picked":"Corruption","floor":33},{"not_picked":["Pommel Strike+1","Sword Boomerang+1","Warcry"],"picked":"SKIP","floor":35},{"not_picked":["Flex+1","True Grit+1"],"picked":"Sentinel+1","floor":36},{"not_picked":["Rage+1","Pommel Strike"],"picked":"Armaments+1","floor":37},{"not_picked":["Fire Breathing+1","Twin Strike+1","Wild Strike"],"picked":"SKIP","floor":38},{"not_picked":["Cleave+1","Evolve+1"],"picked":"Heavy Blade","floor":39},{"not_picked":["True Grit+1","Anger"],"picked":"Spot Weakness","floor":42},{"not_picked":["Pummel+1","Shrug It Off"],"picked":"Dark Embrace+1","floor":45},{"not_picked":["Iron Wave","Clothesline+1"],"picked":"Shockwave","floor":46},{"not_picked":["Armaments","Cleave+1","Clothesline+1"],"picked":"SKIP","floor":46},{"not_picked":["Corruption","Body Slam+1"],"picked":"Iron Wave+1","floor":47},{"not_picked":["Bloodletting","Rage","Thunderclap"],"picked":"SKIP","floor":47},{"not_picked":["Clash+1","Wild Strike+1","Searing Blow"],"picked":"SKIP","floor":48},{"not_picked":["Clothesline+1","Rampage","Dropkick+1"],"picked":"SKIP","floor":48}],"player_experience":359202,"relics_obtained":[{"floor":7,"key":"Peace Pipe"},{"floor":9,"key":"Meat on the Bone"},{"floor":11,"key":"TungstenRod"},{"floor":14,"key":"Ancient Tea Set"},{"floor":26,"key":"InkBottle"},{"floor":27,"key":"MawBank"},{"floor":42,"key":"Blood Vial"},{"floor":43,"key":"HornCleat"},{"floor":45,"key":"Prayer Wheel"}],"event_choices":[{"cards_removed":["Strike_R"],"damage_healed":0,"gold_gain":0,"player_choice":"Offered Basic","damage_taken":0,"max_hp_gain":0,"max_hp_loss":0,"event_name":"Bonfire Elementals","floor":10,"gold_loss":0},{"damage_healed":35,"gold_gain":0,"player_choice":"Heal","damage_taken":0,"max_hp_gain":0,"max_hp_loss":0,"event_name":"The Library","floor":30,"gold_loss":0},{"damage_healed":0,"gold_gain":0,"player_choice":"Embrace Madness","damage_taken":16,"max_hp_gain":0,"max_hp_loss":0,"event_name":"Winding Halls","floor":41,"gold_loss":0,"cards_obtained":["Madness","Madness"]},{"damage_healed":0,"gold_gain":0,"player_choice":"Ignored","damage_taken":0,"max_hp_gain":0,"max_hp_loss":0,"event_name":"Tomb of Lord Red Mask","floor":44,"gold_loss":0},{"damage_healed":0,"gold_gain":0,"player_choice":"Fight","damage_taken":0,"max_hp_gain":0,"max_hp_loss":0,"event_name":"MindBloom","floor":45,"gold_loss":0}],"is_beta":false,"boss_relics":[{"not_picked":["Sozu","Coffee Dripper"],"picked":"Runic Pyramid"},{"not_picked":["Tiny House","SacredBark"],"picked":"Cursed Key"}],"items_purged_floors":[13,24],"is_endless":false,"potions_floor_spawned":[3,5,14,21,22,31,33,37,38,39,46,48],"ascension_level":5}}