{"host":"bkvp8h802zvp9d7d","time":1613791553,"event":{"mods":["Act Like it!","BaseMod","Minty Spire (QoL Compilation)","Replay The Spire","StSLib"],"gold_per_floor":[116,116,43,60,60,95,109,109,109,109,124,74,6,6,6,40,40,143,143,156,4,15,15,15,15,15,15,15,43,43,69,69,69],"floor_reached":32,"language":"ZHS","playtime":1743,"items_purged":["Strike_G"],"score":365,"play_id":"7fc7835f-a300-4e99-a39c-ed5d67dc4633","local_time":"20210220112553","is_ascension_mode":true,"campfire_choices":[{"data":"Hidden Blade","floor":8.0,"key":"SMITH"},{"data":"Eviscerate","floor":10.0,"key":"SMITH"},{"data":"Prepared","floor":17.0,"key":"SMITH"},{"data":"Envenom","floor":25.0,"key":"SMITH"}],"circlet_count":0,"master_deck":["Defend_G","Defend_G","Defend_G","Defend_G","Survivor","Neutralize","Dagger Spray","Eviscerate+1","All Out Attack","Tools of the Trade","Dramatic Entrance","Hidden Blade+1","Prepared+1","Doppelganger","Accuracy","Envenom+1","Acrobatics+1","ReplayTheSpireMod:Scrap Shanks","Crippling Poison+1","Venomology","Finisher","Acrobatics","Prepared"],"relics":["Ring of the Snake","NeowsBlessing","Divine Protection","Mirror","MealTicket","Honey Jar","Snake Skull","ReplayTheSpireMod:Lightbulb","Mummified Hand"],"acts_visited":["Exordium","TheCity"],"potions_floor_usage":[],"damage_taken":[{"damage":0.0,"enemies":"2 Louse","floor":1.0,"turns":1.0},{"damage":0.0,"enemies":"Jaw Worm","floor":4.0,"turns":1.0},{"damage":0.0,"enemies":"3 Sentries","floor":6.0,"turns":1.0},{"damage":0.0,"enemies":"Cultist","floor":7.0,"turns":4.0},{"damage":1.0,"enemies":"Blue Slaver","floor":11.0,"turns":2.0},{"damage":12.0,"enemies":"Lagavulin","floor":16.0,"turns":5.0},{"damage":3.0,"enemies":"Fading Forest","floor":18.0,"turns":11.0},{"damage":32.0,"enemies":"2 Thieves","floor":20.0,"turns":4.0},{"damage":0.0,"enemies":"3 Byrds","floor":22.0,"turns":3.0},{"damage":0.0,"enemies":"Replay:Snechameleon","floor":29.0,"turns":5.0},{"damage":36.0,"enemies":"Slavers","floor":31.0,"turns":4.0},{"damage":32,"enemies":"Shelled Parasite and Fungi","floor":32,"turns":3}],"seed_played":"-5225369562101353226","potions_obtained":[{"floor":4.0,"key":"FearPotion"},{"floor":6.0,"key":"BlessingOfTheForge"},{"floor":11.0,"key":"Elixir"},{"floor":16.0,"key":"Energy Potion"},{"floor":20.0,"key":"EssenceOfSteel"}],"is_trial":false,"path_per_floor":["M","?","$","M","?","E","M","R","T","R","M","?","$","PTL","PTL","E","R","B",null,"M","$","M","?","$","R","PTL","PTL","?","E","T","E","M"],"character_chosen":"THE_SILENT","items_purchased":["Eviscerate","Doppelganger","ReplayTheSpireMod:Scrap Shanks"],"campfire_rested":0,"item_purchase_floors":[3,13,21],"current_hp_per_floor":[70,63,63,63,63,63,63,63,63,63,62,62,62,62,62,50,50,70,70,38,53,53,53,68,68,68,68,68,68,68,32,0,0],"gold":69,"neow_bonus":"THREE_ENEMY_KILL","is_daily":false,"chose_seed":false,"campfire_upgraded":4,"win_rate":0.0,"timestamp":1613791553,"path_taken":["M","?","$","M","?","E","M","R","T","R","?","?","$","PTL","PTL","E","R","BOSS","M","$","M","?","$","R","PTL","PTL","?","E","T","E","M"],"items_purchased_type":["Card","Card","Card"],"build_version":"2020-12-22","purchased_purges":1,"victory":false,"max_hp_per_floor":[70,70,70,70,70,70,70,70,70,70,70,70,70,70,70,70,70,70,70,70,70,70,70,70,70,70,70,70,70,70,70,70,70],"card_choices":[{"not_picked":["PiercingWail","Slice"],"picked":"Dagger Spray","floor":1.0},{"not_picked":["Choke","Flying Knee"],"picked":"All Out Attack","floor":4.0},{"not_picked":["Distraction","Deflect","Poisoned Stab"],"picked":"SKIP","floor":6.0},{"not_picked":["Backflip","Outmaneuver"],"picked":"Hidden Blade","floor":7.0},{"not_picked":["Dagger Throw","Replay:Poison Smokescreen"],"picked":"Prepared","floor":11.0},{"not_picked":["Deadly Poison","Blade Dance"],"picked":"Accuracy","floor":16.0},{"not_picked":["Corpse Explosion","Grand Finale"],"picked":"Envenom","floor":18.0},{"not_picked":["Bane+1","Sucker Punch+1","Dagger Spray"],"picked":"Acrobatics+1","floor":20.0},{"not_picked":["Poisoned Stab","PiercingWail+1","Slice"],"picked":"Crippling Poison+1","floor":22.0},{"not_picked":["Deadly Poison","Crippling Poison+1","Distraction"],"picked":"Acrobatics","floor":29.0},{"not_picked":["Underhanded Strike","ReplayTheSpireMod:Exploit Weakness","Slice"],"picked":"Prepared","floor":31}],"player_experience":400427,"relics_obtained":[{"floor":6.0,"key":"Divine Protection"},{"floor":9.0,"key":"Mirror"},{"floor":16.0,"key":"MealTicket"},{"floor":29.0,"key":"Snake Skull"},{"floor":30.0,"key":"ReplayTheSpireMod:Lightbulb"},{"floor":31,"key":"Mummified Hand"}],"event_choices":[{"cards_removed":["Strike_G"],"damage_healed":0.0,"max_hp_gain":0.0,"max_hp_loss":0.0,"gold_gain":0.0,"event_name":"Golden Wing","player_choice":"Card Removal","floor":2.0,"gold_loss":0.0,"damage_taken":7.0},{"damage_healed":0.0,"max_hp_gain":0.0,"max_hp_loss":0.0,"gold_gain":0.0,"event_name":"Match and Keep!","player_choice":"2 cards matched","floor":5.0,"gold_loss":0.0,"damage_taken":0.0,"cards_obtained":["Tools of the Trade","Dramatic Entrance"]},{"cards_removed":["Strike_G"],"damage_healed":0.0,"max_hp_gain":0.0,"max_hp_loss":0.0,"gold_gain":0.0,"event_name":"The Cleric","player_choice":"Card Removal","floor":12.0,"gold_loss":50.0,"damage_taken":0.0},{"damage_healed":0.0,"max_hp_gain":0.0,"max_hp_loss":0.0,"gold_gain":0.0,"cards_transformed":["Strike_G","Strike_G"],"event_name":"Drug Dealer","player_choice":"Became Test Subject","floor":23.0,"gold_loss":0.0,"damage_taken":0.0,"cards_obtained":["Venomology","Finisher"]},{"cards_removed":["Defend_G"],"damage_healed":0.0,"max_hp_gain":0.0,"max_hp_loss":0.0,"gold_gain":0.0,"event_name":"Bonfire Elementals","player_choice":"Offered Basic","floor":28.0,"gold_loss":0.0,"damage_taken":0.0}],"is_beta":false,"boss_relics":[{"not_picked":["Ring of Chaos","Replay:Grab Bag"],"picked":"Honey Jar"}],"items_purged_floors":[21],"is_endless":false,"potions_floor_spawned":[4,6,11,16,20],"killed_by":"Shelled Parasite and Fungi","ascension_level":2}}