{"host":"nug5xkek4sujf8as","time":1613835222,"event":{"mods":["Act Like it!","Aspiration","BaseMod","Booster Modes","CapriCore","Colored Powertips","Conspire","Energized Spire","Gensokyo","Minty Spire (QoL Compilation)","Permanent Neow","Quick Restart","Replay The Spire","Shop Mod","Spicy Shops","StSLib","【功能Mod】混沌之环修复补丁","【遗物卡牌】REMEMod","篝火指南"],"gold_per_floor":[113,126,126,67,80,113,113,144,222,245,273,286,318,329,267,342,342,361,361,361,380,391,391,391],"floor_reached":23,"language":"ZHS","playtime":1023,"items_purged":["Strike_R"],"score":492,"play_id":"b709c152-2c4d-4800-b5b8-26fc0e0de356","local_time":"20210220233342","is_ascension_mode":true,"campfire_choices":[{"floor":7.0,"key":"RECALL"}],"circlet_count":0,"master_deck":["AscendersBane","Strike_R","Strike_R","Strike_R+1","Defend_R","Defend_R","Defend_R","Bash","Eclipse+1","ReplayTheSpireMod:Strike From Hell","Flex","Inflame+1","TalkToTheHand","Night Terror","Sword Boomerang","Whirlwind","RitualDagger","TalkToTheHand"],"relics":["Burning Blood","REME_ComplimentaryCards","aspiration:Nostalgia","Replay:M_StaffOfTheSnake","Bag of Marbles","Omamori","Sundial","Regal Pillow","Nunchaku","ReplayTheSpireMod:CursedCoin","Smiling Mask","REME_LowDesire","Ancient Tea Set","Simple Rune","Enchiridion"],"acts_visited":["Exordium","TheCity"],"potions_floor_usage":[22,23],"damage_taken":[{"damage":6.0,"enemies":"Cultist","floor":1.0,"turns":3.0},{"damage":2.0,"enemies":"Jaw Worm","floor":2.0,"turns":2.0},{"damage":9.0,"enemies":"2 Louse","floor":5.0,"turns":4.0},{"damage":0.0,"enemies":"3 Sentries","floor":6.0,"turns":3.0},{"damage":15.0,"enemies":"Lagavulin","floor":8.0,"turns":5.0},{"damage":4.0,"enemies":"Gremlin Nob","floor":11.0,"turns":3.0},{"damage":9.0,"enemies":"Blue Slaver","floor":12.0,"turns":3.0},{"damage":6.0,"enemies":"Lagavulin","floor":13.0,"turns":6.0},{"damage":13.0,"enemies":"Exordium Wildlife","floor":14.0,"turns":3.0},{"damage":69.0,"enemies":"Fading Forest","floor":16.0,"turns":13.0},{"damage":1.0,"enemies":"Chosen","floor":18.0,"turns":3.0},{"damage":6,"enemies":"Spheric Guardian","floor":21,"turns":3},{"damage":39,"enemies":"conspire:HollyBat","floor":22,"turns":9},{"damage":13,"enemies":"conspire:SneckoGhost","floor":23,"turns":2}],"seed_played":"5453834134170004711","potions_obtained":[{"floor":1.0,"key":"Energy Potion"},{"floor":8.0,"key":"Elixir"},{"floor":11.0,"key":"FearPotion"},{"floor":18,"key":"Energy Potion"}],"is_trial":false,"path_per_floor":["M","M","?","$","M","E","R","E","T","T","E","M","E","M","R","B",null,"M","?","?","M","M","E"],"character_chosen":"IRONCLAD","items_purchased":["Inflame+1","ReplayTheSpireMod:CursedCoin","Smiling Mask"],"campfire_rested":0,"item_purchase_floors":[4,15,15],"current_hp_per_floor":[68,72,72,72,69,75,75,66,66,66,68,65,65,58,58,27,63,68,62,41,41,8,0,0],"gold":391,"neow_bonus":"NOSTALGIA","is_daily":false,"chose_seed":false,"campfire_upgraded":0,"win_rate":0.0,"timestamp":1613835222,"path_taken":["M","?","?","?","M","E","R","E","T","?","E","?","E","M","R","BOSS","M","?","?","M","M","E"],"items_purchased_type":["Card","Relic","Relic"],"build_version":"2020-12-22","purchased_purges":1,"victory":false,"max_hp_per_floor":[75,75,75,75,75,75,75,75,75,75,75,75,75,75,75,75,75,75,75,75,75,75,75,75],"card_choices":[{"not_picked":["Pommel Strike","JustLucky"],"picked":"ReplayTheSpireMod:Strike From Hell","floor":1.0},{"not_picked":["Anger","SashWhip"],"picked":"Flex","floor":2.0},{"not_picked":["ReplayTheSpireMod:Corrosion Curse","Clothesline","Warcry"],"picked":"SKIP","floor":5.0},{"not_picked":["ThirdEye","Iron Wave","ReplayTheSpireMod:LeadingStrike"],"picked":"SKIP","floor":6.0},{"not_picked":["Body Slam","Havoc"],"picked":"TalkToTheHand","floor":8.0},{"not_picked":["JustLucky","Flex"],"picked":"Night Terror","floor":11.0},{"not_picked":["Flex","Fire Breathing"],"picked":"Sword Boomerang","floor":12.0},{"not_picked":["REME_Fury","Juggernaut"],"picked":"Whirlwind","floor":13.0},{"not_picked":["Clash","Body Slam","Clothesline"],"picked":"SKIP","floor":14.0},{"not_picked":["Thunderclap","ReplayTheSpireMod:LeadingStrike+1","Twin Strike","Dramatic Entrance"],"picked":"SKIP","floor":18},{"not_picked":["Headbutt","ReplayTheSpireMod:Limb From Limb","WaveOfTheHand","Mayhem"],"picked":"SKIP","floor":21},{"not_picked":["InnerPeace","Flex+1","Specialist+1"],"picked":"TalkToTheHand","floor":22}],"player_experience":829522,"relics_obtained":[{"floor":6.0,"key":"Bag of Marbles"},{"floor":8.0,"key":"Omamori"},{"floor":9.0,"key":"Sundial"},{"floor":11.0,"key":"Regal Pillow"},{"floor":13.0,"key":"Nunchaku"},{"floor":17.0,"key":"Ancient Tea Set"},{"floor":17.0,"key":"Simple Rune"},{"floor":20,"key":"Enchiridion"}],"event_choices":[{"damage_healed":0.0,"max_hp_gain":0.0,"max_hp_loss":0.0,"gold_gain":0.0,"event_name":"Upgrade Shrine","player_choice":"Upgraded","floor":3.0,"gold_loss":0.0,"damage_taken":0.0,"cards_upgraded":["Eclipse"]},{"damage_healed":0,"gold_gain":0,"player_choice":"Joined the Cult","damage_taken":6,"max_hp_gain":0,"max_hp_loss":0,"event_name":"Nest","floor":19,"gold_loss":0,"cards_obtained":["RitualDagger"]},{"damage_healed":0,"gold_gain":0,"player_choice":"Obtained Book","damage_taken":21,"max_hp_gain":0,"max_hp_loss":0,"event_name":"Cursed Tome","floor":20,"gold_loss":0}],"is_beta":false,"boss_relics":[{"not_picked":["Black Blood","energizedSpire:TabascoSauce"],"picked":"REME_LowDesire"}],"items_purged_floors":[15],"is_endless":false,"potions_floor_spawned":[1,8,11,12,18],"killed_by":"conspire:SneckoGhost","ascension_level":20}}