{"host":"6xsbn6ynqlzwllfm","time":1613783580,"event":{"mods":["2.2 Compatiblity","BaseMod","Bestiary","Colored Map","Colored Powertips","Curses Come First","Downfall","Highlight Path","Keyboard Shortcuts","Minty Spire (QoL Compilation)","Quick Restart","Relic Stats","Slay the Relics Exporter","StSLib","SuperFastMode"],"gold_per_floor":[19,37,55,55,74,104,104,135,135,167,182,214,214,240,240,318,318,329,349,349,67,78,103,103,128,128,128,128,128],"floor_reached":27,"language":"ENG","playtime":866,"items_purged":["bronze:Strike"],"score":583,"play_id":"d92a5743-c77b-4dfc-9311-135b7d6f0d0f","local_time":"20210219201300","is_ascension_mode":true,"campfire_choices":[{"floor":7,"key":"REST"},{"floor":13,"key":"REST"},{"data":"bronze:DelayedGuard","floor":15,"key":"SMITH"},{"data":"bronze:MaxOutput","floor":24,"key":"SMITH"}],"circlet_count":0,"master_deck":["AscendersBane","bronze:Strike","bronze:Strike+1","bronze:Strike","bronze:Defend","bronze:Defend","bronze:Defend","bronze:Defend","bronze:Replicate+1","bronze:Goto","bronze:CutThrough","bronze:OilSpill","bronze:Flail","bronze:BronzeArmor","bronze:MaxOutput","bronze:Virus","bronze:DelayedGuard+1","bronze:Invalidate","bronze:Verify","bronze:MaxOutput+1","bronze:DelayedGuard","bronze:Shell+1"],"relics":["bronze:BronzeCore","Thread and Needle","Mummified Hand","Eternal Feather","Calipers","Ancient Tea Set","Centennial Puzzle","Coffee Dripper","Vajra","Toxic Egg 2","Oddly Smooth Stone","Torii"],"acts_visited":["Exordium","TheCity"],"potions_floor_usage":[6,8,10,19,20,23,25],"damage_taken":[{"damage":0,"enemies":"Jaw Worm","floor":1,"turns":3},{"damage":6,"enemies":"2 Louse","floor":2,"turns":3},{"damage":0,"enemies":"Small Slimes","floor":3,"turns":3},{"damage":4,"enemies":"Blue Slaver","floor":5,"turns":3},{"damage":12,"enemies":"Gremlin Nob","floor":6,"turns":3},{"damage":1,"enemies":"3 Sentries","floor":8,"turns":3},{"damage":14,"enemies":"Gremlin Nob","floor":10,"turns":3},{"damage":4,"enemies":"Large Slime","floor":11,"turns":4},{"damage":18,"enemies":"Lagavulin","floor":12,"turns":6},{"damage":1,"enemies":"3 Sentries","floor":14,"turns":3},{"damage":0,"enemies":"Slime Boss","floor":16,"turns":7},{"damage":3,"enemies":"3 Byrds","floor":18,"turns":2},{"damage":7,"enemies":"2 Thieves","floor":19,"turns":2},{"damage":0,"enemies":"Snake Plant","floor":20,"turns":2},{"damage":1,"enemies":"Snecko","floor":22,"turns":4},{"damage":25,"enemies":"Slavers","floor":23,"turns":3},{"damage":31,"enemies":"Book of Stabbing","floor":25,"turns":5},{"damage":15,"enemies":"Slavers","floor":27,"turns":1}],"seed_played":"-7761859739268242666","potions_obtained":[{"floor":1,"key":"Strength Potion"},{"floor":3,"key":"Strength Potion"},{"floor":8,"key":"SmokeBomb"},{"floor":10,"key":"Fruit Juice"},{"floor":16,"key":"AttackPotion"},{"floor":22,"key":"Swift Potion"},{"floor":23,"key":"Explosive Potion"}],"is_trial":false,"path_per_floor":["M","M","M","?","M","E","R","E","T","E","M","E","R","E","R","B",null,"M","M","M","$","M","E","R","E","T","E"],"character_chosen":"THE_AUTOMATON","items_purchased":["Vajra","bronze:DelayedGuard"],"campfire_rested":2,"item_purchase_floors":[21,21],"current_hp_per_floor":[57,51,51,38,34,22,40,39,39,30,26,8,37,36,45,45,62,59,52,52,52,51,26,38,7,7,0,0,0],"gold":128,"neow_bonus":"ONE_RARE_RELIC","is_daily":false,"chose_seed":false,"campfire_upgraded":2,"win_rate":0.0,"timestamp":1613783580,"path_taken":["M","M","M","?","M","E","R","E","T","E","M","E","R","E","R","BOSS","M","M","M","$","M","E","R","E","T","E"],"items_purchased_type":["Relic","Card"],"build_version":"2020-12-22","purchased_purges":1,"victory":false,"max_hp_per_floor":[63,63,63,63,63,63,63,63,63,68,68,68,68,68,68,68,68,68,68,68,68,68,68,68,68,68,68,68,68],"relic_stats":{"Centennial Puzzle":[18],"Torii":3,"counters":[18,60],"Mummified Hand":[15],"Eternal Feather":30,"obtain_stats":[{"Centennial Puzzle":14,"bronze:BronzeCore":0,"Calipers":10,"Torii":26,"Mummified Hand":6,"Vajra":21,"Oddly Smooth Stone":25,"Thread and Needle":0,"Eternal Feather":8,"Coffee Dripper":17,"Toxic Egg 2":23,"Ancient Tea Set":12},{"Centennial Puzzle":10,"bronze:BronzeCore":0,"Calipers":7,"Torii":17,"Mummified Hand":5,"Vajra":14,"Oddly Smooth Stone":17,"Thread and Needle":0,"Eternal Feather":6,"Coffee Dripper":11,"Toxic Egg 2":16,"Ancient Tea Set":9},{"Centennial Puzzle":34,"bronze:BronzeCore":0,"Calipers":21,"Torii":59,"Mummified Hand":15,"Vajra":47,"Oddly Smooth Stone":59,"Thread and Needle":0,"Eternal Feather":18,"Coffee Dripper":41,"Toxic Egg 2":54,"Ancient Tea Set":31}]},"card_choices":[{"not_picked":["bronze:ItsAFeature","bronze:DarkDash"],"picked":"bronze:CutThrough","floor":1},{"not_picked":["bronze:BuggyMess","bronze:Fortify"],"picked":"bronze:OilSpill","floor":3},{"not_picked":["bronze:Separator","bronze:Iterate"],"picked":"bronze:Flail","floor":5},{"not_picked":["bronze:ForLoop","bronze:CutThrough"],"picked":"bronze:BronzeArmor","floor":6},{"not_picked":["bronze:Constructor","bronze:TinkerersToolbox"],"picked":"bronze:MaxOutput","floor":8},{"not_picked":["bronze:Boost","bronze:Frontload"],"picked":"bronze:Virus","floor":10},{"not_picked":["bronze:BuggyMess","bronze:ChosenStrike"],"picked":"bronze:DelayedGuard","floor":12},{"not_picked":["bronze:BitShift","bronze:ForceShield"],"picked":"bronze:Invalidate","floor":14},{"not_picked":["bronze:HardenedForm","bronze:Virus"],"picked":"bronze:Verify","floor":16},{"not_picked":["bronze:BronzeArmor+1","bronze:ItsAFeature+1"],"picked":"bronze:MaxOutput","floor":19},{"not_picked":["bronze:MaxOutput","bronze:Iterate"],"picked":"bronze:Shell+1","floor":25}],"player_experience":1807142,"relics_obtained":[{"floor":6,"key":"Mummified Hand"},{"floor":8,"key":"Eternal Feather"},{"floor":10,"key":"Calipers"},{"floor":12,"key":"Ancient Tea Set"},{"floor":14,"key":"Centennial Puzzle"},{"floor":23,"key":"Toxic Egg 2"},{"floor":25,"key":"Oddly Smooth Stone"},{"floor":26,"key":"Torii"}],"event_choices":[{"damage_healed":0,"gold_gain":0,"player_choice":"Entered Light","damage_taken":13,"max_hp_gain":0,"max_hp_loss":0,"event_name":"Shining Light","floor":4,"gold_loss":0,"cards_upgraded":["bronze:Strike","bronze:Replicate"]}],"is_beta":false,"boss_relics":[{"not_picked":["Runic Dome","SacredBark"],"picked":"Coffee Dripper"}],"items_purged_floors":[21],"is_endless":false,"potions_floor_spawned":[1,3,8,10,16,22,23],"killed_by":"Slavers","ascension_level":14}}