{"host":"vx9g5eyuglzorf3u","time":1613837789,"event":{"mods":["2.2 Compatiblity","BaseMod","DeckTracker","Keyboard Shortcuts","Minty Spire (QoL Compilation)","Relic Stats","StSLib","SuperFastMode","everything is the same but u backflip on backflip"],"gold_per_floor":[109,128,145,145,164,164,239,239,266,38,38,38,48,79,79,79,79],"floor_reached":16,"language":"KOR","playtime":398,"items_purged":["Defend_G"],"score":200,"play_id":"3f3c2d21-d901-4a40-8b4e-2168b0cc61ad","local_time":"20210221011629","is_ascension_mode":true,"campfire_choices":[{"floor":6,"key":"REST"},{"floor":8,"key":"REST"},{"data":"Flechettes","floor":11,"key":"SMITH"},{"data":"Reflex","floor":15,"key":"SMITH"}],"circlet_count":0,"master_deck":["AscendersBane","Strike_G","Strike_G","Strike_G","Defend_G","Defend_G","Defend_G","Survivor+1","Neutralize","Reflex+1","Heel Hook+1","Blade Dance","Flechettes+1","Finesse","Backflip","Acrobatics","Eviscerate"],"relics":["Ring of the Snake","Blood Vial","Bag of Preparation"],"acts_visited":["Exordium"],"potions_floor_usage":[5,14,16],"damage_taken":[{"damage":1,"enemies":"Cultist","floor":1,"turns":5},{"damage":1,"enemies":"Jaw Worm","floor":2,"turns":7},{"damage":1,"enemies":"Small Slimes","floor":3,"turns":3},{"damage":13,"enemies":"Blue Slaver","floor":5,"turns":3},{"damage":1,"enemies":"Exordium Thugs","floor":13,"turns":4},{"damage":24,"enemies":"Gremlin Nob","floor":14,"turns":4},{"damage":26,"enemies":"Hexaghost","floor":16,"turns":9}],"seed_played":"8320316270588526111","potions_obtained":[{"floor":2,"key":"Poison Potion"},{"floor":3,"key":"Fruit Juice"},{"floor":5,"key":"Weak Potion"},{"floor":14,"key":"Dexterity Potion"}],"is_trial":false,"path_per_floor":["M","M","M","?","M","R","?","R","T","$","R","?","M","E","R","B"],"character_chosen":"THE_SILENT","items_purchased":["Finesse","Backflip"],"campfire_rested":2,"item_purchase_floors":[10,10],"current_hp_per_floor":[43,42,41,21,13,34,23,44,44,44,44,44,45,23,23,0,0],"gold":79,"neow_bonus":"REMOVE_TWO","is_daily":false,"chose_seed":false,"campfire_upgraded":2,"win_rate":0.0,"timestamp":1613837789,"path_taken":["M","M","M","?","M","R","?","R","T","$","R","?","M","E","R","BOSS"],"items_purchased_type":["Card","Card"],"build_version":"2020-12-22","purchased_purges":1,"victory":false,"max_hp_per_floor":[66,66,66,66,71,71,71,71,71,71,71,71,71,71,71,71,71],"relic_stats":{"Blood Vial":6,"counters":[7,35],"Bag of Preparation":[2],"obtain_stats":[{"Blood Vial":9,"Bag of Preparation":14,"Ring of the Snake":0},{"Blood Vial":4,"Bag of Preparation":6,"Ring of the Snake":0},{"Blood Vial":18,"Bag of Preparation":26,"Ring of the Snake":0}],"Ring of the Snake":[14]},"card_choices":[{"not_picked":["Cloak And Dagger","Catalyst"],"picked":"Reflex","floor":1},{"not_picked":["Cloak And Dagger","Riddle With Holes"],"picked":"Heel Hook","floor":2},{"not_picked":["PiercingWail","Accuracy"],"picked":"Blade Dance","floor":3},{"not_picked":["Noxious Fumes","Riddle With Holes"],"picked":"Flechettes","floor":5},{"not_picked":["Sucker Punch","Flying Knee"],"picked":"Acrobatics","floor":13},{"not_picked":["Finisher","Backstab"],"picked":"Eviscerate","floor":14}],"player_experience":1532077,"relics_obtained":[{"floor":9,"key":"Blood Vial"},{"floor":14,"key":"Bag of Preparation"}],"event_choices":[{"damage_healed":0,"gold_gain":0,"player_choice":"Entered Light","damage_taken":20,"max_hp_gain":0,"max_hp_loss":0,"event_name":"Shining Light","floor":4,"gold_loss":0,"cards_upgraded":["Survivor","Heel Hook"]},{"damage_healed":0,"gold_gain":75,"player_choice":"Gather Gold","damage_taken":11,"max_hp_gain":0,"max_hp_loss":0,"event_name":"World of Goop","floor":7,"gold_loss":0},{"cards_removed":["Strike_G"],"damage_healed":0,"gold_gain":0,"player_choice":"Forget","damage_taken":0,"max_hp_gain":0,"max_hp_loss":0,"event_name":"Living Wall","floor":12,"gold_loss":0}],"is_beta":false,"boss_relics":[],"items_purged_floors":[10],"is_endless":false,"potions_floor_spawned":[2,3,5,14],"killed_by":"Hexaghost","ascension_level":20}}