{"host":"nug5xkek4sujf8as","time":1613801131,"event":{"mods":["Act Like it!","Aspiration","BaseMod","Booster Modes","CapriCore","Colored Powertips","Conspire","Energized Spire","Gensokyo","Minty Spire (QoL Compilation)","Permanent Neow","Quick Restart","Replay The Spire","Shop Mod","Spicy Shops","StSLib","【功能Mod】混沌之环修复补丁","【遗物卡牌】REMEMod","篝火指南"],"gold_per_floor":[109,109,126,126,126,126,126,161,161,180,21,21,21,32,32,32,32],"floor_reached":16,"language":"ZHS","playtime":306,"items_purged":[],"score":236,"play_id":"3c85a819-7bc8-4fd4-bc68-9a4885e2320c","local_time":"20210220140531","is_ascension_mode":true,"campfire_choices":[{"floor":6.0,"key":"REST"}],"circlet_count":0,"master_deck":["AscendersBane","Strike_R","Strike_R","Strike_R","Strike_R","Strike_R","Defend_R","Bash","aspiration:Lunge","Gensokyo:CrescentMoonSlash+1","Body Slam+1","Blood for Blood","Gensokyo:BlemishedSteel","Dark Embrace"],"relics":["REME_ComplimentaryCards","Electric Blood","Iron Hammer","Question Card","Gensokyo:CelestialsFlawlessClothing","conspire:DeflatedDodgeball"],"acts_visited":["Gensokyo:Gensokyo"],"potions_floor_usage":[],"damage_taken":[{"damage":3.0,"enemies":"Gensokyo:Python","floor":1.0,"turns":2.0},{"damage":1.0,"enemies":"Gensokyo:3_Fairies","floor":3.0,"turns":4.0},{"damage":7,"enemies":"Gensokyo:Mamizou","floor":8,"turns":6},{"damage":2,"enemies":"Gensokyo:2_Kodama","floor":10,"turns":1},{"damage":5,"enemies":"Gensokyo:Kitsune","floor":14,"turns":2},{"damage":113,"enemies":"Gensokyo:Kokoro","floor":16,"turns":6}],"seed_played":"-254629563544890031","potions_obtained":[{"floor":8,"key":"Energy Potion"}],"is_trial":false,"path_per_floor":["M","?","M","?","?","R","?","E","T","M","COS","?","T","M","R","B"],"character_chosen":"IRONCLAD","items_purchased":[],"campfire_rested":1,"item_purchase_floors":[],"current_hp_per_floor":[65,50,49,13,13,35,42,35,35,33,33,9,9,4,28,0,0],"gold":32,"neow_bonus":"BOSS_RELIC","is_daily":false,"chose_seed":false,"campfire_upgraded":0,"win_rate":0.0,"timestamp":1613801131,"path_taken":["M","?","M","?","?","R","?","E","T","M","COS","?","?","M","R","BOSS"],"items_purchased_type":[],"build_version":"2020-12-22","purchased_purges":0,"victory":false,"max_hp_per_floor":[75,75,75,75,75,75,82,82,82,82,82,82,82,82,82,82,82],"card_choices":[{"not_picked":["Perfected Strike","Iron Wave","Heavy Blade"],"picked":"SKIP","floor":1.0},{"not_picked":["Clash","Headbutt","Perfected Strike"],"picked":"SKIP","floor":3.0},{"not_picked":["Flame Barrier","Rampage"],"picked":"Blood for Blood","floor":8},{"not_picked":["Bloodletting","Wild Strike","Searing Blow","Heavy Blade"],"picked":"SKIP","floor":10},{"not_picked":["Infernal Blade","conspire:HitWhereItHurts","Flex"],"picked":"Dark Embrace","floor":14}],"player_experience":828008,"relics_obtained":[{"floor":8,"key":"Iron Hammer"},{"floor":9,"key":"Question Card"},{"floor":13,"key":"conspire:DeflatedDodgeball"}],"event_choices":[],"is_beta":false,"boss_relics":[],"items_purged_floors":[],"is_endless":false,"potions_floor_spawned":[8],"killed_by":"Gensokyo:Kokoro","ascension_level":20}}