{"host":"cfv8orgc8997ql4r","time":1613839546,"event":{"mods":["AchievementEnabler","BaseMod","DeckTracker","Keyboard Shortcuts","Minty Spire (QoL Compilation)"],"gold_per_floor":[110,87,87,106,126,151,151,151,151,151,151,167,186,200,200,295,295,306,306,24,24,35,35,35,35],"floor_reached":24,"language":"KOR","playtime":538,"items_purged":["Strike_R"],"score":245,"play_id":"2f1b0cbe-7950-47d8-89bf-7bde34a9b924","local_time":"20210221014546","is_ascension_mode":true,"campfire_choices":[{"data":"Inflame","floor":7.0,"key":"SMITH"},{"floor":11.0,"key":"REST"},{"data":"Flex","floor":15.0,"key":"SMITH"},{"floor":23,"key":"REST"}],"circlet_count":0,"master_deck":["Strike_R","Strike_R","Defend_R","Defend_R","Defend_R","Bash","Inflame+1","Twin Strike","Twin Strike","Flex+1","True Grit","Sword Boomerang","Demon Form","Inflame","Master of Strategy","RitualDagger","Armaments+1"],"relics":["Burning Blood","NeowsBlessing","Torii","Blue Candle","Singing Bowl","Empty Cage"],"acts_visited":["Exordium","TheCity"],"potions_floor_usage":[22],"damage_taken":[{"damage":0.0,"enemies":"Jaw Worm","floor":1.0,"turns":1.0},{"damage":0.0,"enemies":"Cultist","floor":4.0,"turns":1.0},{"damage":0.0,"enemies":"2 Louse","floor":5.0,"turns":1.0},{"damage":35.0,"enemies":"Lagavulin","floor":6.0,"turns":7.0},{"damage":10.0,"enemies":"Blue Slaver","floor":12.0,"turns":4.0},{"damage":12.0,"enemies":"Looter","floor":13.0,"turns":3.0},{"damage":7.0,"enemies":"2 Fungi Beasts","floor":14.0,"turns":3.0},{"damage":24.0,"enemies":"The Guardian","floor":16.0,"turns":13.0},{"damage":33,"enemies":"Spheric Guardian","floor":18,"turns":4},{"damage":27,"enemies":"2 Thieves","floor":22,"turns":4},{"damage":32,"enemies":"Centurion and Healer","floor":24,"turns":3}],"seed_played":"5918064952194751673","potions_obtained":[{"floor":1.0,"key":"LiquidBronze"},{"floor":4.0,"key":"Explosive Potion"},{"floor":12.0,"key":"SpeedPotion"},{"floor":18,"key":"BlessingOfTheForge"},{"floor":22,"key":"SpeedPotion"}],"is_trial":false,"path_per_floor":["M","$","?","M","M","E","R","?","T","?","R","M","M","M","R","B",null,"M","?","$","?","M","R","M"],"character_chosen":"IRONCLAD","items_purchased":["Twin Strike","Inflame","Master of Strategy"],"campfire_rested":2,"item_purchase_floors":[2,20,20],"current_hp_per_floor":[80,80,80,80,80,51,51,44,44,19,43,41,35,34,34,16,66,41,41,41,35,14,39,7,7],"gold":35,"neow_bonus":"THREE_ENEMY_KILL","is_daily":false,"chose_seed":false,"campfire_upgraded":2,"win_rate":0.0,"timestamp":1613839546,"path_taken":["M","$","?","M","?","E","R","?","T","?","R","M","M","M","R","BOSS","M","?","$","?","M","R","M"],"items_purchased_type":["Card","Card","Card"],"build_version":"2020-12-22","purchased_purges":1,"victory":false,"max_hp_per_floor":[80,80,80,80,80,80,80,80,80,80,80,82,82,82,82,82,82,84,84,84,84,84,84,84,84],"card_choices":[{"not_picked":["Wild Strike","Carnage"],"picked":"Inflame","floor":1.0},{"not_picked":["Reckless Charge","Thunderclap"],"picked":"Twin Strike","floor":4.0},{"not_picked":["Pommel Strike","Body Slam"],"picked":"Dark Embrace","floor":5.0},{"not_picked":["Shockwave","Brutality"],"picked":"Flex","floor":6.0},{"not_picked":["Thunderclap","Havoc","Flame Barrier"],"picked":"Singing Bowl","floor":12.0},{"not_picked":["Dual Wield","Headbutt"],"picked":"True Grit","floor":13.0},{"not_picked":["Intimidate","Flame Barrier"],"picked":"Sword Boomerang","floor":14.0},{"not_picked":["Brutality","Berserk"],"picked":"Demon Form","floor":16.0},{"not_picked":["Anger","Clash","Clothesline"],"picked":"Singing Bowl","floor":18},{"not_picked":["Headbutt","Blood for Blood"],"picked":"Armaments+1","floor":22}],"player_experience":205151,"relics_obtained":[{"floor":6.0,"key":"Torii"},{"floor":9.0,"key":"Blue Candle"}],"event_choices":[{"damage_healed":0.0,"max_hp_gain":0.0,"max_hp_loss":0.0,"gold_gain":0.0,"event_name":"Match and Keep!","player_choice":"0 cards matched","floor":3.0,"gold_loss":0.0,"damage_taken":0.0,"cards_obtained":[]},{"cards_removed":["Strike_R"],"damage_healed":0.0,"max_hp_gain":0.0,"max_hp_loss":0.0,"gold_gain":0.0,"event_name":"Golden Wing","player_choice":"Card Removal","floor":8.0,"gold_loss":0.0,"damage_taken":7.0},{"damage_healed":0.0,"max_hp_gain":0.0,"max_hp_loss":0.0,"gold_gain":0.0,"event_name":"Scrap Ooze","player_choice":"Success","floor":10.0,"gold_loss":0.0,"damage_taken":25.0,"relics_obtained":["Singing Bowl"]},{"cards_removed":["Strike_R"],"damage_healed":0,"gold_gain":0,"player_choice":"Elegance","damage_taken":0,"max_hp_gain":0,"max_hp_loss":0,"event_name":"Back to Basics","floor":19,"gold_loss":0},{"damage_healed":0,"gold_gain":0,"player_choice":"Joined the Cult","damage_taken":6,"max_hp_gain":0,"max_hp_loss":0,"event_name":"Nest","floor":21,"gold_loss":0,"cards_obtained":["RitualDagger"]}],"is_beta":false,"boss_relics":[{"not_picked":["SlaversCollar","Ectoplasm"],"picked":"Empty Cage"}],"items_purged_floors":[20],"is_endless":false,"potions_floor_spawned":[1,4,12,18,22],"killed_by":"Centurion and Healer","ascension_level":5}}