{"host":"dkr0dog13pegamnp","time":1613831877,"event":{"mods":["AchievementEnabler","BaseMod","Minty Spire (QoL Compilation)","Rare Cards Sparkle","StSLib","SuperFastMode","everything is the same but u backflip on backflip"],"gold_per_floor":[209,53,71,88,108,108,123,123,123,134,152,186,196,196,196,294,294,305,2,2,13,24,24,24],"floor_reached":23,"language":"KOR","playtime":767,"items_purged":["Strike_G"],"score":305,"play_id":"0c7cc45c-e679-4c21-9f46-17bc684277e4","local_time":"20210220233757","is_ascension_mode":true,"campfire_choices":[{"data":"Deadly Poison","floor":6,"key":"SMITH"},{"data":"Catalyst","floor":8,"key":"SMITH"},{"data":"Reflex","floor":15,"key":"SMITH"}],"circlet_count":0,"master_deck":["AscendersBane","Strike_G","Strike_G","Strike_G","Defend_G","Defend_G","Defend_G","Defend_G","Defend_G","Survivor","Neutralize","Outmaneuver","Deadly Poison+1","Acrobatics","Catalyst+1","Reflex+1","PiercingWail","Crippling Poison"],"relics":["Ring of the Snake","Oddly Smooth Stone","Matryoshka","Meat on the Bone","SacredBark","Potion Belt"],"acts_visited":["Exordium","TheCity"],"potions_floor_usage":[11,12,12,16,18,22],"damage_taken":[{"damage":1,"enemies":"Small Slimes","floor":1,"turns":4},{"damage":7,"enemies":"2 Louse","floor":3,"turns":5},{"damage":0,"enemies":"Cultist","floor":4,"turns":6},{"damage":6,"enemies":"3 Louse","floor":5,"turns":6},{"damage":6,"enemies":"Large Slime","floor":7,"turns":8},{"damage":15,"enemies":"Exordium Thugs","floor":10,"turns":6},{"damage":2,"enemies":"Looter","floor":11,"turns":4},{"damage":4,"enemies":"Gremlin Nob","floor":12,"turns":4},{"damage":15,"enemies":"Large Slime","floor":13,"turns":7},{"damage":4,"enemies":"Hexaghost","floor":16,"turns":9},{"damage":20,"enemies":"Spheric Guardian","floor":18,"turns":7},{"damage":3,"enemies":"Chosen","floor":21,"turns":5},{"damage":14,"enemies":"Centurion and Healer","floor":22,"turns":9},{"damage":87,"enemies":"Slavers","floor":23,"turns":6}],"seed_played":"-2471701969095321275","potions_obtained":[{"floor":4,"key":"Poison Potion"},{"floor":10,"key":"ColorlessPotion"},{"floor":11,"key":"Block Potion"},{"floor":12,"key":"LiquidBronze"},{"floor":13,"key":"Block Potion"},{"floor":18,"key":"PowerPotion"},{"floor":22,"key":"FairyPotion"}],"is_trial":false,"path_per_floor":["M","$","M","M","M","R","M","R","T","M","M","E","M","?","R","B",null,"M","$","?","M","M","E"],"character_chosen":"THE_SILENT","items_purchased":["Oddly Smooth Stone","Potion Belt","Crippling Poison"],"campfire_rested":0,"item_purchase_floors":[2,19,19],"current_hp_per_floor":[62,62,55,55,49,49,43,43,43,28,26,22,19,19,19,27,59,39,39,39,36,34,0,0],"gold":24,"neow_bonus":"HUNDRED_GOLD","is_daily":false,"chose_seed":false,"campfire_upgraded":3,"win_rate":0.0,"timestamp":1613831877,"path_taken":["M","$","M","M","M","R","M","R","T","M","M","E","M","?","R","BOSS","M","$","?","M","M","E"],"items_purchased_type":["Relic","Relic","Card"],"build_version":"2020-12-22","purchased_purges":1,"victory":false,"max_hp_per_floor":[70,70,70,70,70,70,70,70,70,70,70,70,70,70,70,70,70,70,70,70,70,70,70,70],"card_choices":[{"not_picked":["Eviscerate","Cloak And Dagger"],"picked":"Outmaneuver","floor":1},{"not_picked":["Predator","PiercingWail"],"picked":"Deadly Poison","floor":3},{"not_picked":["Underhanded Strike","Finisher"],"picked":"Acrobatics","floor":4},{"not_picked":["Acrobatics","Endless Agony","Poisoned Stab"],"picked":"SKIP","floor":5},{"not_picked":["Calculated Gamble","Deflect"],"picked":"Catalyst","floor":7},{"not_picked":["Setup","Deadly Poison","Sucker Punch"],"picked":"SKIP","floor":10},{"not_picked":["Glass Knife","Deadly Poison","All Out Attack"],"picked":"SKIP","floor":11},{"not_picked":["Underhanded Strike","Dash"],"picked":"Reflex","floor":12},{"not_picked":["Dagger Spray","Dodge and Roll","Outmaneuver"],"picked":"SKIP","floor":13},{"not_picked":["Acrobatics","Setup+1"],"picked":"PiercingWail","floor":18},{"not_picked":["Expertise+1","Quick Slash+1","Prepared"],"picked":"SKIP","floor":21},{"not_picked":["Dodge and Roll","Sucker Punch+1","Bane+1"],"picked":"SKIP","floor":22}],"player_experience":71797,"relics_obtained":[{"floor":9,"key":"Matryoshka"},{"floor":12,"key":"Meat on the Bone"}],"event_choices":[{"cards_removed":["Strike_G"],"damage_healed":0,"gold_gain":0,"player_choice":"Forget","damage_taken":0,"max_hp_gain":0,"max_hp_loss":0,"event_name":"Living Wall","floor":14,"gold_loss":0},{"damage_healed":0,"gold_gain":0,"player_choice":"Ignored","damage_taken":0,"max_hp_gain":0,"max_hp_loss":0,"event_name":"Vampires","floor":20,"gold_loss":0}],"is_beta":false,"boss_relics":[{"not_picked":["Philosopher\u0027s Stone","Sozu"],"picked":"SacredBark"}],"items_purged_floors":[19],"is_endless":false,"potions_floor_spawned":[4,10,11,12,13,18,22],"killed_by":"Slavers","ascension_level":11}}