{"host":"s41rn2jhghpwfrvz","time":1613830231,"event":{"mods":["BaseMod","Minty Spire (QoL Compilation)","Quick Restart","Relic Stats","SuperFastMode"],"gold_per_floor":[118,128,128,40,52,87,87,105,184,212,212,245,264,310,310,384,384,403,171,171,171,182,182,212,212,212,232,248,279,296,331,331,403,403,414,314,314,314,189,202,218,245,245,278,278,312,312,340,340,340,340,340,340,190,223,223],"floor_reached":57,"language":"ENG","playtime":3695,"items_purged":["Blade Dance","Shame","Melter","FTL"],"score":3792,"play_id":"a1ed8da7-8f3e-4dae-b1d9-57b2abcb9b44","local_time":"20210220161031","daily_mods":["SealedDeck","Diverse","DeadlyEvents"],"is_ascension_mode":true,"campfire_choices":[{"data":"Feel No Pain","floor":7.0,"key":"SMITH"},{"data":"Skim","floor":15.0,"key":"SMITH"},{"data":"Feel No Pain","floor":23.0,"key":"SMITH"},{"data":"Barricade","floor":32,"key":"SMITH"},{"data":"Scrawl","floor":45,"key":"SMITH"},{"floor":47,"key":"RECALL"},{"data":"Feel No Pain","floor":49,"key":"SMITH"},{"data":"Turbo","floor":53,"key":"SMITH"}],"circlet_count":0,"master_deck":["AscendersBane","Turbo+1","Second Wind","Quick Slash","Blade Dance","Blade Dance","Endless Agony","Feel No Pain+1","Skim+1","Writhe","Feel No Pain+1","Feel No Pain+1","Barricade+1","Scrawl+1","Body Slam+1"],"relics":["Burning Blood","Ice Cream","Regal Pillow","White Beast Statue","Ginger","Gremlin Horn","Coffee Dripper","ClockworkSouvenir","Bag of Preparation","Boot","Pear","InkBottle","Art of War","Anchor","Runic Pyramid","Kunai","CaptainsWheel","Meat on the Bone","Bottled Tornado","Nunchaku","Paper Frog"],"acts_visited":["Exordium","TheCity","TheBeyond","TheEnding"],"potions_floor_usage":[],"damage_taken":[{"damage":0.0,"enemies":"2 Louse","floor":1.0,"turns":2.0},{"damage":0.0,"enemies":"Small Slimes","floor":2.0,"turns":2.0},{"damage":0.0,"enemies":"Cultist","floor":5.0,"turns":3.0},{"damage":0.0,"enemies":"Lagavulin","floor":6.0,"turns":5.0},{"damage":2.0,"enemies":"3 Louse","floor":8.0,"turns":2.0},{"damage":0.0,"enemies":"3 Sentries","floor":10.0,"turns":8.0},{"damage":0.0,"enemies":"Lagavulin","floor":12.0,"turns":5.0},{"damage":0.0,"enemies":"Gremlin Gang","floor":13.0,"turns":2.0},{"damage":31.0,"enemies":"Hexaghost","floor":16.0,"turns":10.0},{"damage":0.0,"enemies":"3 Byrds","floor":18.0,"turns":3.0},{"damage":0.0,"enemies":"Chosen","floor":22.0,"turns":3.0},{"damage":0.0,"enemies":"Gremlin Leader","floor":24.0,"turns":5.0},{"damage":0,"enemies":"Snecko","floor":27,"turns":4},{"damage":0,"enemies":"Centurion and Healer","floor":28,"turns":5},{"damage":20,"enemies":"Slavers","floor":29,"turns":12},{"damage":0,"enemies":"3 Cultists","floor":30,"turns":5},{"damage":0,"enemies":"Book of Stabbing","floor":31,"turns":5},{"damage":0,"enemies":"Automaton","floor":33,"turns":9},{"damage":0,"enemies":"3 Darklings","floor":35,"turns":6},{"damage":0,"enemies":"3 Shapes","floor":40,"turns":4},{"damage":0,"enemies":"3 Darklings","floor":41,"turns":3},{"damage":0,"enemies":"Giant Head","floor":42,"turns":8},{"damage":0,"enemies":"Reptomancer","floor":44,"turns":6},{"damage":0,"enemies":"Nemesis","floor":46,"turns":4},{"damage":0,"enemies":"Giant Head","floor":48,"turns":6},{"damage":0,"enemies":"Awakened One","floor":50,"turns":3},{"damage":0,"enemies":"Donu and Deca","floor":51,"turns":3},{"damage":0,"enemies":"Shield and Spear","floor":55,"turns":2},{"damage":0,"enemies":"The Heart","floor":56,"turns":6}],"seed_played":"2416732004678530187","potions_obtained":[{"floor":2.0,"key":"SteroidPotion"},{"floor":8.0,"key":"LiquidBronze"},{"floor":12.0,"key":"DuplicationPotion"},{"floor":24.0,"key":"Strength Potion"}],"is_trial":true,"path_per_floor":["M","M","?","$","M","E","R","M","T","E","?","E","M","T","R","B",null,"M","$","?","?","M","R","E","?","T","M","M","E","M","E","R","B",null,"M","$","?","?","$","M","M","E","T","E","R","E","R","E","R","B","B",null,"R","$","E","B",null],"character_chosen":"IRONCLAD","items_purchased":["Feel No Pain","ClockworkSouvenir"],"campfire_rested":0,"item_purchase_floors":[4,19],"current_hp_per_floor":[74,75,64,64,70,75,75,75,75,75,80,80,80,80,80,55,74,80,80,80,80,80,80,90,90,90,90,90,76,82,88,88,90,90,90,90,90,90,90,90,90,90,90,90,90,90,90,90,90,90,90,90,90,90,90,90],"gold":223,"neow_bonus":"","is_daily":false,"chose_seed":false,"campfire_upgraded":7,"win_rate":0.0,"timestamp":1613830231,"path_taken":["M","M","?","$","M","E","R","M","T","E","?","E","?","?","R","BOSS","M","$","?","?","M","R","E","?","T","?","M","E","M","E","R","BOSS","M","$","?","?","?","?","?","E","T","E","R","E","R","?","R","BOSS","BOSS","R","$","E","BOSS"],"items_purchased_type":["Card","Relic"],"build_version":"2020-12-22","purchased_purges":4,"victory":true,"max_hp_per_floor":[75,75,75,75,75,75,75,75,75,75,80,80,80,80,80,80,80,80,80,80,80,80,80,90,90,90,90,90,90,90,90,90,90,90,90,90,90,90,90,90,90,90,90,90,90,90,90,90,90,90,90,90,90,90,90,90],"relic_stats":{"Regal Pillow":0,"Gremlin Horn":[35,35],"counters":[29,141],"Bag of Preparation":[42],"Ginger":[24],"Boot":[478],"Burning Blood":52,"Nunchaku":[10],"Art of War":[0],"Kunai":[81],"obtain_stats":[{"Ice Cream":3,"Regal Pillow":6,"Pear":24,"Gremlin Horn":12,"Bag of Preparation":20,"Ginger":10,"Bottled Tornado":46,"Boot":21,"Burning Blood":0,"White Beast Statue":9,"ClockworkSouvenir":19,"Anchor":31,"CaptainsWheel":43,"Nunchaku":48,"Coffee Dripper":17,"Art of War":29,"Kunai":42,"InkBottle":26,"Runic Pyramid":34,"Meat on the Bone":44,"Paper Frog":55},{"Ice Cream":2,"Regal Pillow":4,"Pear":12,"Gremlin Horn":7,"Bag of Preparation":10,"Ginger":6,"Bottled Tornado":24,"Boot":10,"Burning Blood":0,"White Beast Statue":5,"ClockworkSouvenir":10,"Anchor":17,"CaptainsWheel":22,"Nunchaku":25,"Coffee Dripper":9,"Art of War":15,"Kunai":22,"InkBottle":12,"Runic Pyramid":18,"Meat on the Bone":23,"Paper Frog":28},{"Ice Cream":4,"Regal Pillow":12,"Pear":50,"Gremlin Horn":27,"Bag of Preparation":42,"Ginger":22,"Bottled Tornado":121,"Boot":42,"Burning Blood":0,"White Beast Statue":14,"ClockworkSouvenir":42,"Anchor":81,"CaptainsWheel":111,"Nunchaku":127,"Coffee Dripper":39,"Art of War":71,"Kunai":111,"InkBottle":50,"Runic Pyramid":90,"Meat on the Bone":117,"Paper Frog":135}],"InkBottle":[85],"Meat on the Bone":0},"card_choices":[{"not_picked":["Combust","Redo","Body Slam"],"picked":"SKIP","floor":1.0},{"not_picked":["Predator","Redo","Cloak And Dagger"],"picked":"SKIP","floor":2.0},{"not_picked":["Body Slam","Go for the Eyes","WindmillStrike"],"picked":"SKIP","floor":5.0},{"not_picked":["Sweeping Beam","SashWhip","FTL"],"picked":"SKIP","floor":6.0},{"not_picked":["Force Field","Thunderclap","Wireheading"],"picked":"SKIP","floor":8.0},{"not_picked":["Expertise","Anger","Sucker Punch"],"picked":"SKIP","floor":10.0},{"not_picked":["Creative AI","Rip and Tear","Endless Agony"],"picked":"SKIP","floor":12.0},{"not_picked":["Tempest","Second Wind"],"picked":"Skim","floor":13.0},{"not_picked":["Underhanded Strike+1","Halt","Protect"],"picked":"SKIP","floor":18.0},{"not_picked":["Leap","Thunderclap"],"picked":"Feel No Pain","floor":22.0},{"not_picked":["Double Energy","Heavy Blade"],"picked":"Feel No Pain","floor":24.0},{"not_picked":["Quick Slash","Cold Snap","Dodge and Roll"],"picked":"SKIP","floor":27},{"not_picked":["BowlingBash","Recycle","Sucker Punch"],"picked":"SKIP","floor":28},{"not_picked":["Blade Dance","Go for the Eyes+1"],"picked":"Barricade","floor":29},{"not_picked":["JustLucky","FlurryOfBlows+1","Streamline+1"],"picked":"SKIP","floor":30},{"not_picked":["Masterful Stab","Prepared","Flying Knee"],"picked":"SKIP","floor":31},{"not_picked":["Tools of the Trade","Brutality"],"picked":"Scrawl","floor":33},{"not_picked":["Compile Driver","Dual Wield","Deadly Poison"],"picked":"SKIP","floor":35},{"not_picked":["Cold Snap","PathToVictory","Undo"],"picked":"SKIP","floor":40},{"not_picked":["Cleave","Defragment+1","Hologram"],"picked":"SKIP","floor":41},{"not_picked":["Study","Blood for Blood","Reaper"],"picked":"SKIP","floor":42},{"not_picked":["BowlingBash+1","Sweeping Beam","Backflip+1"],"picked":"SKIP","floor":44},{"not_picked":["Recycle+1","Evaluate","Masterful Stab"],"picked":"SKIP","floor":46},{"not_picked":["Clothesline","Glacier"],"picked":"Body Slam+1","floor":48},{"not_picked":["Pommel Strike+1","Cold Snap","Shrug It Off"],"picked":"SKIP","floor":55}],"player_experience":1966565,"relics_obtained":[{"floor":6.0,"key":"Regal Pillow"},{"floor":9.0,"key":"White Beast Statue"},{"floor":10.0,"key":"Ginger"},{"floor":12.0,"key":"Gremlin Horn"},{"floor":24.0,"key":"Pear"},{"floor":26.0,"key":"InkBottle"},{"floor":29,"key":"Art of War"},{"floor":31,"key":"Anchor"},{"floor":42,"key":"Kunai"},{"floor":43,"key":"CaptainsWheel"},{"floor":44,"key":"Meat on the Bone"},{"floor":46,"key":"Bottled Tornado"},{"floor":48,"key":"Nunchaku"},{"floor":55,"key":"Paper Frog"}],"event_choices":[{"damage_healed":0.0,"max_hp_gain":0.0,"max_hp_loss":0.0,"gold_gain":0.0,"event_name":"Scrap Ooze","player_choice":"Success","floor":3.0,"gold_loss":0.0,"damage_taken":11.0,"relics_obtained":["Ice Cream"]},{"damage_healed":0.0,"max_hp_gain":5.0,"max_hp_loss":0.0,"gold_gain":0.0,"event_name":"Big Fish","player_choice":"Donut","floor":11.0,"gold_loss":0.0,"damage_taken":0.0},{"damage_healed":0.0,"max_hp_gain":0.0,"max_hp_loss":0.0,"gold_gain":0.0,"event_name":"Addict","player_choice":"Stole Relic","floor":20.0,"gold_loss":0.0,"damage_taken":0.0,"relics_obtained":["Bag of Preparation"],"cards_obtained":["Shame"]},{"damage_healed":0.0,"max_hp_gain":0.0,"max_hp_loss":0.0,"gold_gain":0.0,"event_name":"The Mausoleum","player_choice":"Opened","floor":21.0,"gold_loss":0.0,"damage_taken":0.0,"relics_obtained":["Boot"],"cards_obtained":["Writhe"]},{"damage_healed":0.0,"max_hp_gain":0.0,"max_hp_loss":0.0,"gold_gain":0.0,"event_name":"Ghosts","player_choice":"Ignored","floor":25.0,"gold_loss":0.0,"damage_taken":0.0},{"damage_healed":0,"gold_gain":0,"player_choice":"Ignored","damage_taken":0,"max_hp_gain":0,"max_hp_loss":0,"event_name":"Tomb of Lord Red Mask","floor":37,"gold_loss":0},{"cards_removed":["Deflect"],"damage_healed":0,"gold_gain":0,"player_choice":"Removed Skill","damage_taken":0,"max_hp_gain":0,"max_hp_loss":0,"event_name":"Falling","floor":38,"gold_loss":0}],"is_beta":false,"boss_relics":[{"not_picked":["Fusion Hammer","Cursed Key"],"picked":"Coffee Dripper"},{"not_picked":["Tiny House","Mark of Pain"],"picked":"Runic Pyramid"}],"items_purged_floors":[19,36,39,54],"is_endless":false,"potions_floor_spawned":[2,8,10,12,13,16,18,22,24,27,28,29,30,31,33,35,40,41,42,44,46,48,55],"ascension_level":20}}