{"host":"1vy6j31128f61x2z","time":1613857765,"event":{"mods":["AchievementEnabler","BaseMod","Colored Powertips","Minty Spire (QoL Compilation)","Permanent Neow"],"gold_per_floor":[117,8,8,8,19,46,57,57,57,57,85,85,95,127,127,228,228,248,298,317,317,327,355,367,411,449,461,502,514,526,132,132,236,236,249,45,62,81,96,130,130,148,172,197,197,209,84,84,84,84,84,84,62,88,88],"floor_reached":56,"language":"ENG","playtime":4093,"items_purged":["Shame","Strike_G","Parasite"],"score":1516,"play_id":"59bd11e6-a2b5-4120-beaf-aba660be4665","local_time":"20210220164925","is_ascension_mode":true,"campfire_choices":[{"data":"Deadly Poison","floor":8.0,"key":"SMITH"},{"data":"Bane","floor":15.0,"key":"SMITH"},{"data":"Wraith Form v2","floor":24,"key":"SMITH"},{"data":"PiercingWail","floor":27,"key":"SMITH"},{"data":"Blade Dance","floor":30,"key":"SMITH"},{"data":"Night Terror","floor":32,"key":"SMITH"},{"floor":41,"key":"RECALL"},{"data":"After Image","floor":45,"key":"SMITH"},{"data":"Adrenaline","floor":49,"key":"SMITH"},{"data":"Noxious Fumes","floor":52,"key":"SMITH"}],"circlet_count":0,"master_deck":["Strike_G","Strike_G","Defend_G","Defend_G","Defend_G","Defend_G","Defend_G","Survivor","Neutralize","Deadly Poison+1","Well Laid Plans+1","Crippling Poison","Bane+1","Blade Dance+1","Deflect","After Image+1","Accuracy+1","PiercingWail+1","Blade Dance+1","Wraith Form v2+1","Noxious Fumes+1","Slice","Night Terror+1","Outmaneuver","Adrenaline+1","Prepared","Outmaneuver+1","Bullet Time","Prepared"],"relics":["Ring of the Snake","Thread and Needle","White Beast Statue","Eternal Feather","Boot","Juzu Bracelet","HoveringKite","MawBank","Centennial Puzzle","InkBottle","Dead Branch","Lantern","Coffee Dripper","TwistedFunnel","Ornamental Fan","Snake Skull","Shuriken","Bronze Scales"],"acts_visited":["Exordium","TheCity","TheBeyond","TheEnding"],"potions_floor_usage":[20,23,23,28,33,33,37,38,40,40,40,50,55,55,55],"damage_taken":[{"damage":0.0,"enemies":"Jaw Worm","floor":1.0,"turns":7.0},{"damage":0.0,"enemies":"Small Slimes","floor":5.0,"turns":3.0},{"damage":26.0,"enemies":"Gremlin Nob","floor":6.0,"turns":6.0},{"damage":0.0,"enemies":"Cultist","floor":7.0,"turns":3.0},{"damage":0.0,"enemies":"Lagavulin","floor":11.0,"turns":6.0},{"damage":3.0,"enemies":"Looter","floor":13.0,"turns":3.0},{"damage":4.0,"enemies":"3 Sentries","floor":14.0,"turns":9.0},{"damage":8.0,"enemies":"The Guardian","floor":16.0,"turns":12.0},{"damage":8.0,"enemies":"Spheric Guardian","floor":18.0,"turns":9.0},{"damage":0,"enemies":"Chosen","floor":20,"turns":5},{"damage":8,"enemies":"Centurion and Healer","floor":22,"turns":8},{"damage":29,"enemies":"Slavers","floor":23,"turns":9},{"damage":23,"enemies":"Book of Stabbing","floor":25,"turns":7},{"damage":23,"enemies":"Gremlin Leader","floor":28,"turns":8},{"damage":0,"enemies":"Automaton","floor":33,"turns":11},{"damage":0,"enemies":"Orb Walker","floor":35,"turns":3},{"damage":0,"enemies":"3 Darklings","floor":37,"turns":3},{"damage":0,"enemies":"Writhing Mass","floor":38,"turns":6},{"damage":0,"enemies":"Jaw Worm Horde","floor":39,"turns":2},{"damage":0,"enemies":"Giant Head","floor":40,"turns":6},{"damage":0,"enemies":"Sphere and 2 Shapes","floor":42,"turns":5},{"damage":0,"enemies":"Nemesis","floor":44,"turns":5},{"damage":0,"enemies":"Writhing Mass","floor":46,"turns":6},{"damage":0,"enemies":"Time Eater","floor":50,"turns":8},{"damage":0,"enemies":"Shield and Spear","floor":54,"turns":5},{"damage":5,"enemies":"The Heart","floor":55,"turns":7}],"seed_played":"-3848240153171105659","potions_obtained":[{"floor":1.0,"key":"EssenceOfSteel"},{"floor":6.0,"key":"BlessingOfTheForge"},{"floor":7.0,"key":"EssenceOfSteel"},{"floor":11.0,"key":"Swift Potion"},{"floor":13.0,"key":"SteroidPotion"},{"floor":16.0,"key":"BlessingOfTheForge"},{"floor":18.0,"key":"Dexterity Potion"},{"floor":20,"key":"BlessingOfTheForge"},{"floor":23,"key":"Fire Potion"},{"floor":25,"key":"Dexterity Potion"},{"floor":28,"key":"Block Potion"},{"floor":33,"key":"DuplicationPotion"},{"floor":35,"key":"DistilledChaos"},{"floor":37,"key":"PowerPotion"},{"floor":38,"key":"EntropicBrew"},{"floor":40,"key":"GhostInAJar"},{"floor":42,"key":"CunningPotion"},{"floor":54,"key":"Explosive Potion"}],"is_trial":false,"path_per_floor":["M","$","?","?","M","E","M","R","T","?","E","?","M","E","R","B",null,"M","?","M","?","M","E","R","E","T","R","E","T","R","$","R","B",null,"M","$","M","M","M","E","R","M","T","E","R","M","$","?","R","B",null,"R","$","E","B",null],"character_chosen":"THE_SILENT","items_purchased":["Well Laid Plans","Night Terror","Lantern","Outmaneuver","TwistedFunnel","Prepared","Prepared"],"campfire_rested":0,"item_purchase_floors":[2,31,31,31,36,36,53],"current_hp_per_floor":[84,84,66,66,66,40,40,40,40,40,40,40,37,33,42,34,84,76,76,76,76,68,39,51,28,28,40,17,17,29,29,44,44,84,84,84,84,84,84,84,84,84,84,84,84,84,81,81,81,81,81,81,81,81,76],"gold":88,"neow_bonus":"TWENTY_PERCENT_HP_BONUS","is_daily":false,"chose_seed":false,"campfire_upgraded":9,"win_rate":0.0,"timestamp":1613857765,"path_taken":["M","$","?","?","M","E","M","R","T","?","E","?","?","E","R","BOSS","M","?","M","?","M","E","R","E","T","R","E","?","R","$","R","BOSS","M","$","M","M","M","E","R","M","T","E","R","M","$","?","R","BOSS","R","$","E","BOSS"],"items_purchased_type":["Card","Card","Relic","Card","Relic","Card","Card"],"build_version":"2020-12-22","purchased_purges":3,"victory":true,"max_hp_per_floor":[84,84,84,84,84,84,84,84,84,84,84,84,84,84,84,84,84,84,84,84,84,84,84,84,84,84,84,84,84,84,84,84,84,84,84,84,84,84,84,84,84,84,84,84,84,84,81,81,81,81,81,81,81,81,81],"card_choices":[{"not_picked":["Outmaneuver","Dodge and Roll"],"picked":"Deadly Poison","floor":1.0},{"not_picked":["Acrobatics","Distraction","Terror"],"picked":"SKIP","floor":5.0},{"not_picked":["Cloak And Dagger","Distraction"],"picked":"Crippling Poison","floor":6.0},{"not_picked":["Distraction","Tools of the Trade"],"picked":"Bane","floor":7.0},{"not_picked":["Dagger Spray","Distraction"],"picked":"Blade Dance","floor":11.0},{"not_picked":["Acrobatics","Well Laid Plans","Eviscerate"],"picked":"SKIP","floor":13.0},{"not_picked":["Blade Dance","Dodge and Roll"],"picked":"Deflect","floor":14.0},{"not_picked":["Die Die Die","Burst"],"picked":"After Image","floor":16.0},{"not_picked":["Concentrate+1","Dagger Throw"],"picked":"Accuracy+1","floor":18.0},{"not_picked":["Backstab","Expertise"],"picked":"PiercingWail","floor":20},{"not_picked":["Leg Sweep","Deflect"],"picked":"Blade Dance+1","floor":22},{"not_picked":["Deadly Poison","Noxious Fumes"],"picked":"Wraith Form v2","floor":23},{"not_picked":["Bane","Prepared"],"picked":"Noxious Fumes","floor":25},{"not_picked":["Choke","Backflip"],"picked":"Slice","floor":28},{"not_picked":["Night Terror","Die Die Die"],"picked":"Adrenaline","floor":33},{"not_picked":["Distraction+1","Underhanded Strike+1","Flechettes"],"picked":"SKIP","floor":35},{"not_picked":["Quick Slash","Backflip+1","Dagger Throw"],"picked":"SKIP","floor":37},{"not_picked":["Finisher","Endless Agony+1"],"picked":"Outmaneuver+1","floor":38},{"not_picked":["Leg Sweep+1","Underhanded Strike","Backflip"],"picked":"SKIP","floor":39},{"not_picked":["Eviscerate","Expertise+1"],"picked":"Bullet Time","floor":40},{"not_picked":["Acrobatics","Sucker Punch","Dodge and Roll+1"],"picked":"SKIP","floor":42},{"not_picked":["Catalyst","Reflex","Tools of the Trade"],"picked":"SKIP","floor":44},{"not_picked":["Deflect","Sucker Punch+1","Blade Dance"],"picked":"SKIP","floor":46},{"not_picked":["Flying Knee","Quick Slash+1","Cloak And Dagger"],"picked":"SKIP","floor":54}],"player_experience":95975,"relics_obtained":[{"floor":6.0,"key":"White Beast Statue"},{"floor":9.0,"key":"Eternal Feather"},{"floor":11.0,"key":"Boot"},{"floor":14.0,"key":"Juzu Bracelet"},{"floor":23,"key":"MawBank"},{"floor":25,"key":"Centennial Puzzle"},{"floor":28,"key":"InkBottle"},{"floor":29,"key":"Dead Branch"},{"floor":40,"key":"Ornamental Fan"},{"floor":43,"key":"Snake Skull"},{"floor":44,"key":"Shuriken"},{"floor":54,"key":"Bronze Scales"}],"event_choices":[{"damage_healed":0.0,"max_hp_gain":0.0,"max_hp_loss":0.0,"gold_gain":0.0,"event_name":"Scrap Ooze","player_choice":"Success","floor":3.0,"gold_loss":0.0,"damage_taken":18.0,"relics_obtained":["Thread and Needle"]},{"damage_healed":0.0,"max_hp_gain":0.0,"max_hp_loss":0.0,"gold_gain":0.0,"event_name":"Liars Game","player_choice":"Ignored","floor":4.0,"gold_loss":0.0,"damage_taken":0.0},{"cards_removed":["Strike_G"],"damage_healed":0.0,"max_hp_gain":0.0,"max_hp_loss":0.0,"gold_gain":0.0,"event_name":"Living Wall","player_choice":"Forget","floor":10.0,"gold_loss":0.0,"damage_taken":0.0},{"damage_healed":0.0,"max_hp_gain":0.0,"max_hp_loss":0.0,"gold_gain":0.0,"event_name":"NoteForYourself","player_choice":"Ignored","floor":12.0,"gold_loss":0.0,"damage_taken":0.0},{"damage_healed":0,"gold_gain":100,"player_choice":"Bet on Murderer","damage_taken":0,"max_hp_gain":0,"max_hp_loss":0,"event_name":"The Joust","floor":19,"gold_loss":50},{"damage_healed":0,"gold_gain":0,"player_choice":"Upgraded","damage_taken":0,"max_hp_gain":0,"max_hp_loss":0,"event_name":"Upgrade Shrine","floor":21,"gold_loss":0,"cards_upgraded":["Well Laid Plans"]},{"cards_removed":["Strike_G"],"damage_healed":0,"gold_gain":0,"player_choice":"Purged","damage_taken":0,"max_hp_gain":0,"max_hp_loss":0,"event_name":"Purifier","floor":48,"gold_loss":0}],"is_beta":false,"boss_relics":[{"not_picked":["Astrolabe","Velvet Choker"],"picked":"HoveringKite"},{"not_picked":["Runic Pyramid","Sozu"],"picked":"Coffee Dripper"}],"items_purged_floors":[2,31,47],"is_endless":false,"potions_floor_spawned":[1,6,7,11,13,14,16,18,20,22,23,25,28,33,35,37,38,39,40,42,44,46,54],"ascension_level":1}}