{"host":"htqwg582tjjtn9p7","time":1613852455,"event":{"mods":["2.2 Compatiblity","AchievementEnabler","Act Like it!","Aspiration","BaseMod","Better Third Choice","Colored Map","Conspire","Curses Come First","Displayed Cursed Tome","Energized Spire","Force Act Four","Fox Events","GifTheSpireLib","Hermit","Highlight Path","JesterMod","Mad Scientist","Minty Spire (QoL Compilation)","Pale of the Ancients","Permanent Neow","Random Character Button","Relic Stats","Reliquary","Replay The Spire","Robot Space Explorer","Somnambulant","Spicy Shops","Spikes Relics","StSLib","Stuff the Spire","The Blue Laboratory","The Bug Knight","The Forsaken","The Gatherer","The Judge","The Jungle","The Marked","The Runesmith","The Servant 0.9.4","Uncapped"],"gold_per_floor":[118,9,28,44,58,58,88,103,103,103,103,103,103,122,122,226,226,244,244,257,272,144,174,174,187,187,197,216,231,231,105,105,204,204,217,335,352,70,90,90,115,131,131,55,80,95,95,111,111,111,111,126,188,188,188,188,188],"floor_reached":56,"language":"ENG","playtime":3730,"items_purged":["WordoMod:StrikeCard","WordoMod:StrikeCard"],"score":1295,"play_id":"c8c6c2f4-d0e8-4ca9-b230-9d0fbd96a325","local_time":"20210220212055","is_ascension_mode":true,"campfire_choices":[{"data":"WordoMod:BloodThinning","floor":6,"key":"SMITH"},{"floor":12,"key":"REST"},{"floor":15,"key":"DIG"},{"floor":24,"key":"REST"},{"floor":30,"key":"REST"},{"floor":32,"key":"REST"},{"data":"ReplayTheSpireMod:Brewmster","floor":40,"key":"SMITH"},{"data":"WordoMod:DarkForm","floor":49,"key":"SMITH"},{"data":"WordoMod:Penitence","floor":55,"key":"SMITH"}],"circlet_count":0,"master_deck":["AscendersBane","WordoMod:StrikeCard","WordoMod:StrikeCard","WordoMod:DefendCard","WordoMod:DefendCard","WordoMod:DefendCard","WordoMod:DefendCard","WordoMod:Accursed","WordoMod:IllWill","WordoMod:ShackleGuard","WordoMod:BloodThinning+1","WordoMod:BreakChains","WordoMod:MementoMori","WordoMod:Sacrilege","WordoMod:DarkForm+1","WordoMod:ShackleGuard+1","ReplayTheSpireMod:Restless Dread","WordoMod:Penitence+1","WordoMod:CurseBuckler","WordoMod:BoundlessGreed","WordoMod:MementoMori","WordoMod:Repent","WordoMod:Sacrilege+1","WordoMod:ShackleGuard","ReplayTheSpireMod:Brewmster+1","ReplayUltimateDefense","WordoMod:SecondChance+1","WordoMod:Repent","WordoMod:Cataclysm+1","WordoMod:MementoMori+1","WordoMod:Cataclysm","ReplayTheSpireMod:Splinters"],"relics":["WordoMod:Obsidian","WordoMod:Effigy","Nunchaku","LugNut","Pet Ghost","StuffTheSpire:NeowsTribute","Bottled Tornado","reliquary:TatteredRug","Painkiller Herb","reliquary:RoseTintedGlasses","StuffTheSpire:PointBlank","Cauldron","energizedSpire:SpiderWeb","Mercury Hourglass","aspiration:SeaSaltIceCream","Sandwich","Bird Faced Urn","reliquary:Vitrine","StuffTheSpire:Experiment12","RollingBoulder","paleoftheancients:Timepiece","Gremlin Horn","CultistMask","paleoftheancients:SoulOfTheTimeEater","Replay:Bandana","Lizard Tail"],"acts_visited":["Exordium","TheCity","TheBeyond","TheBeyond"],"potions_floor_usage":[16,18,23,33,33,33,33,33,33,39,41,41,42,42,46,48,50,50,52,52,52],"damage_taken":[{"damage":1,"enemies":"Cultist","floor":1,"turns":4},{"damage":2,"enemies":"Jaw Worm","floor":3,"turns":4},{"damage":0,"enemies":"2 Louse","floor":4,"turns":2},{"damage":0,"enemies":"Exordium Wildlife","floor":5,"turns":2},{"damage":30,"enemies":"3 Sentries","floor":7,"turns":8},{"damage":0,"enemies":"Exordium Thugs","floor":8,"turns":5},{"damage":5,"enemies":"3 Louse","floor":14,"turns":3},{"damage":24,"enemies":"Hexaghost","floor":16,"turns":16},{"damage":12,"enemies":"2 Thieves","floor":18,"turns":5},{"damage":8,"enemies":"Chosen","floor":20,"turns":5},{"damage":3,"enemies":"Centurion and Healer","floor":21,"turns":7},{"damage":26,"enemies":"Slavers","floor":23,"turns":5},{"damage":0,"enemies":"Cultist and Chosen","floor":25,"turns":6},{"damage":9,"enemies":"3 Cultists","floor":27,"turns":5},{"damage":1,"enemies":"Shelled Parasite and Fungi","floor":28,"turns":5},{"damage":7,"enemies":"Snake Plant","floor":29,"turns":4},{"damage":8,"enemies":"Collector","floor":33,"turns":11},{"damage":5,"enemies":"Orb Walker","floor":35,"turns":6},{"damage":0,"enemies":"3 Shapes","floor":37,"turns":5},{"damage":13,"enemies":"3 Darklings","floor":39,"turns":5},{"damage":0,"enemies":"R_Hoarder","floor":41,"turns":8},{"damage":16,"enemies":"Sphere and 2 Shapes","floor":42,"turns":6},{"damage":0,"enemies":"Nemesis","floor":45,"turns":7},{"damage":1,"enemies":"4 Shapes","floor":46,"turns":5},{"damage":0,"enemies":"Maw","floor":48,"turns":7},{"damage":8,"enemies":"Awakened One","floor":50,"turns":8},{"damage":125,"enemies":"Awakened One","floor":51,"turns":4},{"damage":74,"enemies":"Awakened One","floor":52,"turns":12},{"damage":23,"enemies":"Awakened One","floor":56,"turns":2}],"seed_played":"-536260912201331947","potions_obtained":[{"floor":4,"key":"blueLaboratory:AbyssPotion"},{"floor":8,"key":"blueLaboratory:FruitPunch"},{"floor":14,"key":"blueLaboratory:PhilterOfMotion"},{"floor":18,"key":"SkillPotion"},{"floor":21,"key":"Ancient Potion"},{"floor":28,"key":"blueLaboratory:AbyssPotion"},{"floor":31,"key":"CultistPotion"},{"floor":31,"key":"blueLaboratory:HeartbeatPotion"},{"floor":31,"key":"blueLaboratory:EnragingPotion"},{"floor":31,"key":"blueLaboratory:AbyssPotion"},{"floor":31,"key":"EssenceOfSteel"},{"floor":36,"key":"FairyPotion"},{"floor":39,"key":"Swift Potion"},{"floor":45,"key":"blueLaboratory:FruitPunch"},{"floor":47,"key":"Death Potion"},{"floor":52,"key":"Ancient Potion"}],"is_trial":false,"path_per_floor":["M","?","M","M","M","R","E","M","T","T","$","R","?","M","R_BF","B",null,"?","?","?","?","T","E","T","?","T","?","?","?","T","T","T","B",null,"?","?","?","T","?","T","E","?","T","T","E","?","?","?","T","B","?","?","?","T","T","?"],"character_chosen":"JUDGE_CLASS","items_purchased":["WordoMod:CurseBuckler","ReplayTheSpireMod:Brewmster","Cauldron","WordoMod:Repent","aspiration:SeaSaltIceCream","StuffTheSpire:Experiment12"],"campfire_rested":4,"item_purchase_floors":[22,31,31,38,38,44],"current_hp_per_floor":[67,67,65,65,65,65,35,35,35,35,35,57,57,52,52,30,65,53,53,45,42,42,16,39,39,39,30,29,22,45,45,68,60,73,68,68,68,68,55,55,55,51,51,51,59,66,66,79,79,79,79,51,51,51,51,32,32],"gold":188,"neow_bonus":"RANDOM_COMMON_RELIC","is_daily":false,"chose_seed":false,"campfire_upgraded":4,"win_rate":0.0,"timestamp":1613852455,"path_taken":["M","?","M","M","?","R","E","M","T","?","$","R","?","M","R_BF","BOSS","?","?","?","?","T","E","T","?","T","?","?","?","T","T","T","BOSS","?","?","?","?","?","T","E","?","T","T","E","?","?","?","T","BOSS","?","?","?","T","T","?"],"items_purchased_type":["Card","Card","Relic","Card","Relic","Relic"],"build_version":"2020-12-22","purchased_purges":2,"victory":false,"max_hp_per_floor":[75,75,75,75,75,75,75,75,75,75,75,75,75,75,75,77,77,77,77,77,77,77,77,77,77,77,77,77,77,77,77,77,77,77,77,77,77,77,77,77,77,77,77,77,77,79,79,79,79,79,79,79,79,79,79,79,79],"relic_stats":{"Nunchaku":[11],"Lizard Tail":0,"Gremlin Horn":[0,0],"counters":[29,172],"Bird Faced Urn":[71],"obtain_stats":[{"WordoMod:Effigy":0,"Gremlin Horn":50,"Painkiller Herb":17,"Bottled Tornado":10,"Pet Ghost":7,"StuffTheSpire:Experiment12":44,"Nunchaku":0,"Replay:Bandana":53,"Lizard Tail":54,"RollingBoulder":45,"reliquary:RoseTintedGlasses":23,"reliquary:Vitrine":43,"paleoftheancients:SoulOfTheTimeEater":52,"LugNut":2,"StuffTheSpire:NeowsTribute":9,"WordoMod:Obsidian":0,"reliquary:TatteredRug":15,"aspiration:SeaSaltIceCream":38,"energizedSpire:SpiderWeb":34,"Mercury Hourglass":36,"Sandwich":38,"paleoftheancients:Timepiece":50,"Cauldron":31,"Bird Faced Urn":41,"CultistMask":50,"StuffTheSpire:PointBlank":26},{"WordoMod:Effigy":0,"Gremlin Horn":26,"Painkiller Herb":8,"Bottled Tornado":6,"Pet Ghost":5,"StuffTheSpire:Experiment12":22,"Nunchaku":0,"Replay:Bandana":28,"Lizard Tail":28,"RollingBoulder":23,"reliquary:RoseTintedGlasses":12,"reliquary:Vitrine":22,"paleoftheancients:SoulOfTheTimeEater":28,"LugNut":1,"StuffTheSpire:NeowsTribute":6,"WordoMod:Obsidian":0,"reliquary:TatteredRug":7,"aspiration:SeaSaltIceCream":19,"energizedSpire:SpiderWeb":17,"Mercury Hourglass":18,"Sandwich":19,"paleoftheancients:Timepiece":26,"Cauldron":16,"Bird Faced Urn":21,"CultistMask":26,"StuffTheSpire:PointBlank":13},{"WordoMod:Effigy":0,"Gremlin Horn":154,"Painkiller Herb":44,"Bottled Tornado":25,"Pet Ghost":20,"StuffTheSpire:Experiment12":127,"Nunchaku":0,"Replay:Bandana":170,"Lizard Tail":170,"RollingBoulder":134,"reliquary:RoseTintedGlasses":66,"reliquary:Vitrine":127,"paleoftheancients:SoulOfTheTimeEater":170,"LugNut":4,"StuffTheSpire:NeowsTribute":25,"WordoMod:Obsidian":0,"reliquary:TatteredRug":28,"aspiration:SeaSaltIceCream":108,"energizedSpire:SpiderWeb":97,"Mercury Hourglass":103,"Sandwich":108,"paleoftheancients:Timepiece":154,"Cauldron":86,"Bird Faced Urn":121,"CultistMask":154,"StuffTheSpire:PointBlank":72}],"Mercury Hourglass":[252]},"card_choices":[{"not_picked":["WordoMod:CurseBuckler","WordoMod:Contagion","WordoMod:Malice"],"picked":"SKIP","floor":1},{"not_picked":["WordoMod:Unchained","WordoMod:Retaliate"],"picked":"WordoMod:ShackleGuard","floor":3},{"not_picked":["WordoMod:ShackleGuard","WordoMod:ICurseThee"],"picked":"WordoMod:BloodThinning","floor":4},{"not_picked":["WordoMod:WipingAllOut","WordoMod:Malice","WordoMod:BadMemories"],"picked":"SKIP","floor":5},{"not_picked":["WordoMod:Contagion","WordoMod:MementoMori"],"picked":"WordoMod:BreakChains","floor":7},{"not_picked":["WordoMod:ScatterAshes","WordoMod:MentalFortitude"],"picked":"WordoMod:MementoMori","floor":8},{"not_picked":["WordoMod:Plague","WordoMod:MementoMori"],"picked":"WordoMod:Sacrilege","floor":14},{"not_picked":["WordoMod:MonkeysPaw","WordoMod:GreatSeal"],"picked":"WordoMod:DarkForm","floor":16},{"not_picked":["WordoMod:Sickness","WordoMod:Retaliate"],"picked":"WordoMod:ShackleGuard+1","floor":18},{"not_picked":["ReplayTheSpireMod:Splinters","conspire:NecroticWound"],"picked":"ReplayTheSpireMod:Restless Dread","floor":18},{"not_picked":["WordoMod:WillOWisp+1","WordoMod:AfflictedWeapon+1"],"picked":"WordoMod:Penitence","floor":20},{"not_picked":["WordoMod:Miasma","WordoMod:Resurrection"],"picked":"WordoMod:BloodThinning","floor":21},{"not_picked":["WordoMod:BurdenOfSin+1","WordoMod:Resurrection"],"picked":"WordoMod:BoundlessGreed","floor":23},{"not_picked":["WordoMod:BadMemories","WordoMod:Resurrection"],"picked":"WordoMod:MementoMori","floor":25},{"not_picked":["WordoMod:LordOfTheFlies","WordoMod:SoulSpear+1"],"picked":"WordoMod:Repent","floor":27},{"not_picked":["WordoMod:MentalFortitude+1","WordoMod:SurgicalPrecision"],"picked":"WordoMod:Sacrilege+1","floor":28},{"not_picked":["WordoMod:Resurrection","WordoMod:Cleanse+1"],"picked":"WordoMod:ShackleGuard","floor":29},{"not_picked":["WordoMod:Retaliate","WordoMod:BloodThinning+1","WordoMod:Malice+1"],"picked":"SKIP","floor":35},{"not_picked":["Secret Weapon","Swift Strike"],"picked":"ReplayUltimateDefense","floor":36},{"not_picked":["WordoMod:Malice","WordoMod:CurseBuckler"],"picked":"WordoMod:SecondChance+1","floor":37},{"not_picked":["WordoMod:Malice","WordoMod:BoundlessGreed"],"picked":"WordoMod:Cataclysm+1","floor":39},{"not_picked":["WordoMod:WillOWisp+1","WordoMod:LanternFlame+1"],"picked":"WordoMod:MementoMori+1","floor":41},{"not_picked":["WordoMod:Pestilence","WordoMod:ConjureTheDamned","WordoMod:BreakChains+1"],"picked":"SKIP","floor":42},{"not_picked":["WordoMod:GivesYouHell+1","WordoMod:BoundlessGreed","WordoMod:WipingAllOut"],"picked":"SKIP","floor":45},{"not_picked":["WordoMod:Resurrection","WordoMod:InfectiousCulture"],"picked":"WordoMod:Cataclysm","floor":46},{"not_picked":["WordoMod:BurdenOfSin+1","WordoMod:LordOfTheFlies+1","WordoMod:Contagion"],"picked":"SKIP","floor":48},{"not_picked":["WordoMod:BadMemories","WordoMod:WillOWisp","WordoMod:SoulSpear"],"picked":"SKIP","floor":52}],"player_experience":2060288,"relics_obtained":[{"floor":7,"key":"Pet Ghost"},{"floor":9,"key":"StuffTheSpire:NeowsTribute"},{"floor":10,"key":"Bottled Tornado"},{"floor":15,"key":"reliquary:TatteredRug"},{"floor":23,"key":"reliquary:RoseTintedGlasses"},{"floor":26,"key":"StuffTheSpire:PointBlank"},{"floor":36,"key":"Mercury Hourglass"},{"floor":41,"key":"Bird Faced Urn"},{"floor":43,"key":"reliquary:Vitrine"},{"floor":45,"key":"RollingBoulder"},{"floor":52,"key":"paleoftheancients:SoulOfTheTimeEater"},{"floor":53,"key":"Replay:Bandana"},{"floor":54,"key":"Lizard Tail"}],"event_choices":[{"damage_healed":0,"gold_gain":0,"player_choice":"Paid Gold","damage_taken":0,"relics_obtained":["LugNut"],"max_hp_gain":0,"max_hp_loss":0,"event_name":"WeMeetAgain","floor":2,"gold_loss":109},{"damage_healed":0,"gold_gain":0,"player_choice":"Leave","damage_taken":0,"max_hp_gain":0,"max_hp_loss":0,"event_name":"conspire:Investor","floor":13,"gold_loss":0},{"damage_healed":0,"gold_gain":0,"player_choice":"Random: Red","damage_taken":0,"max_hp_gain":0,"max_hp_loss":0,"event_name":"betterThird:BetterPortal","floor":36,"gold_loss":0},{"damage_healed":0,"gold_gain":0,"player_choice":"Got Potions","damage_taken":0,"max_hp_gain":0,"max_hp_loss":0,"event_name":"Lab","floor":47,"gold_loss":0}],"is_beta":false,"boss_relics":[{"not_picked":["ReplayTheSpireMod:DimensionalGlitch","Sozu"],"picked":"Painkiller Herb"},{"not_picked":["aspiration:PoetsPen_weak","Fusion Hammer"],"picked":"energizedSpire:SpiderWeb"}],"items_purged_floors":[22,31],"is_endless":false,"potions_floor_spawned":[4,8,14,18,21,28,33,39,42,45,48,52],"killed_by":"Awakened One","ascension_level":10}}