{"host":"6r341r9cz00j2qc1","time":1613803473,"event":{"mods":["BaseMod","Better Third Choice","Downfall","Hermit","Lobotomy","LobotomyExtend","Minty Spire (QoL Compilation)","Replay The Spire","Shop Mod","StSLib"],"gold_per_floor":[109,184,184,184,184,184,195,214,291,311,311,327,354,112,112,216,216,216,227,227,80,105,133,133,133,133,162,162,182,211,228,228,330,330,342,355,49,67,102,102,102,102],"floor_reached":41,"language":"ENG","playtime":4043,"items_purged":["Decay"],"score":627,"play_id":"2efb7a73-f44e-4d30-94c5-4dee9db14c6a","local_time":"20210220074433","is_ascension_mode":false,"campfire_choices":[{"floor":6,"key":"REST"},{"floor":15,"key":"REST"},{"floor":25,"key":"REST"},{"floor":32,"key":"REST"}],"circlet_count":0,"master_deck":["Bash","Defy Death+1","Reckless Charge+1","Feel No Pain","Flex","Run Through","Perfected Strike","Demonic Infusion","Havoc","ReplayTheSpireMod:Limb From Limb","Double Tap","Hemokinesis","Dual Wield","Offering","Defy Death","Pummel","Rage+1","Flex","ReplayTheSpireMod:Necrogeddon","Flash of Steel","Deep Breath","Pot Of Greed","Twin Strike","Delirium","ReplayTheSpireMod:Strike From Hell","Pot Of Greed","Disarm","Perfected Strike+1","Havoc","True Grit+1","Impervious","Perfected Strike","Rampage","Burning Pact","Parasite","ReplayTheSpireMod:Splinters","Armaments+1","Pot Of Greed"],"relics":["Black Blood","NeowsBlessing","LetterFromLob","Mirror","CaptainsWheel","Ancient Tea Set","Pandora\u0027s Box","ReplayTheSpireMod:ShopPack","Grinning Jar","Turnip","Ring of Peace","ReplayTheSpireMod:Ring of Collecting","Ring of Misfortune","Dream Catcher","Paper Frog","Red Mask","ClockworkSouvenir"],"acts_visited":["Exordium","TheCity","TheBeyond"],"potions_floor_usage":[16,23,23,23,23,27,27,33,38,41],"damage_taken":[{"damage":0,"enemies":"Small Slimes","floor":1,"turns":1},{"damage":0,"enemies":"2 Louse","floor":7,"turns":1},{"damage":0,"enemies":"Jaw Worm","floor":8,"turns":1},{"damage":5,"enemies":"Large Slime","floor":10,"turns":5},{"damage":9,"enemies":"Blue Slaver","floor":12,"turns":3},{"damage":28,"enemies":"Gremlin Nob","floor":13,"turns":4},{"damage":46,"enemies":"The Guardian","floor":16,"turns":9},{"damage":31,"enemies":"Shell Parasite","floor":19,"turns":5},{"damage":42,"enemies":"Gremlin Leader","floor":23,"turns":6},{"damage":6,"enemies":"Book of Stabbing","floor":27,"turns":4},{"damage":21,"enemies":"3 Byrds","floor":29,"turns":6},{"damage":0,"enemies":"Masked Bandits","floor":30,"turns":6},{"damage":28,"enemies":"Snake Plant","floor":31,"turns":4},{"damage":27,"enemies":"Pondfish","floor":33,"turns":8},{"damage":0,"enemies":"Orb Walker","floor":35,"turns":4},{"damage":33,"enemies":"3 Shapes","floor":36,"turns":4},{"damage":16,"enemies":"Writhing Mass","floor":38,"turns":4},{"damage":59,"enemies":"3 Darklings","floor":41,"turns":7}],"seed_played":"-6578815263112588118","potions_obtained":[{"floor":1,"key":"BlessingOfTheForge"},{"floor":8,"key":"SneckoOil"},{"floor":12,"key":"BloodPotion"},{"floor":16,"key":"Toxic Potion"},{"floor":23,"key":"EntropicBrew"},{"floor":27,"key":"SpeedPotion"},{"floor":29,"key":"SpeedPotion"},{"floor":35,"key":"Swift Potion"},{"floor":39,"key":"Guardian:BlockOnCardUsePotion"},{"floor":39,"key":"GamblersBrew"}],"is_trial":false,"path_per_floor":["M","?","?","?","?","R","M","M","T","M","?","M","E","$","R","B",null,"M","M","?","$","T","E","?","R","T","E","?","M","?","M","R","B",null,"M","M","$","M","?","?","M"],"character_chosen":"IRONCLAD","items_purchased":["Ancient Tea Set","Havoc","ReplayTheSpireMod:Limb From Limb","Flex","ReplayTheSpireMod:ShopPack","ClockworkSouvenir","Burning Pact"],"campfire_rested":4,"item_purchase_floors":[14,14,14,21,21,37,37],"current_hp_per_floor":[80,69,53,46,46,70,76,80,80,80,80,77,55,55,79,39,80,80,55,55,55,55,35,35,59,59,59,59,44,50,28,52,47,80,80,59,59,55,55,55,0,0],"gold":102,"neow_bonus":"THREE_ENEMY_KILL","is_daily":false,"chose_seed":false,"campfire_upgraded":0,"win_rate":0.0,"timestamp":1613803473,"path_taken":["M","?","?","?","?","R","M","M","T","?","?","M","E","$","R","BOSS","M","M","?","?","?","E","?","R","T","E","?","M","?","M","R","BOSS","M","M","$","M","?","?","M"],"items_purchased_type":["Relic","Card","Card","Card","Relic","Relic","Card"],"build_version":"2020-12-22","purchased_purges":1,"victory":false,"max_hp_per_floor":[80,80,80,80,80,80,80,80,80,80,80,80,80,80,80,80,80,80,80,80,80,80,80,80,80,80,80,80,80,80,80,80,80,80,80,80,80,80,80,80,80,80],"card_choices":[{"not_picked":["Sever Soul","ReplayTheSpireMod:Muscle Training"],"picked":"Defy Death","floor":1},{"not_picked":["Disarm","Iron Wave"],"picked":"Feel No Pain","floor":7},{"not_picked":["True Grit","Replay:Undeath\u0027s Touch"],"picked":"Flex","floor":8},{"not_picked":["Pommel Strike","Anger"],"picked":"Run Through","floor":10},{"not_picked":["Body Slam","Second Wind"],"picked":"Perfected Strike","floor":12},{"not_picked":["Sword Boomerang","Wild Strike"],"picked":"Demonic Infusion","floor":13},{"not_picked":["Feed","Brutality"],"picked":"Double Tap","floor":16},{"not_picked":["Whirlwind","Sever Soul"],"picked":"Rage+1","floor":19},{"not_picked":["Master of Strategy","Sadistic Nature"],"picked":"ReplayTheSpireMod:Necrogeddon","floor":21},{"not_picked":["Replay:Parry","Forethought"],"picked":"Flash of Steel","floor":21},{"not_picked":["Replay:BasicMightCard","Good Instincts"],"picked":"Deep Breath","floor":21},{"not_picked":["Intimidate","Sword Boomerang+1"],"picked":"Twin Strike","floor":23},{"not_picked":["Headbutt","Sever Soul+1"],"picked":"ReplayTheSpireMod:Strike From Hell","floor":27},{"not_picked":["Iron Wave","Sword Boomerang"],"picked":"Disarm","floor":29},{"not_picked":["Wild Strike","Headbutt"],"picked":"Perfected Strike+1","floor":30},{"not_picked":["ReplayTheSpireMod:Limb From Limb+1","Impervious"],"picked":"Havoc","floor":31},{"not_picked":["Massacre","Twin Strike+1"],"picked":"True Grit+1","floor":32},{"not_picked":["Juggernaut","Brutality"],"picked":"Impervious","floor":33},{"not_picked":["Iron Wave+1","Heavy Blade"],"picked":"Perfected Strike","floor":35},{"not_picked":["Flex","Bloodletting"],"picked":"Rampage","floor":36},{"not_picked":["Evolve+1","Twin Strike+1","ReplayTheSpireMod:Stacked+1"],"picked":"SKIP","floor":38},{"not_picked":["Uppercut","Twin Strike"],"picked":"Armaments+1","floor":39}],"player_experience":541033,"relics_obtained":[{"floor":1,"key":"LetterFromLob"},{"floor":9,"key":"Mirror"},{"floor":13,"key":"CaptainsWheel"},{"floor":22,"key":"Grinning Jar"},{"floor":23,"key":"Turnip"},{"floor":24,"key":"Ring of Peace"},{"floor":24,"key":"ReplayTheSpireMod:Ring of Collecting"},{"floor":26,"key":"Ring of Misfortune"},{"floor":26,"key":"Dream Catcher"},{"floor":27,"key":"Paper Frog"},{"floor":30,"key":"Red Mask"}],"event_choices":[{"damage_healed":0,"gold_gain":75,"player_choice":"Gold","damage_taken":11,"max_hp_gain":0,"max_hp_loss":0,"event_name":"betterThird:BetterGoop","floor":2,"gold_loss":0},{"damage_healed":69,"gold_gain":0,"player_choice":"Upgrade","damage_taken":16,"max_hp_gain":0,"max_hp_loss":80,"event_name":"betterThird:BetterShining","floor":3,"gold_loss":0,"cards_upgraded":["Strike_R","Defy Death"]},{"cards_removed":["Strike_R"],"damage_healed":0,"gold_gain":0,"player_choice":"Card Removal","damage_taken":7,"max_hp_gain":0,"max_hp_loss":0,"event_name":"Golden Wing","floor":4,"gold_loss":0},{"cards_removed":["Fire Breathing"],"damage_healed":0,"gold_gain":0,"player_choice":"Purged","damage_taken":0,"max_hp_gain":0,"max_hp_loss":0,"event_name":"Purifier","floor":20,"gold_loss":0},{"damage_healed":0,"gold_gain":0,"player_choice":"Smashed Altar","damage_taken":0,"max_hp_gain":0,"max_hp_loss":0,"event_name":"Forgotten Altar","floor":28,"gold_loss":0,"cards_obtained":["Decay"]},{"damage_healed":0,"gold_gain":0,"player_choice":"Fought Bandits","damage_taken":0,"max_hp_gain":0,"max_hp_loss":0,"event_name":"Masked Bandits","floor":30,"gold_loss":0},{"cards_removed":["Pot Of Greed"],"damage_healed":0,"gold_gain":0,"player_choice":"Removed Skill","damage_taken":0,"max_hp_gain":0,"max_hp_loss":0,"event_name":"Falling","floor":40,"gold_loss":0}],"is_beta":false,"boss_relics":[{"not_picked":["Replay:Wanted Poster","Empty Cage"],"picked":"Pandora\u0027s Box"},{"not_picked":["Runic Dome","Electric Blood"],"picked":"Black Blood"}],"items_purged_floors":[37],"is_endless":false,"potions_floor_spawned":[1,8,12,16,23,27,29,35],"killed_by":"3 Darklings","ascension_level":0}}