{"host":"0nndazl0keusavit","time":1613789748,"event":{"mods":["AchievementEnabler","BaseMod","Colored Map","Curses Come First","Highlight Path","Minty Spire (QoL Compilation)","Relic Stats","StSLib"],"gold_per_floor":[119,132,148,159,20,50,50,61,61,80,80,105,30,57,57,136,136,151,151,165,165,196,196,10,10,10,10,36,82,182,217,217,296,296,306,306,321,125,137,165,165,165,165,184,184,184,213,232,232,232,232,232],"floor_reached":51,"language":"ENG","playtime":4832,"items_purged":["Strike_G","Regret"],"score":1496,"play_id":"c8745061-59b2-404b-80b7-c2c37598c2a9","local_time":"20210219215548","is_ascension_mode":true,"campfire_choices":[{"floor":11.0,"key":"REST"},{"data":"Footwork","floor":15.0,"key":"SMITH"},{"data":"Envenom","floor":23.0,"key":"SMITH"},{"data":"Riddle With Holes","floor":25.0,"key":"SMITH"},{"data":"Adrenaline","floor":27.0,"key":"SMITH"},{"data":"Catalyst","floor":32.0,"key":"SMITH"},{"data":"Caltrops","floor":41.0,"key":"SMITH"},{"data":"Adrenaline","floor":46.0,"key":"SMITH"},{"floor":49.0,"key":"REST"}],"circlet_count":0,"master_deck":["AscendersBane","Strike_G","Strike_G","Strike_G","Strike_G","Defend_G","Defend_G","Defend_G+1","Defend_G","Defend_G+1","Survivor","Backstab","Crippling Poison","Dash","Dodge and Roll","Riddle With Holes+1","Envenom+1","Deflect","Backflip","Footwork+1","Blur","Adrenaline+1","Noxious Fumes+1","Dodge and Roll","Shame","Catalyst+1","Caltrops+1","Dodge and Roll+1","Adrenaline+1","Footwork","PiercingWail+1","Well Laid Plans"],"relics":["Ring of the Snake","Dream Catcher","Snake Skull","Pen Nib","Eternal Feather","Cursed Key","Red Mask","Membership Card","Bottled Tornado","Blood Vial","Anchor","Bird Faced Urn","Pear","Unceasing Top","Black Star","HandDrill","Strawberry","Nunchaku","Spirit Poop","Meat on the Bone","War Paint"],"acts_visited":["Exordium","TheCity","TheBeyond"],"potions_floor_usage":[],"damage_taken":[{"damage":6.0,"enemies":"2 Louse","floor":1.0,"turns":4.0},{"damage":2.0,"enemies":"Jaw Worm","floor":2.0,"turns":5.0},{"damage":0.0,"enemies":"Small Slimes","floor":3.0,"turns":2.0},{"damage":3.0,"enemies":"Looter","floor":4.0,"turns":3.0},{"damage":8.0,"enemies":"Gremlin Nob","floor":6.0,"turns":3.0},{"damage":7.0,"enemies":"3 Louse","floor":8.0,"turns":3.0},{"damage":0.0,"enemies":"Blue Slaver","floor":10.0,"turns":4.0},{"damage":11.0,"enemies":"Lagavulin","floor":12.0,"turns":6.0},{"damage":43.0,"enemies":"Gremlin Nob","floor":14.0,"turns":6.0},{"damage":1.0,"enemies":"Hexaghost","floor":16.0,"turns":9.0},{"damage":4.0,"enemies":"Spheric Guardian","floor":18.0,"turns":11.0},{"damage":3.0,"enemies":"Shell Parasite","floor":20.0,"turns":6.0},{"damage":9.0,"enemies":"Masked Bandits","floor":22.0,"turns":4.0},{"damage":28.0,"enemies":"Slavers","floor":28.0,"turns":5.0},{"damage":5.0,"enemies":"Colosseum Slavers","floor":30.0,"turns":4.0},{"damage":10.0,"enemies":"Colosseum Nobs","floor":30.0,"turns":5.0},{"damage":9.0,"enemies":"Book of Stabbing","floor":31.0,"turns":4.0},{"damage":27.0,"enemies":"Automaton","floor":33.0,"turns":6.0},{"damage":2.0,"enemies":"3 Shapes","floor":35.0,"turns":5.0},{"damage":8.0,"enemies":"Orb Walker","floor":37.0,"turns":5.0},{"damage":3.0,"enemies":"4 Shapes","floor":39.0,"turns":8.0},{"damage":27.0,"enemies":"Giant Head","floor":40.0,"turns":7.0},{"damage":26.0,"enemies":"Maw","floor":44.0,"turns":5.0},{"damage":57.0,"enemies":"Reptomancer","floor":47.0,"turns":5.0},{"damage":11.0,"enemies":"3 Darklings","floor":48.0,"turns":4.0},{"damage":40,"enemies":"Time Eater","floor":50,"turns":11},{"damage":73,"enemies":"Awakened One","floor":51,"turns":6}],"seed_played":"-5891013144343974079","potions_obtained":[{"floor":1.0,"key":"Energy Potion"},{"floor":6.0,"key":"SpeedPotion"},{"floor":8.0,"key":"LiquidBronze"},{"floor":16.0,"key":"Swift Potion"},{"floor":18.0,"key":"EssenceOfSteel"},{"floor":20.0,"key":"LiquidMemories"},{"floor":30.0,"key":"Fire Potion"},{"floor":33.0,"key":"Ancient Potion"},{"floor":37.0,"key":"Fruit Juice"}],"is_trial":false,"path_per_floor":["M","M","M","M","$","E","?","M","T","M","R","E","$","E","R","B",null,"M","?","M","?","?","R","$","R","T","R","E","T","?","E","R","B",null,"M","?","M","$","M","E","R","?","T","M","?","R","E","M","R","B","B"],"character_chosen":"THE_SILENT","items_purchased":["SteroidPotion","Riddle With Holes","Membership Card","Dodge and Roll","HandDrill","Caltrops","Dexterity Potion"],"campfire_rested":2,"item_purchase_floors":[5,5,24,24,38,38,38],"current_hp_per_floor":[59,57,57,54,54,46,46,39,39,39,60,49,49,6,18,17,58,54,54,51,51,42,54,54,69,69,72,44,44,43,42,57,38,71,77,77,70,75,82,63,81,81,81,65,65,80,33,44,89,56,0,0],"gold":232,"neow_bonus":"TEN_PERCENT_HP_BONUS","is_daily":false,"chose_seed":false,"campfire_upgraded":7,"win_rate":0.0,"timestamp":1613789748,"path_taken":["M","M","M","M","$","E","?","M","T","M","R","E","$","E","R","BOSS","M","?","M","?","?","R","$","R","T","R","E","?","?","E","R","BOSS","M","?","M","$","M","E","R","?","T","M","?","R","E","M","R","BOSS","BOSS"],"items_purchased_type":["Potion","Card","Relic","Card","Relic","Card","Potion"],"build_version":"2020-12-22","purchased_purges":2,"victory":false,"max_hp_per_floor":[72,72,72,72,72,72,72,72,72,72,72,72,72,72,72,72,72,72,72,72,72,72,72,72,72,72,72,72,72,82,82,82,82,82,82,78,78,83,83,90,90,90,90,90,90,90,90,90,90,90,90,90],"relic_stats":{"counters":[27,146],"Eternal Feather":108,"Snake Skull":[301],"Pen Nib":[15],"War Paint":["Defend_G","Defend_G"],"Cursed Key":3,"Blood Vial":23,"Dream Catcher":2,"Nunchaku":[3],"Bird Faced Urn":[68],"Black Star":2,"HandDrill":[0],"obtain_stats":[{"Pear":30,"Spirit Poop":45,"Eternal Feather":14,"Snake Skull":9,"Pen Nib":12,"Bottled Tornado":26,"War Paint":47,"Cursed Key":17,"Blood Vial":28,"Dream Catcher":6,"Anchor":29,"Nunchaku":40,"Bird Faced Urn":30,"Strawberry":40,"Red Mask":22,"Black Star":34,"HandDrill":38,"Membership Card":24,"Unceasing Top":31,"Ring of the Snake":0,"Meat on the Bone":47},{"Pear":16,"Spirit Poop":23,"Eternal Feather":9,"Snake Skull":6,"Pen Nib":8,"Bottled Tornado":13,"War Paint":24,"Cursed Key":10,"Blood Vial":14,"Dream Catcher":5,"Anchor":14,"Nunchaku":22,"Bird Faced Urn":16,"Strawberry":22,"Red Mask":13,"Black Star":18,"HandDrill":20,"Membership Card":13,"Unceasing Top":17,"Ring of the Snake":0,"Meat on the Bone":24},{"Pear":80,"Spirit Poop":120,"Eternal Feather":36,"Snake Skull":20,"Pen Nib":30,"Bottled Tornado":66,"War Paint":125,"Cursed Key":45,"Blood Vial":71,"Dream Catcher":17,"Anchor":71,"Nunchaku":115,"Bird Faced Urn":80,"Strawberry":115,"Red Mask":66,"Black Star":90,"HandDrill":100,"Membership Card":66,"Unceasing Top":84,"Ring of the Snake":0,"Meat on the Bone":125}],"Unceasing Top":[6],"Ring of the Snake":[54],"Meat on the Bone":12},"card_choices":[{"not_picked":["Concentrate","Tactician"],"picked":"Backstab","floor":1.0},{"not_picked":["Terror","Backflip"],"picked":"Crippling Poison","floor":2.0},{"not_picked":["Bouncing Flask","Predator"],"picked":"Dash","floor":3.0},{"not_picked":["Prepared","Acrobatics"],"picked":"Dodge and Roll","floor":4.0},{"not_picked":["Deflect","Prepared"],"picked":"Envenom","floor":6.0},{"not_picked":["Skewer","Dagger Throw"],"picked":"Deflect","floor":8.0},{"not_picked":["Slice","Outmaneuver","Acrobatics"],"picked":"SKIP","floor":10.0},{"not_picked":["Finisher","Quick Slash"],"picked":"Backflip","floor":11.0},{"not_picked":["Tactician","Quick Slash"],"picked":"Footwork","floor":12.0},{"not_picked":["Sucker Punch","Setup"],"picked":"Blur","floor":14.0},{"not_picked":["Burst","Die Die Die"],"picked":"Adrenaline","floor":16.0},{"not_picked":["Prepared","Underhanded Strike"],"picked":"Noxious Fumes+1","floor":18.0},{"not_picked":["Choke","Bane","Flying Knee"],"picked":"SKIP","floor":20.0},{"not_picked":["Finisher","Tactician","Storm of Steel"],"picked":"SKIP","floor":28.0},{"not_picked":["Slice","Tactician"],"picked":"Catalyst","floor":30.0},{"not_picked":["Bane","Accuracy+1","Cloak And Dagger"],"picked":"SKIP","floor":31.0},{"not_picked":["Dagger Spray","Cloak And Dagger","Sucker Punch+1"],"picked":"SKIP","floor":35.0},{"not_picked":["All Out Attack","Reflex","Prepared"],"picked":"SKIP","floor":37.0},{"not_picked":["All Out Attack+1","Outmaneuver"],"picked":"Dodge and Roll+1","floor":39.0},{"not_picked":["Sucker Punch","Quick Slash"],"picked":"Adrenaline","floor":40.0},{"not_picked":["Underhanded Strike","Prepared","Outmaneuver"],"picked":"SKIP","floor":44.0},{"not_picked":["Prepared","Crippling Poison"],"picked":"Footwork","floor":47.0},{"not_picked":["Poisoned Stab","Flechettes"],"picked":"PiercingWail+1","floor":48.0},{"not_picked":["Flying Knee","Slice"],"picked":"Well Laid Plans","floor":49.0}],"player_experience":913724,"relics_obtained":[{"floor":6.0,"key":"Dream Catcher"},{"floor":9.0,"key":"Snake Skull"},{"floor":12.0,"key":"Pen Nib"},{"floor":14.0,"key":"Eternal Feather"},{"floor":22.0,"key":"Red Mask"},{"floor":26.0,"key":"Bottled Tornado"},{"floor":28.0,"key":"Blood Vial"},{"floor":29.0,"key":"Anchor"},{"floor":30.0,"key":"Bird Faced Urn"},{"floor":30.0,"key":"Pear"},{"floor":31.0,"key":"Unceasing Top"},{"floor":40.0,"key":"Strawberry"},{"floor":40.0,"key":"Nunchaku"},{"floor":47.0,"key":"Meat on the Bone"},{"floor":47.0,"key":"War Paint"}],"event_choices":[{"damage_healed":0.0,"max_hp_gain":0.0,"max_hp_loss":0.0,"gold_gain":0.0,"event_name":"Liars Game","player_choice":"Ignored","floor":7.0,"gold_loss":0.0,"damage_taken":0.0},{"damage_healed":0.0,"max_hp_gain":0.0,"max_hp_loss":0.0,"gold_gain":0.0,"event_name":"Beggar","player_choice":"Ignored","floor":19.0,"gold_loss":0.0,"damage_taken":0.0},{"damage_healed":0.0,"max_hp_gain":0.0,"max_hp_loss":0.0,"gold_gain":0.0,"event_name":"Ghosts","player_choice":"Ignored","floor":21.0,"gold_loss":0.0,"damage_taken":0.0},{"damage_healed":0.0,"max_hp_gain":0.0,"max_hp_loss":0.0,"gold_gain":0.0,"event_name":"Masked Bandits","player_choice":"Fought Bandits","floor":22.0,"gold_loss":0.0,"damage_taken":0.0},{"damage_healed":0.0,"max_hp_gain":0.0,"max_hp_loss":0.0,"gold_gain":0.0,"event_name":"Colosseum","player_choice":"Fight","floor":30.0,"gold_loss":0.0,"damage_taken":0.0},{"damage_healed":0.0,"max_hp_gain":0.0,"max_hp_loss":0.0,"gold_gain":0.0,"event_name":"Colosseum","player_choice":"Fought Nobs","floor":30.0,"gold_loss":0.0,"damage_taken":0.0},{"damage_healed":0.0,"max_hp_gain":0.0,"max_hp_loss":4.0,"gold_gain":0.0,"event_name":"Winding Halls","player_choice":"Max HP","floor":36.0,"gold_loss":0.0,"damage_taken":0.0},{"cards_removed":["Neutralize"],"damage_healed":0.0,"max_hp_gain":0.0,"max_hp_loss":0.0,"gold_gain":0.0,"event_name":"Falling","player_choice":"Removed Attack","floor":42.0,"gold_loss":0.0,"damage_taken":0.0},{"cards_removed":["Normality"],"damage_healed":0.0,"max_hp_gain":0.0,"max_hp_loss":0.0,"gold_gain":0.0,"event_name":"Bonfire Elementals","player_choice":"Offered Curse","floor":45.0,"gold_loss":0.0,"damage_taken":0.0,"relics_obtained":["Spirit Poop"]}],"is_beta":false,"boss_relics":[{"not_picked":["Astrolabe","SlaversCollar"],"picked":"Cursed Key"},{"not_picked":["SacredBark","Velvet Choker"],"picked":"Black Star"}],"items_purged_floors":[13,38],"is_endless":false,"potions_floor_spawned":[1,6,8,12,16,18,20,30,33,37,40,44],"killed_by":"Awakened One","ascension_level":20}}