{"host":"wrdw6zkxuilnr6rg","time":1613785179,"event":{"mods":["BaseMod","Colored Powertips","Minty Spire (QoL Compilation)","Relic Stats","StSLib"],"gold_per_floor":[111,111,34,34,34,60,60,60,60,93,18,18,33,68,68,139,139,155,15,15,15,15,50,50,64,88,88,123,156,431,450,450,450,450],"floor_reached":33,"language":"ENG","playtime":882,"items_purged":["Strike_G"],"score":790,"play_id":"01a14eb5-cb42-48f5-8678-00924bf2f339","local_time":"20210220043939","is_ascension_mode":true,"campfire_choices":[{"data":"Neutralize","floor":7,"key":"SMITH"},{"data":"1","floor":12,"key":"LIFT"},{"data":"Caltrops","floor":15,"key":"SMITH"},{"data":"Night Terror","floor":24,"key":"SMITH"},{"data":"Caltrops","floor":27,"key":"SMITH"},{"data":"Wraith Form v2","floor":32,"key":"SMITH"}],"circlet_count":0,"master_deck":["AscendersBane","Strike_G","Strike_G","Strike_G","Strike_G","Defend_G","Defend_G","Defend_G","Defend_G","Defend_G","Survivor","Neutralize+1","Caltrops+1","Dash","Night Terror+1","Backflip","Caltrops+1","Escape Plan","Wraith Form v2+1","Backflip+1","Caltrops+1","Deflect","PiercingWail","Ghostly","Ghostly","Ghostly","PiercingWail+1","Blur+1","Backflip+1"],"relics":["Ring of the Snake","NeowsBlessing","Omamori","FossilizedHelix","Girya","Mercury Hourglass","Toy Ornithopter","Runic Dome","Ancient Tea Set","Bag of Preparation","Juzu Bracelet","Red Mask","Eternal Feather"],"acts_visited":["Exordium","TheCity"],"potions_floor_usage":[14,23,33,33],"damage_taken":[{"damage":0,"enemies":"2 Louse","floor":1,"turns":1},{"damage":0,"enemies":"3 Sentries","floor":6,"turns":2},{"damage":0,"enemies":"Lagavulin","floor":10,"turns":1},{"damage":0,"enemies":"Cultist","floor":13,"turns":3},{"damage":14,"enemies":"Gremlin Nob","floor":14,"turns":4},{"damage":3,"enemies":"The Guardian","floor":16,"turns":10},{"damage":0,"enemies":"Shell Parasite","floor":18,"turns":5},{"damage":0,"enemies":"Book of Stabbing","floor":23,"turns":5},{"damage":0,"enemies":"3 Byrds","floor":25,"turns":2},{"damage":0,"enemies":"Masked Bandits","floor":28,"turns":3},{"damage":0,"enemies":"Slavers","floor":29,"turns":5},{"damage":2,"enemies":"Shelled Parasite and Fungi","floor":31,"turns":4},{"damage":50,"enemies":"Automaton","floor":33,"turns":10}],"seed_played":"-3331387907564908289","potions_obtained":[{"floor":1,"key":"AttackPotion"},{"floor":10,"key":"LiquidMemories"},{"floor":16,"key":"LiquidMemories"},{"floor":23,"key":"GamblersBrew"}],"is_trial":false,"path_per_floor":["M","?","$","T","$","E","R","?","T","E","$","R","M","E","R","B",null,"M","$","?","?","?","E","R","M","T","R","?","E","?","M","R","B"],"character_chosen":"THE_SILENT","items_purchased":["Dash","Caltrops","Deflect"],"campfire_rested":0,"item_purchase_floors":[3,19,19],"current_hp_per_floor":[59,59,59,59,59,59,59,59,59,59,59,59,59,45,45,42,60,60,60,60,33,33,33,33,33,33,33,33,33,33,31,33,0,0],"gold":450,"neow_bonus":"THREE_ENEMY_KILL","is_daily":false,"chose_seed":false,"campfire_upgraded":5,"win_rate":0.0,"timestamp":1613785179,"path_taken":["M","?","?","?","$","E","R","?","T","E","$","R","M","E","R","BOSS","M","$","?","?","?","E","R","M","T","R","?","E","?","M","R","BOSS"],"items_purchased_type":["Card","Card","Card"],"build_version":"2020-12-22","purchased_purges":1,"victory":false,"max_hp_per_floor":[66,66,66,66,66,66,66,66,66,66,66,66,66,66,66,66,66,66,66,66,33,33,33,33,33,33,33,33,33,33,33,33,33,33],"relic_stats":{"counters":[13,55],"Eternal Feather":2,"Bag of Preparation":[10],"Juzu Bracelet":1,"obtain_stats":[{"Girya":9,"NeowsBlessing":0,"Eternal Feather":29,"Omamori":4,"Bag of Preparation":23,"Juzu Bracelet":26,"Ancient Tea Set":22,"Mercury Hourglass":10,"Runic Dome":17,"Red Mask":28,"FossilizedHelix":6,"Toy Ornithopter":14,"Ring of the Snake":0},{"Girya":2,"NeowsBlessing":0,"Eternal Feather":11,"Omamori":1,"Bag of Preparation":8,"Juzu Bracelet":9,"Ancient Tea Set":7,"Mercury Hourglass":3,"Runic Dome":6,"Red Mask":10,"FossilizedHelix":2,"Toy Ornithopter":5,"Ring of the Snake":0},{"Girya":3,"NeowsBlessing":0,"Eternal Feather":41,"Omamori":1,"Bag of Preparation":31,"Juzu Bracelet":33,"Ancient Tea Set":26,"Mercury Hourglass":4,"Runic Dome":21,"Red Mask":36,"FossilizedHelix":3,"Toy Ornithopter":11,"Ring of the Snake":0}],"Toy Ornithopter":5,"Ring of the Snake":[26],"Mercury Hourglass":[178]},"card_choices":[{"not_picked":["Underhanded Strike","Acrobatics"],"picked":"Caltrops","floor":1},{"not_picked":["Dagger Spray","Finisher"],"picked":"Night Terror","floor":6},{"not_picked":["Skewer","Prepared"],"picked":"Backflip","floor":10},{"not_picked":["Dagger Spray","Well Laid Plans"],"picked":"Caltrops","floor":13},{"not_picked":["All Out Attack","Dodge and Roll"],"picked":"Escape Plan","floor":14},{"not_picked":["Grand Finale","Tools of the Trade"],"picked":"Wraith Form v2","floor":16},{"not_picked":["Poisoned Stab","Dagger Throw"],"picked":"Backflip+1","floor":18},{"not_picked":["Heel Hook","Bane","Eviscerate"],"picked":"SKIP","floor":23},{"not_picked":["Heel Hook","Bane","Eviscerate"],"picked":"SKIP","floor":23},{"not_picked":["Acrobatics","Deadly Poison"],"picked":"PiercingWail+1","floor":25},{"not_picked":["Tools of the Trade","Dash+1"],"picked":"Blur+1","floor":28},{"not_picked":["PiercingWail","Corpse Explosion"],"picked":"Backflip+1","floor":29},{"not_picked":["Distraction+1","Dodge and Roll","PiercingWail"],"picked":"SKIP","floor":31}],"player_experience":1464839,"relics_obtained":[{"floor":4,"key":"Omamori"},{"floor":6,"key":"FossilizedHelix"},{"floor":9,"key":"Girya"},{"floor":10,"key":"Mercury Hourglass"},{"floor":14,"key":"Toy Ornithopter"},{"floor":23,"key":"Bag of Preparation"},{"floor":26,"key":"Juzu Bracelet"},{"floor":28,"key":"Red Mask"},{"floor":29,"key":"Eternal Feather"}],"event_choices":[{"damage_healed":0,"gold_gain":0,"player_choice":"Upgraded","damage_taken":0,"max_hp_gain":0,"max_hp_loss":0,"event_name":"Upgrade Shrine","floor":2,"gold_loss":0,"cards_upgraded":["Caltrops"]},{"damage_healed":0,"gold_gain":0,"player_choice":"Leave","damage_taken":0,"max_hp_gain":0,"max_hp_loss":0,"event_name":"The Cleric","floor":8,"gold_loss":0},{"damage_healed":0,"gold_gain":0,"player_choice":"Read","damage_taken":0,"max_hp_gain":0,"max_hp_loss":0,"event_name":"The Library","floor":20,"gold_loss":0,"cards_obtained":["PiercingWail"]},{"damage_healed":0,"gold_gain":0,"player_choice":"Became a Ghost","damage_taken":0,"max_hp_gain":0,"max_hp_loss":33,"event_name":"Ghosts","floor":21,"gold_loss":0,"cards_obtained":["Ghostly","Ghostly","Ghostly"]},{"damage_healed":0,"gold_gain":0,"player_choice":"Opened","damage_taken":0,"relics_obtained":["Ancient Tea Set"],"max_hp_gain":0,"max_hp_loss":0,"event_name":"The Mausoleum","floor":22,"gold_loss":0,"cards_obtained":["Writhe"]},{"damage_healed":0,"gold_gain":0,"player_choice":"Fought Bandits","damage_taken":0,"max_hp_gain":0,"max_hp_loss":0,"event_name":"Masked Bandits","floor":28,"gold_loss":0},{"damage_healed":0,"gold_gain":275,"player_choice":"Desecrate","damage_taken":0,"max_hp_gain":0,"max_hp_loss":0,"event_name":"Golden Shrine","floor":30,"gold_loss":0,"cards_obtained":["Regret"]}],"is_beta":false,"boss_relics":[{"not_picked":["SlaversCollar","Calling Bell"],"picked":"Runic Dome"}],"items_purged_floors":[11],"is_endless":false,"potions_floor_spawned":[1,10,16,23,25,28],"killed_by":"Automaton","ascension_level":20}}