{"host":"f5gffvlv6a66yqkd","time":1613829967,"event":{"mods":["2.2 Compatiblity","BaseMod","Colored Map","Custom Start","DeckTracker","Keyboard Shortcuts","Minty Spire (QoL Compilation)","Permanent Neow","Quick Restart","Relic Stats","StSLib","SuperFastMode"],"gold_per_floor":[116,12,12,12,25,25,55,67,90,90,100,112,112,130,130,201,201,216,232,54,54,104,104,49,63,89,89,89,159,159,159,159,233,233,246,262,82,82,107,107,107,107],"floor_reached":41,"language":"KOR","playtime":955,"items_purged":["Strike_B","Strike_B","Defend_B"],"score":824,"play_id":"b40104a7-1810-4eaf-ad30-affb5808736e","local_time":"20210220230607","is_ascension_mode":true,"campfire_choices":[{"data":"Defragment","floor":6.0,"key":"SMITH"},{"data":"Sunder","floor":10.0,"key":"SMITH"},{"data":"Zap","floor":13.0,"key":"SMITH"},{"data":"Coolheaded","floor":15.0,"key":"SMITH"},{"floor":23,"key":"REST"},{"data":"Defragment","floor":28,"key":"SMITH"},{"data":"Creative AI","floor":32,"key":"SMITH"},{"data":"Fission","floor":40,"key":"SMITH"}],"circlet_count":0,"master_deck":["AscendersBane","Defend_B","Defend_B","Defend_B","Zap+1","Dualcast","Defragment+1","Ball Lightning","Double Energy","Machine Learning","Conserve Battery","Sunder+1","Coolheaded+1","Compile Driver","Creative AI+1","Defragment+1","Chill","Cold Snap","Turbo","Defragment+1","Recycle","Fission+1","CurseOfTheBell","Meteor Strike"],"relics":["Cracked Core","NeowsBlessing","Tiny Chest","Juzu Bracelet","Nuclear Battery","Meat on the Bone","Calling Bell","Strawberry","Ornamental Fan","Thread and Needle","Kunai","Prayer Wheel"],"acts_visited":["Exordium","TheCity","TheBeyond","TheBeyond"],"potions_floor_usage":[19,36,39,41],"damage_taken":[{"damage":0.0,"enemies":"Cultist","floor":1.0,"turns":1.0},{"damage":0.0,"enemies":"Small Slimes","floor":5.0,"turns":1.0},{"damage":0.0,"enemies":"Lagavulin","floor":7.0,"turns":1.0},{"damage":7.0,"enemies":"Jaw Worm","floor":8.0,"turns":2.0},{"damage":1.0,"enemies":"Blue Slaver","floor":11.0,"turns":2.0},{"damage":9.0,"enemies":"2 Fungi Beasts","floor":12.0,"turns":3.0},{"damage":10.0,"enemies":"Gremlin Gang","floor":14.0,"turns":3.0},{"damage":19,"enemies":"The Guardian","floor":16,"turns":9},{"damage":6,"enemies":"3 Byrds","floor":18,"turns":4},{"damage":25,"enemies":"Shell Parasite","floor":19,"turns":5},{"damage":9,"enemies":"Centurion and Healer","floor":25,"turns":7},{"damage":12,"enemies":"Automaton","floor":33,"turns":7},{"damage":11,"enemies":"3 Shapes","floor":35,"turns":4},{"damage":24,"enemies":"Orb Walker","floor":36,"turns":4},{"damage":0,"enemies":"Mind Bloom Boss Battle","floor":39,"turns":6},{"damage":49,"enemies":"Nemesis","floor":41,"turns":11}],"seed_played":"-8849256519832139357","potions_obtained":[{"floor":1.0,"key":"SteroidPotion"},{"floor":7.0,"key":"GamblersBrew"},{"floor":14.0,"key":"Swift Potion"},{"floor":35,"key":"AttackPotion"},{"floor":39,"key":"Strength Potion"}],"is_trial":false,"path_per_floor":["M","$","?","?","M","R","E","M","T","R","M","M","R","M","R","B",null,"M","M","$","?","?","R","$","M","T","?","R","T","?","?","R","B",null,"M","M","$","T","?","R","E"],"character_chosen":"DEFECT","items_purchased":["Ball Lightning","Chill","Cold Snap","Swift Potion"],"campfire_rested":1,"item_purchase_floors":[2,20,24,37],"current_hp_per_floor":[64,64,64,64,64,64,64,57,57,57,56,47,47,37,37,18,58,52,27,27,7,7,29,29,20,20,20,20,20,20,20,20,20,80,69,45,45,45,45,45,0,0],"gold":107,"neow_bonus":"THREE_ENEMY_KILL","is_daily":false,"chose_seed":false,"campfire_upgraded":7,"win_rate":0.0,"timestamp":1613829967,"path_taken":["M","$","?","?","?","R","E","M","T","R","M","M","R","M","R","BOSS","M","M","$","?","?","R","$","M","T","?","R","?","?","?","R","BOSS","M","M","?","?","?","R","E"],"items_purchased_type":["Card","Card","Card","Potion"],"build_version":"2020-12-22","purchased_purges":3,"victory":false,"max_hp_per_floor":[71,71,71,71,71,71,71,71,71,71,71,71,71,71,71,71,71,71,71,71,76,76,76,76,76,76,76,76,76,76,76,76,76,83,83,83,83,83,83,83,83,83],"relic_stats":{"counters":[16,70],"Ornamental Fan":[8],"Tiny Chest":2,"Prayer Wheel":0,"Juzu Bracelet":1,"Kunai":[2],"obtain_stats":[{"Calling Bell":34,"NeowsBlessing":0,"Ornamental Fan":34,"Strawberry":34,"Tiny Chest":7,"Thread and Needle":34,"Prayer Wheel":39,"Juzu Bracelet":9,"Kunai":38,"Cracked Core":0,"Nuclear Battery":17,"Meat on the Bone":29},{"Calling Bell":12,"NeowsBlessing":0,"Ornamental Fan":12,"Strawberry":12,"Tiny Chest":3,"Thread and Needle":12,"Prayer Wheel":15,"Juzu Bracelet":4,"Kunai":14,"Cracked Core":0,"Nuclear Battery":8,"Meat on the Bone":11},{"Calling Bell":45,"NeowsBlessing":0,"Ornamental Fan":45,"Strawberry":45,"Tiny Chest":3,"Thread and Needle":45,"Prayer Wheel":59,"Juzu Bracelet":5,"Kunai":53,"Cracked Core":0,"Nuclear Battery":22,"Meat on the Bone":38}],"Meat on the Bone":12},"card_choices":[{"not_picked":["Streamline","Aggregate"],"picked":"Defragment","floor":1.0},{"not_picked":["Stack","Scrape"],"picked":"Conserve Battery","floor":5.0},{"not_picked":["Capacitor","Coolheaded"],"picked":"Sunder","floor":7.0},{"not_picked":["Rebound","Compile Driver"],"picked":"Coolheaded","floor":8.0},{"not_picked":["Rebound","Redo"],"picked":"Compile Driver","floor":11.0},{"not_picked":["Consume","Sweeping Beam","Melter"],"picked":"SKIP","floor":12.0},{"not_picked":["Hologram","Auto Shields","Steam"],"picked":"SKIP","floor":14.0},{"not_picked":["Echo Form","All For One"],"picked":"Creative AI","floor":16},{"not_picked":["Beam Cell+1","White Noise"],"picked":"Defragment","floor":18},{"not_picked":["Conserve Battery","Rip and Tear","Heatsinks"],"picked":"SKIP","floor":19},{"not_picked":["Redo","Compile Driver"],"picked":"Turbo","floor":25},{"not_picked":["Amplify","Multi-Cast"],"picked":"Fission","floor":33},{"not_picked":["Ball Lightning","Static Discharge","Gash+1"],"picked":"SKIP","floor":35},{"not_picked":["Stack","Streamline"],"picked":"Meteor Strike","floor":36}],"player_experience":1538241,"relics_obtained":[{"floor":7.0,"key":"Tiny Chest"},{"floor":9.0,"key":"Juzu Bracelet"},{"floor":29,"key":"Meat on the Bone"},{"floor":34,"key":"Strawberry"},{"floor":34,"key":"Ornamental Fan"},{"floor":34,"key":"Thread and Needle"},{"floor":38,"key":"Kunai"},{"floor":39,"key":"Prayer Wheel"}],"event_choices":[{"damage_healed":0.0,"max_hp_gain":0.0,"max_hp_loss":0.0,"gold_gain":0.0,"cards_transformed":["Strike_B"],"event_name":"Living Wall","player_choice":"Change","floor":3.0,"gold_loss":0.0,"damage_taken":0.0,"cards_obtained":["Double Energy"]},{"damage_healed":0.0,"max_hp_gain":0.0,"max_hp_loss":0.0,"gold_gain":0.0,"cards_transformed":["Strike_B"],"event_name":"Transmorgrifier","player_choice":"Transformed","floor":4.0,"gold_loss":0.0,"damage_taken":0.0,"cards_obtained":["Machine Learning"]},{"damage_healed":0,"gold_gain":0,"player_choice":"Shed Blood","damage_taken":25,"max_hp_gain":5,"max_hp_loss":0,"event_name":"Forgotten Altar","floor":21,"gold_loss":0},{"damage_healed":0,"gold_gain":50,"player_choice":"Stole From Cult","damage_taken":0,"max_hp_gain":0,"max_hp_loss":0,"event_name":"Nest","floor":22,"gold_loss":0},{"damage_healed":0,"gold_gain":0,"player_choice":"Copied","damage_taken":0,"max_hp_gain":0,"max_hp_loss":0,"event_name":"Duplicator","floor":27,"gold_loss":0,"cards_obtained":["Defragment"]},{"damage_healed":0,"gold_gain":0,"player_choice":"Read","damage_taken":0,"max_hp_gain":0,"max_hp_loss":0,"event_name":"The Library","floor":30,"gold_loss":0,"cards_obtained":["Recycle"]},{"damage_healed":0,"gold_gain":0,"player_choice":"0 cards matched","damage_taken":0,"max_hp_gain":0,"max_hp_loss":0,"event_name":"Match and Keep!","floor":31,"gold_loss":0,"cards_obtained":[]},{"damage_healed":0,"gold_gain":0,"player_choice":"Fight","damage_taken":0,"max_hp_gain":0,"max_hp_loss":0,"event_name":"MindBloom","floor":39,"gold_loss":0}],"is_beta":false,"boss_relics":[{"not_picked":["FrozenCore","Runic Pyramid"],"picked":"Nuclear Battery"},{"not_picked":["SlaversCollar","Runic Dome"],"picked":"Calling Bell"}],"items_purged_floors":[2,20,37],"is_endless":false,"potions_floor_spawned":[1,7,11,14,18,35,39],"killed_by":"Nemesis","ascension_level":20}}