{"host":"2d926qfvvz477zl6","time":1613792718,"event":{"mods":["Aspiration","BaseMod","Challenge The Spire","Conspire","Downfall","GifTheSpireLib","GungeonMod","Halation","Hermit","Hubris","Infinite Spire","Minty Spire (QoL Compilation)","Morshu Shopkeeper","Permanent Neow","Quick Restart","Rare Cards Sparkle","Reliquary","Replay The Spire","Shedinja","Somnambulant","Spicy Shops","StSLib","Stuff the Spire","Td1madao Mod","The Blue Laboratory","The Bug Knight","The Construct","The Cursed","The Disciple","The Forsaken","The Hierophant","TheFirefly","Wandering Minibosses","Wide Potions","everything is the same but u backflip on backflip","slay the spire mod where everything is the same but ironclad has a cowboy hat"],"gold_per_floor":[99,109,284,69,86,86,158,171,162,174,174,223,223,249,263,350,350,350,366,375,395,395,395,395,421,221,228,128,160,160,160,173,268,268,268,288,9,23,32,32,59,125,145,183,183,183,206,241,1045,1048,1048,1082,123,123,130,130],"floor_reached":57,"language":"ENG","playtime":3016,"items_purged":["Doubt","downfall:Haunted","Clumsy"],"score":1882,"play_id":"9ce95b20-5d0a-4e59-a280-c9ae2a493992","local_time":"20210219224518","is_ascension_mode":true,"campfire_choices":[{"data":"Shedinja:Toxic","floor":1,"key":"SMITH"},{"data":"Shedinja:DoubleTeam","floor":13,"key":"SMITH"},{"floor":18,"key":"DIG"},{"floor":26,"key":"RECALL"},{"data":"Shedinja:FocusSash","floor":28,"key":"SMITH"},{"data":"Shedinja:FocusSash","floor":30,"key":"SMITH"},{"data":"Shedinja:PokeBall","floor":35,"key":"SMITH"},{"data":"infinitespire:UltimateForm","floor":46,"key":"SMITH"},{"data":"Shedinja:Toxic","floor":54,"key":"SMITH"}],"circlet_count":0,"master_deck":["Shedinja:Scratch+1","Shedinja:Scratch+1","Shedinja:Endure","Shedinja:Endure","Shedinja:Endure","Shedinja:Endure","Shedinja:Endure","Shedinja:FocusSash+1","Shedinja:FocusSash+1","Shedinja:Toxic+1","Shedinja:ArtifactCard","Shedinja:Protect","Shedinja:Absorb","Shedinja:MindReader","Shedinja:DoubleTeam+1","Shedinja:ShadowBall","CommonCold","Shedinja:ShadowSneak","Shedinja:StruggleBug","Shedinja:MetalClaw","Shedinja:PowerBelt","Shedinja:PowerBelt","Shedinja:ShadowBall","Shedinja:ShadowSneak","Shedinja:PhantomForce","Shedinja:NightSlash+1","Shedinja:Ether+1","Shedinja:StruggleBug","Shedinja:BugBuzz+1","AbeCurse","Shedinja:ShadowSneak","Shedinja:Absorb","Shedinja:SuckerPunch","expansioncontent:PolyBeam","Shedinja:RockyHelmet+1","infinitespire:UltimateForm+1","Shedinja:StruggleBug","Shedinja:PowerBelt","Shedinja:ArtifactCard+1","Shedinja:SuckerPunch","Shedinja:Toxic+1","Shedinja:NightSlash","Shedinja:Thief+1","Shedinja:NightSlash","Shedinja:Thief","Shedinja:ConfuseRay","Shedinja:RockyHelmet","Shedinja:GigaDrain","Shedinja:NightSlash","Replay:Sssssssssshield","Shedinja:ArtifactCard"],"relics":["Shedinja:WonderGuard","DemoMod:PartiallyEatenCheese","infinitespire:CheckeredPen","DemoMod:GlassGuonStoneRelic","halation:BlueSoulGem","DemoMod:Metronome","reliquary:Knoch","construct:WeddingRing","Whetstone","Iron Hammer","StuffTheSpire:GrapeVine","downfall:HeartBlessingGreen","downfall:HeartBlessingBlue","downfall:HeartBlessingRed","DemoMod:LamentConfigurum","Abe\u0027s Treasure","infinitespire:Golems Mask","Darkstone Periapt","Replay:Grab Bag","Busted Crown","reliquary:RedCape","hubris:ScarierMask","CeramicFish","Anchor","hubris:SlimyHat","halation:Jellyphish","Replay:Kaleidoscope","halation:PapillonHeart","White Beast Statue","wanderingMiniBosses:MasterThiefsPresence","DemoMod:MonsterBlood","DemoMod:BigBoy","halation:Thesaurus","BargainBundle","HollowMod:PaleOreRelic","conspire:TopHat","hubris:ToyBattleship","Frozen Eye"],"acts_visited":["Exordium","TheCity","TheBeyond","TheEnding"],"potions_floor_usage":[8,14,15,20,29,42,50,50,56,56,56],"damage_taken":[{"damage":0,"enemies":"Cultist","floor":2,"turns":5},{"damage":0,"enemies":"downfall:FleeingMerchant","floor":4,"turns":4},{"damage":0,"enemies":"2 Louse","floor":5,"turns":5},{"damage":0,"enemies":"Jaw Worm","floor":8,"turns":6},{"damage":0,"enemies":"downfall:LooterAlt","floor":9,"turns":7},{"damage":0,"enemies":"Blue Slaver","floor":10,"turns":5},{"damage":0,"enemies":"Lagavulin Event","floor":12,"turns":8},{"damage":0,"enemies":"3 Sentries","floor":14,"turns":7},{"damage":0,"enemies":"Exordium Thugs","floor":15,"turns":6},{"damage":0,"enemies":"IC_STATUS_ARCHETYPE","floor":16,"turns":15},{"damage":0,"enemies":"Shell Parasite","floor":19,"turns":6},{"damage":0,"enemies":"conspire:FuzzyDice","floor":20,"turns":7},{"damage":0,"enemies":"Chosen and Byrds","floor":21,"turns":2},{"damage":0,"enemies":"Gremlin Leader","floor":25,"turns":9},{"damage":0,"enemies":"Snake Plant","floor":27,"turns":6},{"damage":0,"enemies":"Slavers","floor":29,"turns":7},{"damage":0,"enemies":"Centurion and Healer","floor":32,"turns":9},{"damage":0,"enemies":"WA_ARCHETYPE_CALM","floor":33,"turns":7},{"damage":0,"enemies":"3 Shapes","floor":36,"turns":3},{"damage":0,"enemies":"downfall:FleeingMerchant","floor":37,"turns":7},{"damage":0,"enemies":"Orb Walker","floor":38,"turns":3},{"damage":0,"enemies":"downfall:FleeingMerchant","floor":42,"turns":1},{"damage":0,"enemies":"3 Darklings","floor":43,"turns":5},{"damage":0,"enemies":"Nemesis","floor":44,"turns":5},{"damage":0,"enemies":"Transient","floor":47,"turns":5},{"damage":0,"enemies":"Nightmare","floor":48,"turns":8},{"damage":0,"enemies":"Jaw Worm Horde","floor":49,"turns":5},{"damage":0,"enemies":"DF_ARCHETYPE_ORBS","floor":50,"turns":8},{"damage":0,"enemies":"downfall:CharBossMerchant","floor":52,"turns":9},{"damage":0,"enemies":"downfall:NeowBoss","floor":55,"turns":9},{"damage":0,"enemies":"downfall:NeowBossFinal","floor":56,"turns":6}],"seed_played":"-3325017863088009458","potions_obtained":[{"floor":5,"key":"blueLaboratory:FruitPunch"},{"floor":8,"key":"blueLaboratory:HummingbirdPotion"},{"floor":9,"key":"blueLaboratory:LouseDecoction"},{"floor":10,"key":"blueLaboratory:FrostheartPotion"},{"floor":19,"key":"ColorlessPotion"},{"floor":27,"key":"AttackPotion"},{"floor":29,"key":"BlessingOfTheForge"},{"floor":33,"key":"blueLaboratory:ArtificerPotion"},{"floor":43,"key":"Fire Potion"},{"floor":47,"key":"Guardian:BlockOnCardUsePotion"},{"floor":48,"key":"blueLaboratory:FrostheartPotion"},{"floor":49,"key":"blueLaboratory:BottleOfRum"},{"floor":52,"key":"Swift Potion"}],"is_trial":false,"path_per_floor":["R","M","?","$","M","?","T","M","M","M","?","?","R","E","M","B",null,"R","M","M","M","?","T","T","E","R","M","R","E","R","AVR","M","B",null,"R","M","$","M","?","?","T","$","M","E","?","R","M","NM","M","B",null,"E","$","R","B","B",null],"character_chosen":"THE_DEFAULT","items_purchased":["DemoMod:PartiallyEatenCheese","Shedinja:Absorb","CeramicFish","expansioncontent:PolyBeam","halation:Jellyphish","Orrery","DemoMod:BigBoy","halation:Thesaurus","Shedinja:ConfuseRay","Shedinja:RockyHelmet","Shedinja:GigaDrain","bronze:BurnAndBuffPotion","HollowMod:PaleOreRelic","Shedinja:NightSlash","conspire:TopHat","hubris:ToyBattleship","Frozen Eye","Replay:Sssssssssshield","Shedinja:ArtifactCard"],"campfire_rested":0,"item_purchase_floors":[4,4,37,37,42,42,53,53,53,53,53,53,53,53,53,53,53,53,53],"current_hp_per_floor":[1,1,1,1,1,1,1,1,1,1,1,1,1,1,1,1,1,1,1,1,1,1,1,1,1,1,1,1,1,1,1,1,1,1,1,1,1,1,1,1,1,1,1,1,1,1,1,1,1,1,1,1,1,1,1,1],"gold":130,"neow_bonus":"THREE_RARE_CARDS","is_daily":false,"chose_seed":false,"campfire_upgraded":7,"win_rate":0.0,"timestamp":1613792718,"path_taken":["R","M","?","$","M","?","T","?","?","M","?","?","R","E","M","BOSS","R","M","M","M","?","?","T","E","R","M","R","E","R","AVR","M","BOSS","R","M","$","M","?","?","T","$","?","E","?","R","M","NM","M","BOSS","E","$","R","BOSS","BOSS"],"items_purchased_type":["Relic","Card","Relic","Card","Relic","Relic","Relic","Relic","Card","Card","Card","Potion","Relic","Card","Relic","Relic","Relic","Card","Card"],"build_version":"2020-12-22","purchased_purges":3,"victory":true,"max_hp_per_floor":[1,1,1,1,1,1,1,1,1,1,1,1,1,1,1,1,1,1,1,1,1,1,1,1,1,1,1,1,1,1,1,1,1,1,1,1,1,1,1,1,1,1,1,1,1,1,1,1,1,1,1,1,1,1,1,1],"card_choices":[{"not_picked":["Shedinja:FinalGambit","Shedinja:Protect"],"picked":"Shedinja:Toxic","floor":0},{"not_picked":["Shedinja:Round","Shedinja:PowerBracer"],"picked":"Shedinja:ArtifactCard","floor":2},{"not_picked":["Shedinja:Absorb","Shedinja:SuckerPunch"],"picked":"Shedinja:Protect","floor":4},{"not_picked":["Shedinja:Facade","Shedinja:ShadowClaw"],"picked":"Shedinja:MindReader","floor":5},{"not_picked":["Shedinja:ShadowBall","Shedinja:Ether"],"picked":"Shedinja:StruggleBug","floor":8},{"not_picked":["Shedinja:ArtifactCard","Shedinja:PowerBracer"],"picked":"Shedinja:MetalClaw","floor":9},{"not_picked":["Shedinja:ShadowClaw","Shedinja:MetalClaw"],"picked":"Shedinja:PowerBelt","floor":10},{"not_picked":["Shedinja:SuckerPunch","Shedinja:Thief"],"picked":"Shedinja:PowerBelt","floor":12},{"not_picked":["Shedinja:PowerBelt","Shedinja:ShadowClaw"],"picked":"Shedinja:ShadowBall","floor":14},{"not_picked":["Shedinja:BugBuzz","Shedinja:Round"],"picked":"Shedinja:ShadowSneak","floor":15},{"not_picked":["Shedinja:Rest","Shedinja:DoubleTeam"],"picked":"Shedinja:PhantomForce","floor":16},{"not_picked":["Shedinja:RockyHelmet","Shedinja:Thief+1"],"picked":"Shedinja:NightSlash+1","floor":19},{"not_picked":["Shedinja:FinalGambit","Shedinja:MetalClaw"],"picked":"Shedinja:Ether+1","floor":20},{"not_picked":["Shedinja:Facade","Shedinja:Ether"],"picked":"Shedinja:StruggleBug","floor":21},{"not_picked":["Shedinja:SuckerPunch","Shedinja:Agility","Shedinja:Mimic"],"picked":"SKIP","floor":25},{"not_picked":["Shedinja:Facade+1","Shedinja:Mimic","Shedinja:SuckerPunch+1"],"picked":"SKIP","floor":27},{"not_picked":["Shedinja:RockyHelmet","Shedinja:HoneClaws"],"picked":"Shedinja:BugBuzz+1","floor":29},{"not_picked":["Shedinja:Facade","Shedinja:Ether"],"picked":"Shedinja:ShadowSneak","floor":32},{"not_picked":["Shedinja:FinalGambit","Shedinja:Rest"],"picked":"Shedinja:PokeBall","floor":33},{"not_picked":[],"picked":"Shedinja:Absorb","floor":36},{"not_picked":[],"picked":"Shedinja:SuckerPunch","floor":37},{"not_picked":[],"picked":"Shedinja:RockyHelmet+1","floor":38},{"not_picked":["infinitespire:Gouge","infinitespire:FinalStrike"],"picked":"infinitespire:UltimateForm","floor":39},{"not_picked":["Shedinja:Mimic+1"],"picked":"SKIP","floor":42},{"not_picked":[],"picked":"Shedinja:StruggleBug","floor":42},{"not_picked":[],"picked":"Shedinja:PowerBelt","floor":42},{"not_picked":[],"picked":"Shedinja:ArtifactCard+1","floor":42},{"not_picked":[],"picked":"Shedinja:SuckerPunch","floor":42},{"not_picked":[],"picked":"Shedinja:Toxic","floor":42},{"not_picked":[],"picked":"Shedinja:NightSlash","floor":43},{"not_picked":[],"picked":"Shedinja:Thief+1","floor":44},{"not_picked":[],"picked":"Shedinja:NightSlash","floor":47},{"not_picked":[],"picked":"Shedinja:Thief","floor":48},{"not_picked":["Shedinja:HoneClaws+1"],"picked":"SKIP","floor":49},{"not_picked":["Shedinja:Facade+1"],"picked":"SKIP","floor":52}],"player_experience":491447,"relics_obtained":[{"floor":7,"key":"infinitespire:CheckeredPen"},{"floor":12,"key":"DemoMod:Metronome"},{"floor":14,"key":"reliquary:Knoch"},{"floor":18,"key":"Whetstone"},{"floor":23,"key":"Iron Hammer"},{"floor":25,"key":"StuffTheSpire:GrapeVine"},{"floor":29,"key":"DemoMod:LamentConfigurum"},{"floor":40,"key":"Anchor"},{"floor":41,"key":"hubris:SlimyHat"},{"floor":44,"key":"Replay:Kaleidoscope"},{"floor":48,"key":"White Beast Statue"},{"floor":49,"key":"wanderingMiniBosses:MasterThiefsPresence"},{"floor":52,"key":"DemoMod:MonsterBlood"}],"event_choices":[{"damage_healed":0,"gold_gain":0,"player_choice":"Relic","damage_taken":0,"max_hp_gain":0,"max_hp_loss":0,"event_name":"Wheel of Change","floor":40,"gold_loss":0}],"is_beta":false,"boss_relics":[{"not_picked":["Coffee Dripper","Calling Bell"],"picked":"construct:WeddingRing"},{"not_picked":["aspiration:IroncladSkillbook","Painkiller Herb"],"picked":"Replay:Grab Bag"},{"not_picked":["hubris:RunicObelisk","Sozu"],"picked":"Busted Crown"},{"not_picked":["conspire:SlowCooker","halation:IncompleteEncyclopedia"],"picked":"reliquary:RedCape"},{"not_picked":["aspiration:RunicSpoon","halation:Prosthetics"],"picked":"hubris:ScarierMask"}],"items_purged_floors":[4,31,53],"is_endless":false,"potions_floor_spawned":[5,8,9,10,19,27,29,33,43,44,47,48,49,52],"ascension_level":2}}