{"host":"n2sr453jcjz6vvl4","time":1613784403,"event":{"mods":["BaseMod","Colored Map","Minty Spire (QoL Compilation)","Permanent Neow","Relic Stats","StSLib"],"gold_per_floor":[112,122,122,122,132,132,164,176,176,176,210,221,221,71,71,174,174,194,211,227,227,241,270,270,302,302,315,315,315,11,46,46,147,147,160,210,210,110,120,120,149,149,149,149,174,184,59,75,75,75,75],"floor_reached":50,"language":"ENG","playtime":12746,"items_purged":["Strike_B","Strike_B","Strike_B"],"score":652,"play_id":"22c59c2c-81cc-4391-8cc4-668044497846","local_time":"20210219212643","is_ascension_mode":true,"campfire_choices":[{"data":"Zap","floor":6,"key":"SMITH"},{"floor":10,"key":"REST"},{"floor":13,"key":"REST"},{"data":"Defragment","floor":15,"key":"SMITH"},{"floor":24,"key":"REST"},{"data":"Dualcast","floor":29,"key":"SMITH"},{"data":"Self Repair","floor":32,"key":"SMITH"},{"data":"1","floor":40,"key":"LIFT"},{"floor":44,"key":"REST"},{"data":"2","floor":49,"key":"LIFT"}],"circlet_count":0,"master_deck":["Strike_B+1","Defend_B","Defend_B","Defend_B+1","Defend_B+1","Zap+1","Dualcast+1","Gash","Sweeping Beam+1","Beam Cell","Leap","Chaos","All For One","Ball Lightning","Defragment+1","Cold Snap","Undo","Rebound","Capacitor","Core Surge","Self Repair+1","Defragment","Coolheaded+1","Glacier","Gash","Ball Lightning","Biased Cognition","Gash","Panache+1","Cold Snap","Self Repair+1","White Noise","Chill"],"relics":["Cracked Core","PreservedInsect","Shuriken","Pantograph","Matryoshka","Orrery","Velvet Choker","Pen Nib","Prayer Wheel","Unceasing Top","Thread and Needle","Whetstone","Frozen Egg 2","Juzu Bracelet","SacredBark","Girya","Mummified Hand","Bird Faced Urn","Peace Pipe"],"acts_visited":["Exordium","TheCity","TheBeyond"],"potions_floor_usage":[20,22,22,25,27,27,31,39,48,50,50],"damage_taken":[{"damage":1,"enemies":"Cultist","floor":1,"turns":3},{"damage":8,"enemies":"Jaw Worm","floor":2,"turns":4},{"damage":2,"enemies":"2 Louse","floor":5,"turns":2},{"damage":15,"enemies":"Lagavulin","floor":7,"turns":6},{"damage":14,"enemies":"Large Slime","floor":8,"turns":4},{"damage":16,"enemies":"Gremlin Nob","floor":11,"turns":3},{"damage":12,"enemies":"3 Louse","floor":12,"turns":4},{"damage":10,"enemies":"Slime Boss","floor":16,"turns":7},{"damage":0,"enemies":"Chosen","floor":18,"turns":4},{"damage":14,"enemies":"Shell Parasite","floor":19,"turns":6},{"damage":5,"enemies":"Snecko","floor":20,"turns":4},{"damage":20,"enemies":"Snake Plant","floor":22,"turns":5},{"damage":20,"enemies":"Gremlin Leader","floor":23,"turns":5},{"damage":23,"enemies":"Book of Stabbing","floor":25,"turns":4},{"damage":14,"enemies":"Chosen and Byrds","floor":27,"turns":5},{"damage":0,"enemies":"Gremlin Leader","floor":31,"turns":4},{"damage":30,"enemies":"Automaton","floor":33,"turns":9},{"damage":0,"enemies":"Orb Walker","floor":35,"turns":4},{"damage":24,"enemies":"Mind Bloom Boss Battle","floor":36,"turns":7},{"damage":11,"enemies":"3 Shapes","floor":39,"turns":3},{"damage":52,"enemies":"Nemesis","floor":41,"turns":5},{"damage":4,"enemies":"Giant Head","floor":45,"turns":6},{"damage":33,"enemies":"Maw","floor":46,"turns":6},{"damage":6,"enemies":"Transient","floor":48,"turns":5},{"damage":96,"enemies":"Awakened One","floor":50,"turns":11}],"seed_played":"4433565480313242730","potions_obtained":[{"floor":5,"key":"Fire Potion"},{"floor":8,"key":"LiquidMemories"},{"floor":12,"key":"EntropicBrew"},{"floor":16,"key":"Regen Potion"},{"floor":20,"key":"Block Potion"},{"floor":22,"key":"PotionOfCapacity"},{"floor":28,"key":"Strength Potion"},{"floor":28,"key":"Fire Potion"},{"floor":28,"key":"Explosive Potion"},{"floor":36,"key":"ColorlessPotion"},{"floor":46,"key":"GamblersBrew"},{"floor":48,"key":"LiquidBronze"}],"is_trial":false,"path_per_floor":["M","M","?","?","M","R","E","M","T","R","E","M","R","$","R","B",null,"M","M","M","T","M","E","R","E","T","M","?","R","$","E","R","B",null,"M","?","?","$","M","R","E","?","T","R","E","M","$","M","R","B"],"character_chosen":"DEFECT","items_purchased":["Orrery","Panache+1","Cold Snap"],"campfire_rested":4,"item_purchase_floors":[14,30,30],"current_hp_per_floor":[74,66,66,51,49,49,34,20,20,42,26,14,36,36,36,51,75,75,68,63,63,50,37,59,43,43,50,50,50,50,57,57,45,75,75,71,71,71,60,60,18,18,18,39,71,56,56,71,71,0,0],"gold":75,"neow_bonus":"RANDOM_COMMON_RELIC","is_daily":false,"chose_seed":false,"campfire_upgraded":4,"win_rate":0.0,"timestamp":1613784403,"path_taken":["M","M","?","?","M","R","E","M","T","R","E","M","R","?","R","BOSS","M","M","M","?","M","E","R","E","T","M","?","R","$","E","R","BOSS","M","?","?","$","M","R","E","?","T","R","E","M","$","M","R","BOSS"],"items_purchased_type":["Relic","Card","Card"],"build_version":"2020-12-22","purchased_purges":3,"victory":false,"max_hp_per_floor":[75,75,75,75,75,75,75,75,75,75,75,75,75,75,75,75,75,75,75,75,75,75,75,75,75,75,75,75,75,75,75,75,75,75,75,75,75,75,75,75,75,71,71,71,71,71,71,71,71,71,71],"relic_stats":{"counters":[25,126],"PreservedInsect":358,"Pen Nib":[18],"Juzu Bracelet":1,"Whetstone":["Strike_B","Sweeping Beam"],"Peace Pipe":0,"Shuriken":[42],"Mummified Hand":[31],"Pantograph":43,"Bird Faced Urn":[50],"Prayer Wheel":6,"obtain_stats":[{"Girya":36,"SacredBark":34,"Velvet Choker":17,"Thread and Needle":25,"PreservedInsect":0,"Pen Nib":21,"Juzu Bracelet":31,"Whetstone":26,"Frozen Egg 2":26,"Peace Pipe":45,"Matryoshka":11,"Shuriken":7,"Mummified Hand":41,"Pantograph":9,"Bird Faced Urn":43,"Orrery":14,"Prayer Wheel":21,"Cracked Core":0,"Unceasing Top":23},{"Girya":19,"SacredBark":17,"Velvet Choker":8,"Thread and Needle":14,"PreservedInsect":0,"Pen Nib":11,"Juzu Bracelet":16,"Whetstone":14,"Frozen Egg 2":14,"Peace Pipe":22,"Matryoshka":6,"Shuriken":4,"Mummified Hand":21,"Pantograph":5,"Bird Faced Urn":21,"Orrery":7,"Prayer Wheel":11,"Cracked Core":0,"Unceasing Top":13},{"Girya":90,"SacredBark":79,"Velvet Choker":33,"Thread and Needle":61,"PreservedInsect":0,"Pen Nib":47,"Juzu Bracelet":70,"Whetstone":61,"Frozen Egg 2":61,"Peace Pipe":104,"Matryoshka":22,"Shuriken":15,"Mummified Hand":98,"Pantograph":19,"Bird Faced Urn":98,"Orrery":26,"Prayer Wheel":47,"Cracked Core":0,"Unceasing Top":57}],"Unceasing Top":[25]},"card_choices":[{"not_picked":["Rebound","Ball Lightning"],"picked":"Gash","floor":1},{"not_picked":["Compile Driver","Go for the Eyes"],"picked":"Sweeping Beam","floor":2},{"not_picked":["Chill","Rebound"],"picked":"Beam Cell","floor":5},{"not_picked":["Rebound","Coolheaded"],"picked":"Leap","floor":7},{"not_picked":["Steam","Turbo"],"picked":"Chaos","floor":8},{"not_picked":["Redo","Steam"],"picked":"All For One","floor":11},{"not_picked":["Steam","Hologram"],"picked":"Ball Lightning","floor":12},{"not_picked":["Redo","Turbo"],"picked":"Defragment","floor":14},{"not_picked":["Streamline","Coolheaded"],"picked":"Cold Snap","floor":14},{"not_picked":["Ball Lightning","Sweeping Beam"],"picked":"Undo","floor":14},{"not_picked":["Turbo","BootSequence"],"picked":"Rebound","floor":14},{"not_picked":["Turbo","Streamline"],"picked":"Capacitor","floor":14},{"not_picked":["Rainbow","Seek"],"picked":"Core Surge","floor":16},{"not_picked":["Steam Power","Static Discharge+1"],"picked":"Self Repair","floor":18},{"not_picked":["Stack+1","Leap"],"picked":"Defragment","floor":19},{"not_picked":["Conserve Battery","Turbo"],"picked":"Coolheaded+1","floor":20},{"not_picked":["Cold Snap","Sweeping Beam"],"picked":"Glacier","floor":22},{"not_picked":["Cold Snap","Double Energy"],"picked":"Gash","floor":22},{"not_picked":["Redo","Stack"],"picked":"Ball Lightning","floor":23},{"not_picked":["Beam Cell","Leap"],"picked":"Biased Cognition","floor":25},{"not_picked":["Streamline","Barrage"],"picked":"Gash","floor":27},{"not_picked":["Double Energy","Beam Cell","Hologram"],"picked":"SKIP","floor":27},{"not_picked":["Steam Power","Stack+1","BootSequence+1"],"picked":"SKIP","floor":31},{"not_picked":["Turbo","Hologram+1"],"picked":"Self Repair+1","floor":35},{"not_picked":["Hologram+1","Capacitor+1","Lockon+1"],"picked":"SKIP","floor":35},{"not_picked":["Hologram","Tempest+1"],"picked":"White Noise","floor":39},{"not_picked":["Rip and Tear","Barrage","BootSequence"],"picked":"SKIP","floor":39},{"not_picked":["Ball Lightning","Steam","Go for the Eyes+1"],"picked":"SKIP","floor":41},{"not_picked":["Reboot","Go for the Eyes+1","Hologram"],"picked":"SKIP","floor":45},{"not_picked":["Aggregate","Streamline+1"],"picked":"Chill","floor":46},{"not_picked":["Barrage+1","Aggregate+1","Turbo+1"],"picked":"SKIP","floor":46},{"not_picked":["Blizzard","Go for the Eyes+1","Hologram"],"picked":"SKIP","floor":48},{"not_picked":["Storm+1","Reprogram+1","Go for the Eyes"],"picked":"SKIP","floor":48}],"player_experience":186879,"relics_obtained":[{"floor":7,"key":"Shuriken"},{"floor":9,"key":"Pantograph"},{"floor":11,"key":"Matryoshka"},{"floor":21,"key":"Pen Nib"},{"floor":21,"key":"Prayer Wheel"},{"floor":23,"key":"Unceasing Top"},{"floor":25,"key":"Thread and Needle"},{"floor":26,"key":"Whetstone"},{"floor":26,"key":"Frozen Egg 2"},{"floor":31,"key":"Juzu Bracelet"},{"floor":36,"key":"Girya"},{"floor":41,"key":"Mummified Hand"},{"floor":43,"key":"Bird Faced Urn"},{"floor":45,"key":"Peace Pipe"}],"event_choices":[{"damage_healed":0,"gold_gain":0,"player_choice":"Ignored","damage_taken":0,"max_hp_gain":0,"max_hp_loss":0,"event_name":"Liars Game","floor":3,"gold_loss":0},{"damage_healed":0,"gold_gain":0,"player_choice":"Entered Light","damage_taken":15,"max_hp_gain":0,"max_hp_loss":0,"event_name":"Shining Light","floor":4,"gold_loss":0,"cards_upgraded":["Defend_B","Defend_B"]},{"damage_healed":0,"gold_gain":0,"player_choice":"Got Potions","damage_taken":0,"max_hp_gain":0,"max_hp_loss":0,"event_name":"Lab","floor":28,"gold_loss":0},{"damage_healed":0,"gold_gain":0,"player_choice":"Fight","damage_taken":0,"max_hp_gain":0,"max_hp_loss":0,"event_name":"MindBloom","floor":36,"gold_loss":0},{"damage_healed":0,"gold_gain":0,"player_choice":"Memory 1","damage_taken":0,"max_hp_gain":0,"max_hp_loss":0,"event_name":"SensoryStone","floor":37,"gold_loss":0},{"damage_healed":0,"gold_gain":0,"player_choice":"Max HP","damage_taken":0,"max_hp_gain":0,"max_hp_loss":4,"event_name":"Winding Halls","floor":42,"gold_loss":0}],"is_beta":false,"boss_relics":[{"not_picked":["SlaversCollar","Tiny House"],"picked":"Velvet Choker"},{"not_picked":["Busted Crown","Philosopher\u0027s Stone"],"picked":"SacredBark"}],"items_purged_floors":[30,38,47],"is_endless":false,"potions_floor_spawned":[5,8,12,16,20,22,23,36,46,48],"killed_by":"Awakened One","ascension_level":2}}