{"host":"g2yp6paluzgljz05","time":1613784790,"event":{"mods":["BaseMod","Bestiary","Colored Powertips","DeckTracker","Highlight Path","Minty Spire (QoL Compilation)","Quick Restart"],"gold_per_floor":[111,111,2,19,33,60,60,70,70,81,81,52,52,52],"floor_reached":13,"language":"ENG","playtime":549,"items_purged":["Strike_B"],"score":109,"play_id":"df00035c-ec15-4375-9696-baf4142c4f70","local_time":"20210220123310","is_ascension_mode":true,"campfire_choices":[{"data":"Mayhem","floor":7,"key":"SMITH"},{"floor":11,"key":"REST"}],"circlet_count":0,"master_deck":["Strike_B","Strike_B","Strike_B","Defend_B","Defend_B","Defend_B","Defend_B","Zap","Dualcast","Mayhem+1","Self Repair","Coolheaded","Coolheaded","Auto Shields"],"relics":["Cracked Core","Pocketwatch","The Courier"],"acts_visited":["Exordium"],"potions_floor_usage":[],"damage_taken":[{"damage":2,"enemies":"2 Louse","floor":1,"turns":3},{"damage":1,"enemies":"Cultist","floor":4,"turns":4},{"damage":8,"enemies":"Small Slimes","floor":5,"turns":3},{"damage":31,"enemies":"Lagavulin","floor":6,"turns":7},{"damage":17,"enemies":"2 Fungi Beasts","floor":8,"turns":3},{"damage":11,"enemies":"Blue Slaver","floor":10,"turns":3},{"damage":31,"enemies":"Exordium Thugs","floor":12,"turns":5},{"damage":0,"enemies":"3 Sentries","floor":13,"turns":1}],"seed_played":"-1937417238547940382","potions_obtained":[{"floor":4,"key":"Weak Potion"},{"floor":5,"key":"SneckoOil"},{"floor":8,"key":"Explosive Potion"}],"is_trial":false,"path_per_floor":["M","?","$","M","M","E","R","M","T","M","R","M","E"],"character_chosen":"DEFECT","items_purchased":["Self Repair"],"campfire_rested":1,"item_purchase_floors":[3],"current_hp_per_floor":[52,52,52,58,57,33,33,23,23,19,41,17,17,17],"gold":52,"neow_bonus":"RANDOM_COLORLESS_2","is_daily":false,"chose_seed":false,"campfire_upgraded":1,"win_rate":0.0,"timestamp":1613784790,"path_taken":["M","?","$","?","M","E","R","M","T","M","R","M","E"],"items_purchased_type":["Card"],"build_version":"2020-12-22","purchased_purges":1,"victory":false,"max_hp_per_floor":[75,75,75,75,75,75,75,75,75,75,75,75,75,75],"card_choices":[{"not_picked":["Metamorphosis","HandOfGreed"],"picked":"Mayhem","floor":0},{"not_picked":["Rebound","Compile Driver","Streamline"],"picked":"SKIP","floor":1},{"not_picked":["Streamline","Lockon","Aggregate"],"picked":"SKIP","floor":4},{"not_picked":["Amplify","Heatsinks"],"picked":"Coolheaded","floor":5},{"not_picked":["Double Energy","Ball Lightning","Recycle"],"picked":"SKIP","floor":6},{"not_picked":["Double Energy","Heatsinks","Redo"],"picked":"SKIP","floor":8},{"not_picked":["Ball Lightning","Stack"],"picked":"Coolheaded","floor":10},{"not_picked":["Recycle","Compile Driver"],"picked":"Auto Shields","floor":12}],"player_experience":398793,"relics_obtained":[{"floor":6,"key":"Pocketwatch"},{"floor":9,"key":"The Courier"}],"event_choices":[{"damage_healed":0,"gold_gain":0,"player_choice":"Bought 0 Potions","damage_taken":0,"max_hp_gain":0,"max_hp_loss":0,"event_name":"The Woman in Blue","floor":2,"gold_loss":0}],"is_beta":false,"boss_relics":[],"items_purged_floors":[3],"is_endless":false,"potions_floor_spawned":[4,5,8,12],"killed_by":"3 Sentries","ascension_level":5}}