{"host":"nwjx7hbomubpmo86","time":1613841829,"event":{"mods":["AchievementEnabler","BaseMod","Better Note","Better Third Choice","Downfall","Hubris","Minty Spire (QoL Compilation)","Replay The Spire","StSLib","The Death Knight","slay the spire mod where everything is the same but ironclad has a cowboy hat"],"gold_per_floor":[114,114,114,114,114,114,169,169,169,169,169,196,196,225,225,225,225],"floor_reached":16,"language":"ENG","playtime":483,"items_purged":[],"score":102,"play_id":"d4a0500b-4046-4cfd-886d-b05edebe57fb","local_time":"20210220182349","is_ascension_mode":false,"campfire_choices":[{"data":"Neutralize","floor":6.0,"key":"SMITH"},{"data":"Fluid Movement","floor":8.0,"key":"SMITH"},{"data":"Leg Sweep","floor":10.0,"key":"SMITH"},{"data":"Deadly Poison","floor":13.0,"key":"SMITH"}],"circlet_count":0,"master_deck":["Strike_G+1","Strike_G","Strike_G","Strike_G","Defend_G","Defend_G","Defend_G","Defend_G","Defend_G","Survivor","Neutralize+1","CurseOfTheBell","Flying Knee","Leg Sweep+1","Fluid Movement+1","Burn","Deadly Poison+1","Draining Mist"],"relics":["Calling Bell","Gremlin Food","Garlic","Replay:Towering Pillar of Hats","hubris:Icosahedron","hubris:Towel","Eternal Feather","hubris:TinFlute","Happy Flower","Kunai","Bag of Marbles"],"acts_visited":["Exordium"],"potions_floor_usage":[16],"damage_taken":[{"damage":11.0,"enemies":"Jaw Worm","floor":1.0,"turns":6.0},{"damage":20.0,"enemies":"Gremlin Nob","floor":12.0,"turns":7.0},{"damage":35,"enemies":"3 Sentries","floor":14,"turns":12},{"damage":5,"enemies":"Hexaghost","floor":16,"turns":12}],"seed_played":"-9181324147643827285","potions_obtained":[{"floor":1.0,"key":"Block Potion"},{"floor":12.0,"key":"Strength Potion"}],"is_trial":false,"path_per_floor":["M","?","?","?","?","R","?","R","T","R","?","E","R","E","R","B"],"character_chosen":"THE_SILENT","items_purchased":[],"campfire_rested":0,"item_purchase_floors":[],"current_hp_per_floor":[59,59,59,59,59,59,59,68,68,70,70,50,59,24,3,0,0],"gold":225,"neow_bonus":"BOSS_RELIC","is_daily":false,"chose_seed":false,"campfire_upgraded":4,"win_rate":0.0,"timestamp":1613841829,"path_taken":["M","?","?","?","?","R","?","R","T","R","?","E","R","E","R","BOSS"],"items_purchased_type":[],"build_version":"2020-12-22","purchased_purges":0,"victory":false,"max_hp_per_floor":[70,70,70,70,70,70,70,70,70,70,70,70,70,70,70,70,70],"card_choices":[{"not_picked":["Tactician","Backflip"],"picked":"Flying Knee","floor":1.0},{"not_picked":["Blade Dance","Backflip"],"picked":"Leg Sweep","floor":7.0},{"not_picked":["Deflect","PiercingWail"],"picked":"Fluid Movement","floor":7.0},{"not_picked":["Infinite Blades","Phantasmal Killer"],"picked":"Deadly Poison","floor":12.0},{"not_picked":["Distraction","Predator"],"picked":"Draining Mist","floor":14}],"player_experience":563115,"relics_obtained":[{"floor":0.0,"key":"Gremlin Food"},{"floor":0.0,"key":"Garlic"},{"floor":0.0,"key":"Replay:Towering Pillar of Hats"},{"floor":7.0,"key":"Eternal Feather"},{"floor":9.0,"key":"hubris:TinFlute"},{"floor":12.0,"key":"Happy Flower"},{"floor":14,"key":"Kunai"}],"event_choices":[{"cards_removed":["Strike_G"],"damage_healed":0.0,"max_hp_gain":0.0,"max_hp_loss":0.0,"gold_gain":0.0,"event_name":"Bonfire Elementals","player_choice":"Offered Basic","floor":5.0,"gold_loss":0.0,"damage_taken":0.0},{"damage_healed":70.0,"max_hp_gain":0.0,"max_hp_loss":70.0,"gold_gain":0.0,"event_name":"betterThird:BetterShining","player_choice":"Embrace Burn","floor":11.0,"gold_loss":0.0,"damage_taken":0.0},{"damage_healed":0,"gold_gain":1,"player_choice":"Relic ","damage_taken":30,"max_hp_gain":0,"max_hp_loss":0,"event_name":"betterThird:BetterScrap","floor":15,"gold_loss":0,"cards_obtained":["Meteor Strike"]}],"is_beta":false,"boss_relics":[],"items_purged_floors":[],"is_endless":false,"potions_floor_spawned":[1,12],"killed_by":"Hexaghost","ascension_level":0}}