{"host":"72n3jwtrlpjobydj","time":1613838623,"event":{"mods":["AchievementEnabler","BaseMod","CapriCore","DeckTracker","Hermit","Koishi","KomeijiMod","Lobotomy","Marisa£¨Ùöéë¡¡Øª×âÞÞ£©","Minty Spire (QoL Compilation)","Permanent Neow","StSLib","SuperFastMode","The Cursed","The Hierophant","The Immortal"],"gold_per_floor":[111,125,141,159,60,89,89,89,89],"floor_reached":8,"language":"KOR","playtime":224,"items_purged":["Defend_P"],"score":61,"play_id":"fbb51532-b007-4c67-a1ad-33b67f43fdbb","local_time":"20210221013023","is_ascension_mode":true,"campfire_choices":[{"floor":7,"key":"REST"}],"circlet_count":0,"master_deck":["Strike_P","Strike_P","Strike_P","Strike_P","Defend_P","Defend_P","Defend_P","Eruption","Vigilance","Prostrate","Prostrate"],"relics":["PureWater","Oddly Smooth Stone","Orichalcum"],"acts_visited":["Exordium"],"potions_floor_usage":[6,6,8],"damage_taken":[{"damage":0,"enemies":"Cultist","floor":1,"turns":3},{"damage":5,"enemies":"Jaw Worm","floor":2,"turns":3},{"damage":0,"enemies":"2 Louse","floor":3,"turns":3},{"damage":3,"enemies":"Exordium Wildlife","floor":4,"turns":4},{"damage":39,"enemies":"Lagavulin","floor":6,"turns":4},{"damage":72,"enemies":"Gremlin Nob","floor":8,"turns":3}],"seed_played":"-8196774976845860211","potions_obtained":[{"floor":1,"key":"Ambrosia"},{"floor":3,"key":"Dexterity Potion"},{"floor":6,"key":"Explosive Potion"}],"is_trial":false,"path_per_floor":["M","M","M","M","$","E","R","E"],"character_chosen":"WATCHER","items_purchased":["Prostrate"],"campfire_rested":1,"item_purchase_floors":[5],"current_hp_per_floor":[72,67,67,64,64,25,46,0,0],"gold":89,"neow_bonus":"RANDOM_COMMON_RELIC","is_daily":false,"chose_seed":false,"campfire_upgraded":0,"win_rate":0.0,"timestamp":1613838623,"path_taken":["M","?","M","M","?","E","R","E"],"items_purchased_type":["Card"],"build_version":"2020-12-22","purchased_purges":1,"victory":false,"max_hp_per_floor":[72,72,72,72,72,72,72,72,72],"card_choices":[{"not_picked":["DeceiveReality","Protect","FearNoEvil"],"picked":"SKIP","floor":1},{"not_picked":["Protect","MentalFortress","EmptyBody"],"picked":"SKIP","floor":2},{"not_picked":["EmptyBody","Halt","Wireheading"],"picked":"SKIP","floor":3},{"not_picked":["Halt","TalkToTheHand","Wireheading"],"picked":"SKIP","floor":4},{"not_picked":["Fasting2","BattleHymn"],"picked":"Prostrate","floor":6}],"player_experience":102955,"relics_obtained":[{"floor":6,"key":"Orichalcum"}],"event_choices":[],"is_beta":false,"boss_relics":[],"items_purged_floors":[5],"is_endless":false,"potions_floor_spawned":[1,3,6],"killed_by":"Gremlin Nob","ascension_level":1}}