{"host":"lv7etzzgwahaenh9","time":1613843889,"event":{"mods":["AchievementEnabler","BaseMod","Colored Map","Colored Powertips","Highlight Path","Minty Spire (QoL Compilation)","Permanent Neow","Quick Restart","Random Character Button","StSLib"],"gold_per_floor":[14,25,25,35,47,47,113,113,137,137,137,137,157,193,193,273,273,283,310,15,37,57,57,92,92,92,118,118,142,162,182,182,262,262,272,288,306,325,104,104,430,430,457,493,33,53,77,100,100,100,100],"floor_reached":50,"language":"ENG","playtime":2482,"items_purged":["Defend_G","Defend_G"],"score":978,"play_id":"c143ce4e-b6cd-4f5e-8aa5-17cd0cfc81cc","local_time":"20210220095809","is_ascension_mode":true,"campfire_choices":[{"data":"1","floor":6.0,"key":"LIFT"},{"data":"2","floor":8.0,"key":"LIFT"},{"data":"3","floor":12.0,"key":"LIFT"},{"data":"Dagger Spray","floor":15.0,"key":"SMITH"},{"data":"Dash","floor":23.0,"key":"SMITH"},{"data":"Riddle With Holes","floor":25.0,"key":"SMITH"},{"data":"Storm of Steel","floor":32.0,"key":"SMITH"},{"floor":40.0,"key":"REST"},{"floor":49,"key":"RECALL"}],"circlet_count":0,"master_deck":["AscendersBane","Strike_G","Strike_G","Strike_G","Strike_G","Defend_G","Defend_G","Defend_G","Survivor","Neutralize","Calculated Gamble","Riddle With Holes+1","Leg Sweep+1","Neutralize","Deflect","Dagger Spray+1","Dash+1","Deflect","PiercingWail","Bullet Time","Predator","Predator","Riddle With Holes","Predator","Storm of Steel+1","Doppelganger","The Bomb","Mayhem","Dash","Underhanded Strike+1","Noxious Fumes","Footwork+1","Bouncing Flask","Riddle With Holes"],"relics":["Ring of the Snake","Girya","CeramicFish","Snake Skull","Strawberry","Nunchaku","Snecko Eye","Mango","Potion Belt","The Courier","Pantograph","WristBlade","Old Coin","Letter Opener","HandDrill","Bag of Preparation"],"acts_visited":["Exordium","TheCity","TheBeyond"],"potions_floor_usage":[48,48,48,48,48,48,50,50],"damage_taken":[{"damage":2.0,"enemies":"Small Slimes","floor":1.0,"turns":5.0},{"damage":2.0,"enemies":"Cultist","floor":2.0,"turns":5.0},{"damage":0.0,"enemies":"2 Louse","floor":4.0,"turns":3.0},{"damage":1.0,"enemies":"Blue Slaver","floor":5.0,"turns":4.0},{"damage":5.0,"enemies":"Gremlin Nob","floor":7.0,"turns":4.0},{"damage":0.0,"enemies":"Exordium Thugs","floor":13.0,"turns":2.0},{"damage":5.0,"enemies":"Lagavulin","floor":14.0,"turns":6.0},{"damage":39.0,"enemies":"Slime Boss","floor":16.0,"turns":10.0},{"damage":0.0,"enemies":"2 Thieves","floor":18.0,"turns":2.0},{"damage":0.0,"enemies":"3 Byrds","floor":19.0,"turns":3.0},{"damage":0.0,"enemies":"Centurion and Healer","floor":21.0,"turns":4.0},{"damage":0.0,"enemies":"Snecko","floor":22.0,"turns":2.0},{"damage":4.0,"enemies":"Book of Stabbing","floor":24.0,"turns":3.0},{"damage":8.0,"enemies":"Slavers","floor":27.0,"turns":4.0},{"damage":0.0,"enemies":"Cultist and Chosen","floor":29.0,"turns":4.0},{"damage":3.0,"enemies":"Chosen and Byrds","floor":30.0,"turns":4.0},{"damage":3.0,"enemies":"Centurion and Healer","floor":31.0,"turns":4.0},{"damage":54.0,"enemies":"Champ","floor":33.0,"turns":12.0},{"damage":0.0,"enemies":"3 Shapes","floor":35.0,"turns":2.0},{"damage":0.0,"enemies":"Orb Walker","floor":36.0,"turns":2.0},{"damage":40.0,"enemies":"4 Shapes","floor":38.0,"turns":6.0},{"damage":19.0,"enemies":"Giant Head","floor":41.0,"turns":7.0},{"damage":3.0,"enemies":"Reptomancer","floor":44.0,"turns":3.0},{"damage":0.0,"enemies":"Jaw Worm Horde","floor":46.0,"turns":1.0},{"damage":0.0,"enemies":"Sphere and 2 Shapes","floor":47.0,"turns":3.0},{"damage":1,"enemies":"Writhing Mass","floor":48,"turns":3},{"damage":57,"enemies":"Awakened One","floor":50,"turns":11}],"seed_played":"-5878007344452499746","potions_obtained":[{"floor":4.0,"key":"SkillPotion"},{"floor":5.0,"key":"FearPotion"},{"floor":16.0,"key":"Poison Potion"},{"floor":18.0,"key":"Weak Potion"},{"floor":19.0,"key":"PowerPotion"},{"floor":24.0,"key":"Energy Potion"},{"floor":30.0,"key":"DistilledChaos"},{"floor":31.0,"key":"Block Potion"},{"floor":41.0,"key":"DistilledChaos"},{"floor":48,"key":"FearPotion"}],"is_trial":false,"path_per_floor":["M","M","?","M","M","R","?","R","T","?","?","R","M","E","R","B",null,"M","M","$","M","M","R","E","R","T","E","?","M","M","M","R","B",null,"M","M","?","M","$","R","E","?","T","E","$","M","M","M","R","B"],"character_chosen":"THE_SILENT","items_purchased":["Mango","Regen Potion","FearPotion","CunningPotion","Noxious Fumes","HandDrill","Bag of Preparation","EntropicBrew"],"campfire_rested":1,"item_purchase_floors":[20,39,39,39,45,45,45,45],"current_hp_per_floor":[57,55,55,55,54,54,49,49,49,54,54,54,54,49,49,10,61,61,61,75,75,75,75,71,71,71,63,63,63,60,57,57,28,76,76,76,66,26,26,53,34,34,34,31,31,31,31,39,39,7,7],"gold":100,"neow_bonus":"ONE_RARE_RELIC","is_daily":false,"chose_seed":false,"campfire_upgraded":4,"win_rate":0.0,"timestamp":1613843889,"path_taken":["M","M","?","M","?","R","?","R","T","?","?","R","M","E","R","BOSS","M","M","$","M","M","R","E","R","T","E","?","M","M","M","R","BOSS","M","M","?","M","$","R","E","?","T","E","$","?","M","M","R","BOSS"],"items_purchased_type":["Relic","Potion","Potion","Potion","Card","Relic","Relic","Potion"],"build_version":"2020-12-22","purchased_purges":2,"victory":false,"max_hp_per_floor":[66,66,66,66,66,66,66,66,66,71,78,78,78,78,78,78,78,78,78,92,92,92,92,92,92,92,92,92,92,92,92,92,92,92,92,92,92,92,92,92,92,92,92,92,92,92,92,92,92,92,92],"card_choices":[{"not_picked":["Deadly Poison","Catalyst"],"picked":"Calculated Gamble","floor":1.0},{"not_picked":["Acrobatics","Poisoned Stab"],"picked":"Riddle With Holes","floor":2.0},{"not_picked":["Tactician","Acrobatics"],"picked":"Deflect","floor":4.0},{"not_picked":["Outmaneuver","Blade Dance"],"picked":"Dagger Spray","floor":5.0},{"not_picked":["Deadly Poison","Escape Plan"],"picked":"Dash","floor":7.0},{"not_picked":["Deadly Poison","Quick Slash"],"picked":"Deflect","floor":13.0},{"not_picked":["Sucker Punch","Deadly Poison"],"picked":"PiercingWail","floor":14.0},{"not_picked":["Adrenaline","Unload"],"picked":"Bullet Time","floor":16.0},{"not_picked":["Outmaneuver","Dagger Spray","Bane"],"picked":"SKIP","floor":18.0},{"not_picked":["Backflip","Underhanded Strike"],"picked":"Predator","floor":19.0},{"not_picked":["Poisoned Stab","Expertise"],"picked":"Predator","floor":21.0},{"not_picked":["Dagger Spray","Setup"],"picked":"Riddle With Holes","floor":22.0},{"not_picked":["Acrobatics","Blade Dance","Outmaneuver"],"picked":"SKIP","floor":24.0},{"not_picked":["Deflect+1","Distraction","Escape Plan"],"picked":"SKIP","floor":27.0},{"not_picked":["Masterful Stab","Deflect"],"picked":"Predator","floor":29.0},{"not_picked":["Deflect+1","Deadly Poison","Backflip"],"picked":"SKIP","floor":30.0},{"not_picked":["Choke","Acrobatics"],"picked":"Storm of Steel","floor":31.0},{"not_picked":["Unload","Die Die Die"],"picked":"Doppelganger","floor":33.0},{"not_picked":["Bane","Outmaneuver","Dagger Throw+1"],"picked":"SKIP","floor":35.0},{"not_picked":["Endless Agony","Poisoned Stab","Concentrate"],"picked":"SKIP","floor":36.0},{"not_picked":["Dark Shackles","Blind"],"picked":"The Bomb","floor":37.0},{"not_picked":["Deep Breath","Enlightenment"],"picked":"Mayhem","floor":37.0},{"not_picked":["Dodge and Roll+1","Backflip"],"picked":"Dash","floor":38.0},{"not_picked":["Backflip","Quick Slash","Outmaneuver"],"picked":"SKIP","floor":41.0},{"not_picked":["Skewer+1","Dodge and Roll"],"picked":"Underhanded Strike+1","floor":44.0},{"not_picked":["Dodge and Roll","Leg Sweep"],"picked":"Footwork+1","floor":46.0},{"not_picked":["Deflect","Predator+1"],"picked":"Bouncing Flask","floor":47.0},{"not_picked":["Bane","Sucker Punch"],"picked":"Riddle With Holes","floor":48}],"player_experience":472372,"relics_obtained":[{"floor":7.0,"key":"CeramicFish"},{"floor":9.0,"key":"Snake Skull"},{"floor":14.0,"key":"Nunchaku"},{"floor":24.0,"key":"Potion Belt"},{"floor":26.0,"key":"The Courier"},{"floor":27.0,"key":"Pantograph"},{"floor":41.0,"key":"Old Coin"},{"floor":44.0,"key":"Letter Opener"}],"event_choices":[{"damage_healed":0.0,"max_hp_gain":0.0,"max_hp_loss":0.0,"gold_gain":0.0,"event_name":"Match and Keep!","player_choice":"2 cards matched","floor":3.0,"gold_loss":0.0,"damage_taken":0.0,"cards_obtained":["Leg Sweep","Neutralize"]},{"damage_healed":0.0,"max_hp_gain":0.0,"max_hp_loss":0.0,"gold_gain":0.0,"event_name":"Dead Adventurer","player_choice":"Searched \u00271\u0027 times","floor":7.0,"gold_loss":0.0,"damage_taken":0.0},{"damage_healed":0.0,"max_hp_gain":5.0,"max_hp_loss":0.0,"gold_gain":0.0,"event_name":"Big Fish","player_choice":"Donut","floor":10.0,"gold_loss":0.0,"damage_taken":0.0},{"damage_healed":0.0,"max_hp_gain":0.0,"max_hp_loss":0.0,"gold_gain":0.0,"event_name":"Scrap Ooze","player_choice":"Success","floor":11.0,"gold_loss":0.0,"damage_taken":7.0,"relics_obtained":["Strawberry"]},{"damage_healed":0.0,"max_hp_gain":0.0,"max_hp_loss":0.0,"gold_gain":0.0,"event_name":"Upgrade Shrine","player_choice":"Upgraded","floor":28.0,"gold_loss":0.0,"damage_taken":0.0,"cards_upgraded":["Leg Sweep"]},{"damage_healed":0.0,"max_hp_gain":0.0,"max_hp_loss":0.0,"gold_gain":0.0,"event_name":"SensoryStone","player_choice":"Memory 3","floor":37.0,"gold_loss":0.0,"damage_taken":10.0},{"cards_removed":["Strike_G"],"damage_healed":0.0,"max_hp_gain":0.0,"max_hp_loss":0.0,"gold_gain":0.0,"event_name":"Purifier","player_choice":"Purged","floor":42.0,"gold_loss":0.0,"damage_taken":0.0}],"is_beta":false,"boss_relics":[{"not_picked":["Empty Cage","Tiny House"],"picked":"Snecko Eye"},{"not_picked":["Sozu","Fusion Hammer"],"picked":"WristBlade"}],"items_purged_floors":[39,45],"is_endless":false,"potions_floor_spawned":[4,5,16,18,19,24,30,31,41,48],"killed_by":"Awakened One","ascension_level":14}}