{"host":"wbn3xdfsa5pc2kse","time":1613809900,"event":{"mods":["AchievementEnabler","BaseMod","Bestiary","Colored Map","Colored Powertips","Curses Come First","Highlight Path","Minty Spire (QoL Compilation)","Permanent Neow","Rare Cards Sparkle","Relic Stats","StSLib"],"gold_per_floor":[116,127,147,72,90,124,124,124,196,209,226,254,99,99,99,178,178,198,212,10,10,10,42,42,61,61,61,71,90,109,24,24,24,24],"floor_reached":33,"language":"ZHT","playtime":1263,"items_purged":["Strike_R","Strike_R","Defend_R"],"score":527,"play_id":"0e7df47a-7edd-4b5e-a643-26964d158e9e","local_time":"20210220163140","is_ascension_mode":true,"campfire_choices":[{"data":"Strike_R","floor":7.0,"key":"PURGE"},{"data":"Strike_R","floor":15.0,"key":"PURGE"},{"data":"Writhe","floor":24.0,"key":"PURGE"},{"data":"Flame Barrier","floor":27.0,"key":"SMITH"},{"floor":32,"key":"REST"}],"circlet_count":0,"master_deck":["AscendersBane","Defend_R+1","Defend_R","Defend_R","Bash+1","Iron Wave","Shrug It Off","Cleave","Body Slam+1","Offering","Rage","Entrench","Clothesline","Feed","Anger+1","Disarm","Flame Barrier+1","Dropkick+1","Writhe","Armaments+1"],"relics":["Burning Blood","Peace Pipe","Ornamental Fan","Boot","Cursed Key","FossilizedHelix","Molten Egg 2","Pear","Anchor"],"acts_visited":["Exordium","TheCity"],"potions_floor_usage":[33,33],"damage_taken":[{"damage":6.0,"enemies":"2 Louse","floor":1.0,"turns":4.0},{"damage":3.0,"enemies":"Jaw Worm","floor":2.0,"turns":5.0},{"damage":0.0,"enemies":"Small Slimes","floor":3.0,"turns":3.0},{"damage":7.0,"enemies":"Looter","floor":5.0,"turns":4.0},{"damage":16.0,"enemies":"Gremlin Nob","floor":6.0,"turns":3.0},{"damage":2.0,"enemies":"3 Louse","floor":10.0,"turns":3.0},{"damage":0.0,"enemies":"Exordium Wildlife","floor":11.0,"turns":2.0},{"damage":13.0,"enemies":"3 Sentries","floor":12.0,"turns":7.0},{"damage":27.0,"enemies":"The Guardian","floor":16.0,"turns":14.0},{"damage":6.0,"enemies":"Spheric Guardian","floor":18.0,"turns":3.0},{"damage":7.0,"enemies":"3 Byrds","floor":19.0,"turns":6.0},{"damage":49.0,"enemies":"Gremlin Leader","floor":23.0,"turns":12.0},{"damage":12.0,"enemies":"Snake Plant","floor":25.0,"turns":4.0},{"damage":3.0,"enemies":"Snecko","floor":28.0,"turns":7.0},{"damage":7.0,"enemies":"Sentry and Sphere","floor":29.0,"turns":5.0},{"damage":14,"enemies":"Snake Plant","floor":30,"turns":4},{"damage":71,"enemies":"Collector","floor":33,"turns":11}],"seed_played":"-3338980586360960656","potions_obtained":[{"floor":2.0,"key":"LiquidBronze"},{"floor":3.0,"key":"Fire Potion"},{"floor":6.0,"key":"ElixirPotion"},{"floor":11.0,"key":"Ancient Potion"},{"floor":16.0,"key":"Fire Potion"},{"floor":19.0,"key":"Explosive Potion"},{"floor":23.0,"key":"Energy Potion"},{"floor":28.0,"key":"DistilledChaos"},{"floor":30,"key":"FearPotion"}],"is_trial":false,"path_per_floor":["M","M","M","$","M","E","R","?","T","M","M","E","$","?","R","B",null,"M","M","$","?","$","E","R","M","T","R","M","M","M","?","R","B"],"character_chosen":"IRONCLAD","items_purchased":["SkillPotion","Disarm"],"campfire_rested":1,"item_purchase_floors":[13,20],"current_hp_per_floor":[68,71,75,75,74,64,64,41,41,45,51,44,44,37,37,16,60,63,65,65,65,65,25,25,22,32,32,35,34,29,29,59,0,0],"gold":24,"neow_bonus":"UPGRADE_CARD","is_daily":false,"chose_seed":false,"campfire_upgraded":1,"win_rate":0.0,"timestamp":1613809900,"path_taken":["M","M","M","$","M","E","R","?","T","M","M","E","$","?","R","BOSS","M","M","$","?","?","E","R","M","T","R","M","M","M","?","R","BOSS"],"items_purchased_type":["Potion","Card"],"build_version":"2020-12-22","purchased_purges":3,"victory":false,"max_hp_per_floor":[75,75,75,75,75,75,75,75,75,75,75,75,75,75,75,75,75,78,81,81,81,81,84,84,87,97,97,97,97,100,100,100,100,100],"relic_stats":{"Peace Pipe":3,"counters":[17,97],"Ornamental Fan":[96],"Boot":[38],"Cursed Key":1,"obtain_stats":[{"Peace Pipe":6,"Anchor":31,"Pear":26,"Ornamental Fan":9,"Molten Egg 2":23,"Boot":12,"Cursed Key":17,"Burning Blood":0,"FossilizedHelix":21},{"Peace Pipe":5,"Anchor":16,"Pear":13,"Ornamental Fan":5,"Molten Egg 2":12,"Boot":8,"Cursed Key":9,"Burning Blood":0,"FossilizedHelix":11},{"Peace Pipe":19,"Anchor":86,"Pear":70,"Ornamental Fan":19,"Molten Egg 2":66,"Boot":31,"Cursed Key":45,"Burning Blood":0,"FossilizedHelix":54}],"Burning Blood":94},"card_choices":[{"not_picked":["Pommel Strike","Body Slam"],"picked":"Iron Wave","floor":1.0},{"not_picked":["Searing Blow","Seeing Red"],"picked":"Shrug It Off","floor":2.0},{"not_picked":["Reckless Charge","Sword Boomerang"],"picked":"Cleave","floor":3.0},{"not_picked":["Iron Wave","Twin Strike"],"picked":"Body Slam","floor":5.0},{"not_picked":["Iron Wave","True Grit"],"picked":"Offering","floor":6.0},{"not_picked":["Pummel","Dropkick"],"picked":"Rage","floor":10.0},{"not_picked":["Clash","Iron Wave"],"picked":"Entrench","floor":11.0},{"not_picked":["Feel No Pain","Blood for Blood"],"picked":"Clothesline","floor":12.0},{"not_picked":["Fiend Fire","Bludgeon"],"picked":"Feed","floor":16.0},{"not_picked":["Warcry","Twin Strike","Heavy Blade"],"picked":"SKIP","floor":18.0},{"not_picked":["Perfected Strike","Bloodletting"],"picked":"Anger+1","floor":19.0},{"not_picked":["Wild Strike+1","Immolate+1"],"picked":"Flame Barrier","floor":23.0},{"not_picked":["Spot Weakness","Perfected Strike+1"],"picked":"Dropkick+1","floor":25.0},{"not_picked":["Wild Strike+1","Anger+1","Warcry"],"picked":"SKIP","floor":28.0},{"not_picked":["Clothesline+1","Twin Strike+1","Reckless Charge+1"],"picked":"SKIP","floor":29.0},{"not_picked":["Inflame","Twin Strike+1"],"picked":"Armaments+1","floor":30}],"player_experience":838890,"relics_obtained":[{"floor":6.0,"key":"Peace Pipe"},{"floor":9.0,"key":"Ornamental Fan"},{"floor":12.0,"key":"Boot"},{"floor":23.0,"key":"Molten Egg 2"},{"floor":26.0,"key":"Pear"}],"event_choices":[{"damage_healed":0.0,"max_hp_gain":0.0,"max_hp_loss":0.0,"gold_gain":0.0,"event_name":"Shining Light","player_choice":"Entered Light","floor":8.0,"gold_loss":0.0,"damage_taken":23.0,"cards_upgraded":["Body Slam","Defend_R"]},{"cards_removed":["Strike_R"],"damage_healed":0.0,"max_hp_gain":0.0,"max_hp_loss":0.0,"gold_gain":0.0,"event_name":"Golden Wing","player_choice":"Card Removal","floor":14.0,"gold_loss":0.0,"damage_taken":7.0},{"damage_healed":0.0,"max_hp_gain":0.0,"max_hp_loss":0.0,"gold_gain":0.0,"event_name":"The Mausoleum","player_choice":"Opened","floor":21.0,"gold_loss":0.0,"damage_taken":0.0,"relics_obtained":["FossilizedHelix"],"cards_obtained":["Writhe"]},{"damage_healed":0,"gold_gain":0,"player_choice":"Obtained Relic","damage_taken":0,"relics_obtained":["Anchor"],"max_hp_gain":0,"max_hp_loss":0,"event_name":"Addict","floor":31,"gold_loss":85}],"is_beta":false,"boss_relics":[{"not_picked":["Tiny House","Black Star"],"picked":"Cursed Key"}],"items_purged_floors":[4,13,20],"is_endless":false,"potions_floor_spawned":[2,3,6,11,16,19,23,28,30],"killed_by":"Collector","ascension_level":16}}