{"host":"lgow17wc5wawziz1","time":1613839275,"event":{"mods":["AchievementEnabler","Act Like it!","Aspiration","BaseMod","Better Third Choice","Colored Map","Friendly Minions","Gensokyo","Hubris","Kiyohime£¨?ýï£©","Minty Spire (QoL Compilation)","MostiFishMod","Permanent Neow","Quick Restart","Replay The Spire","StSLib","SuperFastMode","¡¼?Úª?ø«¡½REMEMod"],"gold_per_floor":[117,135,155,155,174,174,200,200,200,229,47,47,87,105,105,700,700,700,40,40,1260,2280,2914,2914,4324,4351,4978,4978,5598,5598,5598,5598,6301,6301,6916,7535,7535,8748,8157,8157,8173,45,71,682,682,682,1300,1934,1934,2534],"floor_reached":51,"language":"KOR","playtime":3142,"items_purged":["Strike_B"],"score":1544,"play_id":"0d809a08-6436-4d8d-b541-33ed55cc13f6","local_time":"20210221014115","is_ascension_mode":true,"campfire_choices":[{"data":"Genetic Algorithm","floor":6.0,"key":"SMITH"},{"data":"Double Energy","floor":8.0,"key":"SMITH"},{"data":"Zap","floor":12,"key":"SMITH"},{"data":"Dualcast","floor":15,"key":"SMITH"},{"data":"MostiFishMod:Culaccino","floor":24,"key":"SMITH"},{"data":"Gensokyo:FourOfAKind","floor":30,"key":"SMITH"},{"data":"Gensokyo:FourOfAKind","floor":32,"key":"SMITH"},{"data":"Gensokyo:FourOfAKind","floor":40,"key":"SMITH"},{"floor":46,"key":"DIG"}],"circlet_count":0,"master_deck":["AscendersBane","Strike_B","Strike_B+1","Defend_B","Defend_B","Defend_B+1","Defend_B","Zap+1","Dualcast+1","MostiFishMod:PushDownKick","REME_Shoggoth+1","Double Energy+1","Beam Cell","MostiFishMod:DeathFromBelow+1","Gensokyo:MenInBlack","BootSequence+1","MostiFishMod:Culaccino+1","Reboot","Turbo","Leap","Gensokyo:FourOfAKind+1","Gensokyo:FourOfAKind+1","Gensokyo:FourOfAKind+1","Gensokyo:FourOfAKind+1","Leap","REME_ForAll","Cold Snap+1","Coolheaded+1","Caltrops","Flechettes","Masterful Stab","Panic Button+1","ReplayTheSpireMod:GoodbyeWorld","ReplayTheSpireMod:GoodbyeWorld","Panic Button+1","Pot Of Greed","Pot Of Greed","Pot Of Greed","Pot Of Greed","Turbo","MostiFishMod:Overload","ReplayTheSpireMod:System Scan"],"relics":["Cracked Core","REME_ComplimentaryCards","DaveBox","SynthV:TestCard","hubris:Towel","DianDianMeat","Replay:Ringing Soul","Art of War","NightmareShop","hubris:Zylophone","Technique","SynthV","hubris:Icosahedron","Gensokyo:Companionship","hubris:ToyBattleship","Omamori","Bag of Preparation","TungstenRod","Matryoshka","Replay:Bottled Flurry","Honey Jar","BargainBundle","hubris:RGBLights","Replay:Mystery Machine","The Courier","ReplayFunnel","Boot","REME_CardOfGreed","Anchor","Replay:Rubber Ducky","Thread and Needle","Gremlin Food","Snack Pack","Potion Belt","aspiration:ChemicalBlood","Mirror","Solar Panel","REME_HandOfSuture","Darkstone Periapt","Cables","War Paint","Dream Catcher","Replay:Baseball","Bottled Lightning","aspiration:Lifesprig","hubris:Teleporter","HornCleat","Shovel","Juzu Bracelet","DataDisk","Pet Ghost","Ancient Tea Set","PreservedInsect","Nunchaku","aspiration:EnhancedActuators","Mango","aspiration:HiddenCompartment","Blue Doll","StoneCalendar","Bottled Flame","SynthV:C4","hubris:TinFlute","Simple Rune","Replay:Bottled Snecko","ReplayTheSpireMod:Shallot","Regal Pillow","Grinning Jar","hubris:CrystalStatue","DianPoetry","Oddly Smooth Stone","Replay:Accelerometer","hubris:CuriousFeather","Orichalcum","Replay:Antivirus Software","aspiration:FaultyCoupler","Geode","BranchBurnRelic","Replay:Multitool","hubris:BallOfYels"],"acts_visited":["Gensokyo:Gensokyo","Gensokyo:Gensokyoer","Gensokyo:Gensokyoest"],"potions_floor_usage":[13,16,16,50,50,50],"damage_taken":[{"damage":0.0,"enemies":"Gensokyo:3_Fairies","floor":1.0,"turns":4.0},{"damage":7.0,"enemies":"Gensokyo:Python","floor":2.0,"turns":3.0},{"damage":5.0,"enemies":"Gensokyo:2_Kodama","floor":3.0,"turns":3.0},{"damage":15.0,"enemies":"Gensokyo:VengefulSpirit","floor":5.0,"turns":5.0},{"damage":11.0,"enemies":"Gensokyo:Aya","floor":7.0,"turns":3.0},{"damage":0,"enemies":"Gensokyo:Mamizou","floor":10,"turns":3},{"damage":20,"enemies":"Gensokyo:Python_and_Kodama","floor":13,"turns":5},{"damage":5,"enemies":"Gensokyo:CorruptedTreant","floor":14,"turns":2},{"damage":38,"enemies":"Gensokyo:Reimu","floor":16,"turns":9},{"damage":1,"enemies":"Gensokyo:2_Gloops","floor":21,"turns":4},{"damage":28,"enemies":"Gensokyo:Mirror_and_Dog","floor":22,"turns":6},{"damage":1,"enemies":"Gensokyo:Koishi","floor":23,"turns":4},{"damage":23,"enemies":"Gensokyo:Chomper_and_Gloop","floor":25,"turns":7},{"damage":15,"enemies":"Gensokyo:Reisen","floor":27,"turns":9},{"damage":1,"enemies":"Gensokyo:Slime_Group","floor":29,"turns":3},{"damage":35,"enemies":"Gensokyo:Eternal_Rivals","floor":33,"turns":9},{"damage":0,"enemies":"Gensokyo:AncientGuardian","floor":35,"turns":4},{"damage":7,"enemies":"Gensokyo:3_Bats","floor":36,"turns":5},{"damage":0,"enemies":"Gensokyo:3_Boulders","floor":38,"turns":1},{"damage":0,"enemies":"Gensokyo:AtlasGolem","floor":41,"turns":4},{"damage":0,"enemies":"Gensokyo:Dusk_and_Dawn","floor":44,"turns":1},{"damage":0,"enemies":"Gensokyo:Rafflesia","floor":47,"turns":2},{"damage":0,"enemies":"Gensokyo:Marisa","floor":48,"turns":1},{"damage":18,"enemies":"Gensokyo:Shinki","floor":50,"turns":5}],"seed_played":"6133721952933635598","potions_obtained":[{"floor":3.0,"key":"Regen Potion"},{"floor":7.0,"key":"REME_GoldPotion"},{"floor":13,"key":"Toxic Potion"},{"floor":21,"key":"ColorlessPotion"},{"floor":23,"key":"Block Potion"},{"floor":38,"key":"PotionOfCapacity"},{"floor":44,"key":"FocusPotion"}],"is_trial":false,"path_per_floor":["M","M","M","?","M","R","E","R","T","E","COS","R","M","M","R","B",null,"M","COS","?","M","M","E","R","M","T","E","?","M","R","?","R","B",null,"M","M","?","M","$","R","M","$","T","M","?","R","M","E","R","B",null],"character_chosen":"DEFECT","items_purchased":["BargainBundle","hubris:RGBLights","Replay:Mystery Machine","ReplayTheSpireMod:GoodbyeWorld","ReplayFunnel","Boot","REME_CardOfGreed","Anchor","Replay:Rubber Ducky","Thread and Needle","Gremlin Food","Snack Pack","Potion Belt","aspiration:ChemicalBlood","Mirror","Solar Panel","REME_HandOfSuture","Darkstone Periapt","Cables","War Paint","Dream Catcher","Replay:Baseball","Bottled Lightning","aspiration:Lifesprig","hubris:Teleporter","HornCleat","Shovel","Juzu Bracelet","DataDisk","Pet Ghost","Ancient Tea Set","PreservedInsect","Nunchaku","aspiration:EnhancedActuators","Mango","aspiration:HiddenCompartment","Blue Doll","StoneCalendar","Bottled Flame","SynthV:C4","hubris:TinFlute","Simple Rune","Replay:Bottled Snecko","ReplayTheSpireMod:Shallot","Regal Pillow","Grinning Jar","hubris:CrystalStatue","DianPoetry","Oddly Smooth Stone","Dead Branch","Replay:Accelerometer","hubris:CuriousFeather","Orichalcum","Replay:Antivirus Software"],"campfire_rested":0,"item_purchase_floors":[39,39,39,39,42,42,42,42,42,42,42,42,42,42,42,42,42,42,42,42,42,42,42,42,42,42,42,42,42,42,42,42,42,42,42,42,42,42,42,42,42,42,42,42,42,42,42,42,42,42,42,42,42,42],"current_hp_per_floor":[68,61,56,56,41,41,31,31,31,31,48,48,37,32,32,19,89,75,133,151,167,157,175,175,232,232,238,279,304,304,281,281,273,299,327,349,436,469,535,535,571,730,730,777,777,777,829,872,872,861],"gold":2534,"neow_bonus":"RANDOM_EVENT","is_daily":false,"chose_seed":false,"campfire_upgraded":8,"win_rate":0.0,"timestamp":1613839275,"path_taken":["M","M","M","?","M","R","E","R","T","E","COS","R","M","M","R","BOSS","M","COS","?","M","M","E","R","?","T","E","?","M","R","?","R","BOSS","M","M","?","M","$","R","M","$","T","M","?","R","M","E","R","BOSS"],"items_purchased_type":["Relic","Relic","Relic","Card","Relic","Relic","Relic","Relic","Relic","Relic","Relic","Relic","Relic","Relic","Relic","Relic","Relic","Relic","Relic","Relic","Relic","Relic","Relic","Relic","Relic","Relic","Relic","Relic","Relic","Relic","Relic","Relic","Relic","Relic","Relic","Relic","Relic","Relic","Relic","Relic","Relic","Relic","Relic","Relic","Relic","Relic","Relic","Relic","Relic","Relic","Relic","Relic","Relic","Relic"],"build_version":"2020-12-22","purchased_purges":1,"victory":true,"max_hp_per_floor":[75,75,75,75,75,75,76,76,76,76,93,93,102,102,102,112,112,123,181,181,198,216,235,235,255,255,276,279,305,305,281,281,308,308,336,365,452,485,551,551,587,746,746,787,787,787,829,872,872,872],"card_choices":[{"not_picked":["Auto Shields","Stack"],"picked":"Crystallizer","floor":1.0},{"not_picked":["Doom and Gloom","Rebound","ReplaySort","Undo"],"picked":"Genetic Algorithm","floor":2.0},{"not_picked":["MostiFishMod:LinkProtocol","Stack","Panic Button","Fusion"],"picked":"MostiFishMod:PushDownKick","floor":3.0},{"not_picked":["REME_Whirling","Double Energy","Sweeping Beam","Barrage"],"picked":"REME_Shoggoth","floor":5.0},{"not_picked":["REME_Compress","Stack","MostiFishMod:Nova","Steam"],"picked":"Double Energy","floor":7.0},{"not_picked":["Recycle","Rebound","hubris:Prefetch","Crystallizer","ReplaySolidLightProjector"],"picked":"SKIP","floor":10},{"not_picked":["Gash","Defragment","Reinforced Body","ReplayTheSpireMod:System Scan"],"picked":"Beam Cell","floor":13},{"not_picked":["Static Discharge","Doom and Gloom","Recycle","Rip and Tear","Streamline"],"picked":"SKIP","floor":14},{"not_picked":["Echo Form","hubris:Prefetch","Machine Learning","MostiFishMod:SeaWaves"],"picked":"MostiFishMod:DeathFromBelow","floor":16},{"not_picked":["Defragment","Double Energy","Ball Lightning","ReplayTheSpireMod:System Scan"],"picked":"BootSequence","floor":21},{"not_picked":["Time Bomb","Redo","hubris:PowerSurge","Hologram"],"picked":"MostiFishMod:Culaccino","floor":22},{"not_picked":["ReplayTheSpireMod:System Scan","REME_SelfUpgrade","Sweeping Beam","Loop"],"picked":"Reboot","floor":23},{"not_picked":["Sunder","Static Discharge","Ball Lightning","Reprogram"],"picked":"Turbo","floor":25},{"not_picked":["BasicCrystalCard","REME_SelfUpgrade","Stack","Amplify"],"picked":"Leap","floor":27},{"not_picked":["Sunder","Cold Snap","Doom and Gloom","Static Discharge"],"picked":"Leap","floor":29},{"not_picked":["Hyperbeam","MostiFishMod:ReadyAimFire","hubris:DoWhile","hubris:Prefetch"],"picked":"REME_ForAll","floor":33},{"not_picked":["Rebound","hubris:Ukulele","Time Bomb+1","Ball Lightning+1","BasicCrystalCard"],"picked":"Cold Snap+1","floor":35},{"not_picked":["Genetic Algorithm","BasicCrystalCard","Panic Button","MostiFishMod:ReprogramOld","Streamline+1"],"picked":"Coolheaded+1","floor":36},{"not_picked":["Conserve Battery","ReplayRNGCard","ReplayTheSpireMod:System Scan","Genetic Algorithm+1","MostiFishMod:PushDownKick"],"picked":"Panic Button+1","floor":38},{"not_picked":["Steam+1","Go for the Eyes","Self Repair","Barrage","Static Discharge"],"picked":"Panic Button","floor":41},{"not_picked":["Stack","Conserve Battery","MostiFishMod:PushDownKick","Leap","Gash"],"picked":"Turbo","floor":44},{"not_picked":["Hello World","MostiFishMod:PushDownKick","Redo","BasicCrystalCard","Hologram"],"picked":"MostiFishMod:Overload","floor":47},{"not_picked":["Panic Button","Stack+1","BasicCrystalCard","Compile Driver","Leap"],"picked":"ReplayTheSpireMod:System Scan","floor":48}],"player_experience":353837,"relics_obtained":[{"floor":1.0,"key":"SynthV:TestCard"},{"floor":7.0,"key":"DianDianMeat"},{"floor":9.0,"key":"Replay:Ringing Soul"},{"floor":10,"key":"Art of War"},{"floor":23,"key":"Omamori"},{"floor":26,"key":"Bag of Preparation"},{"floor":27,"key":"Matryoshka"},{"floor":43,"key":"aspiration:FaultyCoupler"},{"floor":43,"key":"Geode"},{"floor":46,"key":"Replay:Multitool"},{"floor":48,"key":"hubris:BallOfYels"}],"event_choices":[],"is_beta":false,"boss_relics":[{"not_picked":["Replay:Wanted Poster","SlaversCollar"],"picked":"NightmareShop"},{"not_picked":["hubris:TerracottaHorce","RhineFirstAidKit"],"picked":"Honey Jar"}],"items_purged_floors":[39],"is_endless":false,"potions_floor_spawned":[3,7,10,13,21,23,38,44],"ascension_level":12}}