{"host":"2l5k2wp87eek7qja","time":1613832874,"event":{"mods":["BaseMod","Colored Map","Minty Spire (QoL Compilation)","Relic Stats"],"gold_per_floor":[117,117,117,117,132,171,171,210,258,258,258],"floor_reached":10,"language":"ENG","playtime":237,"items_purged":[],"score":198,"play_id":"9a980824-1aeb-4190-9979-a99bf9198258","local_time":"20210220165434","is_ascension_mode":true,"campfire_choices":[{"data":"Catalyst","floor":7,"key":"SMITH"}],"circlet_count":0,"master_deck":["AscendersBane","Strike_G","Strike_G","Strike_G","Strike_G","Defend_G","Defend_G","Defend_G","Defend_G","Defend_G","Survivor","Neutralize+1","Quick Slash","Catalyst+1","Deadly Poison","Bouncing Flask"],"relics":["Ring of the Snake","NeowsBlessing","Golden Idol","Centennial Puzzle","Gremlin Horn","Oddly Smooth Stone"],"acts_visited":["Exordium"],"potions_floor_usage":[8,10],"damage_taken":[{"damage":0,"enemies":"2 Louse","floor":1,"turns":1},{"damage":0,"enemies":"Small Slimes","floor":5,"turns":1},{"damage":0,"enemies":"Lagavulin","floor":6,"turns":1},{"damage":37,"enemies":"Gremlin Nob","floor":8,"turns":4},{"damage":16,"enemies":"3 Sentries","floor":10,"turns":10}],"seed_played":"-8978219686155015744","potions_obtained":[{"floor":5,"key":"SpeedPotion"},{"floor":8,"key":"EssenceOfSteel"}],"is_trial":false,"path_per_floor":["M","?","?","?","M","E","R","E","T","E"],"character_chosen":"THE_SILENT","items_purchased":[],"campfire_rested":0,"item_purchase_floors":[],"current_hp_per_floor":[59,59,52,52,52,52,52,15,15,0,0],"gold":258,"neow_bonus":"THREE_ENEMY_KILL","is_daily":false,"chose_seed":false,"campfire_upgraded":1,"win_rate":0.0,"timestamp":1613832874,"path_taken":["M","?","?","?","?","E","R","E","T","E"],"items_purchased_type":[],"build_version":"2020-12-22","purchased_purges":0,"victory":false,"max_hp_per_floor":[66,60,60,60,60,60,60,60,60,60,60],"relic_stats":{"Centennial Puzzle":[6],"Gremlin Horn":[2,2],"counters":[5,17],"Golden Idol":19,"obtain_stats":[{"Centennial Puzzle":6,"NeowsBlessing":0,"Gremlin Horn":8,"Golden Idol":2,"Oddly Smooth Stone":9,"Ring of the Snake":0},{"Centennial Puzzle":3,"NeowsBlessing":0,"Gremlin Horn":4,"Golden Idol":1,"Oddly Smooth Stone":4,"Ring of the Snake":0},{"Centennial Puzzle":3,"NeowsBlessing":0,"Gremlin Horn":7,"Golden Idol":1,"Oddly Smooth Stone":7,"Ring of the Snake":0}],"Ring of the Snake":[10]},"card_choices":[{"not_picked":["Dodge and Roll","Deflect"],"picked":"Quick Slash","floor":1},{"not_picked":["Acrobatics","Dodge and Roll"],"picked":"Catalyst","floor":5},{"not_picked":["Masterful Stab","Terror"],"picked":"Deadly Poison","floor":6},{"not_picked":["Riddle With Holes","Skewer"],"picked":"Bouncing Flask","floor":8}],"player_experience":836369,"relics_obtained":[{"floor":6,"key":"Centennial Puzzle"},{"floor":8,"key":"Gremlin Horn"},{"floor":9,"key":"Oddly Smooth Stone"}],"event_choices":[{"damage_healed":0,"gold_gain":0,"player_choice":"Lose Max HP","damage_taken":0,"relics_obtained":["Golden Idol"],"max_hp_gain":0,"max_hp_loss":6,"event_name":"Golden Idol","floor":2,"gold_loss":0},{"cards_removed":["Strike_G"],"damage_healed":0,"gold_gain":0,"player_choice":"Card Removal","damage_taken":7,"max_hp_gain":0,"max_hp_loss":0,"event_name":"Golden Wing","floor":3,"gold_loss":0},{"damage_healed":0,"gold_gain":0,"player_choice":"Grow","damage_taken":0,"max_hp_gain":0,"max_hp_loss":0,"event_name":"Living Wall","floor":4,"gold_loss":0,"cards_upgraded":["Neutralize"]}],"is_beta":false,"boss_relics":[],"items_purged_floors":[],"is_endless":false,"potions_floor_spawned":[5,8],"killed_by":"3 Sentries","ascension_level":20}}