{"host":"7ij4m6ehapfophuy","time":1613850113,"event":{"mods":["BaseMod","Bestiary","Curses Come First","Filter the Spire","Minty Spire (QoL Compilation)","Relic Stats","StSLib","ojb\u0027s Better Paths Mod"],"gold_per_floor":[117,14,26,41,61,87,162,162,214,214,244,244,244,260,260,350,350,371,263,276,300,300,300,340,340,340,374,374,413,413,22,22,117,117,140,156,156,176,197,237,237,277,355,399,8,44,44,88,88,88,88,88,88,121,121],"floor_reached":56,"language":"ENG","playtime":6247,"items_purged":["Defend_P","Defend_P"],"score":2262,"play_id":"ca7a414a-5d64-4fc8-b5cc-cbf5bd188107","local_time":"20210220144153","is_ascension_mode":true,"campfire_choices":[{"data":"CrushJoints","floor":8.0,"key":"SMITH"},{"floor":10.0,"key":"REST"},{"data":"CrushJoints","floor":13.0,"key":"SMITH"},{"data":"BowlingBash","floor":15.0,"key":"SMITH"},{"data":"Adaptation","floor":23.0,"key":"SMITH"},{"data":"Ragnarok","floor":25.0,"key":"SMITH"},{"data":"Eruption","floor":32.0,"key":"SMITH"},{"data":"Scrawl","floor":47.0,"key":"SMITH"},{"floor":49.0,"key":"RECALL"},{"data":"Tantrum","floor":52.0,"key":"SMITH"}],"circlet_count":0,"master_deck":["AscendersBane","Strike_P","Strike_P","Strike_P","Defend_P","Defend_P","Eruption+1","Vigilance","CrushJoints+1","BowlingBash+1","CrushJoints+1","Tantrum+1","FlurryOfBlows","Ragnarok+1","EmptyFist","InnerPeace","Adaptation+1","Ghostly","Ghostly","Ghostly","Ghostly","Ghostly","Scrawl+1","ThirdEye+1","Wireheading","Halt","FearNoEvil"],"relics":["Busted Crown","Blue Candle","Blood Vial","Potion Belt","Golden Idol","Black Star","Calipers","Bottled Lightning","Strawberry","WingedGreaves","Pantograph","Nunchaku","MutagenicStrength","OrangePellets","Vajra","Coffee Dripper","Lantern","Bag of Preparation","Darkstone Periapt","Bottled Tornado","White Beast Statue","Dream Catcher","PreservedInsect","InkBottle","Centennial Puzzle","Regal Pillow","Molten Egg 2","Mercury Hourglass","Pear","Torii"],"acts_visited":["Exordium","TheCity","TheBeyond","TheEnding"],"potions_floor_usage":[55,55,55],"damage_taken":[{"damage":0.0,"enemies":"2 Louse","floor":1.0,"turns":2.0},{"damage":2.0,"enemies":"Jaw Worm","floor":3.0,"turns":4.0},{"damage":0.0,"enemies":"Cultist","floor":4.0,"turns":3.0},{"damage":3.0,"enemies":"Blue Slaver","floor":5.0,"turns":3.0},{"damage":36.0,"enemies":"Gremlin Nob","floor":6.0,"turns":3.0},{"damage":0.0,"enemies":"3 Sentries","floor":11.0,"turns":2.0},{"damage":0.0,"enemies":"Large Slime","floor":14.0,"turns":4.0},{"damage":0.0,"enemies":"Slime Boss","floor":16.0,"turns":3.0},{"damage":3.0,"enemies":"Spheric Guardian","floor":18.0,"turns":3.0},{"damage":12.0,"enemies":"Shell Parasite","floor":20.0,"turns":2.0},{"damage":11.0,"enemies":"Snecko","floor":21.0,"turns":4.0},{"damage":5.0,"enemies":"Gremlin Leader","floor":24.0,"turns":5.0},{"damage":8.0,"enemies":"Slavers","floor":27.0,"turns":6.0},{"damage":7.0,"enemies":"Gremlin Leader","floor":29.0,"turns":6.0},{"damage":33.0,"enemies":"Collector","floor":33.0,"turns":6.0},{"damage":2.0,"enemies":"Orb Walker","floor":35.0,"turns":3.0},{"damage":2.0,"enemies":"3 Shapes","floor":36.0,"turns":3.0},{"damage":1.0,"enemies":"Maw","floor":38.0,"turns":4.0},{"damage":0.0,"enemies":"Sphere and 2 Shapes","floor":39.0,"turns":1.0},{"damage":1.0,"enemies":"Giant Head","floor":40.0,"turns":5.0},{"damage":3.0,"enemies":"Nemesis","floor":42.0,"turns":4.0},{"damage":0.0,"enemies":"Reptomancer","floor":44.0,"turns":3.0},{"damage":1.0,"enemies":"Giant Head","floor":46.0,"turns":3.0},{"damage":0.0,"enemies":"Nemesis","floor":48.0,"turns":3.0},{"damage":2.0,"enemies":"Donu and Deca","floor":50.0,"turns":5.0},{"damage":3.0,"enemies":"Shield and Spear","floor":54.0,"turns":3.0},{"damage":24,"enemies":"The Heart","floor":55,"turns":5}],"seed_played":"7530273614118900845","potions_obtained":[{"floor":1.0,"key":"EntropicBrew"},{"floor":6.0,"key":"Explosive Potion"},{"floor":14.0,"key":"CultistPotion"},{"floor":16.0,"key":"StancePotion"},{"floor":20.0,"key":"Block Potion"},{"floor":21.0,"key":"FairyPotion"},{"floor":27.0,"key":"Fire Potion"},{"floor":36.0,"key":"Energy Potion"},{"floor":40.0,"key":"Swift Potion"},{"floor":44.0,"key":"FearPotion"},{"floor":48.0,"key":"CultistPotion"},{"floor":54.0,"key":"DuplicationPotion"}],"is_trial":false,"path_per_floor":["M","$","M","M","M","E","?","R","T","R","E","?","R","M","R","B",null,"M","$","M","M","?","R","E","R","T","E","?","E","?","$","R","B",null,"M","M","?","M","M","E","?","E","T","E","$","E","R","E","R","B",null,"R","$","E","B",null],"character_chosen":"WATCHER","items_purchased":["BowlingBash","CrushJoints","InnerPeace","OrangePellets","Vajra","InkBottle","Halt","EntropicBrew"],"campfire_rested":1,"item_purchase_floors":[2,2,19,31,31,45,45,45],"current_hp_per_floor":[65,65,63,63,60,24,13,13,13,34,36,36,36,38,38,40,60,59,59,49,40,33,33,28,28,28,29,24,19,19,19,19,12,37,37,37,37,38,40,41,41,40,40,42,42,42,42,43,43,41,43,43,43,50,29],"gold":121,"neow_bonus":"BOSS_RELIC","is_daily":false,"chose_seed":false,"campfire_upgraded":8,"win_rate":0.0,"timestamp":1613850113,"path_taken":["M","$","M","M","M","E","?","R","T","R","E","?","R","?","R","BOSS","M","$","?","M","?","R","E","R","T","E","?","E","?","$","R","BOSS","M","M","?","M","M","E","?","E","T","E","$","E","R","E","R","BOSS","R","$","E","BOSS"],"items_purchased_type":["Card","Card","Card","Relic","Relic","Relic","Card","Potion"],"build_version":"2020-12-22","purchased_purges":2,"victory":true,"max_hp_per_floor":[72,72,72,72,72,72,72,72,72,72,72,67,67,67,67,67,67,67,67,67,67,33,33,33,33,33,40,45,45,45,45,45,45,45,45,45,45,45,45,45,43,43,43,43,43,43,43,43,43,43,43,43,43,53,53],"relic_stats":{"Darkstone Periapt":0,"Regal Pillow":0,"Torii":0,"counters":[27,98],"Golden Idol":176,"Blue Candle":[0],"PreservedInsect":257,"Bag of Preparation":[14],"Mercury Hourglass":[42],"Blood Vial":33,"OrangePellets":[13],"Nunchaku":[15],"Dream Catcher":0,"Centennial Puzzle":[9],"Busted Crown":50,"Pantograph":28,"Black Star":9,"obtain_stats":[{"Darkstone Periapt":42,"Lantern":40,"Regal Pillow":46,"Calipers":24,"Torii":54,"Vajra":31,"Bag of Preparation":40,"Bottled Tornado":42,"Blood Vial":9,"Nunchaku":29,"Dream Catcher":44,"Centennial Puzzle":46,"Strawberry":27,"Pantograph":29,"WingedGreaves":27,"InkBottle":45,"Potion Belt":11,"Pear":54,"Golden Idol":12,"Blue Candle":6,"PreservedInsect":44,"White Beast Statue":43,"Mercury Hourglass":48,"OrangePellets":31,"Busted Crown":0,"MutagenicStrength":30,"Molten Egg 2":48,"Black Star":17,"Coffee Dripper":34,"Bottled Lightning":24,"PureWater":0},{"Darkstone Periapt":21,"Lantern":20,"Regal Pillow":23,"Calipers":12,"Torii":26,"Vajra":14,"Bag of Preparation":20,"Bottled Tornado":21,"Blood Vial":5,"Nunchaku":14,"Dream Catcher":22,"Centennial Puzzle":23,"Strawberry":13,"Pantograph":14,"WingedGreaves":13,"InkBottle":22,"Potion Belt":6,"Pear":26,"Golden Idol":6,"Blue Candle":5,"PreservedInsect":22,"White Beast Statue":21,"Mercury Hourglass":24,"OrangePellets":14,"Busted Crown":0,"MutagenicStrength":14,"Molten Egg 2":24,"Black Star":8,"Coffee Dripper":15,"Bottled Lightning":12,"PureWater":0},{"Darkstone Periapt":76,"Lantern":72,"Regal Pillow":82,"Calipers":38,"Torii":93,"Vajra":50,"Bag of Preparation":72,"Bottled Tornado":76,"Blood Vial":15,"Nunchaku":50,"Dream Catcher":79,"Centennial Puzzle":82,"Strawberry":44,"Pantograph":50,"WingedGreaves":44,"InkBottle":79,"Potion Belt":17,"Pear":93,"Golden Idol":17,"Blue Candle":15,"PreservedInsect":79,"White Beast Statue":76,"Mercury Hourglass":85,"OrangePellets":50,"Busted Crown":0,"MutagenicStrength":50,"Molten Egg 2":85,"Black Star":24,"Coffee Dripper":56,"Bottled Lightning":38,"PureWater":0}],"InkBottle":[11]},"card_choices":[{"not_picked":[],"picked":"CrushJoints","floor":1.0},{"not_picked":["SashWhip"],"picked":"SKIP","floor":3.0},{"not_picked":[],"picked":"Tantrum","floor":4.0},{"not_picked":[],"picked":"FlurryOfBlows","floor":5.0},{"not_picked":["Evaluate"],"picked":"SKIP","floor":6.0},{"not_picked":["CutThroughFate"],"picked":"SKIP","floor":11.0},{"not_picked":["SashWhip"],"picked":"SKIP","floor":14.0},{"not_picked":[],"picked":"Ragnarok","floor":16.0},{"not_picked":[],"picked":"EmptyFist","floor":18.0},{"not_picked":["EmptyFist"],"picked":"SKIP","floor":20.0},{"not_picked":[],"picked":"Adaptation","floor":21.0},{"not_picked":["ThirdEye"],"picked":"SKIP","floor":24.0},{"not_picked":["Study+1"],"picked":"SKIP","floor":27.0},{"not_picked":["Evaluate"],"picked":"SKIP","floor":29.0},{"not_picked":[],"picked":"Scrawl","floor":33.0},{"not_picked":["ReachHeaven"],"picked":"SKIP","floor":35.0},{"not_picked":["ClearTheMind"],"picked":"SKIP","floor":36.0},{"not_picked":["Crescendo"],"picked":"SKIP","floor":38.0},{"not_picked":[],"picked":"ThirdEye+1","floor":39.0},{"not_picked":[],"picked":"Wireheading","floor":40.0},{"not_picked":["MasterReality"],"picked":"SKIP","floor":42.0},{"not_picked":["SashWhip"],"picked":"SKIP","floor":44.0},{"not_picked":[],"picked":"FearNoEvil","floor":46.0},{"not_picked":["Swivel"],"picked":"SKIP","floor":48.0},{"not_picked":["Crescendo"],"picked":"SKIP","floor":54.0}],"player_experience":1165481,"relics_obtained":[{"floor":6.0,"key":"Blue Candle"},{"floor":9.0,"key":"Blood Vial"},{"floor":11.0,"key":"Potion Belt"},{"floor":24.0,"key":"Calipers"},{"floor":24.0,"key":"Bottled Lightning"},{"floor":27.0,"key":"Strawberry"},{"floor":27.0,"key":"WingedGreaves"},{"floor":29.0,"key":"Pantograph"},{"floor":29.0,"key":"Nunchaku"},{"floor":40.0,"key":"Lantern"},{"floor":40.0,"key":"Bag of Preparation"},{"floor":42.0,"key":"Darkstone Periapt"},{"floor":42.0,"key":"Bottled Tornado"},{"floor":43.0,"key":"White Beast Statue"},{"floor":44.0,"key":"Dream Catcher"},{"floor":44.0,"key":"PreservedInsect"},{"floor":46.0,"key":"Centennial Puzzle"},{"floor":46.0,"key":"Regal Pillow"},{"floor":48.0,"key":"Molten Egg 2"},{"floor":48.0,"key":"Mercury Hourglass"},{"floor":54.0,"key":"Pear"},{"floor":54.0,"key":"Torii"}],"event_choices":[{"damage_healed":0.0,"max_hp_gain":0.0,"max_hp_loss":0.0,"gold_gain":75.0,"event_name":"World of Goop","player_choice":"Gather Gold","floor":7.0,"gold_loss":0.0,"damage_taken":11.0},{"damage_healed":0.0,"max_hp_gain":0.0,"max_hp_loss":5.0,"gold_gain":0.0,"event_name":"Golden Idol","player_choice":"Lose Max HP","floor":12.0,"gold_loss":0.0,"damage_taken":0.0,"relics_obtained":["Golden Idol"]},{"damage_healed":0.0,"max_hp_gain":0.0,"max_hp_loss":34.0,"gold_gain":0.0,"event_name":"Ghosts","player_choice":"Became a Ghost","floor":22.0,"gold_loss":0.0,"damage_taken":0.0,"cards_obtained":["Ghostly","Ghostly","Ghostly","Ghostly","Ghostly"]},{"damage_healed":0.0,"max_hp_gain":5.0,"max_hp_loss":0.0,"gold_gain":0.0,"event_name":"Forgotten Altar","player_choice":"Shed Blood","floor":28.0,"gold_loss":0.0,"damage_taken":10.0},{"damage_healed":0.0,"max_hp_gain":0.0,"max_hp_loss":0.0,"gold_gain":0.0,"event_name":"Drug Dealer","player_choice":"Inject Mutagens","floor":30.0,"gold_loss":0.0,"damage_taken":0.0,"relics_obtained":["MutagenicStrength"]},{"cards_removed":["Strike_P"],"damage_healed":0.0,"max_hp_gain":0.0,"max_hp_loss":0.0,"gold_gain":0.0,"event_name":"Falling","player_choice":"Removed Attack","floor":37.0,"gold_loss":0.0,"damage_taken":0.0},{"damage_healed":0.0,"max_hp_gain":0.0,"max_hp_loss":2.0,"gold_gain":0.0,"event_name":"Winding Halls","player_choice":"Max HP","floor":41.0,"gold_loss":0.0,"damage_taken":0.0}],"is_beta":false,"boss_relics":[{"not_picked":["Cursed Key","Calling Bell"],"picked":"Black Star"},{"not_picked":["Velvet Choker","SlaversCollar"],"picked":"Coffee Dripper"}],"items_purged_floors":[19,31],"is_endless":false,"potions_floor_spawned":[1,6,14,16,20,21,27,36,40,42,44,46,48,54],"ascension_level":13}}