{"host":"y080dcqw8fj32q7d","time":1613818312,"event":{"mods":["AchievementEnabler","BaseMod","Colored Map","Colored Powertips","DeckTracker","Minty Spire (QoL Compilation)","Relic Sorter"],"gold_per_floor":[211,211,16,27,41,70,70,90,90,90,123,140,156,191,191,191,191],"floor_reached":16,"language":"ENG","playtime":920,"items_purged":[],"score":128,"play_id":"3367541b-14cb-4dec-9426-b518fd6ebb93","local_time":"20210220135152","is_ascension_mode":true,"campfire_choices":[{"floor":10,"key":"RECALL"},{"floor":15,"key":"REST"}],"circlet_count":0,"master_deck":["Strike_R","Strike_R","Strike_R","Strike_R","Strike_R","Defend_R","Defend_R","Defend_R","Defend_R","Warcry","The Bomb","Cleave","Cleave","Barricade","Decay","Anger","Dark Embrace","Cleave","Body Slam","True Grit+1"],"relics":["Burning Blood","White Beast Statue","The Courier","Pear","Toxic Egg 2"],"acts_visited":["Exordium"],"potions_floor_usage":[11,14,14,14,16],"damage_taken":[{"damage":7,"enemies":"Small Slimes","floor":1,"turns":4},{"damage":1,"enemies":"Cultist","floor":4,"turns":4},{"damage":2,"enemies":"2 Louse","floor":5,"turns":2},{"damage":25,"enemies":"Gremlin Nob","floor":6,"turns":4},{"damage":19,"enemies":"Red Slaver","floor":8,"turns":5},{"damage":11,"enemies":"3 Sentries","floor":11,"turns":4},{"damage":0,"enemies":"3 Louse","floor":12,"turns":2},{"damage":0,"enemies":"Lots of Slimes","floor":13,"turns":1},{"damage":13,"enemies":"Lagavulin","floor":14,"turns":5},{"damage":85,"enemies":"The Guardian","floor":16,"turns":12}],"seed_played":"8508210994579236352","potions_obtained":[{"floor":6,"key":"Block Potion"},{"floor":8,"key":"Swift Potion"},{"floor":11,"key":"Explosive Potion"},{"floor":12,"key":"LiquidBronze"},{"floor":13,"key":"Weak Potion"},{"floor":14,"key":"Energy Potion"}],"is_trial":false,"path_per_floor":["M","?","$","M","M","E","?","M","T","R","E","M","M","E","R","B"],"character_chosen":"IRONCLAD","items_purchased":["The Bomb"],"campfire_rested":1,"item_purchase_floors":[3],"current_hp_per_floor":[79,79,79,80,80,61,61,48,48,48,53,59,65,58,85,0,0],"gold":191,"neow_bonus":"HUNDRED_GOLD","is_daily":false,"chose_seed":false,"campfire_upgraded":0,"win_rate":0.0,"timestamp":1613818312,"path_taken":["M","?","$","?","M","E","?","M","T","R","E","M","M","E","R","BOSS"],"items_purchased_type":["Card"],"build_version":"2020-12-22","purchased_purges":0,"victory":false,"max_hp_per_floor":[80,80,80,80,80,80,80,80,80,80,90,90,90,90,90,90,90],"card_choices":[{"not_picked":["Sword Boomerang","Body Slam"],"picked":"Warcry","floor":1},{"not_picked":["Sentinel","Heavy Blade"],"picked":"Cleave","floor":4},{"not_picked":["Havoc","Rupture"],"picked":"Cleave","floor":5},{"not_picked":["Thunderclap","Clash"],"picked":"Barricade","floor":6},{"not_picked":["Hemokinesis","Battle Trance"],"picked":"Anger","floor":8},{"not_picked":["Offering","Perfected Strike"],"picked":"Dark Embrace","floor":11},{"not_picked":["Flex","Wild Strike"],"picked":"Cleave","floor":12},{"not_picked":["Clash","Heavy Blade"],"picked":"Body Slam","floor":13},{"not_picked":["Perfected Strike","Headbutt"],"picked":"True Grit+1","floor":14}],"player_experience":344754,"relics_obtained":[{"floor":6,"key":"White Beast Statue"},{"floor":9,"key":"The Courier"},{"floor":11,"key":"Pear"},{"floor":14,"key":"Toxic Egg 2"}],"event_choices":[{"cards_removed":["Bash"],"damage_healed":0,"gold_gain":0,"player_choice":"Offered Basic","damage_taken":0,"max_hp_gain":0,"max_hp_loss":0,"event_name":"Bonfire Elementals","floor":2,"gold_loss":0},{"damage_healed":0,"gold_gain":0,"player_choice":"Cursed","damage_taken":0,"max_hp_gain":0,"max_hp_loss":0,"event_name":"Wheel of Change","floor":7,"gold_loss":0,"cards_obtained":["Decay"]}],"is_beta":false,"boss_relics":[],"items_purged_floors":[],"is_endless":false,"potions_floor_spawned":[6,8,11,12,13,14],"killed_by":"The Guardian","ascension_level":1}}