{"host":"htqwg582tjjtn9p7","time":1613846980,"event":{"mods":["2.2 Compatiblity","AchievementEnabler","Act Like it!","Aspiration","BaseMod","Better Third Choice","Colored Map","Conspire","Curses Come First","Displayed Cursed Tome","Energized Spire","Force Act Four","Fox Events","GifTheSpireLib","Hermit","Highlight Path","JesterMod","Mad Scientist","Minty Spire (QoL Compilation)","Pale of the Ancients","Permanent Neow","Random Character Button","Relic Stats","Reliquary","Replay The Spire","Robot Space Explorer","Somnambulant","Spicy Shops","Spikes Relics","StSLib","Stuff the Spire","The Blue Laboratory","The Bug Knight","The Forsaken","The Gatherer","The Judge","The Jungle","The Marked","The Runesmith","The Servant 0.9.4","Uncapped"],"gold_per_floor":[112,150,150,7,282,299,299,135,161,180,180,199,217,242,242,344,344,356,374,177,177,43,43,43],"floor_reached":23,"language":"ENG","playtime":908,"items_purged":["Regret"],"score":284,"play_id":"0e083361-e1eb-4b20-99e8-3a7d889ae3d9","local_time":"20210220194940","is_ascension_mode":true,"campfire_choices":[{"floor":7,"key":"REST"},{"data":"WordoMod:LanternFlame","floor":11,"key":"SMITH"},{"floor":15,"key":"REST"}],"circlet_count":0,"master_deck":["AscendersBane","WordoMod:StrikeCard+1","WordoMod:StrikeCard","WordoMod:StrikeCard+1","WordoMod:StrikeCard","WordoMod:DefendCard","WordoMod:DefendCard","WordoMod:DefendCard","WordoMod:DefendCard","WordoMod:Accursed","WordoMod:IllWill","WordoMod:LanternFlame+1","WordoMod:Repent","Pride","WordoMod:BreakChains","Reforge","WordoMod:Exorcism","WordoMod:Sacrilege","WordoMod:Exorcism","WordoMod:MementoMori","WordoMod:LanternFlame","WordoMod:Penitence","WordoMod:Penitence","Injury"],"relics":["WordoMod:Effigy","Black Star","reliquary:IridiumChain","Bottled Flame","reliquary:PorcupineQuills","reliquary:Stiletto","WizardHat","reliquary:RedCape","Lee\u0027s Waffle","Oddly Smooth Stone"],"acts_visited":["Exordium","TheCity"],"potions_floor_usage":[2,14,14,16,19],"damage_taken":[{"damage":4,"enemies":"Jaw Worm","floor":1,"turns":4},{"damage":17,"enemies":"conspire:MimicChest","floor":2,"turns":5},{"damage":2,"enemies":"Small Slimes","floor":6,"turns":3},{"damage":4,"enemies":"2 Louse","floor":10,"turns":2},{"damage":11,"enemies":"Red Slaver","floor":12,"turns":3},{"damage":0,"enemies":"3 Louse","floor":13,"turns":3},{"damage":24,"enemies":"Gremlin Nob","floor":14,"turns":5},{"damage":2,"enemies":"The Guardian","floor":16,"turns":10},{"damage":14,"enemies":"3 Byrds","floor":18,"turns":4},{"damage":4,"enemies":"Chosen","floor":19,"turns":5},{"damage":63,"enemies":"Gremlin Leader","floor":23,"turns":9}],"seed_played":"2256247149416883319","potions_obtained":[{"floor":1,"key":"Adrenaline Potion"},{"floor":6,"key":"Fire Potion"},{"floor":12,"key":"LifebloodPotion"},{"floor":14,"key":"DuplicationPotion"},{"floor":18,"key":"Flashbang"}],"is_trial":false,"path_per_floor":["M","?","?","$","?","M","R","$","T","M","R","M","M","E","R","B",null,"M","M","$","?","$","E"],"character_chosen":"JUDGE_CLASS","items_purchased":["WordoMod:Repent","Bottled Flame","Reforge","WordoMod:Penitence","Lee\u0027s Waffle","Oddly Smooth Stone"],"campfire_rested":2,"item_purchase_floors":[4,4,8,20,20,22],"current_hp_per_floor":[64,47,32,32,32,30,52,52,52,48,48,37,37,13,35,33,65,51,47,82,82,82,19,19],"gold":43,"neow_bonus":"BOSS_RELIC","is_daily":false,"chose_seed":false,"campfire_upgraded":1,"win_rate":0.0,"timestamp":1613846980,"path_taken":["M","?","?","?","?","M","R","$","T","M","R","M","?","E","R","BOSS","M","M","$","?","$","E"],"items_purchased_type":["Card","Relic","Card","Card","Relic","Relic"],"build_version":"2020-12-22","purchased_purges":1,"victory":false,"max_hp_per_floor":[75,75,75,75,75,75,75,75,75,75,75,75,75,75,75,75,75,75,75,82,82,82,82,82],"relic_stats":{"Lee\u0027s Waffle":35,"counters":[11,53],"Black Star":1,"obtain_stats":[{"WizardHat":14,"Bottled Flame":4,"Lee\u0027s Waffle":20,"WordoMod:Effigy":0,"reliquary:PorcupineQuills":9,"WordoMod:Obsidian":0,"Oddly Smooth Stone":22,"reliquary:Stiletto":14,"Black Star":0,"reliquary:RedCape":17,"reliquary:IridiumChain":2},{"WizardHat":7,"Bottled Flame":2,"Lee\u0027s Waffle":10,"WordoMod:Effigy":0,"reliquary:PorcupineQuills":3,"WordoMod:Obsidian":0,"Oddly Smooth Stone":10,"reliquary:Stiletto":7,"Black Star":0,"reliquary:RedCape":8,"reliquary:IridiumChain":2},{"WizardHat":25,"Bottled Flame":9,"Lee\u0027s Waffle":44,"WordoMod:Effigy":0,"reliquary:PorcupineQuills":12,"WordoMod:Obsidian":0,"Oddly Smooth Stone":44,"reliquary:Stiletto":25,"Black Star":0,"reliquary:RedCape":35,"reliquary:IridiumChain":9}]},"card_choices":[{"not_picked":["WordoMod:InduceTrauma","WordoMod:PurgeDisease","WordoMod:CurseBuckler"],"picked":"SKIP","floor":1},{"not_picked":["WordoMod:BreakChains","WordoMod:Cataclysm"],"picked":"WordoMod:LanternFlame","floor":2},{"not_picked":["WordoMod:Rise","WordoMod:LordOfTheFlies"],"picked":"WordoMod:BreakChains","floor":6},{"not_picked":["WordoMod:ScatterAshes","WordoMod:WipingAllOut"],"picked":"WordoMod:Exorcism","floor":10},{"not_picked":["WordoMod:Malice","WordoMod:Exorcism"],"picked":"WordoMod:Sacrilege","floor":12},{"not_picked":["WordoMod:ScatterAshes","WordoMod:EndOfTheWorld"],"picked":"WordoMod:Exorcism","floor":13},{"not_picked":["WordoMod:ScatterAshes","WordoMod:LordOfTheFlies"],"picked":"WordoMod:MementoMori","floor":14},{"not_picked":["WordoMod:ProjectilePurge","WordoMod:Resurrection+1"],"picked":"WordoMod:LanternFlame","floor":18},{"not_picked":["WordoMod:Sickness","WordoMod:Behead","WordoMod:BurdenOfSin+1"],"picked":"SKIP","floor":19}],"player_experience":2058320,"relics_obtained":[{"floor":2,"key":"reliquary:IridiumChain"},{"floor":9,"key":"reliquary:PorcupineQuills"},{"floor":14,"key":"reliquary:Stiletto"},{"floor":14,"key":"WizardHat"}],"event_choices":[{"damage_healed":47,"gold_gain":0,"player_choice":"Upgrade","damage_taken":15,"max_hp_gain":0,"max_hp_loss":75,"event_name":"betterThird:BetterShining","floor":3,"gold_loss":0,"cards_upgraded":["WordoMod:StrikeCard","WordoMod:StrikeCard"]},{"damage_healed":0,"gold_gain":275,"player_choice":"Desecrate","damage_taken":0,"max_hp_gain":0,"max_hp_loss":0,"event_name":"Golden Shrine","floor":5,"gold_loss":0,"cards_obtained":["Regret"]},{"damage_healed":0,"gold_gain":0,"player_choice":"Leave","damage_taken":0,"max_hp_gain":0,"max_hp_loss":0,"event_name":"conspire:Investor","floor":21,"gold_loss":0}],"is_beta":false,"boss_relics":[{"not_picked":["Tiny House","Busted Crown"],"picked":"reliquary:RedCape"}],"items_purged_floors":[22],"is_endless":false,"potions_floor_spawned":[1,6,12,14,18],"killed_by":"Gremlin Leader","ascension_level":10}}