{"host":"bxn2em57qlx5u4i0","time":1613782406,"event":{"mods":["BaseMod","Colored Map","Colored Powertips","Highlight Path","Minty Spire (QoL Compilation)","Random Character Button","Relic Sorter","Relic Stats","StSLib","SuperFastMode"],"gold_per_floor":[112,112,112,35,49,84,84,94,119,151,34,66,66,92,92,165,165,175,191,106,121,171,171,206,218,253,290,327,373,385,212,212,290,290,308,321,334,353,365,365,393,393,393,393,49,68,68,88,120,120,120,120,120,120,35,65,65],"floor_reached":58,"language":"ENG","playtime":2189,"items_purged":["Strike_G","Strike_G"],"score":2852,"play_id":"5ae8a3d2-8f1a-4592-80f9-f3ce8bbf8c49","local_time":"20210219195326","is_ascension_mode":true,"campfire_choices":[{"data":"Noxious Fumes","floor":7.0,"key":"SMITH"},{"data":"Crippling Poison","floor":15.0,"key":"SMITH"},{"data":"Crippling Poison","floor":23.0,"key":"SMITH"},{"data":"Noxious Fumes","floor":25.0,"key":"SMITH"},{"data":"Footwork","floor":32.0,"key":"SMITH"},{"data":"A Thousand Cuts","floor":40.0,"key":"SMITH"},{"data":"Tools of the Trade","floor":42.0,"key":"SMITH"},{"floor":44.0,"key":"RECALL"},{"data":"Deadly Poison","floor":50.0,"key":"SMITH"},{"data":"PiercingWail","floor":54.0,"key":"SMITH"}],"circlet_count":0,"master_deck":["AscendersBane","Strike_G","Strike_G+1","Strike_G+1","Defend_G","Defend_G","Defend_G","Defend_G","Defend_G","Survivor","Neutralize+1","Crippling Poison+1","Noxious Fumes+1","Deadly Poison+1","Crippling Poison+1","Backflip","Noxious Fumes+1","Deflect","Tools of the Trade+1","Backflip+1","Escape Plan+1","Footwork+1","A Thousand Cuts+1","Well Laid Plans+1","Deflect","PiercingWail+1","Blade Dance+1","Escape Plan","Escape Plan"],"relics":["Ring of the Snake","MealTicket","Anchor","Shuriken","Whetstone","TungstenRod","Unceasing Top","Coffee Dripper","Bird Faced Urn","MawBank","Orichalcum","InkBottle","Red Mask","Mummified Hand","Busted Crown","Dream Catcher","Torii","Snake Skull","Art of War"],"acts_visited":["Exordium","TheCity","TheBeyond","TheEnding"],"potions_floor_usage":[57,57],"damage_taken":[{"damage":0.0,"enemies":"Jaw Worm","floor":1.0,"turns":5.0},{"damage":0.0,"enemies":"Small Slimes","floor":5.0,"turns":4.0},{"damage":18.0,"enemies":"Lagavulin","floor":6.0,"turns":8.0},{"damage":3.0,"enemies":"Cultist","floor":8.0,"turns":4.0},{"damage":11.0,"enemies":"3 Sentries","floor":10.0,"turns":6.0},{"damage":16.0,"enemies":"Lagavulin","floor":12.0,"turns":7.0},{"damage":6.0,"enemies":"3 Sentries","floor":14.0,"turns":6.0},{"damage":1.0,"enemies":"Hexaghost","floor":16.0,"turns":9.0},{"damage":16.0,"enemies":"Spheric Guardian","floor":18.0,"turns":4.0},{"damage":0.0,"enemies":"3 Byrds","floor":19.0,"turns":4.0},{"damage":5.0,"enemies":"Snake Plant","floor":21.0,"turns":6.0},{"damage":19.0,"enemies":"Book of Stabbing","floor":24.0,"turns":6.0},{"damage":16.0,"enemies":"Slavers","floor":27.0,"turns":4.0},{"damage":17.0,"enemies":"Masked Bandits","floor":28.0,"turns":3.0},{"damage":7.0,"enemies":"Book of Stabbing","floor":29.0,"turns":7.0},{"damage":42.0,"enemies":"Collector","floor":33.0,"turns":9.0},{"damage":0.0,"enemies":"3 Shapes","floor":35.0,"turns":3.0},{"damage":0.0,"enemies":"3 Darklings","floor":36.0,"turns":4.0},{"damage":1.0,"enemies":"Maw","floor":37.0,"turns":7.0},{"damage":0.0,"enemies":"4 Shapes","floor":38.0,"turns":4.0},{"damage":0.0,"enemies":"Writhing Mass","floor":39.0,"turns":5.0},{"damage":9.0,"enemies":"Reptomancer","floor":41.0,"turns":6.0},{"damage":0.0,"enemies":"Maw","floor":46.0,"turns":7.0},{"damage":5.0,"enemies":"Spire Growth","floor":48.0,"turns":5.0},{"damage":9.0,"enemies":"Giant Head","floor":49.0,"turns":7.0},{"damage":0.0,"enemies":"Donu and Deca","floor":51.0,"turns":8.0},{"damage":32.0,"enemies":"Awakened One","floor":52.0,"turns":10.0},{"damage":11.0,"enemies":"Shield and Spear","floor":56.0,"turns":5.0},{"damage":65,"enemies":"The Heart","floor":57,"turns":11}],"seed_played":"-8886975913853212180","potions_obtained":[{"floor":6.0,"key":"Weak Potion"},{"floor":8.0,"key":"Poison Potion"},{"floor":19.0,"key":"Poison Potion"},{"floor":24.0,"key":"SteroidPotion"},{"floor":27.0,"key":"PowerPotion"},{"floor":29.0,"key":"GamblersBrew"},{"floor":30.0,"key":"SpeedPotion"},{"floor":33.0,"key":"Fruit Juice"},{"floor":36.0,"key":"DistilledChaos"},{"floor":46.0,"key":"AttackPotion"},{"floor":56.0,"key":"Energy Potion"}],"is_trial":false,"path_per_floor":["M","?","?","$","M","E","R","M","T","E","$","E","?","E","R","B",null,"M","M","?","M","?","R","E","R","T","E","?","E","?","$","R","B",null,"M","M","M","M","M","R","E","R","T","R","$","M","?","M","E","R","B","B",null,"R","$","E","B",null],"character_chosen":"THE_SILENT","items_purchased":["Noxious Fumes","Noxious Fumes","Regen Potion","Torii","Escape Plan"],"campfire_rested":0,"item_purchase_floors":[4,11,31,45,55],"current_hp_per_floor":[59,64,64,64,64,46,46,43,43,32,47,31,31,25,25,24,59,43,43,43,44,44,44,31,31,31,21,10,11,11,26,26,7,55,63,76,75,76,76,76,67,67,67,67,76,76,76,71,67,67,76,50,70,70,76,69,16],"gold":65,"neow_bonus":"UPGRADE_CARD","is_daily":false,"chose_seed":false,"campfire_upgraded":9,"win_rate":0.0,"timestamp":1613782406,"path_taken":["M","?","?","$","M","E","R","M","T","E","?","E","?","E","R","BOSS","M","M","?","M","?","R","E","R","T","E","?","E","?","$","R","BOSS","M","M","?","?","M","R","E","R","T","R","$","?","?","M","E","R","BOSS","BOSS","R","$","E","BOSS"],"items_purchased_type":["Card","Card","Potion","Relic","Card"],"build_version":"2020-12-22","purchased_purges":2,"victory":true,"max_hp_per_floor":[66,71,71,71,71,71,71,71,71,71,71,71,71,71,71,71,71,71,71,71,71,71,71,71,71,71,71,71,71,71,71,71,71,71,71,76,76,76,76,76,76,76,76,76,76,76,76,76,76,76,76,76,76,76,76,76,76],"relic_stats":{"Torii":87,"counters":[29,174],"Snake Skull":[70],"Whetstone":["Strike_G","Strike_G"],"Orichalcum":[48],"MawBank":84,"Dream Catcher":0,"Busted Crown":20,"Shuriken":[34],"Mummified Hand":[82],"Bird Faced Urn":[93],"MealTicket":45,"Art of War":[3],"obtain_stats":[{"Torii":45,"Snake Skull":49,"Whetstone":12,"Orichalcum":26,"MawBank":24,"Anchor":9,"Dream Catcher":41,"Busted Crown":34,"Shuriken":10,"Mummified Hand":29,"Bird Faced Urn":20,"MealTicket":6,"Coffee Dripper":17,"Red Mask":28,"Art of War":56,"TungstenRod":13,"Unceasing Top":14,"InkBottle":27,"Ring of the Snake":0},{"Torii":22,"Snake Skull":25,"Whetstone":6,"Orichalcum":12,"MawBank":12,"Anchor":4,"Dream Catcher":22,"Busted Crown":16,"Shuriken":5,"Mummified Hand":15,"Bird Faced Urn":10,"MealTicket":3,"Coffee Dripper":8,"Red Mask":14,"Art of War":28,"TungstenRod":6,"Unceasing Top":7,"InkBottle":13,"Ring of the Snake":0},{"Torii":121,"Snake Skull":140,"Whetstone":34,"Orichalcum":69,"MawBank":69,"Anchor":21,"Dream Catcher":121,"Busted Crown":92,"Shuriken":27,"Mummified Hand":83,"Bird Faced Urn":57,"MealTicket":17,"Coffee Dripper":49,"Red Mask":76,"Art of War":163,"TungstenRod":34,"Unceasing Top":40,"InkBottle":73,"Ring of the Snake":0}],"TungstenRod":85,"Unceasing Top":[55],"InkBottle":[72],"Ring of the Snake":[58]},"card_choices":[{"not_picked":["Underhanded Strike","Dagger Spray"],"picked":"Crippling Poison","floor":1.0},{"not_picked":["Backflip","Blade Dance"],"picked":"Deadly Poison","floor":5.0},{"not_picked":["Dagger Spray","Riddle With Holes"],"picked":"Crippling Poison","floor":6.0},{"not_picked":["Deflect","Predator","Distraction"],"picked":"SKIP","floor":8.0},{"not_picked":["Envenom","Storm of Steel"],"picked":"Backflip","floor":10.0},{"not_picked":["Reflex","Choke","Infinite Blades"],"picked":"SKIP","floor":12.0},{"not_picked":["Cloak And Dagger","Accuracy"],"picked":"Deflect","floor":14.0},{"not_picked":["Die Die Die","Night Terror"],"picked":"Tools of the Trade","floor":16.0},{"not_picked":["Terror+1","Poisoned Stab+1"],"picked":"Backflip+1","floor":18.0},{"not_picked":["Bane","Flying Knee"],"picked":"Escape Plan+1","floor":19.0},{"not_picked":["Flechettes","Distraction","Quick Slash"],"picked":"SKIP","floor":21.0},{"not_picked":["Deadly Poison","Grand Finale","Bane"],"picked":"SKIP","floor":24.0},{"not_picked":["Backstab","Heel Hook","Outmaneuver"],"picked":"SKIP","floor":27.0},{"not_picked":["Escape Plan","Dagger Throw+1"],"picked":"Footwork","floor":29.0},{"not_picked":["Phantasmal Killer","Storm of Steel"],"picked":"A Thousand Cuts","floor":33.0},{"not_picked":[],"picked":"Well Laid Plans+1","floor":35.0},{"not_picked":["Infinite Blades"],"picked":"SKIP","floor":36.0},{"not_picked":[],"picked":"Deflect","floor":37.0},{"not_picked":["Well Laid Plans"],"picked":"SKIP","floor":38.0},{"not_picked":[],"picked":"PiercingWail","floor":39.0},{"not_picked":["Slice"],"picked":"SKIP","floor":41.0},{"not_picked":[],"picked":"Blade Dance+1","floor":46.0},{"not_picked":[],"picked":"Escape Plan","floor":48.0},{"not_picked":["Dagger Throw"],"picked":"SKIP","floor":49.0},{"not_picked":["Slice+1"],"picked":"SKIP","floor":56.0}],"player_experience":3048310,"relics_obtained":[{"floor":6.0,"key":"MealTicket"},{"floor":9.0,"key":"Anchor"},{"floor":10.0,"key":"Shuriken"},{"floor":12.0,"key":"Whetstone"},{"floor":14.0,"key":"Unceasing Top"},{"floor":24.0,"key":"MawBank"},{"floor":26.0,"key":"Orichalcum"},{"floor":27.0,"key":"InkBottle"},{"floor":28.0,"key":"Red Mask"},{"floor":29.0,"key":"Mummified Hand"},{"floor":41.0,"key":"Dream Catcher"},{"floor":49.0,"key":"Snake Skull"},{"floor":56.0,"key":"Art of War"}],"event_choices":[{"damage_healed":0.0,"max_hp_gain":5.0,"max_hp_loss":0.0,"gold_gain":0.0,"event_name":"Big Fish","player_choice":"Donut","floor":2.0,"gold_loss":0.0,"damage_taken":0.0},{"damage_healed":0.0,"max_hp_gain":0.0,"max_hp_loss":0.0,"gold_gain":0.0,"event_name":"Liars Game","player_choice":"Ignored","floor":3.0,"gold_loss":0.0,"damage_taken":0.0},{"damage_healed":0.0,"max_hp_gain":0.0,"max_hp_loss":0.0,"gold_gain":0.0,"event_name":"WeMeetAgain","player_choice":"Gave Potion","floor":13.0,"gold_loss":0.0,"damage_taken":0.0,"relics_obtained":["TungstenRod"]},{"damage_healed":0.0,"max_hp_gain":0.0,"max_hp_loss":0.0,"gold_gain":0.0,"event_name":"Addict","player_choice":"Obtained Relic","floor":20.0,"gold_loss":85.0,"damage_taken":0.0,"relics_obtained":["Bird Faced Urn"]},{"damage_healed":0.0,"max_hp_gain":0.0,"max_hp_loss":0.0,"gold_gain":50.0,"event_name":"Nest","player_choice":"Stole From Cult","floor":22.0,"gold_loss":0.0,"damage_taken":0.0},{"damage_healed":0.0,"max_hp_gain":0.0,"max_hp_loss":0.0,"gold_gain":0.0,"event_name":"Masked Bandits","player_choice":"Fought Bandits","floor":28.0,"gold_loss":0.0,"damage_taken":0.0},{"damage_healed":0.0,"max_hp_gain":0.0,"max_hp_loss":0.0,"gold_gain":0.0,"event_name":"Lab","player_choice":"Got Potions","floor":30.0,"gold_loss":0.0,"damage_taken":0.0}],"is_beta":false,"boss_relics":[{"not_picked":["Pandora\u0027s Box","SlaversCollar"],"picked":"Coffee Dripper"},{"not_picked":["Runic Pyramid","SacredBark"],"picked":"Busted Crown"}],"items_purged_floors":[11,31],"is_endless":false,"potions_floor_spawned":[6,8,19,24,27,29,33,36,38,46,49,56],"ascension_level":20}}