{"host":"jzhosqkmc1ht3q4y","time":1613841079,"event":{"mods":["100% Spire Juice","Act Like it!","Arknights","BaseMod","Better Third Choice","Colored Map","Minty Spire (QoL Compilation)","Rare Cards Sparkle","StSLib","SuperFastMode"],"gold_per_floor":[117,42,60,60,10,41,58,83,134,134,146,173,215,242,254,365,377,404,416,428,37,63,63,95,95,120,136,170,188,188,208,88,190,190,203,203,102,114,127,127,157,157,157,177,204,231,246,41,41,41,41,41,17,46,46],"floor_reached":56,"language":"KOR","playtime":1961,"items_purged":["Moonworks:Strike","Writhe","Decay"],"score":1549,"play_id":"79449c7d-7b95-4b56-9d97-d8bc7c4729ad","local_time":"20210221021118","is_ascension_mode":true,"campfire_choices":[{"data":"Moonworks:EvilSpyWorkPreparation","floor":15.0,"key":"SMITH"},{"data":"Moonworks:Accelerator","floor":23.0,"key":"SMITH"},{"data":"Moonworks:EvilSpyWorkPreparation","floor":25.0,"key":"SMITH"},{"data":"Moonworks:TreasureThief","floor":30.0,"key":"SMITH"},{"data":"Moonworks:NicePresent","floor":32.0,"key":"SMITH"},{"data":"Moonworks:AnotherUltimateWeapon","floor":40.0,"key":"SMITH"},{"data":"Moonworks:HolyNight","floor":42.0,"key":"SMITH"},{"floor":49.0,"key":"RECALL"},{"data":"Moonworks:MetallicMonocoque","floor":52.0,"key":"SMITH"}],"circlet_count":0,"master_deck":["Moonworks:Strike","Moonworks:Strike","Moonworks:Strike","Moonworks:Defend","Moonworks:Defend","Moonworks:Defend","Moonworks:Defend","Moonworks:Ambush+1","Moonworks:LongDistanceShot","Moonworks:AwakeningOfTalent","Moonworks:Flamethrower","Moonworks:EvilSpyWorkPreparation+1","Moonworks:EvilSpyWorkPreparation+1","Moonworks:MiracleRedBeanIceCream","Moonworks:RedAndBlue","Hello World","Moonworks:MiracleRedBeanIceCream","Moonworks:Accelerator+1","Moonworks:TreasureThief+1","Moonworks:NicePresent+1","Moonworks:AnotherUltimateWeapon+1","Moonworks:HolyNight+1","Moonworks:MiracleRedBeanIceCream","Moonworks:SubspaceTunnel","Moonworks:ForcedRevival","Moonworks:MetallicMonocoque+1","Injury","Moonworks:Bloodlust","Moonworks:ScrambledEve","Moonworks:NicePresent"],"relics":["Moonworks:BrokenBomb","Moonworks:Homemark","HornCleat","Toy Ornithopter","Strawberry","MawBank","Tiny Chest","SlaversCollar","CaptainsWheel","Sling","PreservedInsect","Bag of Marbles","Lantern","Oddly Smooth Stone","Pear","Cursed Key","Bag of Preparation","Anchor","Centennial Puzzle","Happy Flower"],"acts_visited":["Exordium","TheCity","TheBeyond","TheEnding"],"potions_floor_usage":[55],"damage_taken":[{"damage":1.0,"enemies":"Cultist","floor":1.0,"turns":3.0},{"damage":3.0,"enemies":"Small Slimes","floor":3.0,"turns":5.0},{"damage":21.0,"enemies":"3 Sentries","floor":6.0,"turns":4.0},{"damage":7.0,"enemies":"2 Louse","floor":7.0,"turns":2.0},{"damage":0.0,"enemies":"Gremlin Nob","floor":8.0,"turns":3.0},{"damage":0.0,"enemies":"Large Slime","floor":12.0,"turns":3.0},{"damage":13.0,"enemies":"Lagavulin","floor":13.0,"turns":5.0},{"damage":10.0,"enemies":"Gremlin Gang","floor":14.0,"turns":3.0},{"damage":0.0,"enemies":"Slime Boss","floor":16.0,"turns":6.0},{"damage":16.0,"enemies":"Shell Parasite","floor":18.0,"turns":4.0},{"damage":0.0,"enemies":"Gremlin Leader","floor":24.0,"turns":4.0},{"damage":10.0,"enemies":"2 Thieves","floor":27.0,"turns":3.0},{"damage":21.0,"enemies":"Slavers","floor":28.0,"turns":4.0},{"damage":4.0,"enemies":"3 Cultists","floor":29.0,"turns":3.0},{"damage":42.0,"enemies":"Snecko","floor":31.0,"turns":6.0},{"damage":0.0,"enemies":"Collector","floor":33.0,"turns":3.0},{"damage":24.0,"enemies":"3 Darklings","floor":35.0,"turns":3.0},{"damage":4.0,"enemies":"3 Shapes","floor":38.0,"turns":3.0},{"damage":18.0,"enemies":"Spire Growth","floor":39.0,"turns":4.0},{"damage":20.0,"enemies":"Reptomancer","floor":41.0,"turns":4.0},{"damage":10.0,"enemies":"Writhing Mass","floor":44.0,"turns":4.0},{"damage":39.0,"enemies":"Nemesis","floor":45.0,"turns":5.0},{"damage":14.0,"enemies":"Sphere and 2 Shapes","floor":47.0,"turns":3.0},{"damage":57.0,"enemies":"Awakened One","floor":50.0,"turns":7.0},{"damage":34.0,"enemies":"Shield and Spear","floor":54.0,"turns":3.0},{"damage":69,"enemies":"The Heart","floor":55,"turns":6}],"seed_played":"-921934371176967562","potions_obtained":[{"floor":3.0,"key":"Swift Potion"},{"floor":7.0,"key":"DuplicationPotion"},{"floor":8.0,"key":"FearPotion"},{"floor":12.0,"key":"FairyPotion"}],"is_trial":false,"path_per_floor":["M","$","M","?","$","E","M","E","T","?","?","M","E","M","R","B",null,"M","?","?","$","T","R","E","R","T","M","E","M","R","M","R","B",null,"M","?","$","M","M","R","E","R","T","M","E","T","M","$","R","B",null,"R","$","E","B",null],"character_chosen":"THE_STARBREAKER","items_purchased":["Moonworks:EvilSpyWorkPreparation","Sling","PreservedInsect","Moonworks:OneHundredPercentOrangeJuicePotion","Moonworks:ScrambledEve","Moonworks:NicePresent"],"campfire_rested":0,"item_purchase_floors":[5,21,21,37,48,53],"current_hp_per_floor":[59,59,56,56,56,35,28,33,40,26,67,67,54,49,49,59,67,58,58,46,46,46,46,56,56,56,51,50,51,51,19,19,29,82,58,58,58,54,56,56,46,46,46,51,27,27,29,29,29,10,82,82,82,63,33],"gold":46,"neow_bonus":"UPGRADE_CARD","is_daily":false,"chose_seed":false,"campfire_upgraded":8,"win_rate":0.0,"timestamp":1613841078,"path_taken":["M","?","M","?","$","E","?","E","T","?","?","M","E","?","R","BOSS","M","?","?","$","?","R","E","R","T","M","E","M","R","M","R","BOSS","M","?","?","?","M","R","E","R","T","M","E","?","M","$","R","BOSS","R","$","E","BOSS"],"items_purchased_type":["Card","Relic","Relic","Potion","Card","Card"],"build_version":"2020-12-22","purchased_purges":3,"victory":true,"max_hp_per_floor":[60,60,60,60,60,60,60,60,67,67,67,67,67,67,67,67,67,67,67,72,72,72,72,72,72,72,72,82,82,82,82,82,82,82,82,82,82,82,82,82,82,82,82,82,82,82,82,82,82,82,82,82,82,82,82],"card_choices":[{"not_picked":["Moonworks:JonathanRush","Moonworks:SakisCookie"],"picked":"Moonworks:AwakeningOfTalent","floor":1.0},{"not_picked":["Moonworks:CloudOfSeagulls","Moonworks:ForcedRevival"],"picked":"Moonworks:Flamethrower","floor":3.0},{"not_picked":["Moonworks:ExtendedPhotonRifle","Moonworks:ImOnFire"],"picked":"Moonworks:EvilSpyWorkPreparation","floor":6.0},{"not_picked":["Moonworks:Assault","Moonworks:SealedMemories","Moonworks:MiracleRedBeanIceCream"],"picked":"SKIP","floor":7.0},{"not_picked":["Moonworks:Assault","Moonworks:SealedMemories"],"picked":"Moonworks:MiracleRedBeanIceCream","floor":7.0},{"not_picked":["Moonworks:ImOnFire","Moonworks:IndiscriminateFireSupport"],"picked":"Moonworks:RedAndBlue","floor":8.0},{"not_picked":["Moonworks:Assault","Moonworks:AngelHand","Moonworks:BindingChains"],"picked":"SKIP","floor":12.0},{"not_picked":["Moonworks:WeAreWaruda","Moonworks:CastOff","Moonworks:IntelligenceOfficer"],"picked":"SKIP","floor":13.0},{"not_picked":["Moonworks:DeployBits","Moonworks:ForcedRevival"],"picked":"Moonworks:MiracleRedBeanIceCream","floor":14.0},{"not_picked":["Moonworks:PlushieMaster","Moonworks:Blazing"],"picked":"Moonworks:Accelerator","floor":16.0},{"not_picked":["Moonworks:SakisCookie","Moonworks:CompletionReward+1","Moonworks:Assault"],"picked":"SKIP","floor":18.0},{"not_picked":["Moonworks:SweetBattle","Moonworks:Assault+1"],"picked":"Moonworks:TreasureThief","floor":24.0},{"not_picked":["Moonworks:CastOff+1","Moonworks:ImOnFire+1","Moonworks:EvilSpyWorkPreparation"],"picked":"SKIP","floor":27.0},{"not_picked":["Moonworks:CloudOfSeagulls","Moonworks:JonathanRush+1"],"picked":"Moonworks:NicePresent","floor":28.0},{"not_picked":["Moonworks:FullSpeedAlicianrone","Moonworks:CloudOfSeagulls"],"picked":"Moonworks:AnotherUltimateWeapon","floor":29.0},{"not_picked":["Moonworks:NicePresent","Moonworks:IntelligenceOfficer+1","Moonworks:BigBangBell"],"picked":"SKIP","floor":31.0},{"not_picked":["Moonworks:SinkOrSwim","Moonworks:RocketCannon"],"picked":"Moonworks:HolyNight","floor":33.0},{"not_picked":["Moonworks:JonathanRush+1","Moonworks:EvilSpyWorkPreparation"],"picked":"Moonworks:MiracleRedBeanIceCream","floor":35.0},{"not_picked":["Moonworks:IndiscriminateFireSupport","Moonworks:ReproductionOfRecords"],"picked":"Moonworks:ForcedRevival","floor":38.0},{"not_picked":["Moonworks:ReproductionOfRecords","Moonworks:EvilSpyWorkPreparation+1","Moonworks:BeyondHell"],"picked":"SKIP","floor":39.0},{"not_picked":["Moonworks:NicePresent","Moonworks:DeployBits"],"picked":"Moonworks:MetallicMonocoque","floor":41.0},{"not_picked":["Moonworks:SelfDestruct+1","Moonworks:ImOnFire","Moonworks:NicePresent+1"],"picked":"SKIP","floor":44.0},{"not_picked":["Moonworks:MetallicMonocoque","Moonworks:BeyondHell+1"],"picked":"Moonworks:Bloodlust","floor":45.0},{"not_picked":["Moonworks:CompletionReward","Moonworks:UnpaidWork+1","Moonworks:DeployBits+1"],"picked":"SKIP","floor":47.0},{"not_picked":["Moonworks:ForcedRevival+1","Moonworks:CookingTime","Moonworks:UnluckyCharm"],"picked":"SKIP","floor":54.0}],"player_experience":793763,"relics_obtained":[{"floor":6.0,"key":"HornCleat"},{"floor":8.0,"key":"Toy Ornithopter"},{"floor":9.0,"key":"Strawberry"},{"floor":13.0,"key":"Tiny Chest"},{"floor":22.0,"key":"Bag of Marbles"},{"floor":24.0,"key":"Lantern"},{"floor":26.0,"key":"Oddly Smooth Stone"},{"floor":28.0,"key":"Pear"},{"floor":41.0,"key":"Bag of Preparation"},{"floor":45.0,"key":"Anchor"},{"floor":46.0,"key":"Centennial Puzzle"},{"floor":54.0,"key":"Happy Flower"}],"event_choices":[{"damage_healed":0.0,"max_hp_gain":0.0,"max_hp_loss":0.0,"gold_gain":0.0,"event_name":"The Woman in Blue","player_choice":"Bought 0 Potions","floor":4.0,"gold_loss":0.0,"damage_taken":0.0},{"damage_healed":41.0,"max_hp_gain":0.0,"max_hp_loss":0.0,"gold_gain":0.0,"event_name":"Wheel of Change","player_choice":"Full Heal","floor":11.0,"gold_loss":0.0,"damage_taken":0.0},{"damage_healed":0.0,"max_hp_gain":0.0,"max_hp_loss":0.0,"gold_gain":0.0,"event_name":"The Mausoleum","player_choice":"Opened","floor":19.0,"gold_loss":0.0,"damage_taken":0.0,"relics_obtained":["CaptainsWheel"],"cards_obtained":["Writhe"]},{"damage_healed":0.0,"max_hp_gain":5.0,"max_hp_loss":0.0,"gold_gain":0.0,"event_name":"Forgotten Altar","player_choice":"Shed Blood","floor":20.0,"gold_loss":0.0,"damage_taken":17.0},{"damage_healed":0.0,"max_hp_gain":0.0,"max_hp_loss":0.0,"gold_gain":0.0,"event_name":"betterThird:BetterPortal","player_choice":"Random: Orange","floor":36.0,"gold_loss":0.0,"damage_taken":0.0},{"damage_healed":0.0,"max_hp_gain":0.0,"max_hp_loss":0.0,"gold_gain":0.0,"event_name":"Match and Keep!","player_choice":"1 cards matched","floor":36.0,"gold_loss":0.0,"damage_taken":0.0,"cards_obtained":["Moonworks:SubspaceTunnel"]}],"is_beta":false,"boss_relics":[{"not_picked":["Moonworks:SBBomb","Velvet Choker"],"picked":"SlaversCollar"},{"not_picked":["Philosopher\u0027s Stone","Empty Cage"],"picked":"Cursed Key"}],"items_purged_floors":[2,21,48],"is_endless":false,"potions_floor_spawned":[3,7,8,12,24,27,29,35,39,44,45,47],"ascension_level":2}}