{"host":"9nqlpswyo8o6ezw3","time":1613781767,"event":{"mods":["Act Like it!","BaseMod","Colored Powertips","Downfall","Hallownest","Hermit","Lobotomy","LobotomyExtend","Marisa????????","Minty Spire (QoL Compilation)","StSLib","The Bug Knight","The Cursed"],"gold_per_floor":[113,129,129,155,168,168,168,21,48,68,68,85,85,101,101,205,205,220,239,239,439,459,459,273,273,297,242,242],"floor_reached":27,"language":"ENG","playtime":1419,"items_purged":[],"score":205,"play_id":"16cc6208-b97a-4772-abf9-70c15d024593","local_time":"20210219194247","is_ascension_mode":false,"campfire_choices":[{"data":"hermit:Combo","floor":11,"key":"SMITH"},{"floor":15,"key":"REST"},{"data":"hermit:CursedWeapon","floor":23,"key":"SMITH"}],"circlet_count":0,"master_deck":["hermit:Strike_Hermit","hermit:Strike_Hermit","hermit:Strike_Hermit+1","hermit:Strike_Hermit","hermit:Defend_Hermit","hermit:Defend_Hermit","hermit:Defend_Hermit","hermit:Defend_Hermit","hermit:Snapshot","hermit:Covet","Wellcheers","hermit:Deadeye+1","UniverseFragment","hermit:EyeOfTheStorm","hermit:CalledShot","hermit:BigShot","hermit:CursedWeapon+1","OldLady","hermit:Combo+1","Freischutz","hermit:Maintenance","hermit:HeroicBravado","hermit:FullyLoaded","hermit:Combo+1","hermit:PistolWhip+1","DreamingCurrent","hermit:Headshot","Decay","downfall:Bewildered"],"relics":["hermit:Momento","CogitoBucket","RabbitCall","LetterFromLob","Ancient Tea Set","Gaze_r","MagicBullet_r","FaceOfCleric","Whetstone","Cursed Key","Toy Ornithopter"],"acts_visited":["Exordium","TheCity"],"potions_floor_usage":[24],"damage_taken":[{"damage":1,"enemies":"Cultist","floor":1,"turns":3},{"damage":8,"enemies":"Jaw Worm","floor":2,"turns":3},{"damage":0,"enemies":"2 Louse","floor":5,"turns":2},{"damage":20,"enemies":"Lagavulin","floor":6,"turns":5},{"damage":2,"enemies":"Gremlin Gang","floor":10,"turns":5},{"damage":0,"enemies":"Large Slime","floor":12,"turns":1},{"damage":9,"enemies":"Red Slaver","floor":14,"turns":4},{"damage":1,"enemies":"Slime Boss","floor":16,"turns":8},{"damage":4,"enemies":"Spheric Guardian","floor":18,"turns":3},{"damage":23,"enemies":"2 Thieves","floor":19,"turns":4},{"damage":2,"enemies":"Centurion and Healer","floor":22,"turns":3},{"damage":39,"enemies":"Shelled Parasite and Fungi","floor":24,"turns":6}],"seed_played":"-6937198798807799469","potions_obtained":[{"floor":1,"key":"sneckomod:MuddlingPotion"},{"floor":2,"key":"hermit:Eclipse"},{"floor":5,"key":"Swift Potion"},{"floor":24,"key":"hexamod:SoulburnPotion"}],"is_trial":false,"path_per_floor":["M","M","?","T","M","E","?","$","T","M","R","M","?","M","R","B",null,"M","M","?","?","M","R","M","?","T","M"],"character_chosen":"HERMIT","items_purchased":["hermit:BigShot","hermit:CursedWeapon"],"campfire_rested":1,"item_purchase_floors":[8,8],"current_hp_per_floor":[74,66,66,66,69,49,49,49,49,51,51,52,52,44,67,73,79,76,54,54,54,56,56,21,21,21,0,0],"gold":242,"neow_bonus":"","is_daily":false,"chose_seed":false,"campfire_upgraded":2,"win_rate":0.0,"timestamp":1613781767,"path_taken":["M","M","?","?","M","E","?","$","T","?","R","M","?","?","R","BOSS","M","M","?","?","?","R","M","?","T","M"],"items_purchased_type":["Card","Card"],"build_version":"2020-12-22","purchased_purges":0,"victory":false,"max_hp_per_floor":[75,75,75,75,75,75,75,75,75,76,76,77,77,78,78,79,79,80,81,81,81,82,82,83,83,83,83,83],"card_choices":[{"not_picked":["DespairKnight","BeautyBeast"],"picked":"Wellcheers","floor":1},{"not_picked":["hermit:Feint","hermit:SprayPray"],"picked":"hermit:Deadeye","floor":1},{"not_picked":["SpiderBud","LongBird","Murderer"],"picked":"Singing Bowl","floor":2},{"not_picked":["VoidDream","CherryBlossoms"],"picked":"UniverseFragment","floor":2},{"not_picked":["hermit:Midnight","hermit:HoleUp"],"picked":"hermit:EyeOfTheStorm","floor":2},{"not_picked":["MeatLantern","FairyFestival","BeautyBeast"],"picked":"Singing Bowl","floor":5},{"not_picked":["hermit:Roulette","hermit:Manifest"],"picked":"hermit:CalledShot","floor":5},{"not_picked":["Scorched","LittlePrince","RedShoes"],"picked":"Singing Bowl","floor":10},{"not_picked":["WallGazer","VoidDream"],"picked":"OldLady","floor":10},{"not_picked":["hermit:Quickdraw","hermit:HighCaliber"],"picked":"hermit:Combo","floor":10},{"not_picked":["OSAHOGD","SpiderBud","WallGazer"],"picked":"Singing Bowl","floor":12},{"not_picked":["MeatLantern","BlackSwan"],"picked":"Freischutz","floor":12},{"not_picked":["hermit:Grudge","hermit:Scavenge","hermit:SprayPray"],"picked":"SKIP","floor":12},{"not_picked":["SpiderBud","Variant","Murderer"],"picked":"Singing Bowl","floor":14},{"not_picked":["hermit:TrackingShot","hermit:Ricochet"],"picked":"hermit:Maintenance","floor":14},{"not_picked":["VoidDream","Laetitia","LaLuna"],"picked":"Singing Bowl","floor":16},{"not_picked":["hermit:FinalCanter","hermit:Adapt"],"picked":"hermit:HeroicBravado","floor":16},{"not_picked":["CrumblingArmor","Porccubus","LaLuna"],"picked":"Singing Bowl","floor":18},{"not_picked":["hermit:Manifest","hermit:Maintenance"],"picked":"hermit:FullyLoaded","floor":18},{"not_picked":["Yin","HappyTeddy","BlackArmy"],"picked":"Singing Bowl","floor":19},{"not_picked":["hermit:CalledShot","hermit:TrackingShot"],"picked":"hermit:Combo+1","floor":19},{"not_picked":["PunishingBird","CrumblingArmor","DespairKnight"],"picked":"Singing Bowl","floor":22},{"not_picked":["hermit:Virtue","hermit:Snipe+1"],"picked":"hermit:PistolWhip+1","floor":22},{"not_picked":["Scorched","MeatLantern","BlackSwan"],"picked":"Singing Bowl","floor":24},{"not_picked":["VoidDream","MeatLantern"],"picked":"DreamingCurrent","floor":24},{"not_picked":["hermit:Coalescence","hermit:GoldenBullet"],"picked":"hermit:Headshot","floor":24}],"player_experience":77214,"relics_obtained":[{"floor":1,"key":"LetterFromLob"},{"floor":4,"key":"Ancient Tea Set"},{"floor":9,"key":"Whetstone"},{"floor":26,"key":"Toy Ornithopter"}],"event_choices":[{"damage_healed":0,"gold_gain":0,"player_choice":"Ignored","damage_taken":0,"max_hp_gain":0,"max_hp_loss":0,"event_name":"Liars Game","floor":3,"gold_loss":0},{"damage_healed":0,"gold_gain":0,"player_choice":"Trade","damage_taken":0,"relics_obtained":["FaceOfCleric"],"max_hp_gain":0,"max_hp_loss":0,"event_name":"FaceTrader","floor":7,"gold_loss":0},{"damage_healed":0,"gold_gain":0,"player_choice":"Ignored","damage_taken":0,"max_hp_gain":0,"max_hp_loss":0,"event_name":"NoteForYourself","floor":13,"gold_loss":0},{"damage_healed":0,"gold_gain":0,"player_choice":"Ignored","damage_taken":0,"max_hp_gain":0,"max_hp_loss":0,"event_name":"Vampires","floor":20,"gold_loss":0},{"damage_healed":0,"gold_gain":250,"player_choice":"Bet on Owner","damage_taken":0,"max_hp_gain":0,"max_hp_loss":0,"event_name":"The Joust","floor":21,"gold_loss":50},{"damage_healed":0,"gold_gain":0,"player_choice":"Smashed Altar","damage_taken":0,"max_hp_gain":0,"max_hp_loss":0,"event_name":"Forgotten Altar","floor":25,"gold_loss":0,"cards_obtained":["Decay"]}],"is_beta":false,"boss_relics":[{"not_picked":["hermit:DentedPlate","Tiny House"],"picked":"Cursed Key"}],"items_purged_floors":[],"is_endless":false,"potions_floor_spawned":[1,2,5,16,18,19,24],"killed_by":"Sentry and Sphere","ascension_level":0}}