{"host":"iodn1af76021fjto","time":1613806029,"event":{"mods":["AchievementEnabler","BaseMod","BetterRewards","Colored Map","Downfall","Hermit","Infinite Spire","Jorbs\u0027s Wanderer Trilogy","Minty Spire (QoL Compilation)","Quick Restart","StSLib","SuperFastMode","The Cursed","The Hierophant","The Jungle","The Runesmith","The Servant 0.9.4"],"gold_per_floor":[119,119,119,194,204,231,231,245,245,23,36,36,61,26,26,125,125,144,162,162,179,194,194,194,194],"floor_reached":24,"language":"ENG","playtime":468,"items_purged":[],"score":294,"play_id":"000f3cf8-8f45-4728-af3e-f82fdaa92c91","local_time":"20210220022709","is_ascension_mode":true,"campfire_choices":[{"data":"infinitespire:Oblivion","floor":7,"key":"SMITH"},{"data":"Echo Form","floor":15,"key":"SMITH"},{"floor":23,"key":"REST"}],"circlet_count":0,"master_deck":["Strike_B","Strike_B","Strike_B","Strike_B","Defend_B","Defend_B","Defend_B","Defend_B","Zap","Dualcast","Redo","infinitespire:Oblivion+1","Leap","Loop","Ball Lightning","Echo Form+1","Amplify","Conserve Battery","Ball Lightning+1"],"relics":["Cracked Core","NeowsBlessing","Mercury Hourglass","PreservedInsect","Tiny Chest","Anchor"],"acts_visited":["Exordium","TheCity"],"potions_floor_usage":[13],"damage_taken":[{"damage":0,"enemies":"2 Louse","floor":1,"turns":1},{"damage":0,"enemies":"Jaw Worm","floor":5,"turns":1},{"damage":0,"enemies":"3 Sentries","floor":6,"turns":1},{"damage":0,"enemies":"Cultist","floor":8,"turns":2},{"damage":8,"enemies":"Blue Slaver","floor":11,"turns":2},{"damage":0,"enemies":"Lagavulin","floor":13,"turns":2},{"damage":27,"enemies":"The Guardian","floor":16,"turns":7},{"damage":29,"enemies":"2 Thieves","floor":18,"turns":3},{"damage":6,"enemies":"3 Byrds","floor":19,"turns":3},{"damage":11,"enemies":"Sentry and Sphere","floor":21,"turns":5},{"damage":32,"enemies":"Shelled Parasite and Fungi","floor":22,"turns":7},{"damage":26,"enemies":"Slavers","floor":24,"turns":3}],"seed_played":"6331070026463617462","potions_obtained":[{"floor":1,"key":"AttackPotion"},{"floor":5,"key":"ColorlessPotion"},{"floor":13,"key":"EssenceOfDarkness"},{"floor":18,"key":"FearPotion"}],"is_trial":false,"path_per_floor":["M","$","?","?","M","E","R","M","T","$","M","?","E","?","R","B",null,"M","M","$","M","M","R","E"],"character_chosen":"DEFECT","items_purchased":["Tiny Chest","Loop"],"campfire_rested":1,"item_purchase_floors":[10,10],"current_hp_per_floor":[75,75,57,46,46,46,46,46,46,46,38,43,43,63,63,36,80,51,45,45,34,2,26,0,0],"gold":194,"neow_bonus":"THREE_ENEMY_KILL","is_daily":false,"chose_seed":false,"campfire_upgraded":2,"win_rate":0.0,"timestamp":1613806029,"path_taken":["M","$","?","?","M","E","R","M","T","?","?","?","E","?","R","BOSS","M","M","$","M","M","R","E"],"items_purchased_type":["Relic","Card"],"build_version":"2020-12-22","purchased_purges":0,"victory":false,"max_hp_per_floor":[75,75,75,75,75,75,75,75,75,75,75,80,80,80,80,80,80,80,80,80,80,80,80,80,80],"card_choices":[{"not_picked":["Hello World","Gash"],"picked":"Redo","floor":1},{"not_picked":["infinitespire:Execution","infinitespire:SealOfDarkness+"],"picked":"infinitespire:Oblivion","floor":3},{"not_picked":["Double Energy","Stack","Sweeping Beam"],"picked":"SKIP","floor":5},{"not_picked":["Stack","Chill","Doom and Gloom"],"picked":"SKIP","floor":6},{"not_picked":["Reboot","Barrage"],"picked":"Leap","floor":8},{"not_picked":["Consume","Double Energy"],"picked":"Ball Lightning","floor":11},{"not_picked":["Stack","Capacitor"],"picked":"Echo Form","floor":13},{"not_picked":["Multi-Cast","Core Surge"],"picked":"Amplify","floor":16},{"not_picked":["White Noise","Skim","Lockon"],"picked":"SKIP","floor":18},{"not_picked":["Turbo","Hologram"],"picked":"Conserve Battery","floor":19},{"not_picked":["Redo","Rebound","Conserve Battery"],"picked":"SKIP","floor":21},{"not_picked":["Hello World+1","Rebound"],"picked":"Ball Lightning+1","floor":22}],"player_experience":281810,"relics_obtained":[{"floor":6,"key":"Mercury Hourglass"},{"floor":9,"key":"PreservedInsect"},{"floor":13,"key":"Anchor"}],"event_choices":[{"damage_healed":0,"gold_gain":75,"player_choice":"Gather Gold","damage_taken":11,"max_hp_gain":0,"max_hp_loss":0,"event_name":"World of Goop","floor":4,"gold_loss":0},{"damage_healed":0,"gold_gain":0,"player_choice":"Donut","damage_taken":0,"max_hp_gain":5,"max_hp_loss":0,"event_name":"Big Fish","floor":12,"gold_loss":0},{"damage_healed":20,"gold_gain":0,"player_choice":"Healed","damage_taken":0,"max_hp_gain":0,"max_hp_loss":0,"event_name":"The Cleric","floor":14,"gold_loss":35}],"is_beta":false,"boss_relics":[{"not_picked":["FrozenCore","Cursed Key","Snecko Eye"]}],"items_purged_floors":[],"is_endless":false,"potions_floor_spawned":[1,5,13,18],"killed_by":"Slavers","ascension_level":3}}