{"host":"gaqyve1328ta0etl","time":1613825017,"event":{"mods":["BaseMod","Colored Map","Colored Powertips","Duelist Mod","Googly Eyes","Hero for Fun","Minty Spire (QoL Compilation)","Shop Mod","StSLib","SuperFastMode","The Hierophant","The Runesmith"],"gold_per_floor":[141,141,7,24,24,24,24,38,65,96,107,125,125,139,139,217,217,230,130,147,147,147,147,147,147,147,147,22,22,39,73,73,152,152,171,21,33,33,46,73,73,107,134,134,134,134,479,494,494,494],"floor_reached":51,"language":"ENG","playtime":1697,"items_purged":["theDuelist:Sparks","theDuelist:Wildfire+1","theDuelist:BeaverWarrior","theDuelist:GiantSoldier"],"score":1515,"play_id":"ab5e00cc-a6d4-4dc4-b7dc-72158df6c526","local_time":"20210220044337","is_ascension_mode":true,"campfire_choices":[{"data":"theDuelist:Nameless:War:AssaultArmor","floor":6,"key":"SMITH"},{"floor":13,"key":"REST"},{"data":"theDuelist:Wildfire","floor":15,"key":"SMITH"},{"data":"theDuelist:CombinationAttack+1","floor":23,"key":"SMITH"},{"data":"theDuelist:CombinationAttack+2","floor":25,"key":"SMITH"},{"data":"theDuelist:CombinationAttack+3","floor":27,"key":"SMITH"},{"data":"theDuelist:CombinationAttack+4","floor":29,"key":"SMITH"},{"data":"theDuelist:CombinationAttack+5","floor":32,"key":"SMITH"},{"data":"theDuelist:KamionTimelord","floor":41,"key":"SMITH"},{"data":"theDuelist:AmuletAmbition","floor":45,"key":"SMITH"},{"data":"theDuelist:AmuletAmbition+1","floor":49,"key":"SMITH"}],"circlet_count":0,"master_deck":["AscendersBane","theDuelist:FinalFlame","theDuelist:GiantSoldier","theDuelist:ScrapFactory","theDuelist:PowerKaishin+1","theDuelist:RainbowNeos","theDuelist:Nameless:War:AssaultArmor+1","theDuelist:Eva","theDuelist:RainbowNeos","theDuelist:Eva","theDuelist:RainbowKuriboh","theDuelist:ElectromagneticShield+1","theDuelist:CombinationAttack+6","theDuelist:BigFire+1","theDuelist:AmuletAmbition+2","theDuelist:KamionTimelord+1"],"relics":["theDuelist:MillenniumPuzzle","theDuelist:CardPoolRelic","theDuelist:CardPoolBasicRelic","theDuelist:BoosterPackPoolRelic","theDuelist:CardPoolAddRelic","theDuelist:CardPoolMinusRelic","theDuelist:CardPoolSaveRelic","theDuelist:CardPoolOptionsRelic","NeowsBlessing","theDuelist:NamelessPowerRelicB","Strawberry","InkBottle","Astrolabe","Anchor","theDuelist:MerchantNecklace","Busted Crown","theDuelist:CursedHealer","Unceasing Top","Toy Ornithopter","Bronze Scales","Tough Bandages","Old Coin","theDuelist:ElectricBurst"],"acts_visited":["Exordium","TheCity","TheBeyond"],"potions_floor_usage":[10,16,39,50],"damage_taken":[{"damage":0,"enemies":"Small Slimes","floor":1,"turns":1},{"damage":0,"enemies":"2 Louse","floor":4,"turns":1},{"damage":0,"enemies":"Cultist","floor":8,"turns":1},{"damage":33,"enemies":"Gremlin Nob","floor":10,"turns":5},{"damage":0,"enemies":"3 Louse","floor":11,"turns":2},{"damage":0,"enemies":"2 Fungi Beasts","floor":12,"turns":4},{"damage":4,"enemies":"Red Slaver","floor":14,"turns":2},{"damage":5,"enemies":"Hexaghost","floor":16,"turns":12},{"damage":4,"enemies":"2 Thieves","floor":18,"turns":4},{"damage":0,"enemies":"Chosen","floor":20,"turns":6},{"damage":0,"enemies":"Snake Plant","floor":30,"turns":5},{"damage":9,"enemies":"Book of Stabbing","floor":31,"turns":8},{"damage":13,"enemies":"Automaton","floor":33,"turns":12},{"damage":7,"enemies":"3 Darklings","floor":35,"turns":5},{"damage":0,"enemies":"3 Shapes","floor":37,"turns":5},{"damage":0,"enemies":"Spire Growth","floor":39,"turns":8},{"damage":0,"enemies":"Reptomancer","floor":40,"turns":6},{"damage":0,"enemies":"Giant Head","floor":42,"turns":7},{"damage":0,"enemies":"Giant Head","floor":47,"turns":6},{"damage":0,"enemies":"Maw","floor":48,"turns":5},{"damage":0,"enemies":"Donu and Deca","floor":50,"turns":9}],"seed_played":"5500346939943938423","potions_obtained":[{"floor":1,"key":"SteroidPotion"},{"floor":8,"key":"theDuelist:LavaBottle"},{"floor":11,"key":"theDuelist:StunPotion"},{"floor":12,"key":"Regen Potion"},{"floor":24,"key":"theDuelist:ExtraOrbsBottle"},{"floor":47,"key":"theDuelist:SteelBrew"}],"is_trial":false,"path_per_floor":["M","?","$","M","?","R","?","M","T","E","M","M","R","M","R","B",null,"M","$","M","?","?","R","?","R","T","R","$","R","M","E","R","B",null,"M","$","M","?","M","E","R","E","T","$","R","?","?","M","R","B",null],"character_chosen":"THE_DUELIST","items_purchased":["theDuelist:RainbowNeos"],"campfire_rested":1,"item_purchase_floors":[3],"current_hp_per_floor":[63,63,63,63,63,63,63,63,70,37,37,37,58,54,54,64,71,67,67,67,67,67,67,67,67,67,67,67,67,67,58,58,45,66,59,59,59,73,73,73,73,73,73,73,73,73,73,71,71,69],"gold":494,"neow_bonus":"THREE_ENEMY_KILL","is_daily":false,"chose_seed":false,"campfire_upgraded":10,"win_rate":0.0,"timestamp":1613825017,"path_taken":["M","?","$","M","?","R","?","M","T","E","M","M","R","M","R","BOSS","M","$","M","?","?","R","?","R","T","R","$","R","?","E","R","BOSS","M","$","M","?","M","E","R","E","T","$","R","?","?","M","R","BOSS"],"items_purchased_type":["Card"],"build_version":"2020-12-22","purchased_purges":4,"victory":true,"max_hp_per_floor":[70,70,70,70,66,66,66,66,73,73,73,73,73,73,73,73,73,73,73,73,73,73,73,73,73,73,73,73,73,73,73,73,73,73,73,73,73,73,73,73,73,73,73,73,73,73,73,71,71,69],"card_choices":[{"not_picked":["theDuelist:Hinotama","theDuelist:SpiritHarp","theDuelist:MeteorDestruction","theDuelist:BlackPendant"],"picked":"theDuelist:PowerKaishin","floor":1},{"not_picked":["theDuelist:CoreBlaster","theDuelist:MiracleFertilizer","theDuelist:GravityAxe","theDuelist:ElectromagneticShield","theDuelist:Downbeat"],"picked":"SKIP","floor":4},{"not_picked":["theDuelist:SevenCompleted","theDuelist:ForbiddenLance"],"picked":"theDuelist:Wildfire","floor":8},{"not_picked":["theDuelist:MeteorDestruction","theDuelist:Hinotama","theDuelist:AfterTheStorm","theDuelist:MiracleFertilizer"],"picked":"theDuelist:Eva","floor":10},{"not_picked":["theDuelist:DoubleTool","theDuelist:CoreBlaster","theDuelist:BigFire","theDuelist:SangaEarth"],"picked":"theDuelist:RainbowNeos","floor":11},{"not_picked":["theDuelist:DoubleTool","theDuelist:RainbowNeos","theDuelist:Tuningware","theDuelist:BerserkerCrush"],"picked":"theDuelist:Eva","floor":12},{"not_picked":["theDuelist:InfernoFireBlast","theDuelist:DarkBurningAttack","theDuelist:GravityAxe","theDuelist:ElectromagneticShield","theDuelist:CrossAttack"],"picked":"SKIP","floor":14},{"not_picked":["theDuelist:RainbowNeos","theDuelist:KamionTimelord","theDuelist:Eva","theDuelist:RainbowOverdragon"],"picked":"theDuelist:RainbowKuriboh","floor":16},{"not_picked":["theDuelist:MeteorDestruction","theDuelist:DoubleTool","theDuelist:Sangan","theDuelist:InfernoFireBlast","theDuelist:Hinotama"],"picked":"SKIP","floor":18},{"not_picked":["theDuelist:CombinationAttack","theDuelist:Downbeat","theDuelist:Eva","theDuelist:ScrapFactory","theDuelist:PowerKaishin"],"picked":"SKIP","floor":20},{"not_picked":["theDuelist:BigFire","theDuelist:SwordDeepSeated","theDuelist:SpiritHarp","theDuelist:PowerKaishin+1","theDuelist:WormApocalypse"],"picked":"SKIP","floor":30},{"not_picked":["theDuelist:LightLaser","theDuelist:GridRod"],"picked":"theDuelist:AmuletAmbition","floor":31},{"not_picked":["theDuelist:RainbowNeos","theDuelist:HappyLover","theDuelist:RainbowKuriboh","theDuelist:RainbowOverdragon"],"picked":"theDuelist:KamionTimelord","floor":33},{"not_picked":["theDuelist:SpellShatteringArrow","theDuelist:Eva","theDuelist:Downbeat+1"],"picked":"SKIP","floor":35},{"not_picked":["theDuelist:WormApocalypse","theDuelist:MagicalStone+1","theDuelist:PreventRat+1"],"picked":"SKIP","floor":37},{"not_picked":["theDuelist:BigFire","theDuelist:ElectromagneticShield","theDuelist:CatapultZone"],"picked":"SKIP","floor":39},{"not_picked":["theDuelist:Nameless:War:AssaultArmor","theDuelist:BigFire","theDuelist:CatapultZone"],"picked":"SKIP","floor":40},{"not_picked":["theDuelist:DoubleTool+1","theDuelist:ScrapFactory+1","theDuelist:Eva"],"picked":"SKIP","floor":42},{"not_picked":["theDuelist:RainbowNeos+1","theDuelist:KamionTimelord","theDuelist:Eva"],"picked":"SKIP","floor":48}],"player_experience":2228505,"relics_obtained":[{"floor":9,"key":"Strawberry"},{"floor":10,"key":"InkBottle"},{"floor":26,"key":"Anchor"},{"floor":31,"key":"theDuelist:MerchantNecklace"},{"floor":40,"key":"Unceasing Top"},{"floor":42,"key":"Toy Ornithopter"},{"floor":43,"key":"Bronze Scales"},{"floor":47,"key":"Tough Bandages"},{"floor":47,"key":"Old Coin"},{"floor":47,"key":"theDuelist:ElectricBurst"}],"event_choices":[{"damage_healed":0,"gold_gain":0,"player_choice":"Leave","duelist":true,"damage_taken":0,"max_hp_gain":0,"max_hp_loss":0,"event_name":"Relic Duplicator","floor":2,"gold_loss":0},{"power_reward":3,"total_magic_score":33,"gold_gain":0,"duelist":true,"damage_taken":0,"relics_obtained":["theDuelist:NamelessPowerRelicB"],"points":7,"war_reward":4,"max_hp_gain":0,"max_hp_loss":4,"spent_points":{"magic":0,"greed":0,"war":4,"power":3,"hunger":0},"event_name":"Nameless Tomb","floor":5,"gold_loss":0,"cards_obtained":["theDuelist:Nameless:War:AssaultArmor"]},{"damage_healed":0,"gold_gain":0,"player_choice":"Upgraded","damage_taken":0,"max_hp_gain":0,"max_hp_loss":0,"event_name":"Upgrade Shrine","floor":7,"gold_loss":0,"cards_upgraded":["theDuelist:PowerKaishin"]},{"damage_healed":0,"gold_gain":0,"player_choice":"Ignored","damage_taken":0,"max_hp_gain":0,"max_hp_loss":0,"event_name":"The Mausoleum","floor":21,"gold_loss":0},{"cards_removed":["theDuelist:BeaverWarrior"],"damage_healed":0,"gold_gain":0,"player_choice":"Elegance","damage_taken":0,"max_hp_gain":0,"max_hp_loss":0,"event_name":"Back to Basics","floor":22,"gold_loss":0},{"damage_healed":0,"gold_gain":0,"player_choice":"Got Potions","damage_taken":0,"max_hp_gain":0,"max_hp_loss":0,"event_name":"Lab","floor":24,"gold_loss":0},{"damage_healed":0,"gold_gain":0,"player_choice":"Succumb - +25HP/Cursed Relic","duelist":true,"damage_taken":0,"max_hp_gain":0,"max_hp_loss":0,"event_name":"Tomb of the Nameless","floor":38,"gold_loss":0},{"damage_healed":0,"gold_gain":0,"player_choice":"Memory 1","damage_taken":0,"max_hp_gain":0,"max_hp_loss":0,"event_name":"SensoryStone","floor":46,"gold_loss":0},{"damage_healed":0,"gold_gain":0,"player_choice":"Fight","duelist":true,"damage_taken":0,"max_hp_gain":0,"max_hp_loss":0,"event_name":"Battle City","floor":47,"gold_loss":0}],"is_beta":false,"boss_relics":[{"not_picked":["Mark of Pain","Tiny House"],"picked":"Astrolabe"},{"not_picked":["Runic Dome","Philosopher\u0027s Stone"],"picked":"Busted Crown"}],"items_purged_floors":[3,19,28,36],"is_endless":false,"potions_floor_spawned":[1,8,11,12,30,35,37,47],"ascension_level":18}}