{"host":"w1l5t0a1l2lkq6my","time":1613816079,"event":{"mods":["100% Spire Juice","Bartender","BaseMod","Better Match","KinomotoSakuraMod(ñÿîVñ{?)","Lobotomy","LobotomyExtend","Magitek Elite","MarisaÅiñ∂âJÅ@ñÇóùçπÅj","Minty Spire (QoL Compilation)","Shapeshifter Mod","StSLib","The Animator","The Gatherer","The Senshi","Yuyuko"],"gold_per_floor":[120,137,147,147,158,158,173,173,197,44,78,78,78,89,89,194,194,194,123,149,149,45,45,58,76,101,115,115,40,40,60,60,157,157,177,227,238,251,264,264,281,281,281,332,332,332,232,454,454,454],"floor_reached":51,"language":"ENG","playtime":5132,"items_purged":["LifeForTheDareDevil","FeatherOfHonor"],"score":1490,"play_id":"292504e2-ef01-44b9-9617-fcf135c5c904","local_time":"20210220031439","is_ascension_mode":false,"campfire_choices":[{"floor":46,"key":"RECALL"}],"circlet_count":0,"master_deck":["SpecialBullet","SpecialBullet","SpecialBullet","SpecialBullet","SpecialBullet","SpecialBullet","SpecialBullet","SpecialBullet","InformationCode","SecurityCode","TrainingCode","Dramatic Entrance+1","VoidDream","CherryBlossom","Adoration","Soda","WristCuter+1","TheSmile+1","Regret_ego","BearPaw+1","Amita","RecordCode","BlackArmy","Mind Blast","Regret_ego+1","CherryBlossom","Moonlight","Regret_ego+1","CentralCode","Soda+1","Regret_ego+1"],"relics":["CogitoBucket","LetterFromLob","Angel_Ring","Nunchaku","Frozen Eye","PreservedInsect","Darkstone Periapt","BackwardClock","SlaversCollar","Red Mask","Whetstone","Theresia","War Paint","Gem_Box","Calipers","AdjustmentMirror","AtMidnight","Bag of Preparation","Sundial","Torii","Lantern"],"acts_visited":["Exordium","TheCity","TheBeyond"],"potions_floor_usage":[14,23,44,50,50,50],"damage_taken":[{"damage":8,"enemies":"Small Slimes","floor":1,"turns":2},{"damage":0,"enemies":"Jaw Worm","floor":2,"turns":1},{"damage":6,"enemies":"2 Louse","floor":3,"turns":2},{"damage":19,"enemies":"2 Fungi Beasts","floor":5,"turns":3},{"damage":22,"enemies":"Blue Slaver","floor":7,"turns":3},{"damage":39,"enemies":"Lagavulin","floor":11,"turns":5},{"damage":16,"enemies":"Gremlin Nob","floor":13,"turns":3},{"damage":15,"enemies":"Exordium Wildlife","floor":14,"turns":2},{"damage":40,"enemies":"Slime Boss","floor":16,"turns":11},{"damage":7,"enemies":"Masked Bandits","floor":20,"turns":3},{"damage":65,"enemies":"Gremlin Leader","floor":23,"turns":5},{"damage":6,"enemies":"Chosen","floor":24,"turns":4},{"damage":42,"enemies":"2 Thieves","floor":25,"turns":5},{"damage":15,"enemies":"Shelled Parasite and Fungi","floor":27,"turns":3},{"damage":5,"enemies":"Snake Plant","floor":31,"turns":3},{"damage":106,"enemies":"Champ","floor":33,"turns":17},{"damage":23,"enemies":"3 Shapes","floor":35,"turns":3},{"damage":21,"enemies":"Mind Bloom Boss Battle","floor":36,"turns":7},{"damage":122,"enemies":"Orb Walker","floor":37,"turns":28},{"damage":62,"enemies":"Sphere and 2 Shapes","floor":38,"turns":8},{"damage":60,"enemies":"Writhing Mass","floor":39,"turns":7},{"damage":42,"enemies":"Nemesis","floor":40,"turns":9},{"damage":35,"enemies":"4 Shapes","floor":41,"turns":6},{"damage":48,"enemies":"Reptomancer","floor":42,"turns":7},{"damage":18,"enemies":"2 Orb Walkers","floor":44,"turns":4},{"damage":84,"enemies":"Nemesis","floor":45,"turns":7},{"damage":85,"enemies":"Awakened One","floor":50,"turns":38},{"damage":132,"enemies":"Malkuth","floor":51,"turns":19},{"damage":180,"enemies":"Yesod","floor":51,"turns":19}],"seed_played":"-6540473032393261799","potions_obtained":[{"floor":1,"key":"LiquidBronze"},{"floor":3,"key":"SteroidPotion"},{"floor":5,"key":"Dexterity Potion"},{"floor":7,"key":"Explosive Potion"},{"floor":16,"key":"FairyPotion"},{"floor":23,"key":"Swift Potion"},{"floor":31,"key":"FearPotion"},{"floor":35,"key":"GamblersBrew"},{"floor":37,"key":"Swift Potion"},{"floor":41,"key":"DuplicationPotion"}],"is_trial":false,"path_per_floor":["M","M","M","?","M","R","M","R","T","$","E","R","E","M","R","B",null,"M","$","?","?","$","E","M","M","T","M","R","$","?","M","R","B",null,"M","?","M","M","M","E","M","E","T","?","E","R","$","?","R","B",null],"character_chosen":"Angela","items_purchased":["Frozen Eye","LifeForTheDareDevil","Regret_ego","BearPaw"],"campfire_rested":0,"item_purchase_floors":[10,19,22,22],"current_hp_per_floor":[70,70,70,70,59,59,49,49,49,49,24,24,26,29,29,70,70,70,70,64,64,64,29,65,23,23,20,20,20,8,32,32,70,70,70,70,70,70,70,70,70,70,70,70,70,70,70,70,70,70],"gold":454,"neow_bonus":"RANDOM_COLORLESS","is_daily":false,"chose_seed":false,"campfire_upgraded":0,"win_rate":0.0,"timestamp":1613816079,"path_taken":["M","M","M","?","M","R","M","R","T","?","E","R","E","M","R","BOSS","M","$","?","?","?","E","M","M","T","?","R","$","?","?","R","BOSS","M","?","M","M","M","E","M","E","T","?","E","R","$","?","R","BOSS"],"items_purchased_type":["Relic","Card","Card","Card"],"build_version":"2020-12-22","purchased_purges":2,"victory":true,"max_hp_per_floor":[70,70,70,70,70,70,70,70,70,70,70,70,70,70,70,70,70,70,70,70,70,70,70,70,70,70,70,70,70,70,70,70,70,70,70,70,70,70,70,70,70,70,70,70,70,70,70,70,70,70],"card_choices":[{"not_picked":["Enlightenment","Jack Of All Trades"],"picked":"Dramatic Entrance","floor":0},{"not_picked":["OSAHOGD","BeautyBeast"],"picked":"VoidDream","floor":1},{"not_picked":["CherryBlossom"],"picked":"FeatherOfHonor","floor":1},{"not_picked":["Ecstasy","Penitence"],"picked":"SKIP","floor":2},{"not_picked":["RedEyes","Lantern"],"picked":"SKIP","floor":3},{"not_picked":["SolemnVow"],"picked":"CherryBlossom","floor":5},{"not_picked":["RedEyes"],"picked":"Adoration","floor":7},{"not_picked":["FourthMatchFlame","BlueScar"],"picked":"SKIP","floor":11},{"not_picked":["ParadiseLost"],"picked":"Soda","floor":13},{"not_picked":["Penitence"],"picked":"WristCuter","floor":14},{"not_picked":["Justitia"],"picked":"TheSmile","floor":16},{"not_picked":["Wingbeat"],"picked":"Amita","floor":23},{"not_picked":["FeatherOfHonor","BlueScar+1"],"picked":"SKIP","floor":24},{"not_picked":["RapturousDream","CUTE"],"picked":"SKIP","floor":25},{"not_picked":["PunishingBird","BeautyBeast"],"picked":"BlackArmy","floor":27},{"not_picked":["Ecstasy","Beak"],"picked":"SKIP","floor":27},{"not_picked":["Galaxy","Regret_ego"],"picked":"SKIP","floor":31},{"not_picked":["Pleasure","CherryBlossom+1"],"picked":"SKIP","floor":35},{"not_picked":["BearPaw+1"],"picked":"Regret_ego+1","floor":36},{"not_picked":["Beak"],"picked":"CherryBlossom","floor":37},{"not_picked":["RedEyes","Horn"],"picked":"SKIP","floor":37},{"not_picked":["Tough+1"],"picked":"Moonlight","floor":38},{"not_picked":["BloodyDesire","FeatherOfHonor"],"picked":"SKIP","floor":38},{"not_picked":["Horn","Pleasure"],"picked":"SKIP","floor":39},{"not_picked":["Lantern+1","FrostShard"],"picked":"SKIP","floor":39},{"not_picked":["Beak"],"picked":"Regret_ego+1","floor":40},{"not_picked":["RedEyes+1","Wingbeat"],"picked":"SKIP","floor":40},{"not_picked":["RedEyes+1","Regret_ego"],"picked":"SKIP","floor":41},{"not_picked":["Twilight","Laetitia_ego+1"],"picked":"SKIP","floor":41},{"not_picked":["Noise+1","CherryBlossom"],"picked":"SKIP","floor":42},{"not_picked":["InTheNameOfLoveAndHate","Laetitia_ego+1"],"picked":"SKIP","floor":42},{"not_picked":["Lamp"],"picked":"Soda+1","floor":44},{"not_picked":["Penitence"],"picked":"Regret_ego+1","floor":45},{"not_picked":["Regret_ego","FourthMatchFlame"],"picked":"SKIP","floor":45}],"player_experience":149149,"relics_obtained":[{"floor":1,"key":"LetterFromLob"},{"floor":9,"key":"Nunchaku"},{"floor":11,"key":"PreservedInsect"},{"floor":13,"key":"Darkstone Periapt"},{"floor":20,"key":"Red Mask"},{"floor":23,"key":"Whetstone"},{"floor":26,"key":"War Paint"},{"floor":36,"key":"Calipers"},{"floor":37,"key":"AtMidnight"},{"floor":40,"key":"Bag of Preparation"},{"floor":42,"key":"Sundial"},{"floor":44,"key":"Torii"},{"floor":45,"key":"Lantern"}],"event_choices":[{"damage_healed":0,"gold_gain":0,"player_choice":"Box","damage_taken":0,"relics_obtained":["Angel_Ring"],"max_hp_gain":0,"max_hp_loss":0,"event_name":"Big Fish","floor":4,"gold_loss":0,"cards_obtained":["Regret"]},{"damage_healed":0,"gold_gain":0,"player_choice":"Fought Bandits","damage_taken":0,"max_hp_gain":0,"max_hp_loss":0,"event_name":"Masked Bandits","floor":20,"gold_loss":0},{"damage_healed":0,"gold_gain":0,"player_choice":"Ignored","damage_taken":0,"max_hp_gain":0,"max_hp_loss":0,"event_name":"Vampires","floor":21,"gold_loss":0},{"damage_healed":0,"gold_gain":0,"player_choice":"CARD ","damage_taken":12,"max_hp_gain":0,"max_hp_loss":0,"event_name":"Knowing Skull","floor":30,"potions_obtained":[],"gold_loss":0,"cards_obtained":["Mind Blast"]},{"damage_healed":0,"gold_gain":0,"player_choice":"Fight","damage_taken":0,"max_hp_gain":0,"max_hp_loss":0,"event_name":"MindBloom","floor":36,"gold_loss":0},{"damage_healed":0,"gold_gain":0,"player_choice":"Fight","damage_taken":0,"max_hp_gain":0,"max_hp_loss":0,"event_name":"Mysterious Sphere","floor":44,"gold_loss":0},{"damage_healed":0,"gold_gain":222,"player_choice":"Wore Mask","damage_taken":0,"max_hp_gain":0,"max_hp_loss":0,"event_name":"Tomb of Lord Red Mask","floor":48,"gold_loss":0}],"is_beta":false,"boss_relics":[{"not_picked":["Snecko Eye","Runic Dome"],"picked":"SlaversCollar"},{"not_picked":["Sozu","Runic Pyramid"],"picked":"Gem_Box"}],"items_purged_floors":[29,47],"is_endless":false,"potions_floor_spawned":[1,3,5,7,16,23,31,35,37,39,41],"ascension_level":0}}