{"host":"iggyqwhh1tk9qczq","time":1613817966,"event":{"mods":["BaseMod","Downfall","Googly Eyes","Minty Spire (QoL Compilation)","StSLib","The Disciple","The Mystic","The Necromancer","The Runesmith","The Servant 0.9.4","Together in Spire","Yuri Mod"],"gold_per_floor":[115,129,141,141,42,42,9,27,50,0,30,46,75,87,87,189,239,255,18,32,32,32,59,77,77,100,127,139,186,212,243,255,369,381,406,429,441,473,505,546,558,605,617,642,654,253,271,283,283,283,283],"floor_reached":50,"language":"ENG","playtime":3711,"items_purged":["Defend_B","Defend_B"],"score":583,"play_id":"57372ef3-97ef-4bd0-90dc-a7d11652510a","local_time":"20210220024606","is_ascension_mode":false,"campfire_choices":[{"data":"Fusion","floor":6.0,"key":"SMITH"},{"data":"Chaos","floor":15.0,"key":"SMITH"},{"data":"Apotheosis","floor":25.0,"key":"SMITH"},{"data":"Chaos","floor":32.0,"key":"SMITH"},{"floor":41,"key":"REST"},{"floor":45,"key":"REST"},{"floor":49,"key":"REST"}],"circlet_count":0,"master_deck":["Strike_B+1","Strike_B+1","Strike_B+1","Defend_B","Defend_B","Zap","Dualcast","Defragment","Defragment","Defragment","Go for the Eyes","Fusion+1","Coolheaded","White Noise","Coolheaded","Chaos+1","Defragment","Defragment","Go for the Eyes","Electrodynamics","Loop","Defragment+1","Apotheosis+1","Redo","Loop","Darkness","Chaos+1","Creative AI+1","Storm+1"],"relics":["FrozenCore","Whetstone","Blood Vial","Mummified Hand","Tiny House","Sundial","MawBank","Smiling Mask","Orichalcum","Pantograph","Bronze Scales","Du-Vu Doll","Meat on the Bone"],"acts_visited":["TheBeyond"],"potions_floor_usage":[40,42,50,50,50],"damage_taken":[{"damage":0.0,"enemies":"2 Louse","floor":1.0,"turns":2.0},{"damage":1.0,"enemies":"Jaw Worm","floor":2.0,"turns":2.0},{"damage":10.0,"enemies":"Small Slimes","floor":3.0,"turns":2.0},{"damage":11.0,"enemies":"Exordium Thugs","floor":8.0,"turns":3.0},{"damage":6.0,"enemies":"Gremlin Nob","floor":11.0,"turns":3.0},{"damage":0.0,"enemies":"Gremlin Gang","floor":12.0,"turns":4.0},{"damage":8.0,"enemies":"3 Sentries","floor":13.0,"turns":5.0},{"damage":5.0,"enemies":"Looter","floor":14.0,"turns":2.0},{"damage":0.0,"enemies":"Slime Boss","floor":16.0,"turns":4.0},{"damage":0.0,"enemies":"Spheric Guardian","floor":18.0,"turns":2.0},{"damage":3.0,"enemies":"2 Thieves","floor":20.0,"turns":2.0},{"damage":7.0,"enemies":"Book of Stabbing","floor":23.0,"turns":4.0},{"damage":0.0,"enemies":"Centurion and Healer","floor":24.0,"turns":4.0},{"damage":0.0,"enemies":"3 Cultists","floor":27.0,"turns":3.0},{"damage":12.0,"enemies":"Gremlin Leader","floor":29.0,"turns":4.0},{"damage":5.0,"enemies":"Snake Plant","floor":30.0,"turns":2.0},{"damage":14.0,"enemies":"Centurion and Healer","floor":31.0,"turns":3.0},{"damage":0.0,"enemies":"Automaton","floor":33.0,"turns":4.0},{"damage":32,"enemies":"3 Darklings","floor":35,"turns":5},{"damage":5,"enemies":"Orb Walker","floor":36,"turns":2},{"damage":29,"enemies":"3 Darklings","floor":38,"turns":4},{"damage":0,"enemies":"Jaw Worm Horde","floor":39,"turns":2},{"damage":14,"enemies":"Giant Head","floor":40,"turns":5},{"damage":35,"enemies":"Nemesis","floor":42,"turns":5},{"damage":5,"enemies":"Transient","floor":44,"turns":5},{"damage":14,"enemies":"4 Shapes","floor":47,"turns":4},{"damage":0,"enemies":"Jaw Worm Horde","floor":48,"turns":2},{"damage":87,"enemies":"Awakened One","floor":50,"turns":5}],"seed_played":"-5182456708006807291","potions_obtained":[{"floor":2.0,"key":"PowerPotion"},{"floor":3.0,"key":"SpeedPotion"},{"floor":8.0,"key":"DuplicationPotion"},{"floor":13.0,"key":"PowerPotion"},{"floor":16.0,"key":"sneckomod:MuddlingPotion"},{"floor":17.0,"key":"EssenceOfDarkness"},{"floor":29.0,"key":"Explosive Potion"},{"floor":36,"key":"Strength Potion"},{"floor":40,"key":"Dexterity Potion"}],"is_trial":false,"path_per_floor":["M","M","M","?","$","R","$","M","T","?","E","M","E","M","R","B",null,"M","$","M","$","?","E","M","R","T","M","?","E","M","M","R","B",null,"M","M","?","M","M","E","R","E","T","M","R","$","M","M","R","B"],"character_chosen":"DEFECT","items_purchased":["Fusion","Coolheaded","White Noise","Apotheosis","Meat on the Bone","EssenceOfDarkness"],"campfire_rested":3,"item_purchase_floors":[5,5,7,19,46,46],"current_hp_per_floor":[75,74,64,69,69,69,69,58,58,58,52,54,48,45,45,47,85,85,85,82,82,82,77,79,79,79,81,81,71,68,56,56,58,85,53,50,50,23,25,13,38,5,5,2,27,27,27,41,66,0,0],"gold":283,"neow_bonus":"THREE_CARDS","is_daily":false,"chose_seed":false,"campfire_upgraded":4,"win_rate":0.0,"timestamp":1613817966,"path_taken":["M","M","M","?","$","R","$","M","T","?","E","M","E","M","R","BOSS","M","$","M","$","?","E","M","R","T","M","?","E","M","M","R","BOSS","BOSS","M","M","?","M","M","E","R","E","T","M","R","?","M","M","R","BOSS"],"items_purchased_type":["Card","Card","Card","Card","Relic","Potion"],"build_version":"2020-12-22","purchased_purges":2,"victory":false,"max_hp_per_floor":[75,75,75,80,80,80,80,80,80,80,80,80,80,80,80,80,85,85,85,85,85,85,85,85,85,85,85,85,85,85,85,85,85,85,85,85,85,85,85,85,85,85,85,85,85,85,85,85,85,85,85],"card_choices":[{"not_picked":["Scrape","Turbo"],"picked":"Defragment","floor":0.0},{"not_picked":["Cold Snap","Beam Cell"],"picked":"Defragment","floor":1.0},{"not_picked":["Turbo","Sunder"],"picked":"Defragment","floor":2.0},{"not_picked":["Sweeping Beam","Stack"],"picked":"Go for the Eyes","floor":3.0},{"not_picked":["Stack","Streamline"],"picked":"Coolheaded","floor":8.0},{"not_picked":["Biased Cognition","Ball Lightning"],"picked":"Chaos","floor":11.0},{"not_picked":["Cold Snap","Beam Cell"],"picked":"Defragment","floor":12.0},{"not_picked":["Turbo","Sunder"],"picked":"Defragment","floor":13.0},{"not_picked":["Sweeping Beam","Stack"],"picked":"Go for the Eyes","floor":14.0},{"not_picked":["Hyperbeam","Seek"],"picked":"Electrodynamics","floor":16.0},{"not_picked":["Steam","Compile Driver"],"picked":"Loop","floor":17.0},{"not_picked":["Cold Snap+1","Beam Cell"],"picked":"Defragment+1","floor":18.0},{"not_picked":["Cold Snap","Gash"],"picked":"Redo","floor":20.0},{"not_picked":["Skim+1","Cold Snap","Beam Cell"],"picked":"SKIP","floor":23.0},{"not_picked":["Steam+1","Conserve Battery","Hologram+1"],"picked":"SKIP","floor":24.0},{"not_picked":["Streamline","Cold Snap","Gash"],"picked":"SKIP","floor":27.0},{"not_picked":["Sweeping Beam","Tempest"],"picked":"Darkness","floor":29.0},{"not_picked":["Hologram+1","Glacier+1","Compile Driver+1"],"picked":"SKIP","floor":30.0},{"not_picked":["Compile Driver","Thunder Strike"],"picked":"Chaos","floor":31.0},{"not_picked":["Amplify","Buffer"],"picked":"Creative AI","floor":33},{"not_picked":["Compile Driver","Beam Cell"],"picked":"Storm+1","floor":35},{"not_picked":["Hologram","Redo","Barrage+1"],"picked":"SKIP","floor":36},{"not_picked":["Leap+1","Aggregate","Redo+1"],"picked":"SKIP","floor":38},{"not_picked":["Hyperbeam","Barrage+1","Ball Lightning"],"picked":"SKIP","floor":39},{"not_picked":["Streamline+1","Conserve Battery","Compile Driver+1"],"picked":"SKIP","floor":40},{"not_picked":["Hello World+1","Sweeping Beam+1","Stack"],"picked":"SKIP","floor":42},{"not_picked":["Thunder Strike","Go for the Eyes+1","Melter+1"],"picked":"SKIP","floor":44},{"not_picked":["Cold Snap","Fusion","Recycle"],"picked":"SKIP","floor":47},{"not_picked":["FTL+1","Genetic Algorithm","Beam Cell"],"picked":"SKIP","floor":48}],"player_experience":137209,"relics_obtained":[{"floor":9.0,"key":"Whetstone"},{"floor":11.0,"key":"Blood Vial"},{"floor":13.0,"key":"Mummified Hand"},{"floor":23.0,"key":"Sundial"},{"floor":26.0,"key":"MawBank"},{"floor":29.0,"key":"Orichalcum"},{"floor":40,"key":"Pantograph"},{"floor":42,"key":"Bronze Scales"},{"floor":43,"key":"Du-Vu Doll"}],"event_choices":[{"damage_healed":0.0,"max_hp_gain":5.0,"max_hp_loss":0.0,"gold_gain":0.0,"event_name":"Big Fish","player_choice":"Donut","floor":4.0,"gold_loss":0.0,"damage_taken":0.0},{"cards_removed":["Strike_B"],"damage_healed":0.0,"max_hp_gain":0.0,"max_hp_loss":0.0,"gold_gain":0.0,"event_name":"The Cleric","player_choice":"Card Removal","floor":10.0,"gold_loss":50.0,"damage_taken":0.0},{"damage_healed":0.0,"max_hp_gain":0.0,"max_hp_loss":0.0,"gold_gain":0.0,"event_name":"The Library","player_choice":"Read","floor":22.0,"gold_loss":0.0,"damage_taken":0.0,"cards_obtained":["Loop"]},{"damage_healed":0.0,"max_hp_gain":0.0,"max_hp_loss":0.0,"gold_gain":0.0,"event_name":"The Mausoleum","player_choice":"Opened","floor":28.0,"gold_loss":0.0,"damage_taken":0.0,"relics_obtained":["Smiling Mask"]},{"damage_healed":0,"gold_gain":0,"player_choice":"Upgraded","damage_taken":0,"max_hp_gain":0,"max_hp_loss":0,"event_name":"Upgrade Shrine","floor":37,"gold_loss":0,"cards_upgraded":["Creative AI"]}],"is_beta":false,"boss_relics":[{"not_picked":["Velvet Choker","Runic Pyramid"],"picked":"Tiny House"},{"not_picked":["Fusion Hammer","Astrolabe"],"picked":"FrozenCore"}],"items_purged_floors":[19,46],"is_endless":false,"potions_floor_spawned":[2,3,8,13,16,20,24,29,36,39,40],"killed_by":"Awakened One","ascension_level":0}}