{"host":"u0qetpmu4y58k1tf","time":1613803606,"event":{"mods":["100% Spire Juice","AchievementEnabler","Act Like it!","BaseMod","CapriCore","Colored Map","Colored Powertips","Hermit","Koishi","Marisa£¨Ùöéë¡¡Øª×âÞÞ£©","Minty Spire (QoL Compilation)","Quick Restart","Reliquary","Replay The Spire","StSLib","Td1madao Mod","The Bug Knight","The Cursed","The Dragon Tamer","The Gatherer","The Hierophant","The Immortal","The Jungle","The Runesmith","WarShipGirlsR/??á´Ò³R mod"],"gold_per_floor":[114,114,114,129,129,129,143,178,178,217,231,231,244,285,285,381,381,397,397,410,423,444,444,487,506,555,593,593,636,636,672,672,770,770,784,802,565,581,599,632,632,673,673,476,519,522,522,555,555,405,405,405,405,114,147,149],"floor_reached":57,"language":"KOR","playtime":4308,"items_purged":["Rebound","Regret","Wish"],"score":2590,"play_id":"8fdd287b-104e-4b2f-8ac7-ef87e2d7fdb5","local_time":"20210220154646","daily_mods":["Draft","Diverse","Colorless Cards","Heirloom","DeadlyEvents","Elite Swarm"],"is_ascension_mode":true,"campfire_choices":[{"data":"MysteriousBeam","floor":6.0,"key":"SMITH"},{"floor":12.0,"key":"REST"},{"data":"Madness","floor":15.0,"key":"SMITH"},{"floor":23.0,"key":"REST"},{"floor":28.0,"key":"DIG"},{"floor":30.0,"key":"DIG"},{"floor":32.0,"key":"DIG"},{"floor":49,"key":"RECALL"},{"floor":53,"key":"DIG"}],"circlet_count":0,"master_deck":["AscendersBane","DTMod:BreakAttack","Moonworks:MiracleRedBeanIceCream","hermit:ShadowCloak","PropBag+1","Crystallizer","Static Discharge","Ruin Defend","Koishi:StingingMind","MokouMod:BurningDraft","Koishi:JumpScare","Coolheaded","MysteriousBeam+1","BlazeAway","TheCursedMod:CircleOfFlame","Warcry","TheCursedMod:CircleOfWindfury","TheCursedMod:ManaCirculation","hermit:FatalDesire+1","Koishi:VengefulSpirit","Madness+1","Master of Strategy","Moonworks:SubspaceTunnel","CurseOfTheBell","Defend System","Necronomicurse","TheCursedMod:CursedArmor","Footwork+1","Creative AI","rmod:overbreakdown","ReplayUltimateDefense+1","Omniscience","rmod:desperatesituation","Creative AI","DTMod:Weaken","PropBag+1","Gatherer:PoisonMastery","Moonworks:MetallicMonocoque","ReplayTheSpireMod:Uncanny Aura","Moonworks:LeapThroughSpace+1","Mayhem"],"relics":["HollowMod:VesselMask","Bird Faced Urn","Ring of Fury","Ring of Panic","Golden Idol","Turnip","reliquary:BallBearing","Runesmith:Locket","reliquary:Stiletto","Calling Bell","reliquary:SilkGlove","reliquary:TridentHead","Replay:Kaleidoscope","Necronomicon","Unceasing Top","reliquary:PartyBalloon","Shovel","Toy Ornithopter","reliquary:Buckler","Quantum Egg","Strawberry","CaptainsWheel","Cursed Key","DollysMirror","Dead Branch","Durian","Nunchaku","Mercury Hourglass","reliquary:Boomerang","Ornamental Fan","Guide Book","HollowMod:LifeEnderRelic"],"acts_visited":["Exordium","TheCity","TheBeyond","TheEnding"],"potions_floor_usage":[56,56],"damage_taken":[{"damage":1.0,"enemies":"Cultist","floor":1.0,"turns":4.0},{"damage":14.0,"enemies":"2 Louse","floor":4.0,"turns":3.0},{"damage":14.0,"enemies":"Small Slimes","floor":7.0,"turns":2.0},{"damage":40.0,"enemies":"Lagavulin","floor":8.0,"turns":4.0},{"damage":11.0,"enemies":"3 Sentries","floor":10.0,"turns":3.0},{"damage":11.0,"enemies":"Exordium Thugs","floor":11.0,"turns":3.0},{"damage":12.0,"enemies":"Large Slime","floor":13.0,"turns":3.0},{"damage":0.0,"enemies":"Lagavulin","floor":14.0,"turns":3.0},{"damage":45.0,"enemies":"The Guardian","floor":16.0,"turns":7.0},{"damage":0.0,"enemies":"Chosen","floor":18.0,"turns":2.0},{"damage":28.0,"enemies":"2 Thieves","floor":20.0,"turns":2.0},{"damage":35.0,"enemies":"Centurion and Healer","floor":21.0,"turns":5.0},{"damage":16.0,"enemies":"Cultist and Chosen","floor":22.0,"turns":8.0},{"damage":35.0,"enemies":"Book of Stabbing","floor":24.0,"turns":4.0},{"damage":10.0,"enemies":"Snecko","floor":25.0,"turns":4.0},{"damage":38.0,"enemies":"Gremlin Leader","floor":27.0,"turns":3.0},{"damage":22.0,"enemies":"Book of Stabbing","floor":29.0,"turns":5.0},{"damage":11.0,"enemies":"Slavers","floor":31.0,"turns":3.0},{"damage":19.0,"enemies":"HollowMod:NKGrimm","floor":33.0,"turns":8.0},{"damage":11.0,"enemies":"Orb Walker","floor":35.0,"turns":5.0},{"damage":11.0,"enemies":"3 Shapes","floor":36.0,"turns":4.0},{"damage":26.0,"enemies":"Sphere and 2 Shapes","floor":38.0,"turns":5.0},{"damage":18.0,"enemies":"Jaw Worm Horde","floor":39.0,"turns":5.0},{"damage":4.0,"enemies":"R_Hoarder","floor":40.0,"turns":5.0},{"damage":55,"enemies":"HollowMod:StalkingDevout","floor":42,"turns":8},{"damage":7,"enemies":"Giant Head","floor":45,"turns":6},{"damage":6,"enemies":"HollowMod:SlobberingHusk","floor":46,"turns":5},{"damage":99,"enemies":"Reptomancer","floor":48,"turns":7},{"damage":54,"enemies":"Donu and Deca","floor":50,"turns":4},{"damage":89,"enemies":"Replay:Hell Engine","floor":51,"turns":10},{"damage":79,"enemies":"Shield and Spear","floor":55,"turns":6},{"damage":66,"enemies":"The Heart","floor":56,"turns":11}],"seed_played":"3200319781727076129","potions_obtained":[{"floor":1.0,"key":"Flashbang"},{"floor":4.0,"key":"EssenceOfSteel"},{"floor":13.0,"key":"PowerPotion"},{"floor":16.0,"key":"Strength Potion"},{"floor":20.0,"key":"Elixir"},{"floor":24.0,"key":"Weak Potion"},{"floor":25.0,"key":"Strength Potion"},{"floor":33.0,"key":"Strength Potion"},{"floor":36.0,"key":"Strength Potion"}],"is_trial":true,"path_per_floor":["M","?","?","M","?","R","M","E","T","E","M","R","M","E","R","B",null,"M","?","M","M","M","R","E","M","T","E","R","E","R","E","R","B",null,"M","M","$","M","M","E","?","E","T","$","E","M","?","E","R","B","B",null,"R","$","E","B",null],"character_chosen":"THE_BUGKNIGHT","items_purchased":["DollysMirror","ReplayTheSpireMod:Uncanny Aura","Guide Book"],"campfire_rested":2,"item_purchase_floors":[37,44,54],"current_hp_per_floor":[75,75,49,46,39,39,32,7,7,11,13,35,28,47,47,29,64,75,54,32,12,13,35,25,40,40,19,19,45,45,66,66,82,82,82,82,82,72,82,82,82,67,67,67,87,87,87,56,56,40,8,65,65,65,37,51],"gold":149,"neow_bonus":"","is_daily":false,"chose_seed":false,"campfire_upgraded":2,"win_rate":0.0,"timestamp":1613803606,"path_taken":["M","?","?","M","?","R","?","E","T","?","M","R","M","E","R","BOSS","M","?","M","?","M","R","E","M","T","E","R","E","R","E","R","BOSS","M","M","$","M","M","E","?","E","T","$","E","M","?","E","R","BOSS","BOSS","R","$","E","BOSS"],"items_purchased_type":["Relic","Card","Relic"],"build_version":"2020-12-22","purchased_purges":3,"victory":true,"max_hp_per_floor":[75,75,75,75,75,75,75,75,75,75,75,75,75,75,75,75,75,75,75,75,75,75,75,75,75,75,75,75,75,75,82,82,82,82,82,82,82,82,82,82,82,87,87,87,87,87,87,87,87,87,84,84,84,84,84,84],"card_choices":[{"not_picked":["TheCursedMod:TroublousMinions","hermit:NoHoldsBarred"],"picked":"DTMod:BreakAttack","floor":0.0},{"not_picked":["hierophant:Upheaval","Coolheaded"],"picked":"Moonworks:MiracleRedBeanIceCream","floor":0.0},{"not_picked":["DTMod:MagicField","Runesmith:Attraction"],"picked":"Rebound","floor":0.0},{"not_picked":["Gatherer:SaveValuables","EmptyFist"],"picked":"hermit:ShadowCloak","floor":0.0},{"not_picked":["Redo","HollowMod:NewJinnsSoul"],"picked":"PropBag","floor":0.0},{"not_picked":["Go for the Eyes","MokouMod:ScorchingColumn"],"picked":"Crystallizer","floor":0.0},{"not_picked":["Steam","Machining"],"picked":"Static Discharge","floor":0.0},{"not_picked":["Preloading","Stack"],"picked":"Ruin Defend","floor":0.0},{"not_picked":["Moonworks:CookingTime","SporeBomb"],"picked":"Koishi:StingingMind","floor":0.0},{"not_picked":["Acceleration","Gatherer:Snatch"],"picked":"MokouMod:BurningDraft","floor":0.0},{"not_picked":["hermit:Vantage","Uppercut"],"picked":"Rampage","floor":0.0},{"not_picked":["Distraction","WreathOfFlame"],"picked":"Koishi:JumpScare","floor":0.0},{"not_picked":["DTMod:Observe","Gatherer:Convert"],"picked":"Coolheaded","floor":0.0},{"not_picked":["hierophant:Embezzle","UnstableBomb"],"picked":"MysteriousBeam","floor":0.0},{"not_picked":["BowlingBash","Koishi:StingingMind"],"picked":"BlazeAway","floor":0.0},{"not_picked":["MokouMod:UncontrollableSolarReaction","DC"],"picked":"TheCursedMod:CircleOfFlame","floor":1.0},{"not_picked":["Bouncing Flask","Sucker Punch"],"picked":"Warcry","floor":4.0},{"not_picked":["Cold Snap","Gatherer:Frenzy"],"picked":"TheCursedMod:CircleOfWindfury","floor":7.0},{"not_picked":["HollowMod:Hiveblood","MokouMod:SearingBlow"],"picked":"TheCursedMod:ManaCirculation","floor":8.0},{"not_picked":["rmod:expeditionaryescort","Replay:Many Hands"],"picked":"hermit:FatalDesire","floor":10.0},{"not_picked":["Moonworks:DeployBits","MokouMod:FlareStarter"],"picked":"Koishi:VengefulSpirit","floor":11.0},{"not_picked":["Pummel","HollowMod:CycloneSlash"],"picked":"Madness","floor":13.0},{"not_picked":["Limit Break","Apotheosis"],"picked":"Master of Strategy","floor":14.0},{"not_picked":["FinalSpark","TheCursedMod:StunningStrike"],"picked":"Moonworks:SubspaceTunnel","floor":16.0},{"not_picked":["DTMod:Conduct","Runesmith:EarthShield"],"picked":"Defend System","floor":18.0},{"not_picked":["Three Hit","Moonworks:Dinner","DTMod:TauntingStrike"],"picked":"SKIP","floor":20.0},{"not_picked":["hierophant:FlamingChariot","DTMod:MagicField"],"picked":"TheCursedMod:CursedArmor","floor":21.0},{"not_picked":["Poisoned Stab","hierophant:Glossolalia"],"picked":"Footwork+1","floor":22.0},{"not_picked":["Fiend Fire","Moonworks:Wanted"],"picked":"Creative AI","floor":24.0},{"not_picked":["SporeBomb+1","Runesmith:HammerThrow"],"picked":"rmod:overbreakdown","floor":25.0},{"not_picked":["hermit:DeadOrAlive","UltimateShortwave"],"picked":"ReplayUltimateDefense","floor":27.0},{"not_picked":["MokouMod:SpontaneousHumanCombustion","hierophant:Cornucopia"],"picked":"Omniscience","floor":29.0},{"not_picked":["hierophant:Generosity","Tools of the Trade"],"picked":"rmod:desperatesituation","floor":31.0},{"not_picked":["Moonworks:MetallicMonocoque","TheCursedMod:DarkBarrier"],"picked":"Creative AI","floor":33.0},{"not_picked":["DTMod:CleansingStrike","hierophant:Sermon+1","Gatherer:FruitForce"],"picked":"SKIP","floor":35.0},{"not_picked":["Hologram","Moonworks:SakisCookie"],"picked":"DTMod:Weaken","floor":36.0},{"not_picked":["Gatherer:SaveValuables","MokouMod:ShiftIgnition","Moonworks:x16BigRocket"],"picked":"SKIP","floor":38.0},{"not_picked":["HollowMod:NewLittleFool+1","TheCursedMod:AshesToAshes","ReplayTheSpireMod:Shiv Toss"],"picked":"SKIP","floor":39.0},{"not_picked":["HollowMod:NewInfectedGuardian","Pod Laser"],"picked":"Gatherer:PoisonMastery","floor":40.0},{"not_picked":["Gatherer:Photoscythe","hierophant:Invocation"],"picked":"Moonworks:MetallicMonocoque","floor":42},{"not_picked":["Gatherer:GrowBook","MokouMod:HouraiForge"],"picked":"Moonworks:LeapThroughSpace","floor":45},{"not_picked":["Black Shadow","Rebound","MentalFortress"],"picked":"SKIP","floor":46},{"not_picked":["hierophant:Levitation","BlazingStar"],"picked":"Wish","floor":48},{"not_picked":["rmod:auspiciousomen","BlazingStar"],"picked":"Mayhem","floor":55}],"player_experience":178178,"relics_obtained":[{"floor":2.0,"key":"Ring of Fury"},{"floor":2.0,"key":"Ring of Panic"},{"floor":8.0,"key":"Turnip"},{"floor":9.0,"key":"reliquary:BallBearing"},{"floor":10.0,"key":"Runesmith:Locket"},{"floor":14.0,"key":"reliquary:Stiletto"},{"floor":17.0,"key":"reliquary:SilkGlove"},{"floor":17.0,"key":"reliquary:TridentHead"},{"floor":17.0,"key":"Replay:Kaleidoscope"},{"floor":19.0,"key":"Necronomicon"},{"floor":24.0,"key":"Unceasing Top"},{"floor":26.0,"key":"reliquary:PartyBalloon"},{"floor":27.0,"key":"Shovel"},{"floor":28.0,"key":"Toy Ornithopter"},{"floor":29.0,"key":"reliquary:Buckler"},{"floor":30.0,"key":"Quantum Egg"},{"floor":31.0,"key":"Strawberry"},{"floor":32.0,"key":"CaptainsWheel"},{"floor":40.0,"key":"Dead Branch"},{"floor":42,"key":"Durian"},{"floor":45,"key":"Nunchaku"},{"floor":48,"key":"reliquary:Boomerang"},{"floor":53,"key":"Ornamental Fan"},{"floor":55,"key":"HollowMod:LifeEnderRelic"}],"event_choices":[{"damage_healed":0.0,"max_hp_gain":0.0,"max_hp_loss":0.0,"gold_gain":0.0,"event_name":"Golden Idol","player_choice":"Take Damage","floor":3.0,"gold_loss":0.0,"damage_taken":26.0,"relics_obtained":["Golden Idol"]},{"cards_removed":["Amnesia"],"damage_healed":0.0,"max_hp_gain":0.0,"max_hp_loss":0.0,"gold_gain":0.0,"event_name":"Golden Wing","player_choice":"Card Removal","floor":5.0,"gold_loss":0.0,"damage_taken":7.0},{"damage_healed":0.0,"max_hp_gain":0.0,"max_hp_loss":0.0,"gold_gain":0.0,"event_name":"Cursed Tome","player_choice":"Obtained Book","floor":19.0,"gold_loss":0.0,"damage_taken":21.0},{"cards_removed":["Rampage"],"damage_healed":0,"gold_gain":0,"player_choice":"Removed Attack","damage_taken":0,"max_hp_gain":0,"max_hp_loss":0,"event_name":"Falling","floor":47,"gold_loss":0}],"is_beta":false,"boss_relics":[{"not_picked":["Runesmith:UraniumAnvil","Abe\u0027s Treasure"],"picked":"Calling Bell"},{"not_picked":["Painkiller Herb","Philosopher\u0027s Stone"],"picked":"Cursed Key"}],"items_purged_floors":[37,44,54],"is_endless":false,"potions_floor_spawned":[1,4,7,13,16,20,24,25,33,36,39,40,46,55],"ascension_level":20}}