{"host":"Nexxot","time":1613813522,"event":{"mods":["AchievementEnabler","BaseMod","Bestiary","Colored Map","Curses Come First","Highlight Path","Minty Spire (QoL Compilation)","Relic Stats","StSLib"],"gold_per_floor":[118,138,157,69,85,85,116,116,116,146,146,146,146,176,176,277,277,290,308,233,233,29,29,61,61,61,61,61],"floor_reached":27,"language":"ENG","playtime":720,"items_purged":[],"score":383,"play_id":"a33614de-c781-49ce-8bfa-e7d5ed91ec32","local_time":"20210220103202","is_ascension_mode":true,"campfire_choices":[{"data":"Barrage","floor":6,"key":"SMITH"},{"data":"Coolheaded","floor":8,"key":"SMITH"},{"floor":12,"key":"REST"},{"floor":15,"key":"REST"},{"data":"Biased Cognition","floor":23,"key":"SMITH"},{"data":"Capacitor","floor":25,"key":"SMITH"}],"circlet_count":0,"master_deck":["AscendersBane","Dualcast","Turbo","Coolheaded+1","Rebound","Loop","Barrage+1","White Noise","Coolheaded","Capacitor","Ball Lightning","Biased Cognition+1","Undo","Electrodynamics","Multi-Cast","Electrodynamics","Capacitor+1","Static Discharge","Double Energy","Thunder Strike","Turbo","Hologram","Conserve Battery","All For One","Chill+1"],"relics":["Cracked Core","NeowsBlessing","Matryoshka","Tiny Chest","StoneCalendar","Incense Burner","Pandora\u0027s Box","Meat on the Bone","Bottled Tornado","Toxic Egg 2","Question Card"],"acts_visited":["Exordium","TheCity"],"potions_floor_usage":[10,16,16],"damage_taken":[{"damage":0,"enemies":"Cultist","floor":1,"turns":1},{"damage":0,"enemies":"2 Louse","floor":2,"turns":1},{"damage":0,"enemies":"Small Slimes","floor":3,"turns":1},{"damage":25,"enemies":"Exordium Thugs","floor":5,"turns":5},{"damage":14,"enemies":"Lagavulin","floor":7,"turns":6},{"damage":27,"enemies":"Gremlin Nob","floor":10,"turns":4},{"damage":11,"enemies":"Lagavulin","floor":14,"turns":7},{"damage":29,"enemies":"The Guardian","floor":16,"turns":10},{"damage":1,"enemies":"Spheric Guardian","floor":18,"turns":3},{"damage":12,"enemies":"Chosen","floor":19,"turns":2},{"damage":33,"enemies":"Gremlin Leader","floor":24,"turns":4},{"damage":28,"enemies":"Slavers","floor":27,"turns":1}],"seed_played":"1611645399007695722","potions_obtained":[{"floor":2,"key":"SpeedPotion"},{"floor":5,"key":"GamblersBrew"},{"floor":10,"key":"Strength Potion"},{"floor":24,"key":"Explosive Potion"}],"is_trial":false,"path_per_floor":["M","M","M","$","M","R","E","R","T","E","?","R","?","E","R","B",null,"M","M","?","T","$","R","E","R","T","E"],"character_chosen":"DEFECT","items_purchased":["Loop","Barrage","Conserve Battery","All For One"],"campfire_rested":2,"item_purchase_floors":[4,4,22,22],"current_hp_per_floor":[68,68,68,68,43,43,29,29,29,2,2,24,24,13,35,6,58,57,45,45,45,45,45,24,24,24,0,0],"gold":61,"neow_bonus":"THREE_ENEMY_KILL","is_daily":false,"chose_seed":false,"campfire_upgraded":4,"win_rate":0.0,"timestamp":1613813522,"path_taken":["M","?","M","$","M","R","E","R","T","E","?","R","?","E","R","BOSS","M","M","?","?","$","R","E","R","T","E"],"items_purchased_type":["Card","Card","Card","Card"],"build_version":"2020-12-18","purchased_purges":0,"victory":false,"max_hp_per_floor":[75,75,75,75,75,75,75,75,75,75,75,75,75,75,75,75,75,75,75,75,75,75,75,75,75,75,75,75],"relic_stats":{"counters":[12,45],"Tiny Chest":1,"StoneCalendar":[52],"Pandora\u0027s Box":["Undo","Electrodynamics","Multi-Cast","Electrodynamics","Capacitor","Static Discharge","Double Energy","Thunder Strike"],"Question Card":0,"obtain_stats":[{"Matryoshka":7,"NeowsBlessing":0,"Tiny Chest":9,"StoneCalendar":10,"Pandora\u0027s Box":17,"Incense Burner":14,"Bottled Tornado":21,"Toxic Egg 2":24,"Cracked Core":0,"Question Card":26,"Meat on the Bone":21},{"Matryoshka":5,"NeowsBlessing":0,"Tiny Chest":5,"StoneCalendar":6,"Pandora\u0027s Box":8,"Incense Burner":7,"Bottled Tornado":10,"Toxic Egg 2":11,"Cracked Core":0,"Question Card":11,"Meat on the Bone":10},{"Matryoshka":14,"NeowsBlessing":0,"Tiny Chest":14,"StoneCalendar":18,"Pandora\u0027s Box":35,"Incense Burner":25,"Bottled Tornado":40,"Toxic Egg 2":44,"Cracked Core":0,"Question Card":44,"Meat on the Bone":40}],"Meat on the Bone":12},"card_choices":[{"not_picked":["Reinforced Body","Steam Power"],"picked":"Turbo","floor":1},{"not_picked":["Leap","Beam Cell"],"picked":"Coolheaded","floor":2},{"not_picked":["Go for the Eyes","Reinforced Body"],"picked":"Rebound","floor":3},{"not_picked":["Chill","Force Field"],"picked":"White Noise","floor":5},{"not_picked":["Cold Snap","Stack"],"picked":"Coolheaded","floor":7},{"not_picked":["Rebound","Redo"],"picked":"Capacitor","floor":10},{"not_picked":["Conserve Battery","Go for the Eyes"],"picked":"Ball Lightning","floor":14},{"not_picked":["Fission","Electrodynamics"],"picked":"Biased Cognition","floor":16},{"not_picked":["Rebound","FTL"],"picked":"Turbo","floor":18},{"not_picked":["Leap","Go for the Eyes"],"picked":"Hologram","floor":19},{"not_picked":["Hologram+1","All For One"],"picked":"Chill+1","floor":24}],"player_experience":363984,"relics_obtained":[{"floor":7,"key":"Matryoshka"},{"floor":9,"key":"Tiny Chest"},{"floor":10,"key":"StoneCalendar"},{"floor":14,"key":"Incense Burner"},{"floor":21,"key":"Meat on the Bone"},{"floor":21,"key":"Bottled Tornado"},{"floor":24,"key":"Toxic Egg 2"},{"floor":26,"key":"Question Card"}],"event_choices":[{"damage_healed":0,"gold_gain":0,"player_choice":"Ignored","damage_taken":0,"max_hp_gain":0,"max_hp_loss":0,"event_name":"Liars Game","floor":11,"gold_loss":0},{"damage_healed":0,"gold_gain":0,"player_choice":"Bought 0 Potions","damage_taken":0,"max_hp_gain":0,"max_hp_loss":0,"event_name":"The Woman in Blue","floor":13,"gold_loss":0},{"cards_removed":["Zap"],"damage_healed":0,"gold_gain":0,"player_choice":"Gave Gold","damage_taken":0,"max_hp_gain":0,"max_hp_loss":0,"event_name":"Beggar","floor":20,"gold_loss":75}],"is_beta":true,"boss_relics":[{"not_picked":["Sozu","Inserter"],"picked":"Pandora\u0027s Box"}],"items_purged_floors":[],"is_endless":false,"potions_floor_spawned":[2,5,10,24],"killed_by":"Slavers","ascension_level":11}}