{"host":"ox77rn1xcurm2t5a","time":1613865499,"event":{"mods":["2.2 Compatiblity","AchievementEnabler","Act Like it!","Aspiration","BaseMod","Best Route Mod","Better Match","Better Note","Better Sensory Stone","Block Reminder","Colored Map","Colored Powertips","Conjunction","Conspire","Custom Start","Energized Spire","GifTheSpireLib","Gold Saver","Gremlin Skip","Halation","Highlight Path","Hubris","Infinite Spire","Minty Spire (QoL Compilation)","Pale of the Ancients","Quick Restart","Reliquary","Replay The Spire","Reworked Bosses","ShortenTheSpire","Spire Exporter","StSLib","Stuff the Spire","Wandering Minibosses"],"gold_per_floor":[688,192,210,210,227,227,255,255,255,266,300,300,319,333,333,432,432,448,448,458,358,376,376,455,490,490,39,57,57,57,67,67,163,163,179,190,190,203,214,248,0,0,81,114,124,149,181,195,195,195,195,195,39,67,67,67],"floor_reached":55,"language":"ENG","playtime":1570,"items_purged":["Defend_R","Defend_R","Strike_R"],"score":1217,"play_id":"de06a87d-79af-465a-98df-4dfaa14e112f","local_time":"20210221015819","is_ascension_mode":true,"campfire_choices":[{"floor":6.0,"key":"RECALL"},{"data":"Bash","floor":12.0,"key":"SMITH"},{"data":"Sword Boomerang","floor":15.0,"key":"SMITH"},{"data":"Limit Break","floor":23.0,"key":"SMITH"},{"data":"Inflame","floor":30.0,"key":"SMITH"},{"data":"Clash","floor":32.0,"key":"SMITH"},{"data":"StuffTheSpire:BrainWave","floor":42.0,"key":"SMITH"},{"data":"Limit Break","floor":49,"key":"SMITH"},{"data":"Clash","floor":52,"key":"SMITH"}],"circlet_count":0,"master_deck":["Strike_R","Strike_R","Strike_R","Strike_R","Defend_R","Defend_R","Bash+1","infinitespire:Collect+1","Thunderclap","Sword Boomerang+1","Thunderclap","Limit Break+1","Flex+1","Clash+1","Clothesline+1","Inflame+1","Seeing Red+1","Clash+1","StuffTheSpire:BrainWave+1","Battle Trance+1","Pommel Strike+1","Limit Break+1","Thunderclap","Shockwave+1","Clash+1"],"relics":["Burning Blood","hubris:SlimyHat","Orichalcum","Bronze Scales","Toy Ornithopter","reliquary:PrincelyHelmet","hubris:ChampionShield","Letter Opener","aspiration:Lifesprig","infinitespire:Golems Mask","ReplayFunnel","ClockworkSouvenir","infinitespire:Lychee Nut","halation:BottledLove","StuffTheSpire:Mouthbags","wanderingMiniBosses:CarrionFlame","Brimstone","Lantern"],"acts_visited":["TheCity","TheBeyond","TheEnding"],"potions_floor_usage":[46,55],"damage_taken":[{"damage":2.0,"enemies":"2 Louse","floor":1.0,"turns":4.0},{"damage":0.0,"enemies":"Small Slimes","floor":3.0,"turns":2.0},{"damage":0.0,"enemies":"Cultist","floor":5.0,"turns":2.0},{"damage":34.0,"enemies":"Gremlin Nob","floor":7.0,"turns":4.0},{"damage":10.0,"enemies":"Exordium Thugs","floor":10.0,"turns":3.0},{"damage":12.0,"enemies":"3 Sentries","floor":11.0,"turns":4.0},{"damage":2.0,"enemies":"Exordium Wildlife","floor":13.0,"turns":2.0},{"damage":10.0,"enemies":"Lots of Slimes","floor":14.0,"turns":3.0},{"damage":38.0,"enemies":"Hexaghost","floor":16.0,"turns":8.0},{"damage":6.0,"enemies":"3 Byrds","floor":18.0,"turns":3.0},{"damage":40.0,"enemies":"2 Thieves","floor":20.0,"turns":5.0},{"damage":25.0,"enemies":"Snecko","floor":22.0,"turns":4.0},{"damage":10.0,"enemies":"conspire:Head Lice","floor":25.0,"turns":6.0},{"damage":2.0,"enemies":"Centurion and Healer","floor":28.0,"turns":3.0},{"damage":0.0,"enemies":"Chosen and Byrds","floor":31.0,"turns":3.0},{"damage":18.0,"enemies":"conspire:MysteriousRune","floor":33.0,"turns":5.0},{"damage":2.0,"enemies":"Orb Walker","floor":35.0,"turns":3.0},{"damage":23.0,"enemies":"3 Darklings","floor":36.0,"turns":2.0},{"damage":25.0,"enemies":"Jaw Worm Horde","floor":38.0,"turns":3.0},{"damage":12.0,"enemies":"4 Shapes","floor":39.0,"turns":1.0},{"damage":0.0,"enemies":"Giant Head","floor":40.0,"turns":4.0},{"damage":25,"enemies":"Nemesis","floor":44,"turns":5},{"damage":0,"enemies":"3 Darklings","floor":45,"turns":1},{"damage":3,"enemies":"conspire:MimicChest","floor":46,"turns":4},{"damage":0,"enemies":"Reptomancer","floor":47,"turns":3},{"damage":14,"enemies":"Sphere and 2 Shapes","floor":48,"turns":4},{"damage":22,"enemies":"bossMod:newShapes","floor":50,"turns":4},{"damage":0,"enemies":"Shield and Spear","floor":54,"turns":1},{"damage":78,"enemies":"The Heart","floor":55,"turns":5}],"seed_played":"-8758199855191334020","potions_obtained":[{"floor":3.0,"key":"ElixirPotion"},{"floor":5.0,"key":"BlessingOfTheForge"},{"floor":11.0,"key":"SpeedPotion"},{"floor":16.0,"key":"Adrenaline Potion"},{"floor":22.0,"key":"ColorlessPotion"},{"floor":28.0,"key":"PowerPotion"},{"floor":31.0,"key":"SteroidPotion"},{"floor":38.0,"key":"BlessingOfTheForge"},{"floor":44,"key":"Swift Potion"},{"floor":47,"key":"Regen Potion"}],"is_trial":false,"path_per_floor":["M","?","M","?","M","R","E","AVR","T","M","E","R","M","M","R","B",null,"M","?","M","$","M","R","T","E","T","$","M","?","R","M","R","B",null,"M","M","?","M","M","E","$","R","T","E","M","?","E","M","R","B",null,"R","$","E","B"],"character_chosen":"IRONCLAD","items_purchased":["Clash","aspiration:Lifesprig","infinitespire:Golems Mask","ClockworkSouvenir","Brimstone"],"campfire_rested":0,"item_purchase_floors":[21,27,27,41,53],"current_hp_per_floor":[76,76,80,80,80,80,52,52,52,48,42,42,46,42,42,10,63,68,68,39,39,20,20,20,16,16,16,25,25,25,31,31,24,66,75,58,58,39,38,44,44,44,44,25,31,45,54,47,47,37,50,50,50,54,0,0],"gold":67,"neow_bonus":"RANDOM_COMMON_RELIC","is_daily":false,"chose_seed":false,"campfire_upgraded":8,"win_rate":0.0,"timestamp":1613865499,"path_taken":["M","?","M","?","M","R","E","AVR","T","M","E","R","M","M","R","BOSS","M","?","M","?","?","R","?","E","T","$","M","?","R","M","R","BOSS","M","M","?","M","M","E","$","R","T","E","M","?","E","M","R","BOSS","R","$","E","BOSS"],"items_purchased_type":["Card","Relic","Relic","Relic","Relic"],"build_version":"2020-12-22","purchased_purges":3,"victory":false,"max_hp_per_floor":[80,80,80,80,80,80,80,80,80,80,80,80,80,80,80,80,80,80,80,80,80,80,80,80,80,80,80,80,80,80,80,80,80,80,80,80,72,72,72,72,72,72,72,54,54,54,54,54,54,54,54,54,54,54,54,54],"card_choices":[{"not_picked":["Pommel Strike","Cleave"],"picked":"Thunderclap","floor":1.0},{"not_picked":["infinitespire:Execution","infinitespire:SealOfDarkness+"],"picked":"infinitespire:Collect","floor":2.0},{"not_picked":["Sword Boomerang","Flex"],"picked":"Thunderclap","floor":3.0},{"not_picked":["ReplayTheSpireMod:Corrosion Curse","StuffTheSpire:Incineration"],"picked":"Sword Boomerang","floor":5.0},{"not_picked":["Sever Soul","StuffTheSpire:RagingBull","Run Through"],"picked":"SKIP","floor":7.0},{"not_picked":["ReplayTheSpireMod:LeadingStrike","Heavy Blade","ReplayTheSpireMod:Muscle Training"],"picked":"SKIP","floor":10.0},{"not_picked":["Berserk","StuffTheSpire:RagingBull"],"picked":"Thunderclap","floor":11.0},{"not_picked":["hubris:ReadiedAction","Searing Blow","Shrug It Off"],"picked":"SKIP","floor":13.0},{"not_picked":["Shrug It Off","Carnage","Armaments"],"picked":"SKIP","floor":14.0},{"not_picked":["Fiend Fire","StuffTheSpire:TitanForm"],"picked":"Limit Break","floor":16.0},{"not_picked":["Searing Blow","StuffTheSpire:RockThrow+1","Sword Boomerang"],"picked":"SKIP","floor":18.0},{"not_picked":["Headbutt","ReplayReversal"],"picked":"Flex+1","floor":20.0},{"not_picked":["Exhume","Evolve","Armaments"],"picked":"SKIP","floor":22.0},{"not_picked":["Defy Death+1","Bloodletting"],"picked":"Clothesline+1","floor":25.0},{"not_picked":["Anger","Uppercut"],"picked":"Inflame","floor":28.0},{"not_picked":["Ghostly Armor","Havoc","Combust"],"picked":"SKIP","floor":31.0},{"not_picked":["Dropkick","Feel No Pain"],"picked":"Seeing Red+1","floor":35.0},{"not_picked":["Sword Boomerang","Bloodletting"],"picked":"Clash+1","floor":36.0},{"not_picked":["Wild Strike","Heavy Blade+1"],"picked":"Battle Trance+1","floor":38.0},{"not_picked":["Wild Strike+1","StuffTheSpire:RockThrow","Body Slam"],"picked":"SKIP","floor":39.0},{"not_picked":["Warcry+1","hubris:ReadiedAction"],"picked":"Pommel Strike+1","floor":40.0},{"not_picked":["Life Link","Burning Pact"],"picked":"Limit Break","floor":44},{"not_picked":["Havoc","Feel No Pain","hubris:SharpeningStone+1"],"picked":"SKIP","floor":45},{"not_picked":["hubris:ReadiedAction","hubris:CleavingFinish"],"picked":"Shockwave+1","floor":47},{"not_picked":["StuffTheSpire:Incineration+1","ReplayTheSpireMod:Strike From Hell+1"],"picked":"Clash","floor":48},{"not_picked":["ReplayTheSpireMod:Corrosion Curse+1","StuffTheSpire:Pyroclast","Wild Strike"],"picked":"SKIP","floor":54}],"player_experience":3221746,"relics_obtained":[{"floor":7.0,"key":"Orichalcum"},{"floor":11.0,"key":"Toy Ornithopter"},{"floor":24.0,"key":"reliquary:PrincelyHelmet"},{"floor":25.0,"key":"hubris:ChampionShield"},{"floor":26.0,"key":"Letter Opener"},{"floor":40.0,"key":"ReplayFunnel"},{"floor":44,"key":"infinitespire:Lychee Nut"},{"floor":46,"key":"halation:BottledLove"},{"floor":47,"key":"StuffTheSpire:Mouthbags"},{"floor":48,"key":"wanderingMiniBosses:CarrionFlame"},{"floor":54,"key":"Lantern"}],"event_choices":[{"damage_healed":0.0,"max_hp_gain":0.0,"max_hp_loss":0.0,"gold_gain":0.0,"event_name":"betterNote:BetterNote","player_choice":"Ignored","floor":19.0,"gold_loss":0.0,"damage_taken":0.0,"cards_obtained":["Strike_P"]}],"is_beta":false,"boss_relics":[{"not_picked":["reliquary:RustamsPendant","energizedSpire:SpiderWeb","hubris:Stopwatch"]},{"not_picked":["infinitespire:Burning Sword","Mark of Pain","aspiration:RunicSpoon"]}],"items_purged_floors":[8,21,41],"is_endless":false,"potions_floor_spawned":[3,5,11,16,22,28,31,38,44,47],"killed_by":"The Heart","ascension_level":9}}