{"host":"359hz4210ybch7ku","time":1613803166,"event":{"mods":["BaseMod","Block Reminder","Colored Map","Colored Powertips","Highlight Path","Minty Spire (QoL Compilation)","Slay the Relics Exporter","StSLib"],"gold_per_floor":[113,127,127,127,137,170,170,203,203,203,56,86,102,114,114,213,213,230,244,169,185,202,233,244,244,244,244,276,276,41,58,58,163,163,182,195,195,209,222,222,254,254,303,330,56,90,90,90,90,90,90,90,4,33,33],"floor_reached":56,"language":"ENG","playtime":8501,"items_purged":["Defend_P","Strike_P"],"score":1923,"play_id":"4fba8140-060e-4c4e-84c7-a877b8dc599c","local_time":"20210219223925","is_ascension_mode":true,"campfire_choices":[{"data":"Eruption","floor":7,"key":"SMITH"},{"data":"Vault","floor":10,"key":"SMITH"},{"data":"Meditate","floor":15,"key":"SMITH"},{"data":"Meditate","floor":25,"key":"SMITH"},{"data":"InnerPeace","floor":27,"key":"SMITH"},{"data":"MentalFortress","floor":32,"key":"SMITH"},{"floor":40,"key":"RECALL"},{"floor":49,"key":"REST"},{"floor":52,"key":"REST"}],"circlet_count":0,"master_deck":["Strike_P+1","Strike_P+1","Strike_P+1","Defend_P+1","Defend_P+1","Eruption+1","Vigilance+1","Meditate+1","FearNoEvil+1","EmptyFist+1","EmptyBody+1","Vault+1","MentalFortress+1","Prostrate+1","BowlingBash+1","Meditate+1","LessonLearned+1","MentalFortress+1","CrushJoints+1","InnerPeace+1","CutThroughFate+1","Adaptation+1","Adaptation+1","Scrawl+1","ForeignInfluence+1","WaveOfTheHand+1","TalkToTheHand+1","Scrawl+1","FlurryOfBlows+1","Dramatic Entrance+1","DeceiveReality"],"relics":["SacredBark","Bag of Marbles","Gremlin Horn","Akabeko","Whetstone","VioletLotus","Shuriken","Blood Vial","Frozen Egg 2","MealTicket","Fusion Hammer","Letter Opener","Orichalcum","Damaru","DollysMirror","Strawberry","Bronze Scales"],"acts_visited":["Exordium","TheCity","TheBeyond","TheEnding"],"potions_floor_usage":[6,8,24,36,37,50,54,55],"damage_taken":[{"damage":1,"enemies":"Cultist","floor":1,"turns":5},{"damage":2,"enemies":"Jaw Worm","floor":2,"turns":5},{"damage":0,"enemies":"Small Slimes","floor":5,"turns":2},{"damage":0,"enemies":"Lagavulin","floor":6,"turns":2},{"damage":0,"enemies":"3 Sentries","floor":8,"turns":5},{"damage":12,"enemies":"Lagavulin","floor":12,"turns":6},{"damage":0,"enemies":"Exordium Thugs","floor":13,"turns":3},{"damage":0,"enemies":"Exordium Wildlife","floor":14,"turns":2},{"damage":19,"enemies":"The Guardian","floor":16,"turns":10},{"damage":3,"enemies":"Chosen","floor":18,"turns":5},{"damage":0,"enemies":"Spheric Guardian","floor":19,"turns":4},{"damage":0,"enemies":"3 Cultists","floor":21,"turns":4},{"damage":3,"enemies":"Snecko","floor":22,"turns":6},{"damage":0,"enemies":"Slavers","floor":23,"turns":5},{"damage":0,"enemies":"Cultist and Chosen","floor":24,"turns":2},{"damage":14,"enemies":"Book of Stabbing","floor":28,"turns":5},{"damage":0,"enemies":"Snake Plant","floor":31,"turns":4},{"damage":13,"enemies":"Champ","floor":33,"turns":6},{"damage":8,"enemies":"Orb Walker","floor":35,"turns":3},{"damage":0,"enemies":"3 Shapes","floor":36,"turns":4},{"damage":9,"enemies":"Writhing Mass","floor":38,"turns":4},{"damage":0,"enemies":"Maw","floor":39,"turns":4},{"damage":0,"enemies":"Nemesis","floor":41,"turns":4},{"damage":0,"enemies":"Reptomancer","floor":44,"turns":2},{"damage":0,"enemies":"Giant Head","floor":46,"turns":5},{"damage":0,"enemies":"Time Eater","floor":50,"turns":7},{"damage":4,"enemies":"Shield and Spear","floor":54,"turns":2},{"damage":29,"enemies":"The Heart","floor":55,"turns":7}],"seed_played":"-7672947225881850041","potions_obtained":[{"floor":1,"key":"FearPotion"},{"floor":5,"key":"SteroidPotion"},{"floor":6,"key":"BlessingOfTheForge"},{"floor":16,"key":"Strength Potion"},{"floor":19,"key":"DuplicationPotion"},{"floor":24,"key":"BlessingOfTheForge"},{"floor":37,"key":"Fruit Juice"},{"floor":37,"key":"DistilledChaos"},{"floor":41,"key":"StancePotion"},{"floor":54,"key":"Dexterity Potion"}],"is_trial":false,"path_per_floor":["M","M","?","?","M","E","R","E","T","R","$","E","M","M","R","B",null,"M","M","?","M","M","E","M","R","T","R","E","T","$","M","R","B",null,"M","M","?","M","M","R","E","$","T","E","$","E","?","$","R","B",null,"R","$","E","B",null],"character_chosen":"WATCHER","items_purchased":["MentalFortress","Adaptation+1","FairyPotion","TalkToTheHand","DollysMirror","FlurryOfBlows","Dramatic Entrance"],"campfire_rested":2,"item_purchase_floors":[11,30,30,45,45,45,53],"current_hp_per_floor":[64,62,48,45,45,45,45,45,45,45,45,33,33,33,33,14,58,55,55,55,55,52,52,52,52,52,52,40,40,55,57,57,46,66,60,62,72,65,67,67,69,82,82,82,82,89,85,85,85,85,85,85,85,81,54],"gold":33,"neow_bonus":"BOSS_RELIC","is_daily":false,"chose_seed":false,"campfire_upgraded":6,"win_rate":0.0,"timestamp":1613803165,"path_taken":["M","M","?","?","M","E","R","E","T","R","$","E","M","M","R","BOSS","M","M","?","M","M","E","M","R","T","R","E","?","$","M","R","BOSS","M","M","?","?","?","R","E","?","T","E","?","E","?","$","R","BOSS","R","$","E","BOSS"],"items_purchased_type":["Card","Card","Potion","Card","Relic","Card","Card"],"build_version":"2020-12-22","purchased_purges":2,"victory":true,"max_hp_per_floor":[72,72,72,72,72,72,72,72,72,72,72,72,72,72,72,72,72,72,72,72,72,72,72,72,72,72,72,72,72,72,72,72,72,72,72,72,82,82,82,82,82,82,82,82,82,89,85,85,85,85,85,85,85,85,85],"card_choices":[{"not_picked":["ClearTheMind","Study"],"picked":"Meditate","floor":1},{"not_picked":["FlyingSleeves","Crescendo"],"picked":"FearNoEvil","floor":2},{"not_picked":["ThirdEye","Protect"],"picked":"EmptyFist","floor":5},{"not_picked":["SashWhip","Protect"],"picked":"EmptyBody","floor":6},{"not_picked":["CrushJoints","ThirdEye"],"picked":"Vault","floor":8},{"not_picked":["Consecrate","Crescendo"],"picked":"Prostrate","floor":12},{"not_picked":["CarveReality","FollowUp"],"picked":"BowlingBash","floor":13},{"not_picked":["MentalFortress","EmptyFist"],"picked":"Meditate","floor":14},{"not_picked":["Omniscience","Brilliance"],"picked":"LessonLearned","floor":16},{"not_picked":["ReachHeaven","Crescendo"],"picked":"MentalFortress+1","floor":18},{"not_picked":["Protect","Perseverance+1"],"picked":"CrushJoints","floor":19},{"not_picked":["Swivel","JustLucky","Crescendo+1"],"picked":"SKIP","floor":21},{"not_picked":["ForeignInfluence+1","Fasting2"],"picked":"InnerPeace","floor":22},{"not_picked":["EmptyFist","Conclude","LikeWater"],"picked":"SKIP","floor":23},{"not_picked":["Swivel","Meditate","SashWhip"],"picked":"SKIP","floor":24},{"not_picked":["FearNoEvil","CarveReality"],"picked":"CutThroughFate","floor":28},{"not_picked":["LessonLearned","InnerPeace"],"picked":"Adaptation+1","floor":31},{"not_picked":["DeusExMachina","Blasphemy"],"picked":"Scrawl","floor":33},{"not_picked":["ThirdEye","BowlingBash"],"picked":"ForeignInfluence+1","floor":35},{"not_picked":["EmptyFist+1","CarveReality+1","FlyingSleeves+1"],"picked":"SKIP","floor":36},{"not_picked":["BowlingBash+1","FollowUp","SashWhip+1"],"picked":"SKIP","floor":38},{"not_picked":["BattleHymn+1","EmptyBody","ThirdEye"],"picked":"SKIP","floor":39},{"not_picked":["SashWhip","FlyingSleeves+1"],"picked":"WaveOfTheHand+1","floor":41},{"not_picked":["WaveOfTheHand","BattleHymn+1","EmptyBody+1"],"picked":"SKIP","floor":44},{"not_picked":["Meditate","PathToVictory","ThirdEye+1"],"picked":"SKIP","floor":46},{"not_picked":["EmptyFist+1","Weave+1"],"picked":"DeceiveReality","floor":54}],"player_experience":327567,"relics_obtained":[{"floor":6,"key":"Gremlin Horn"},{"floor":8,"key":"Akabeko"},{"floor":12,"key":"Whetstone"},{"floor":23,"key":"Shuriken"},{"floor":26,"key":"Blood Vial"},{"floor":28,"key":"Frozen Egg 2"},{"floor":29,"key":"MealTicket"},{"floor":41,"key":"Letter Opener"},{"floor":43,"key":"Orichalcum"},{"floor":44,"key":"Damaru"},{"floor":46,"key":"Strawberry"},{"floor":54,"key":"Bronze Scales"}],"event_choices":[{"damage_healed":0,"gold_gain":0,"player_choice":"Entered Light","damage_taken":14,"max_hp_gain":0,"max_hp_loss":0,"event_name":"Shining Light","floor":3,"gold_loss":0,"cards_upgraded":["Strike_P","Strike_P"]},{"damage_healed":0,"gold_gain":0,"player_choice":"Success","damage_taken":3,"relics_obtained":["Bag of Marbles"],"max_hp_gain":0,"max_hp_loss":0,"event_name":"Scrap Ooze","floor":4,"gold_loss":0},{"cards_removed":["Defend_P"],"damage_healed":0,"gold_gain":0,"player_choice":"Gave Gold","damage_taken":0,"max_hp_gain":0,"max_hp_loss":0,"event_name":"Beggar","floor":20,"gold_loss":75},{"damage_healed":0,"gold_gain":0,"player_choice":"Got Potions","damage_taken":0,"max_hp_gain":0,"max_hp_loss":0,"event_name":"Lab","floor":37,"gold_loss":0},{"damage_healed":0,"gold_gain":0,"player_choice":"Max HP","damage_taken":0,"max_hp_gain":0,"max_hp_loss":4,"event_name":"Winding Halls","floor":47,"gold_loss":0}],"is_beta":false,"boss_relics":[{"not_picked":["Black Star","Philosopher\u0027s Stone"],"picked":"VioletLotus"},{"not_picked":["Calling Bell","Runic Pyramid"],"picked":"Fusion Hammer"}],"items_purged_floors":[11,30],"is_endless":false,"potions_floor_spawned":[1,5,6,16,19,23,24,31,33,39,41,54],"ascension_level":8}}