{"host":"5dhwd44u3dydylwe","time":1613792492,"event":{"mods":["AchievementEnabler","BaseMod","BetterRewards","Dota2Spire","Duelist Mod","GifTheSpireLib","Hubris","Minty Spire (QoL Compilation)","Shop Mod","StSLib","Wandering Minibosses"],"gold_per_floor":[142,158,158,176,187,216,216,227,227,227,275,300,300,312,342,355,355,381,381,381,480,480,496,496,496,510,510,545,559,587,610,610,710,724,742,755,755,755,755,852,852,871,888,888,580,580,580,605,605,624,650,674,708,719,738,738,749,749,749,749,749,749,239,269,269],"floor_reached":66,"language":"ENG","playtime":3319,"items_purged":["theDuelist:Sparks","theDuelist:Sparks","theDuelist:CastleWalls"],"score":2795,"play_id":"63dceff0-02f6-4259-9abc-6023a79c2d2c","local_time":"20210220114132","is_ascension_mode":true,"campfire_choices":[{"floor":7,"key":"REST"},{"data":"theDuelist:SwordsConcealing","floor":9,"key":"SMITH"},{"floor":13,"key":"RECALL"},{"data":"theDuelist:AncientGearChimera","floor":17,"key":"SMITH"},{"floor":20,"key":"REST"},{"floor":38,"key":"REST"},{"data":"theDuelist:MonsterEggSuper","floor":39,"key":"SMITH"},{"data":"theDuelist:Apoqliphort","floor":49,"key":"SMITH"},{"data":"theDuelist:IronhammerGiant","floor":56,"key":"SMITH"},{"data":"theDuelist:ShiranuiMetronome","floor":59,"key":"SMITH"},{"data":"theDuelist:RedMedicine+2","floor":62,"key":"SMITH"}],"circlet_count":0,"master_deck":["AscendersBane","theDuelist:Biofalcon+1","theDuelist:CastleWalls","theDuelist:Deskbot004+1","theDuelist:Deskbot004+1","theDuelist:Deskbot005+1","theDuelist:GreenGadget+1","theDuelist:SatelliteCannon+1","theDuelist:SwordsConcealing+1","theDuelist:AncientGearChimera+1","theDuelist:MachineKing+1","theDuelist:JunkKuriboh+1","theDuelist:MonsterEggSuper+1","theDuelist:ShiranuiMetronome+1","theDuelist:IronhammerGiant+1","theDuelist:GadgetSoldier+1","theDuelist:Apoqliphort+1","theDuelist:IronhammerGiant+1","theDuelist:Factory100Machines","theDuelist:AncientGearFist+3","theDuelist:SparkBlaster+4","theDuelist:AnubisToken+1","theDuelist:PotGreed+1","theDuelist:Shekhinaga+1","theDuelist:RedMedicine+3","theDuelist:BarrelDragon+1","theDuelist:CannonSoldier+1","theDuelist:CyberRaider+1","theDuelist:Tuningware+1","theDuelist:DoubleTool+6"],"relics":["theDuelist:MillenniumPuzzle","theDuelist:CardPoolRelic","theDuelist:CardPoolBasicRelic","theDuelist:BoosterPackPoolRelic","theDuelist:CardPoolAddRelic","theDuelist:CardPoolMinusRelic","theDuelist:CardPoolSaveRelic","theDuelist:CardPoolOptionsRelic","Pear","OrangePellets","hubris:SphereOfDissonance","Matryoshka","PreservedInsect","Dota2Spire:Dagon","theDuelist:BoosterExtraAllRaresRelic","Dota2Spire:ArcaneBoots","White Beast Statue","Dota2Spire:BladeMail","theDuelist:MetronomeRelicB","Dota2Spire:PowerTreads","hubris:Backtick","Dota2Spire:OctarineCore","MutagenicStrength","Dota2Spire:AssaultCuirass","theDuelist:SummonAnchorRare","Red Skull","Self Forming Clay","Dota2Spire:Satanic","Dota2Spire:MantaStyle","wanderingMiniBosses:CarrionFlame","hubris:Icosahedron","hubris:BlackHole","theDuelist:ZoneToken","Lee\u0027s Waffle","theDuelist:DuelistOrichalcum","theDuelist:TributeEggRelic","Lantern","Dota2Spire:BlackKingBar","hubris:Towel","Happy Flower","Nunchaku","Dota2Spire:ShadowBlade"],"acts_visited":["Exordium","TheCity","TheBeyond","TheEnding"],"potions_floor_usage":[65,65,65],"damage_taken":[{"damage":0,"enemies":"Small Slimes","floor":1,"turns":5},{"damage":0,"enemies":"2 Louse","floor":2,"turns":5},{"damage":2,"enemies":"Jaw Worm","floor":4,"turns":5},{"damage":0,"enemies":"Looter","floor":5,"turns":5},{"damage":4,"enemies":"3 Sentries","floor":6,"turns":5},{"damage":12,"enemies":"Exordium Wildlife","floor":8,"turns":7},{"damage":0,"enemies":"Gremlin Nob","floor":12,"turns":2},{"damage":4,"enemies":"2 Fungi Beasts","floor":14,"turns":5},{"damage":0,"enemies":"Lagavulin","floor":15,"turns":4},{"damage":0,"enemies":"Looter","floor":16,"turns":5},{"damage":0,"enemies":"3 Sentries","floor":18,"turns":3},{"damage":21,"enemies":"Hexaghost","floor":21,"turns":6},{"damage":19,"enemies":"2 Thieves","floor":23,"turns":4},{"damage":0,"enemies":"Shell Parasite","floor":26,"turns":2},{"damage":27,"enemies":"Slavers","floor":28,"turns":3},{"damage":0,"enemies":"Snecko","floor":29,"turns":3},{"damage":0,"enemies":"Book of Stabbing","floor":30,"turns":2},{"damage":0,"enemies":"Colosseum Slavers","floor":33,"turns":3},{"damage":0,"enemies":"Colosseum Nobs","floor":33,"turns":3},{"damage":0,"enemies":"Sentry and Sphere","floor":34,"turns":2},{"damage":0,"enemies":"3 Cultists","floor":35,"turns":2},{"damage":0,"enemies":"Snecko","floor":36,"turns":2},{"damage":21,"enemies":"hubris:MusketHawk","floor":40,"turns":5},{"damage":0,"enemies":"3 Shapes","floor":42,"turns":1},{"damage":0,"enemies":"Orb Walker","floor":43,"turns":2},{"damage":0,"enemies":"Nemesis","floor":48,"turns":1},{"damage":0,"enemies":"4 Shapes","floor":50,"turns":1},{"damage":0,"enemies":"Giant Head","floor":51,"turns":1},{"damage":0,"enemies":"Nemesis","floor":53,"turns":1},{"damage":0,"enemies":"Maw","floor":54,"turns":1},{"damage":0,"enemies":"Jaw Worm Horde","floor":55,"turns":1},{"damage":0,"enemies":"Spire Growth","floor":57,"turns":1},{"damage":0,"enemies":"Donu and Deca","floor":60,"turns":2},{"damage":0,"enemies":"Shield and Spear","floor":64,"turns":1},{"damage":43,"enemies":"The Heart","floor":65,"turns":4}],"seed_played":"5994868579317494689","potions_obtained":[{"floor":4,"key":"CunningPotion"},{"floor":8,"key":"theDuelist:WaterBottle"},{"floor":12,"key":"Fire Potion"},{"floor":21,"key":"theDuelist:FluxPotion"},{"floor":54,"key":"PowerPotion"},{"floor":64,"key":"theDuelist:FlamingBottle"}],"is_trial":false,"path_per_floor":["M","M","?","M","M","E","R","M","R","T","T","E","R","M","E","M","R","E","?","R","B",null,"M","?","?","M","?","E","M","E","T","T","?","M","M","M","?","R","R","B",null,"M","M","?","$","?","?","E","R","M","E","T","E","M","M","R","M","?","R","B",null,"R","$","E","B",null],"character_chosen":"THE_DUELIST","items_purchased":["Pear","OrangePellets","hubris:SphereOfDissonance","Matryoshka","PreservedInsect","Dota2Spire:Dagon","theDuelist:BoosterExtraAllRaresRelic","theDuelist:ZoneToken","Lee\u0027s Waffle","Happy Flower","Nunchaku","theDuelist:BarrelDragon","theDuelist:CannonSoldier","theDuelist:CyberRaider","theDuelist:Tuningware"],"campfire_rested":3,"item_purchase_floors":[0,0,0,0,0,0,0,45,45,63,63,63,63,63,63],"current_hp_per_floor":[34,34,34,32,32,28,55,43,43,43,43,43,43,39,39,39,39,39,39,66,45,79,60,60,60,60,60,33,33,33,33,33,33,33,33,33,33,60,60,39,77,77,77,67,97,91,91,91,91,91,91,91,91,91,91,91,91,91,91,91,96,96,96,96,53],"gold":269,"neow_bonus":"","is_daily":false,"chose_seed":false,"campfire_upgraded":7,"win_rate":0.0,"timestamp":1613792492,"path_taken":["M","M","?","M","M","E","R","M","R","T","T","E","R","M","E","M","R","E","?","R","BOSS","M","?","?","M","?","E","M","E","T","T","?","M","M","M","?","R","R","BOSS","M","M","?","$","?","?","E","R","M","E","T","E","M","M","R","?","?","R","BOSS","R","$","E","BOSS"],"items_purchased_type":["Relic","Relic","Relic","Relic","Relic","Relic","Relic","Relic","Relic","Relic","Relic","Card","Card","Card","Card"],"build_version":"2020-12-22","purchased_purges":3,"victory":true,"max_hp_per_floor":[90,90,90,90,90,90,90,90,90,90,90,90,90,90,90,90,90,90,90,90,90,90,90,90,90,90,90,90,90,90,90,90,90,90,90,90,90,90,90,90,90,90,90,90,97,97,97,97,97,97,97,97,97,97,97,97,97,97,97,97,97,97,97,97,97],"card_choices":[{"not_picked":["theDuelist:TokenVacuum","theDuelist:FrontlineObserver","theDuelist:DoubleTool","theDuelist:Biofalcon","theDuelist:CannonSoldier"],"picked":"SKIP","floor":1},{"not_picked":["theDuelist:DoubleTool","theDuelist:CoreBlaster","theDuelist:Factory100Machines","theDuelist:CardsFromTheSky","theDuelist:MachineFactory"],"picked":"SKIP","floor":2},{"not_picked":["theDuelist:Apoqliphort+1","theDuelist:Submarineroid+1","theDuelist:DigitalBug+1","theDuelist:Overworked"],"picked":"theDuelist:SatelliteCannon+1","floor":4},{"not_picked":["theDuelist:TokenVacuum","theDuelist:GearGigant","theDuelist:BlastJuggler","theDuelist:Biofalcon","theDuelist:AllyJustice"],"picked":"SKIP","floor":5},{"not_picked":["theDuelist:Deskbot001","theDuelist:GreenGadget","theDuelist:Deskbot005","theDuelist:CannonSoldier","theDuelist:Deskbot008"],"picked":"SKIP","floor":6},{"not_picked":["theDuelist:GoldenBlastJuggler+1","theDuelist:GoldGadget+1","theDuelist:AncientGearReactorDragon+1","theDuelist:Shekhinaga+1"],"picked":"theDuelist:SwordsConcealing","floor":8},{"not_picked":["theDuelist:GenexAllyBirdman","theDuelist:Deskbot004","theDuelist:CyberArchfiend","theDuelist:CoreBlaster","theDuelist:BarrelDragon"],"picked":"SKIP","floor":12},{"not_picked":["theDuelist:GenexAllyBirdman","theDuelist:CyberRaider","theDuelist:AncientGearChimera","theDuelist:GreenGadget","theDuelist:OrbitalBombardment"],"picked":"SKIP","floor":14},{"not_picked":["theDuelist:GenexAllyBirdman","theDuelist:CyberRaider","theDuelist:GreenGadget","theDuelist:OrbitalBombardment"],"picked":"theDuelist:AncientGearChimera","floor":14},{"not_picked":["theDuelist:SteamTrainKing+1","theDuelist:IronhammerGiant+1","theDuelist:BlackSalvo+1","theDuelist:SevenCompleted"],"picked":"theDuelist:MachineKing+1","floor":15},{"not_picked":["theDuelist:LightningDarts","theDuelist:LightningVortex","theDuelist:PowerGiant","theDuelist:WingedKuriboh","theDuelist:SeismicShockwave"],"picked":"SKIP","floor":16},{"not_picked":["theDuelist:Geargiauger","theDuelist:ArtifactIgnition","theDuelist:AirCrackingStorm","theDuelist:MetalDetector","theDuelist:AllySalvo"],"picked":"SKIP","floor":18},{"not_picked":["theDuelist:ChaosAncientGearGiant","theDuelist:CyberArchfiend","theDuelist:ArtifactSanctum+1","theDuelist:DigitalBug"],"picked":"theDuelist:JunkKuriboh+1","floor":23},{"not_picked":["theDuelist:Tuningware","theDuelist:ParallelPortArmor","theDuelist:ArtifactIgnition","theDuelist:AncientGearWorkshop","theDuelist:MetalDetector"],"picked":"SKIP","floor":26},{"not_picked":["theDuelist:SparkBlaster+1","theDuelist:AncientGearFist","theDuelist:StimPack","theDuelist:RainbowBridge+1","theDuelist:BreakDraw"],"picked":"SKIP","floor":28},{"not_picked":["theDuelist:TokenVacuum","theDuelist:ParallelPortArmor","theDuelist:MetalDetector","theDuelist:ImperialOrder+1","theDuelist:SolemnWarning"],"picked":"SKIP","floor":29},{"not_picked":["theDuelist:BreakDraw","theDuelist:ScrapIronScarecrow","theDuelist:ElectromagneticTurtle","theDuelist:RevolvingSwitchyard","theDuelist:PsychicShockwave"],"picked":"SKIP","floor":30},{"not_picked":["theDuelist:Geargiauger","theDuelist:FrontlineObserver","theDuelist:StimPack","theDuelist:ScrapIronScarecrow","theDuelist:Oilman"],"picked":"SKIP","floor":34},{"not_picked":["theDuelist:MonsterMetronome","theDuelist:StampedingMetronome","theDuelist:FieldMetronome+1","theDuelist:NaturiaMetronome"],"picked":"theDuelist:ShiranuiMetronome","floor":35},{"not_picked":["theDuelist:BlastJuggler","theDuelist:Biofalcon","theDuelist:JunkKuriboh","theDuelist:AncientGearBox","theDuelist:ArtifactSanctum+1"],"picked":"SKIP","floor":36},{"not_picked":["theDuelist:SteamTrainKing+1","theDuelist:MachineKingPrototype","theDuelist:MachineKing","theDuelist:Deskbot009"],"picked":"theDuelist:IronhammerGiant","floor":40},{"not_picked":["theDuelist:DoubleTool+1","theDuelist:Deskbot004","theDuelist:CyberArchfiend+1","theDuelist:CoreBlaster"],"picked":"theDuelist:GadgetSoldier+1","floor":42},{"not_picked":["theDuelist:WonderGarage+1","theDuelist:TurretWarrior+1","theDuelist:ShortCircuit+1","theDuelist:SatelliteCannon+1"],"picked":"theDuelist:Apoqliphort","floor":43},{"not_picked":["theDuelist:Overworked+1","theDuelist:MachineFactory+1","theDuelist:BlastingFuse+1","theDuelist:Shekhinaga"],"picked":"theDuelist:IronhammerGiant+1","floor":44},{"not_picked":["theDuelist:ScrapBeast+1","theDuelist:JunkKuriboh+1","theDuelist:CyberRaider","theDuelist:TokenVacuum+1"],"picked":"theDuelist:Factory100Machines","floor":44},{"not_picked":["theDuelist:DoubleTool+2","theDuelist:CoreBlaster+1","theDuelist:StimPack+1","theDuelist:CardsFromTheSky+1"],"picked":"theDuelist:AncientGearFist+2","floor":44},{"not_picked":["theDuelist:GenexAllyBirdman","theDuelist:Biofalcon","theDuelist:JunkKuriboh+1","theDuelist:CardsFromTheSky+1"],"picked":"theDuelist:SparkBlaster+1","floor":48},{"not_picked":["theDuelist:CannonSoldier","theDuelist:ScrapIronScarecrow","theDuelist:ScrapBeast+1","theDuelist:DoubleTool","theDuelist:Deskbot001"],"picked":"SKIP","floor":50},{"not_picked":["theDuelist:OrbToken","theDuelist:FocusToken+1","theDuelist:JamToken+1","theDuelist:FluxToken"],"picked":"theDuelist:AnubisToken+1","floor":51},{"not_picked":["theDuelist:BigFire","theDuelist:BlockGolem+1","theDuelist:GracefulCharity","theDuelist:Sangan"],"picked":"theDuelist:PotGreed+1","floor":53},{"not_picked":["theDuelist:AncientGearFist+1","theDuelist:StimPack+1","theDuelist:MachineFactory","theDuelist:GravityAxe","theDuelist:ShortCircuit"],"picked":"SKIP","floor":54},{"not_picked":["theDuelist:Quariongandrax+1","theDuelist:RedGadget+1","theDuelist:Deskbot008+1","theDuelist:SolemnWarning+1"],"picked":"theDuelist:Shekhinaga+1","floor":55},{"not_picked":["theDuelist:WormWarlord","theDuelist:Solidarity+1","theDuelist:PotGenerosity+1","theDuelist:TheCreator+1"],"picked":"theDuelist:RedMedicine+2","floor":57},{"not_picked":["theDuelist:GenexAllyBirdman+1","theDuelist:Geargiauger+1","theDuelist:FrontlineObserver+1","theDuelist:CyberArchfiend+1"],"picked":"theDuelist:DoubleTool+6","floor":64}],"player_experience":236312,"relics_obtained":[{"floor":6,"key":"Dota2Spire:ArcaneBoots"},{"floor":10,"key":"White Beast Statue"},{"floor":11,"key":"Dota2Spire:BladeMail"},{"floor":12,"key":"theDuelist:MetronomeRelicB"},{"floor":15,"key":"theDuelist:MonsterEggRelic"},{"floor":18,"key":"Dota2Spire:PowerTreads"},{"floor":28,"key":"Dota2Spire:AssaultCuirass"},{"floor":30,"key":"theDuelist:SummonAnchorRare"},{"floor":31,"key":"Red Skull"},{"floor":32,"key":"Self Forming Clay"},{"floor":33,"key":"Dota2Spire:Satanic"},{"floor":33,"key":"Dota2Spire:MantaStyle"},{"floor":33,"key":"wanderingMiniBosses:CarrionFlame"},{"floor":48,"key":"theDuelist:TributeEggRelic"},{"floor":52,"key":"Lantern"},{"floor":53,"key":"Dota2Spire:BlackKingBar"},{"floor":64,"key":"Dota2Spire:ShadowBlade"}],"event_choices":[{"damage_healed":0,"gold_gain":0,"player_choice":"Leave","duelist":true,"damage_taken":0,"max_hp_gain":0,"max_hp_loss":0,"event_name":"Card Trader","floor":3,"gold_loss":0},{"damage_healed":0,"gold_gain":0,"player_choice":"Ignored","damage_taken":0,"max_hp_gain":0,"max_hp_loss":0,"event_name":"Liars Game","floor":19,"gold_loss":0},{"damage_healed":0,"gold_gain":0,"player_choice":"Inject Mutagens","damage_taken":0,"relics_obtained":["MutagenicStrength"],"max_hp_gain":0,"max_hp_loss":0,"event_name":"Drug Dealer","floor":24,"gold_loss":0},{"damage_healed":0,"gold_gain":0,"player_choice":"Leave","duelist":true,"damage_taken":0,"max_hp_gain":0,"max_hp_loss":0,"event_name":"Egyptian Village","floor":25,"gold_loss":0},{"damage_healed":0,"gold_gain":0,"player_choice":"Offering - offered Monster Egg Relic","duelist":true,"damage_taken":0,"max_hp_gain":0,"max_hp_loss":0,"event_name":"Tomb of the Nameless","floor":27,"gold_loss":0},{"damage_healed":0,"gold_gain":0,"player_choice":"Fight","damage_taken":0,"max_hp_gain":0,"max_hp_loss":0,"event_name":"Colosseum","floor":33,"gold_loss":0},{"damage_healed":0,"gold_gain":0,"player_choice":"Fought Nobs","damage_taken":0,"max_hp_gain":0,"max_hp_loss":0,"event_name":"Colosseum","floor":33,"gold_loss":0},{"damage_healed":0,"gold_gain":0,"player_choice":"Memory 3","damage_taken":10,"max_hp_gain":0,"max_hp_loss":0,"event_name":"SensoryStone","floor":44,"gold_loss":0},{"damage_healed":0,"gold_gain":0,"player_choice":"Dig - random Duelist relic","duelist":true,"damage_taken":0,"max_hp_gain":0,"max_hp_loss":0,"event_name":"Aknamkanon\u0027s Tomb","floor":46,"gold_loss":0},{"cards_removed":["theDuelist:Deskbot005"],"damage_healed":0,"gold_gain":0,"player_choice":"Removed Skill","damage_taken":0,"max_hp_gain":0,"max_hp_loss":0,"event_name":"Falling","floor":47,"gold_loss":0}],"is_beta":false,"boss_relics":[{"not_picked":["Black Star","Velvet Choker"],"picked":"hubris:Backtick"},{"not_picked":["HoveringKite","SacredBark"],"picked":"hubris:BlackHole"}],"items_purged_floors":[0,0,0],"is_endless":false,"potions_floor_spawned":[4,8,12,14,15,16,18,21,23,26,28,29,30,33,33,34,35,36,40,42,43,48,50,51,53,54,55,57,64],"ascension_level":10}}