{"host":"tchp4ssh6eu1bj0c","time":1613800217,"event":{"mods":["AchievementEnabler","BaseMod","KOR Keyword Fix","Minty Spire (QoL Compilation)","SuperFastMode"],"gold_per_floor":[111,286,236,301,226,240,267,77,77,96,126,126,126,126,126,230,230,241,98,109,31,31,31,31],"floor_reached":23,"language":"KOR","playtime":758,"items_purged":["Strike_B","Strike_B"],"score":275,"play_id":"bd7603c5-c3e6-48d5-b339-58051494127a","local_time":"20210220145017","is_ascension_mode":true,"campfire_choices":[{"data":"Blizzard","floor":12,"key":"SMITH"},{"data":"Dualcast","floor":15,"key":"SMITH"}],"circlet_count":0,"master_deck":["Strike_B","Defend_B","Defend_B","Defend_B","Defend_B","Zap","Dualcast+1","Streamline","Conserve Battery","Coolheaded","Redo","White Noise","Leap","Blizzard+1","Skim","Self Repair"],"relics":["Cracked Core","NeowsBlessing","Eternal Feather","CaptainsWheel","Torii","Mummified Hand","Ancient Tea Set","Busted Crown","Runic Capacitor"],"acts_visited":["Exordium","TheCity"],"potions_floor_usage":[16],"damage_taken":[{"damage":0.0,"enemies":"2 Louse","floor":1.0,"turns":1.0},{"damage":0.0,"enemies":"Small Slimes","floor":6.0,"turns":1.0},{"damage":0.0,"enemies":"Lagavulin","floor":7.0,"turns":1.0},{"damage":0.0,"enemies":"Jaw Worm","floor":10.0,"turns":4.0},{"damage":23,"enemies":"3 Sentries","floor":11,"turns":9},{"damage":16,"enemies":"Hexaghost","floor":16,"turns":10},{"damage":10,"enemies":"Spheric Guardian","floor":18,"turns":6},{"damage":24,"enemies":"Chosen","floor":20,"turns":6},{"damage":40,"enemies":"Gremlin Leader","floor":23,"turns":2}],"seed_played":"-9040511857075079619","potions_obtained":[{"floor":1.0,"key":"FearPotion"},{"floor":11,"key":"ColorlessPotion"}],"is_trial":false,"path_per_floor":["M","?","?","?","$","M","E","$","T","M","E","R","T","?","R","B",null,"M","$","M","$","?","E"],"character_chosen":"DEFECT","items_purchased":["Redo","White Noise","Runic Capacitor","Self Repair"],"campfire_rested":0,"item_purchase_floors":[8,8,19,21],"current_hp_per_floor":[75,75,75,75,75,75,75,75,75,75,52,61,61,54,63,47,68,58,58,34,34,34,0,0],"gold":31,"neow_bonus":"THREE_ENEMY_KILL","is_daily":false,"chose_seed":false,"campfire_upgraded":2,"win_rate":0.0,"timestamp":1613800217,"path_taken":["M","?","?","?","$","M","E","$","T","M","E","R","?","?","R","BOSS","M","$","M","$","?","E"],"items_purchased_type":["Card","Card","Relic","Card"],"build_version":"2020-12-22","purchased_purges":2,"victory":false,"max_hp_per_floor":[75,75,75,75,75,75,75,75,75,75,75,75,75,75,75,75,75,75,75,75,75,75,75,75],"card_choices":[{"not_picked":["Steam Power","Rebound"],"picked":"Streamline","floor":1.0},{"not_picked":["Turbo","Hello World"],"picked":"Conserve Battery","floor":6.0},{"not_picked":["Hello World","Sweeping Beam"],"picked":"Coolheaded","floor":7.0},{"not_picked":["Turbo","Loop"],"picked":"Leap","floor":10.0},{"not_picked":["Steam Power","Thunder Strike"],"picked":"Blizzard","floor":11},{"not_picked":["Leap"],"picked":"SKIP","floor":18},{"not_picked":[],"picked":"Skim","floor":20}],"player_experience":441482,"relics_obtained":[{"floor":7.0,"key":"Eternal Feather"},{"floor":9.0,"key":"CaptainsWheel"},{"floor":11,"key":"Torii"},{"floor":13,"key":"Mummified Hand"}],"event_choices":[{"damage_healed":0.0,"max_hp_gain":0.0,"max_hp_loss":0.0,"gold_gain":175.0,"event_name":"Liars Game","player_choice":"AGREE","floor":2.0,"gold_loss":0.0,"damage_taken":0.0,"cards_obtained":["Doubt"]},{"cards_removed":["Doubt"],"damage_healed":0.0,"max_hp_gain":0.0,"max_hp_loss":0.0,"gold_gain":0.0,"event_name":"The Cleric","player_choice":"Card Removal","floor":3.0,"gold_loss":50.0,"damage_taken":0.0},{"damage_healed":0.0,"max_hp_gain":0.0,"max_hp_loss":0.0,"gold_gain":65.0,"event_name":"Golden Wing","player_choice":"Gained Gold","floor":4.0,"gold_loss":0.0,"damage_taken":0.0},{"damage_healed":0,"gold_gain":0,"player_choice":"Success","damage_taken":7,"relics_obtained":["Ancient Tea Set"],"max_hp_gain":0,"max_hp_loss":0,"event_name":"Scrap Ooze","floor":14,"gold_loss":0},{"cards_removed":["Strike_B"],"damage_healed":0,"gold_gain":0,"player_choice":"Elegance","damage_taken":0,"max_hp_gain":0,"max_hp_loss":0,"event_name":"Back to Basics","floor":22,"gold_loss":0}],"is_beta":false,"boss_relics":[{"not_picked":["Runic Pyramid","Velvet Choker"],"picked":"Busted Crown"}],"items_purged_floors":[5,8],"is_endless":false,"potions_floor_spawned":[1,11],"killed_by":"Gremlin Leader","ascension_level":5}}