{"host":"6152go0anyt7mc9e","time":1613794780,"event":{"mods":["BaseMod","Colored Map","Minty Spire (QoL Compilation)","StSLib"],"gold_per_floor":[114,129,129,54,0,30,45,45,45,45,75,75,75,90,90,90,90],"floor_reached":16,"language":"ZHT","playtime":453,"items_purged":["Meteor Strike"],"score":133,"play_id":"a7b48fd3-3fbd-4434-8d38-e00566ee35c7","local_time":"20210220121940","daily_mods":["Shiny","Red Cards","DeadlyEvents"],"is_ascension_mode":false,"campfire_choices":[{"data":"Hyperbeam","floor":8.0,"key":"SMITH"},{"data":"Immolate","floor":10.0,"key":"SMITH"},{"data":"Offering","floor":13.0,"key":"SMITH"},{"data":"Corruption","floor":15.0,"key":"SMITH"}],"circlet_count":0,"master_deck":["Double Tap","Demon Form","Bludgeon","Feed+1","Limit Break","Corruption+1","Barricade","Fiend Fire+1","Berserk","Impervious","Juggernaut","Brutality","Reaper","Exhume","Offering+1","Immolate+1","Multi-Cast","Hyperbeam+1","Thunder Strike","Biased Cognition","Machine Learning","Electrodynamics","Buffer","Rainbow","Seek","Echo Form","All For One","Reboot","Amplify","Creative AI","Fission","Core Surge"],"relics":["Cracked Core","Anchor","Gambling Chip","Oddly Smooth Stone","Whetstone"],"acts_visited":["Exordium"],"potions_floor_usage":[],"damage_taken":[{"damage":1.0,"enemies":"Cultist","floor":1.0,"turns":2.0},{"damage":17.0,"enemies":"Jaw Worm","floor":2.0,"turns":3.0},{"damage":6.0,"enemies":"3 Sentries","floor":6.0,"turns":1.0},{"damage":0.0,"enemies":"Small Slimes","floor":7.0,"turns":3.0},{"damage":18.0,"enemies":"Gremlin Nob","floor":11.0,"turns":4.0},{"damage":0.0,"enemies":"Looter","floor":14.0,"turns":2.0},{"damage":44,"enemies":"Hexaghost","floor":16,"turns":5}],"seed_played":"3618718455484561711","potions_obtained":[{"floor":14.0,"key":"BlessingOfTheForge"}],"is_trial":false,"path_per_floor":["M","M","?","$","?","E","M","R","T","R","E","$","R","M","R","B"],"character_chosen":"DEFECT","items_purchased":[],"campfire_rested":0,"item_purchase_floors":[],"current_hp_per_floor":[74,60,60,60,60,54,57,57,57,57,39,39,39,47,47,3,3],"gold":90,"neow_bonus":"","is_daily":true,"chose_seed":false,"campfire_upgraded":4,"win_rate":0.0,"timestamp":1613794780,"path_taken":["M","M","?","$","?","E","M","R","T","R","?","$","R","M","R","BOSS"],"items_purchased_type":[],"build_version":"2020-12-22","purchased_purges":1,"victory":false,"max_hp_per_floor":[75,78,78,78,78,78,81,81,81,81,81,81,81,85,85,85,85],"card_choices":[{"not_picked":["Gash","Cold Snap","Intimidate"],"picked":"SKIP","floor":1.0},{"not_picked":["Clothesline","Dual Wield","Entrench"],"picked":"SKIP","floor":2.0},{"not_picked":["Heatsinks","FTL","Dark Embrace"],"picked":"SKIP","floor":6.0},{"not_picked":["Sword Boomerang","True Grit","Intimidate"],"picked":"SKIP","floor":7.0},{"not_picked":["Biased Cognition","Dual Wield","Conserve Battery"],"picked":"SKIP","floor":11.0},{"not_picked":["Rebound","Coolheaded","Turbo"],"picked":"SKIP","floor":14.0}],"player_experience":1552719,"relics_obtained":[{"floor":6.0,"key":"Gambling Chip"},{"floor":9.0,"key":"Oddly Smooth Stone"},{"floor":11.0,"key":"Whetstone"}],"event_choices":[{"damage_healed":0.0,"max_hp_gain":0.0,"max_hp_loss":0.0,"gold_gain":0.0,"event_name":"Liars Game","player_choice":"Ignored","floor":3.0,"gold_loss":0.0,"damage_taken":0.0},{"damage_healed":0.0,"max_hp_gain":0.0,"max_hp_loss":0.0,"gold_gain":0.0,"event_name":"WeMeetAgain","player_choice":"Paid Gold","floor":5.0,"gold_loss":54.0,"damage_taken":0.0,"relics_obtained":["Anchor"]}],"is_beta":false,"boss_relics":[],"items_purged_floors":[4],"is_endless":false,"potions_floor_spawned":[14],"killed_by":"Hexaghost","ascension_level":0}}