{"host":"q8ewzd1tf4mqkgtb","time":1613785891,"event":{"mods":["Ascension Unlocker","BaseMod","Colored Map","Downfall","Faster Ascension Climbing","Hermit","Minty Spire (QoL Compilation)","Relic Stats","StSLib","UnlockEverythingMod"],"gold_per_floor":[110,121,121,131,131,131,161,161,161],"floor_reached":8,"language":"ENG","playtime":977,"items_purged":[],"score":92,"play_id":"d16b3114-9b37-4632-9670-2472a2f1f4d9","local_time":"20210219195131","is_ascension_mode":true,"campfire_choices":[{"floor":6,"key":"REST"}],"circlet_count":0,"master_deck":["AscendersBane","Strike_R","Strike_R","Strike_R","Strike_R","Strike_R","Defend_R","Defend_R","Defend_R","Defend_R","Bash+1","Feed","Armaments+1","Iron Wave"],"relics":["Burning Blood","Omamori"],"acts_visited":["Exordium"],"potions_floor_usage":[8],"damage_taken":[{"damage":11,"enemies":"Jaw Worm","floor":1,"turns":4},{"damage":11,"enemies":"Small Slimes","floor":2,"turns":5},{"damage":8,"enemies":"2 Louse","floor":4,"turns":9},{"damage":43,"enemies":"Lagavulin","floor":8,"turns":7}],"seed_played":"-6677983175217013860","potions_obtained":[{"floor":4,"key":"Block Potion"}],"is_trial":false,"path_per_floor":["M","M","?","M","?","R","?","E"],"character_chosen":"IRONCLAD","items_purchased":[],"campfire_rested":1,"item_purchase_floors":[],"current_hp_per_floor":[66,64,42,44,18,41,41,0,0],"gold":161,"neow_bonus":"THREE_RARE_CARDS","is_daily":false,"chose_seed":false,"campfire_upgraded":0,"win_rate":0.0,"timestamp":1613785891,"path_taken":["M","M","?","M","?","R","?","E"],"items_purchased_type":[],"build_version":"2020-12-22","purchased_purges":0,"victory":false,"max_hp_per_floor":[71,74,74,78,78,78,78,78,78],"relic_stats":{"counters":[4,25],"obtain_stats":[{"Omamori":7,"Burning Blood":0},{"Omamori":3,"Burning Blood":0},{"Omamori":18,"Burning Blood":0}],"Burning Blood":18},"card_choices":[{"not_picked":["Immolate","Fiend Fire"],"picked":"Feed","floor":0},{"not_picked":["Metallicize","Flame Barrier"],"picked":"Armaments","floor":1},{"not_picked":["Wild Strike","Pommel Strike"],"picked":"Iron Wave","floor":2},{"not_picked":["Barricade","Pommel Strike","Shrug It Off"],"picked":"SKIP","floor":4}],"player_experience":597983,"relics_obtained":[],"event_choices":[{"damage_healed":0,"gold_gain":0,"player_choice":"Entered Light","damage_taken":22,"max_hp_gain":0,"max_hp_loss":0,"event_name":"Shining Light","floor":3,"gold_loss":0,"cards_upgraded":["Armaments","Bash"]},{"damage_healed":0,"gold_gain":0,"player_choice":"Fled","damage_taken":26,"max_hp_gain":0,"max_hp_loss":0,"event_name":"Scrap Ooze","floor":5,"gold_loss":0},{"damage_healed":0,"gold_gain":30,"player_choice":"Searched \u00272\u0027 times","damage_taken":0,"relics_obtained":["Omamori"],"max_hp_gain":0,"max_hp_loss":0,"event_name":"Dead Adventurer","floor":7,"gold_loss":0}],"is_beta":false,"boss_relics":[],"items_purged_floors":[],"is_endless":false,"potions_floor_spawned":[4],"killed_by":"Lagavulin","ascension_level":20}}