{"host":"0ke4ewd6kv0tgkyi","time":1613787727,"event":{"mods":["2.2 Compatiblity","A Magickal Journey","Act Like it!","Aspiration","BaseMod","Conspire","Elementarium","Fiend Mod","Gensokyo","Hallownest","JesterMod","Menagerie","Minty Spire (QoL Compilation)","Pale of the Ancients","Permanent Neow","Potionbrewer","Quarter Circle Forward PUNCH!","QueenMod","Reliquary","Ruina","Shade Mod","Somnambulant","StSLib","The Alterego","The Bug Knight","The Cursed","The Gatherer","The Judge","The Jungle","thorton"],"gold_per_floor":[119,137,137,153,78,78,118,118,194,214,238,138,155,155,155,260,260,276,296,296,317,317,317],"floor_reached":21,"language":"ENG","playtime":2742,"items_purged":["thethorton:Strike","Normality"],"score":190,"play_id":"49685dc0-0fa8-483c-bc72-3b80349837de","local_time":"20210219182207","is_ascension_mode":true,"campfire_choices":[{"data":"Survivor","floor":6,"key":"SMITH"},{"floor":8,"key":"REST"},{"data":"QueenMod:WarTrumpet","floor":15,"key":"SMITH"}],"circlet_count":0,"master_deck":["thethorton:Strike","thethorton:Strike","thethorton:Defend","thethorton:Defend","thethorton:Heckle","thethorton:CreditCard","thethorton:BattleTrash","thethorton:FocusStrength","aspiration:Lunge","Survivor+1","Catalyst","thethorton:TakeAccounts","thethorton:Crash","thethorton:MomentaryBreak","thethorton:ChartProject","QueenMod:WarTrumpet+1","thethorton:SummonProfit","thethorton:CardboardBox"],"relics":["thethorton:CouragePotion","aspiration:Nostalgia","Burning Blood","reliquary:Aerogel","reliquary:QuartzCube","Philosopher\u0027s Stone","theJungle:BirthdayCakeSlice"],"acts_visited":["Exordium","Menagerie:Menagerie"],"potions_floor_usage":[7,18,19,21,21],"damage_taken":[{"damage":5,"enemies":"Menagerie:2_RABBITS","floor":1,"turns":4},{"damage":25,"enemies":"Menagerie:MonstrousExperiment","floor":2,"turns":9},{"damage":6,"enemies":"Menagerie:StygianBoar","floor":4,"turns":3},{"damage":37,"enemies":"Menagerie:MaskedSummoner","floor":7,"turns":9},{"damage":12,"enemies":"Menagerie:EntropyWarlock","floor":10,"turns":7},{"damage":4,"enemies":"Menagerie:MeltingSalamander","floor":11,"turns":5},{"damage":1,"enemies":"Menagerie:DREAD_MOTH_AND_GRAFTED_WORMS","floor":13,"turns":3},{"damage":17,"enemies":"Menagerie:Suneater","floor":16,"turns":13},{"damage":12,"enemies":"Shell Parasite","floor":18,"turns":5},{"damage":23,"enemies":"theJungle:Flameango_and_Byrd","floor":19,"turns":6},{"damage":64,"enemies":"conspire:MimicChest","floor":21,"turns":9}],"seed_played":"7285627211688090972","potions_obtained":[{"floor":1,"key":"potionbrewer:MidasPotion"},{"floor":11,"key":"Block Potion"},{"floor":13,"key":"SneckoOil"},{"floor":16,"key":"Energy Potion"},{"floor":19,"key":"Energy Potion"}],"is_trial":false,"path_per_floor":["M","M","?","M","$","R","E","R","T","M","M","$","M","?","R","B",null,"M","M","?","?"],"character_chosen":"THE_THORT","items_purchased":[],"campfire_rested":1,"item_purchase_floors":[],"current_hp_per_floor":[68,49,49,49,49,49,18,38,38,32,34,34,42,42,42,34,68,65,51,56,0,0,0],"gold":317,"neow_bonus":"NOSTALGIA","is_daily":false,"chose_seed":false,"campfire_upgraded":2,"win_rate":0.0,"timestamp":1613787727,"path_taken":["M","?","?","?","?","R","E","R","T","M","M","$","M","?","R","BOSS","M","M","?","?"],"items_purchased_type":[],"build_version":"2020-12-22","purchased_purges":2,"victory":false,"max_hp_per_floor":[68,68,68,68,68,68,68,68,68,68,68,68,68,68,68,68,68,68,68,73,73,73,73],"card_choices":[{"not_picked":["thethorton:WhirlingBriefcase","thethorton:BusinessCard"],"picked":"thethorton:BattleTrash","floor":1},{"not_picked":["thethorton:ElbowSmash","thethorton:CallIn"],"picked":"thethorton:FocusStrength","floor":2},{"not_picked":["thethorton:StumblingSlap","thethorton:HitAhead"],"picked":"thethorton:TakeAccounts","floor":4},{"not_picked":["thethorton:FeelNoBrain","thethorton:TakeAccounts"],"picked":"thethorton:Crash","floor":7},{"not_picked":["thethorton:RunningKick","thethorton:ElbowSmash","thethorton:StumblingSlap"],"picked":"SKIP","floor":10},{"not_picked":["thethorton:RunningKick","thethorton:TakeAccounts"],"picked":"thethorton:MomentaryBreak","floor":11},{"not_picked":["thethorton:FearfulRun","thethorton:ElbowSmash"],"picked":"thethorton:ChartProject","floor":13},{"not_picked":["TheCursedMod:CursedStaff","HollowMod:GoodIntentions"],"picked":"QueenMod:WarTrumpet","floor":14},{"not_picked":["thethorton:GoldenPetal","thethorton:Fortune"],"picked":"thethorton:SummonProfit","floor":16},{"not_picked":["thethorton:ShoutAndRun","thethorton:SicklyRun","thethorton:StumblingSlap"],"picked":"SKIP","floor":18},{"not_picked":["thethorton:SicklyRun+1","thethorton:DesperateRun"],"picked":"thethorton:CardboardBox","floor":19}],"player_experience":1044651,"relics_obtained":[{"floor":7,"key":"reliquary:Aerogel"},{"floor":9,"key":"reliquary:QuartzCube"}],"event_choices":[{"damage_healed":0,"gold_gain":0,"player_choice":"Lion","damage_taken":0,"max_hp_gain":0,"max_hp_loss":0,"event_name":"Menagerie:ThreeAnimals","floor":14,"gold_loss":0}],"is_beta":false,"boss_relics":[{"not_picked":["reliquary:KinkedSpring","thethorton:BottledFunds"],"picked":"Philosopher\u0027s Stone"}],"items_purged_floors":[5,12],"is_endless":false,"potions_floor_spawned":[1,11,13,16,19],"killed_by":"conspire:MimicChest","ascension_level":1}}