{"host":"6azrrw3tf7wb0f4b","time":1613818844,"event":{"mods":["BaseMod","Custom Start","DeckTracker","Minty Spire (QoL Compilation)","SuperFastMode"],"gold_per_floor":[116,116,116,116,130,130,130,165,244,14,29,43,67,110,110,110,110],"floor_reached":16,"language":"KOR","playtime":208,"items_purged":[],"score":250,"play_id":"1632b8e3-63d6-4e04-841c-67d118cff70c","local_time":"20210220200044","is_ascension_mode":true,"campfire_choices":[{"data":"Perfected Strike","floor":6,"key":"SMITH"},{"data":"Apotheosis","floor":15,"key":"SMITH"}],"circlet_count":0,"master_deck":["AscendersBane","Strike_R","Strike_R","Strike_R","Strike_R","Strike_R","Defend_R","Defend_R","Defend_R","Bash","Perfected Strike+1","Pommel Strike","Intimidate","Perfected Strike","Apotheosis+1","Feel No Pain","Ghostly Armor","Perfected Strike"],"relics":["Burning Blood","NeowsBlessing","Golden Idol","Vajra","Bottled Flame","Question Card"],"acts_visited":["Exordium"],"potions_floor_usage":[16],"damage_taken":[{"damage":0,"enemies":"2 Louse","floor":1,"turns":1},{"damage":0,"enemies":"Small Slimes","floor":5,"turns":1},{"damage":0,"enemies":"3 Sentries","floor":8,"turns":1},{"damage":7,"enemies":"Jaw Worm","floor":11,"turns":2},{"damage":0,"enemies":"2 Fungi Beasts","floor":12,"turns":2},{"damage":15,"enemies":"3 Louse","floor":13,"turns":2},{"damage":37,"enemies":"Gremlin Nob","floor":14,"turns":4},{"damage":32,"enemies":"The Guardian","floor":16,"turns":10}],"seed_played":"8752123805372592540","potions_obtained":[{"floor":8,"key":"Dexterity Potion"},{"floor":11,"key":"ElixirPotion"}],"is_trial":false,"path_per_floor":["M","$","?","?","M","R","?","E","T","$","M","M","M","E","R","B"],"character_chosen":"IRONCLAD","items_purchased":["Perfected Strike","Apotheosis"],"campfire_rested":0,"item_purchase_floors":[10,10],"current_hp_per_floor":[74,74,79,72,72,72,65,71,71,71,70,72,63,32,32,0,0],"gold":110,"neow_bonus":"THREE_ENEMY_KILL","is_daily":false,"chose_seed":false,"campfire_upgraded":2,"win_rate":0.0,"timestamp":1613818844,"path_taken":["M","$","?","?","M","R","?","E","T","?","M","M","M","E","R","BOSS"],"items_purchased_type":["Card","Card"],"build_version":"2020-12-22","purchased_purges":0,"victory":false,"max_hp_per_floor":[75,75,80,72,72,72,72,72,72,72,72,72,72,72,72,72,72],"card_choices":[{"not_picked":["Heavy Blade","Metallicize"],"picked":"Perfected Strike","floor":1},{"not_picked":["Armaments","Dual Wield"],"picked":"Pommel Strike","floor":5},{"not_picked":["Clothesline","Iron Wave"],"picked":"Intimidate","floor":8},{"not_picked":["Cleave","Spot Weakness","Searing Blow"],"picked":"SKIP","floor":11},{"not_picked":["Sever Soul","Wild Strike"],"picked":"Feel No Pain","floor":12},{"not_picked":["Iron Wave","Armaments"],"picked":"Ghostly Armor","floor":13},{"not_picked":["Anger","Immolate"],"picked":"Perfected Strike","floor":14}],"player_experience":800914,"relics_obtained":[{"floor":8,"key":"Vajra"},{"floor":9,"key":"Bottled Flame"},{"floor":14,"key":"Question Card"}],"event_choices":[{"damage_healed":0,"gold_gain":0,"player_choice":"Donut","damage_taken":0,"max_hp_gain":5,"max_hp_loss":0,"event_name":"Big Fish","floor":3,"gold_loss":0},{"damage_healed":0,"gold_gain":0,"player_choice":"Lose Max HP","damage_taken":0,"relics_obtained":["Golden Idol"],"max_hp_gain":0,"max_hp_loss":8,"event_name":"Golden Idol","floor":4,"gold_loss":0},{"cards_removed":["Defend_R"],"damage_healed":0,"gold_gain":0,"player_choice":"Card Removal","damage_taken":7,"max_hp_gain":0,"max_hp_loss":0,"event_name":"Golden Wing","floor":7,"gold_loss":0}],"is_beta":false,"boss_relics":[],"items_purged_floors":[],"is_endless":false,"potions_floor_spawned":[8,11],"killed_by":"The Guardian","ascension_level":17}}