{"host":"ryfs09562e7ibkuk","time":1613850760,"event":{"mods":["BaseMod","Colored Powertips","Minty Spire (QoL Compilation)","Quick Restart","StSLib","The Bug Knight"],"gold_per_floor":[110,110,110,120,120,160,5,39,39,53,106,119,155,155,155,279,342,367,466,466,45,69,69,69,69,69,69,69,69,69,97,97,97,97],"floor_reached":33,"language":"ZHS","playtime":1403,"items_purged":["HollowMod:TaintedHusks"],"score":327,"play_id":"e43bae84-b02d-487f-9d7b-6424a6e80548","local_time":"20210221035240","is_ascension_mode":false,"campfire_choices":[{"data":"HollowMod:MawleksShell","floor":15,"key":"SMITH"},{"data":"HollowMod:MothsMistake","floor":23,"key":"SMITH"},{"data":"HollowMod:MothsMistake","floor":25,"key":"SMITH"},{"data":"HollowMod:NewGlowingWomb","floor":27,"key":"SMITH"},{"data":"HollowMod:SlysStrikes","floor":32,"key":"SMITH"}],"circlet_count":0,"master_deck":["HollowMod:NailStrikeStart","HollowMod:QuickDashStart","HollowMod:QuickDashStart","HollowMod:QuickDashStart","HollowMod:QuickDashStart","HollowMod:PogoStrike","HollowMod:NewGlowingWomb+1","HollowMod:GreatSlash+1","HollowMod:MawleksShell+1","HollowMod:NewInfectedGuardian","HollowMod:DoubleDash","HollowMod:NewGlowingWomb+1","HollowMod:MothsMistake+1","HollowMod:MothsMistake+1","HollowMod:DoubleDash+1","HollowMod:ShadowDash","HollowMod:SlysStrikes+1"],"relics":["HollowMod:VesselMask","NeowsBlessing","Meat on the Bone","Bloody Idol","Darkstone Periapt","Anchor","Molten Egg 2","Sundial","Toy Ornithopter","Juzu Bracelet","Tiny House","Mango","HollowMod:LumaflyLanternRelic","Enchiridion","Pen Nib"],"acts_visited":["Exordium","TheCity"],"potions_floor_usage":[8,16,16,18],"damage_taken":[{"damage":0,"enemies":"Jaw Worm","floor":1,"turns":1},{"damage":0,"enemies":"Cultist","floor":4,"turns":1},{"damage":0,"enemies":"Lagavulin","floor":6,"turns":1},{"damage":25,"enemies":"Gremlin Nob","floor":8,"turns":4},{"damage":0,"enemies":"2 Louse","floor":10,"turns":2},{"damage":9,"enemies":"Blue Slaver","floor":12,"turns":3},{"damage":21,"enemies":"3 Sentries","floor":13,"turns":5},{"damage":18,"enemies":"HollowMod:FalseKnight","floor":16,"turns":17},{"damage":11,"enemies":"Shell Parasite","floor":18,"turns":13},{"damage":42,"enemies":"2 Thieves","floor":22,"turns":4},{"damage":24,"enemies":"Book of Stabbing","floor":31,"turns":8},{"damage":19,"enemies":"Automaton","floor":33,"turns":6}],"seed_played":"1978863804700292153","potions_obtained":[{"floor":1,"key":"DistilledChaos"},{"floor":12,"key":"Weak Potion"},{"floor":13,"key":"Weak Potion"},{"floor":17,"key":"Explosive Potion"}],"is_trial":false,"path_per_floor":["M","?","?","M","?","E","$","E","T","M","T","M","E","?","R","B",null,"M","?","?","$","M","R","?","R","T","R","?","?","?","E","R","B"],"character_chosen":"THE_BUGKNIGHT","items_purchased":["Anchor","HollowMod:MothsMistake","Mango"],"campfire_rested":0,"item_purchase_floors":[7,21,21],"current_hp_per_floor":[75,63,63,63,45,45,45,32,32,44,44,47,38,31,31,35,80,70,70,70,84,54,54,54,54,54,54,54,54,38,31,31,12,12],"gold":97,"neow_bonus":"THREE_ENEMY_KILL","is_daily":false,"chose_seed":false,"campfire_upgraded":5,"win_rate":0.0,"timestamp":1613850760,"path_taken":["M","?","?","?","?","E","?","E","T","M","?","M","E","?","R","BOSS","M","?","?","$","M","R","?","R","T","R","?","?","?","E","R","BOSS"],"items_purchased_type":["Relic","Card","Relic"],"build_version":"2020-12-22","purchased_purges":1,"victory":false,"max_hp_per_floor":[75,75,75,75,75,75,75,75,75,75,75,75,75,75,75,75,80,80,80,80,94,94,94,94,94,94,94,94,94,94,94,94,94,94],"card_choices":[{"not_picked":["HollowMod:SoulShaman","HollowMod:Grubsong","HollowMod:SiblingsSouls"],"picked":"SKIP","floor":1},{"not_picked":["HollowMod:PureNailStrike","HollowMod:PerfectDash","HollowMod:BaldurShell"],"picked":"SKIP","floor":4},{"not_picked":["HollowMod:DoubleDash","HollowMod:InfectionAssault"],"picked":"HollowMod:NewGlowingWomb","floor":6},{"not_picked":["HollowMod:MonarchWings","HollowMod:DesolateDive+1"],"picked":"HollowMod:GreatSlash+1","floor":8},{"not_picked":["HollowMod:ChannelNail","HollowMod:CornifersMapStart","HollowMod:InfectionAssault+1"],"picked":"SKIP","floor":10},{"not_picked":["HollowMod:InfectedAttack+1","HollowMod:DungDefenderAura"],"picked":"HollowMod:TaintedHusks","floor":12},{"not_picked":["HollowMod:FastStrike+1","HollowMod:MonarchWings"],"picked":"HollowMod:MawleksShell","floor":13},{"not_picked":["HollowMod:Weaversong","HollowMod:ElderbugsWisdom"],"picked":"HollowMod:NewInfectedGuardian","floor":16},{"not_picked":["HollowMod:SiblingsSouls","HollowMod:HuntersJournal"],"picked":"HollowMod:DoubleDash","floor":17},{"not_picked":["HollowMod:MantisMark","HollowMod:ChannelNail"],"picked":"HollowMod:NewGlowingWomb","floor":18},{"not_picked":["HollowMod:MawleksShell","HollowMod:GoodIntentions"],"picked":"HollowMod:DoubleDash+1","floor":22},{"not_picked":["HollowMod:WraithStrike+1","HollowMod:DreamGate","HollowMod:RecoilStrike+1"],"picked":"SKIP","floor":31}],"player_experience":140568,"relics_obtained":[{"floor":6,"key":"Darkstone Periapt"},{"floor":8,"key":"Molten Egg 2"},{"floor":9,"key":"Sundial"},{"floor":11,"key":"Toy Ornithopter"},{"floor":13,"key":"Juzu Bracelet"},{"floor":26,"key":"HollowMod:LumaflyLanternRelic"},{"floor":30,"key":"Enchiridion"},{"floor":31,"key":"Pen Nib"}],"event_choices":[{"damage_healed":0,"gold_gain":0,"player_choice":"Success","damage_taken":12,"relics_obtained":["Meat on the Bone"],"max_hp_gain":0,"max_hp_loss":0,"event_name":"Scrap Ooze","floor":2,"gold_loss":0},{"cards_removed":["HollowMod:FocusHealStart"],"damage_healed":0,"gold_gain":0,"player_choice":"Offered Basic","damage_taken":0,"max_hp_gain":0,"max_hp_loss":0,"event_name":"Bonfire Elementals","floor":3,"gold_loss":0},{"damage_healed":0,"gold_gain":0,"player_choice":"Take Damage","damage_taken":18,"relics_obtained":["Golden Idol"],"max_hp_gain":0,"max_hp_loss":0,"event_name":"Golden Idol","floor":5,"gold_loss":0},{"cards_removed":["HollowMod:NailStrikeStart"],"damage_healed":0,"gold_gain":0,"player_choice":"Card Removal","damage_taken":7,"max_hp_gain":0,"max_hp_loss":0,"event_name":"Golden Wing","floor":14,"gold_loss":0},{"damage_healed":0,"gold_gain":99,"player_choice":"Stole From Cult","damage_taken":0,"max_hp_gain":0,"max_hp_loss":0,"event_name":"Nest","floor":19,"gold_loss":0},{"damage_healed":0,"gold_gain":0,"player_choice":"Read","damage_taken":0,"max_hp_gain":0,"max_hp_loss":0,"event_name":"The Library","floor":20,"gold_loss":0,"cards_obtained":["HollowMod:MothsMistake"]},{"damage_healed":0,"gold_gain":0,"player_choice":"Gave Idol","damage_taken":0,"relics_obtained":["Bloody Idol"],"max_hp_gain":0,"max_hp_loss":0,"event_name":"Forgotten Altar","floor":24,"relics_lost":["Golden Idol"],"gold_loss":0},{"damage_healed":0,"gold_gain":0,"player_choice":"Ignored","damage_taken":0,"max_hp_gain":0,"max_hp_loss":0,"event_name":"NoteForYourself","floor":28,"gold_loss":0},{"damage_healed":0,"gold_gain":0,"cards_transformed":["HollowMod:NailStrikeStart","HollowMod:NailStrikeStart"],"player_choice":"Became Test Subject","damage_taken":0,"max_hp_gain":0,"max_hp_loss":0,"event_name":"Drug Dealer","floor":29,"gold_loss":0,"cards_obtained":["HollowMod:ShadowDash","HollowMod:SlysStrikes"]},{"damage_healed":0,"gold_gain":0,"player_choice":"Obtained Book","damage_taken":16,"max_hp_gain":0,"max_hp_loss":0,"event_name":"Cursed Tome","floor":30,"gold_loss":0}],"is_beta":false,"boss_relics":[{"not_picked":["Snecko Eye","Pandora\u0027s Box"],"picked":"Tiny House"}],"items_purged_floors":[21],"is_endless":false,"potions_floor_spawned":[1,12,13],"killed_by":"Automaton","ascension_level":0}}