{"host":"wby4rs3xnry3zy6c","time":1613847638,"event":{"mods":["AchievementEnabler","BaseMod","BetterRewards","Colored Map","Colored Powertips","Downfall","Hubris","Infinite Spire","Minty Spire (QoL Compilation)","Replay The Spire","Shop Mod","StSLib","The Cursed","The Necromancer"],"gold_per_floor":[115,115,130,130,43,72,72,84,84,112,112,62,62,62,62,166,166,177,188,207,207,222,253,266,266,266,266,266,279,79,99,99,99,99],"floor_reached":33,"language":"ENG","playtime":1585,"items_purged":["Looming Evil","Strike_R","Strike_R","Strike_R"],"score":360,"play_id":"d32c44ec-3b39-48db-853a-264c960d8783","local_time":"20210220130038","is_ascension_mode":true,"campfire_choices":[{"data":"Anger","floor":7,"key":"SMITH"},{"floor":13,"key":"DIG"},{"floor":15,"key":"DIG"},{"floor":32,"key":"DIG"}],"circlet_count":0,"master_deck":["Strike_R","Strike_R","Defend_R","Defend_R","Defend_R","Defend_R","Bash","Anger+1","Pommel Strike","Thunderclap+1","Anger","Dual Wield+1","infinitespire:Collect","infinitespire:Collect"],"relics":["Burning Blood","Smiling Mask","Ring of Hypnosis","Singing Bowl","Pantograph","Replay:Ringing Soul","Shovel","Regal Pillow","Centennial Puzzle","hubris:ScarierMask","Medical Kit","InkBottle","infinitespire:EmpoweringShard","MerchantsRug","Pen Nib"],"acts_visited":["Exordium","TheCity"],"potions_floor_usage":[10,27,33],"damage_taken":[{"damage":11,"enemies":"Jaw Worm","floor":1,"turns":4},{"damage":7,"enemies":"Small Slimes","floor":3,"turns":3},{"damage":19,"enemies":"Replay:BlueRogue","floor":6,"turns":5},{"damage":0,"enemies":"2 Louse","floor":8,"turns":3},{"damage":26,"enemies":"3 Sentries","floor":10,"turns":6},{"damage":76,"enemies":"Fading Forest","floor":16,"turns":11},{"damage":43,"enemies":"Shell Parasite","floor":18,"turns":6},{"damage":11,"enemies":"2 Thieves","floor":19,"turns":3},{"damage":45,"enemies":"Snecko","floor":20,"turns":8},{"damage":8,"enemies":"Shelled Parasite and Fungi","floor":22,"turns":6},{"damage":8,"enemies":"Slavers","floor":23,"turns":3},{"damage":0,"enemies":"Sentry and Sphere","floor":24,"turns":1},{"damage":0,"enemies":"Replay:Snechameleon","floor":27,"turns":1},{"damage":1,"enemies":"3 Cultists","floor":29,"turns":3},{"damage":7,"enemies":"Cultist and Chosen","floor":31,"turns":2},{"damage":57,"enemies":"Champ","floor":33,"turns":6}],"seed_played":"4398135065639957337","potions_obtained":[{"floor":3,"key":"BlessingOfTheForge"},{"floor":8,"key":"Explosive Potion"},{"floor":20,"key":"SmokeBomb"},{"floor":23,"key":"Milkshake"},{"floor":31,"key":"HeartOfIron"}],"is_trial":false,"path_per_floor":["M","?","M","?","$","E","R","M","T","E","T","$","R","?","R_BF","B",null,"M","M","M","AVR","M","E","M","?","T","E","?","M","$","M","R_BF","B"],"character_chosen":"IRONCLAD","items_purchased":["Thunderclap+1","MerchantsRug"],"campfire_rested":0,"item_purchase_floors":[5,30],"current_hp_per_floor":[75,80,79,79,79,68,68,74,74,56,56,56,56,56,56,23,91,56,54,17,20,20,20,28,7,7,13,16,23,23,24,24,0,0],"gold":99,"neow_bonus":"RANDOM_COMMON_RELIC","is_daily":false,"chose_seed":false,"campfire_upgraded":1,"win_rate":0.0,"timestamp":1613847638,"path_taken":["M","?","M","?","$","E","R","M","T","E","?","$","R","?","R_BF","BOSS","M","M","M","AVR","M","E","M","?","T","E","?","M","$","M","R_BF","BOSS"],"items_purchased_type":["Card","Relic"],"build_version":"2020-12-22","purchased_purges":4,"victory":false,"max_hp_per_floor":[80,85,85,85,85,87,87,87,87,89,89,89,89,89,89,91,91,93,96,98,101,103,105,107,107,107,107,110,112,112,114,114,114,114],"card_choices":[{"not_picked":["Burning Pact","Replay:Undeath\u0027s Touch"],"picked":"Anger","floor":1},{"not_picked":["Run Through","Twin Strike"],"picked":"Pommel Strike","floor":3},{"not_picked":["Perfected Strike","Pummel","Life Link"],"picked":"Singing Bowl","floor":6},{"not_picked":["Replay:Undeath\u0027s Touch","Wild Strike"],"picked":"Anger","floor":8},{"not_picked":["Run Through","infinitespire:OneForAll","Twin Strike"],"picked":"Singing Bowl","floor":10},{"not_picked":["Demonic Infusion","Demon Form","Juggernaut"],"picked":"Singing Bowl","floor":16},{"not_picked":["hubris:CleavingFinish","Burning Pact","Whirlwind+1"],"picked":"Singing Bowl","floor":18},{"not_picked":["Shrug It Off+1","Abandon"],"picked":"Dual Wield+1","floor":19},{"not_picked":["Clash+1","Heavy Blade","Sever Soul+1"],"picked":"Singing Bowl","floor":20},{"not_picked":["hubris:ReadiedAction","Entrench","Flex"],"picked":"Singing Bowl","floor":22},{"not_picked":["Thunderclap+1","Carnage+1","Headbutt"],"picked":"Singing Bowl","floor":23},{"not_picked":["Offering","Run Through+1","Defy Death"],"picked":"Singing Bowl","floor":24},{"not_picked":["Cleave","hubris:ReadiedAction","Twin Strike"],"picked":"Singing Bowl","floor":29},{"not_picked":["True Grit","Iron Wave","ReplayTheSpireMod:LeadingStrike"],"picked":"Singing Bowl","floor":31}],"player_experience":111617,"relics_obtained":[{"floor":4,"key":"Ring of Hypnosis"},{"floor":6,"key":"Singing Bowl"},{"floor":9,"key":"Pantograph"},{"floor":10,"key":"Replay:Ringing Soul"},{"floor":11,"key":"Shovel"},{"floor":13,"key":"Regal Pillow"},{"floor":15,"key":"Centennial Puzzle"},{"floor":23,"key":"InkBottle"},{"floor":26,"key":"infinitespire:EmpoweringShard"},{"floor":32,"key":"Pen Nib"}],"event_choices":[{"damage_healed":0,"gold_gain":0,"player_choice":"Donut","damage_taken":0,"max_hp_gain":5,"max_hp_loss":0,"event_name":"Big Fish","floor":2,"gold_loss":0},{"damage_healed":0,"gold_gain":0,"player_choice":"Copied","damage_taken":0,"max_hp_gain":0,"max_hp_loss":0,"event_name":"Duplicator","floor":28,"gold_loss":0,"cards_obtained":["infinitespire:Collect"]}],"is_beta":false,"boss_relics":[{"not_picked":["infinitespire:Cupcake","Ring of Chaos"],"picked":"hubris:ScarierMask"}],"items_purged_floors":[5,12,21,30],"is_endless":false,"potions_floor_spawned":[3,8,20,23,24,27,31],"killed_by":"Champ","ascension_level":1}}