{"host":"ox77rn1xcurm2t5a","time":1613779792,"event":{"mods":["2.2 Compatiblity","AchievementEnabler","Act Like it!","Aspiration","BaseMod","Best Route Mod","Better Match","Better Note","Better Sensory Stone","Block Reminder","Colored Map","Colored Powertips","Conjunction","Conspire","Custom Start","Energized Spire","GifTheSpireLib","Gold Saver","Gremlin Skip","Halation","Highlight Path","Hubris","Infinite Spire","Minty Spire (QoL Compilation)","Pale of the Ancients","Quick Restart","Reliquary","Replay The Spire","Reworked Bosses","ShortenTheSpire","Spire Exporter","StSLib","Stuff the Spire","Wandering Minibosses"],"gold_per_floor":[1171,1191,1152,1152,748,748,761,788,788,184,184,184,199,228,228,228,228],"floor_reached":16,"language":"ENG","playtime":355,"items_purged":[],"score":151,"play_id":"304c52db-797b-4626-acd4-5db0697c5184","local_time":"20210220020952","is_ascension_mode":true,"campfire_choices":[{"floor":6,"key":"RECALL"},{"data":"Limit Break","floor":12,"key":"SMITH"},{"data":"Sword Boomerang","floor":15,"key":"SMITH"}],"circlet_count":0,"master_deck":["Strike_R","Strike_R","Strike_R","Strike_R","Strike_R","Defend_R","Defend_R","Defend_R","Defend_R","Bash+1","Sword Boomerang+1","Limit Break+1","Thunderclap"],"relics":["Burning Blood","Omamori","Lee\u0027s Waffle","reliquary:Stiletto","infinitespire:Beetle Shell","Art of War","Centennial Puzzle","TheAbacus","Paper Frog"],"acts_visited":["Exordium"],"potions_floor_usage":[7,8,14,14,14,16],"damage_taken":[{"damage":9,"enemies":"2 Louse","floor":1,"turns":4},{"damage":1,"enemies":"Small Slimes","floor":2,"turns":3},{"damage":5,"enemies":"Jaw Worm","floor":7,"turns":3},{"damage":37,"enemies":"Gremlin Nob","floor":8,"turns":4},{"damage":1,"enemies":"Looter","floor":13,"turns":4},{"damage":23,"enemies":"3 Sentries","floor":14,"turns":5},{"damage":47,"enemies":"The Guardian","floor":16,"turns":13}],"seed_played":"7073373246225491125","potions_obtained":[{"floor":2,"key":"Elixir"},{"floor":13,"key":"Ancient Potion"},{"floor":14,"key":"FearPotion"}],"is_trial":false,"path_per_floor":["M","M","?","?","$","R","M","E","T","$","?","R","M","E","R","B"],"character_chosen":"IRONCLAD","items_purchased":["Lee\u0027s Waffle","reliquary:Stiletto","Dexterity Potion","Energy Potion","Strength Potion","HeartOfIron","Art of War","Centennial Puzzle","TheAbacus"],"campfire_rested":0,"item_purchase_floors":[5,5,5,5,10,10,10,10,10],"current_hp_per_floor":[69,74,74,74,87,87,87,56,56,56,56,56,61,44,44,0,0],"gold":228,"neow_bonus":"RANDOM_COMMON_RELIC","is_daily":false,"chose_seed":false,"campfire_upgraded":2,"win_rate":0.0,"timestamp":1613779792,"path_taken":["M","M","?","?","$","R","M","E","T","$","?","R","M","E","R","BOSS"],"items_purchased_type":["Relic","Relic","Potion","Potion","Potion","Potion","Relic","Relic","Relic"],"build_version":"2020-12-22","purchased_purges":0,"victory":false,"max_hp_per_floor":[80,80,80,80,87,87,87,87,87,87,87,87,87,87,87,87,87],"card_choices":[{"not_picked":["Life Link","Power Through"],"picked":"Sword Boomerang","floor":1},{"not_picked":["Second Wind","Wild Strike","Replay:Undeath\u0027s Touch"],"picked":"SKIP","floor":2},{"not_picked":["hubris:ReadiedAction","Replay:Undeath\u0027s Touch","True Grit"],"picked":"SKIP","floor":7},{"not_picked":["Dropkick","ReplayTheSpireMod:Strike From Hell"],"picked":"Limit Break","floor":8},{"not_picked":["StuffTheSpire:BloodClot","Sword Boomerang"],"picked":"Thunderclap","floor":13},{"not_picked":["Warcry","conspire:Purge","ReplayTheSpireMod:LeadingStrike"],"picked":"SKIP","floor":14}],"player_experience":3202206,"relics_obtained":[{"floor":8,"key":"infinitespire:Beetle Shell"},{"floor":14,"key":"Paper Frog"}],"event_choices":[{"damage_healed":0,"gold_gain":0,"player_choice":"Left Gold","damage_taken":0,"max_hp_gain":0,"max_hp_loss":0,"event_name":"World of Goop","floor":3,"gold_loss":39},{"damage_healed":0,"gold_gain":0,"player_choice":"Disagree","damage_taken":0,"max_hp_gain":0,"max_hp_loss":0,"event_name":"conspire:LoneGhost","floor":11,"gold_loss":0}],"is_beta":false,"boss_relics":[],"items_purged_floors":[],"is_endless":false,"potions_floor_spawned":[2,13,14],"killed_by":"The Guardian","ascension_level":8}}