{"host":"2yqfi47fogfu1ic4","time":1613802119,"event":{"mods":["AchievementEnabler","BaseMod","Colored Map","Colored Powertips","Highlight Path","Minty Spire (QoL Compilation)","Permanent Neow","Relic Stats","StSLib"],"gold_per_floor":[99,99,99,99,99,99,99,99,99],"floor_reached":8,"language":"DEU","playtime":334,"items_purged":[],"score":96,"play_id":"b244b1ad-f686-445c-ae00-401ede02b3f5","local_time":"20210220072159","is_ascension_mode":true,"campfire_choices":[{"data":"Eviscerate","floor":6,"key":"SMITH"}],"circlet_count":0,"master_deck":["AscendersBane","Strike_G","Strike_G","Strike_G","Strike_G","Strike_G+1","Defend_G","Defend_G","Defend_G","Defend_G","Defend_G","Survivor","Neutralize","Eviscerate","Slice+1","Eviscerate+1","Prepared"],"relics":["Ectoplasm"],"acts_visited":["Exordium"],"potions_floor_usage":[8],"damage_taken":[{"damage":0,"enemies":"2 Louse","floor":1,"turns":2},{"damage":8,"enemies":"Small Slimes","floor":2,"turns":4},{"damage":11,"enemies":"Cultist","floor":3,"turns":4},{"damage":0,"enemies":"2 Fungi Beasts","floor":7,"turns":2},{"damage":20,"enemies":"3 Sentries","floor":8,"turns":6}],"seed_played":"-8207000093350785843","potions_obtained":[{"floor":2,"key":"FearPotion"},{"floor":5,"key":"CunningPotion"}],"is_trial":false,"path_per_floor":["M","M","M","?","?","R","M","E"],"character_chosen":"THE_SILENT","items_purchased":[],"campfire_rested":0,"item_purchase_floors":[],"current_hp_per_floor":[59,51,40,20,20,20,20,0,0],"gold":99,"neow_bonus":"BOSS_RELIC","is_daily":false,"chose_seed":false,"campfire_upgraded":1,"win_rate":0.0,"timestamp":1613802119,"path_taken":["M","M","M","?","?","R","M","E"],"items_purchased_type":[],"build_version":"2020-12-22","purchased_purges":0,"victory":false,"max_hp_per_floor":[66,66,66,66,66,66,66,66,66],"relic_stats":{"counters":[5,18],"Ectoplasm":71,"obtain_stats":[{"Ectoplasm":0,"Ring of the Snake":0},{"Ectoplasm":0,"Ring of the Snake":0},{"Ectoplasm":0,"Ring of the Snake":0}]},"card_choices":[{"not_picked":["Acrobatics","PiercingWail"],"picked":"Eviscerate","floor":1},{"not_picked":["Outmaneuver","Catalyst"],"picked":"Slice","floor":2},{"not_picked":["Quick Slash","Leg Sweep"],"picked":"Eviscerate","floor":3},{"not_picked":["Infinite Blades","Poisoned Stab"],"picked":"Prepared","floor":7}],"player_experience":1901551,"relics_obtained":[],"event_choices":[{"damage_healed":0,"gold_gain":0,"player_choice":"Entered Light","damage_taken":20,"max_hp_gain":0,"max_hp_loss":0,"event_name":"Shining Light","floor":4,"gold_loss":0,"cards_upgraded":["Slice","Strike_G"]},{"damage_healed":0,"gold_gain":0,"player_choice":"Got Potions","damage_taken":0,"max_hp_gain":0,"max_hp_loss":0,"event_name":"Lab","floor":5,"gold_loss":0}],"is_beta":false,"boss_relics":[],"items_purged_floors":[],"is_endless":false,"potions_floor_spawned":[2],"killed_by":"3 Sentries","ascension_level":20}}