{"host":"og21o26alpnbwmz8","time":1613844813,"event":{"mods":["2.2 Compatiblity","A Magickal Journey","Act Like it!","Aspiration","BaseMod","Conspire","Downfall","Gensokyo","GungeonMod","Halation","Hubris","Jedi Mod","Mimic Mod","Minty Spire (QoL Compilation)","Pale of the Ancients","Reliquary","Replay The Spire","Shop Mod","Spikes Relics","StSLib","The Alterego","The Animator","The Blue Laboratory","The Bug Knight","The Exalted","The Florist","The Poker Player","Waifu the Spire","Yuri Mod"],"gold_per_floor":[115,115,115,130,205,233,3,35,59,59,59,91,91,107,107,202,202,214,313,313,6,26,60,60,85,164,164,93,103,103,120,120,221,221,241,151,169,69,69,69,69],"floor_reached":39,"language":"ENG","playtime":1491,"items_purged":["Decay","PokerPlayerMod:Sharpen+1"],"score":533,"play_id":"75accb51-fd85-483d-bd52-7eca244d2c71","local_time":"20210220131333","is_ascension_mode":false,"metric_token":1874,"campfire_choices":[{"data":"PokerPlayerMod:Sharpen","floor":10.0,"key":"SMITH"},{"data":"PokerPlayerMod:Sharpen","floor":13.0,"key":"SMITH"},{"data":"PokerPlayerMod:TrumpStrike","floor":15.0,"key":"SMITH"},{"data":"PokerPlayerMod:CardPrinter","floor":24,"key":"SMITH"},{"data":"PokerPlayerMod:CardPrinter+1","floor":30,"key":"SMITH"},{"floor":32,"key":"REST"}],"circlet_count":0,"master_deck":["PokerPlayerMod:Heart3","PokerPlayerMod:Club10+","PokerPlayerMod:Heart10+","PokerPlayerMod:CardPrinter+3","PokerPlayerMod:ClubShade"],"relics":["PokerPlayerMod:DeckCase","halation:PinkSoulGem","reliquary:RosewoodLute","Bronze Scales","reliquary:Knoch","Snack Pack","halation:PrussianBluePaint","halation:CatFaceCupcake","ClockworkSouvenir","Letter Opener","aspiration:StickyExplosives_weak","Darkstone Periapt","aspiration:IroncladSkillbook"],"acts_visited":["Exordium","TheCity","TheBeyond"],"potions_floor_usage":[33,33],"damage_taken":[{"damage":0.0,"enemies":"2 Louse","floor":1.0,"turns":1.0},{"damage":0.0,"enemies":"Small Slimes","floor":4.0,"turns":2.0},{"damage":4.0,"enemies":"HollowMod:MossKnight","floor":6.0,"turns":6.0},{"damage":0.0,"enemies":"3 Sentries","floor":8.0,"turns":2.0},{"damage":0.0,"enemies":"Gremlin Nob","floor":12.0,"turns":3.0},{"damage":0.0,"enemies":"Cultist","floor":14.0,"turns":1.0},{"damage":1.0,"enemies":"Fading Forest","floor":16.0,"turns":11.0},{"damage":2.0,"enemies":"Spheric Guardian","floor":18.0,"turns":3.0},{"damage":2,"enemies":"Shell Parasite","floor":22,"turns":4},{"damage":27,"enemies":"Slavers","floor":23,"turns":2},{"damage":27,"enemies":"Replay:Snechameleon","floor":25,"turns":5},{"damage":21,"enemies":"Snake Plant","floor":29,"turns":2},{"damage":9,"enemies":"Centurion and Healer","floor":31,"turns":4},{"damage":13,"enemies":"hubris:MusketHawk","floor":33,"turns":7},{"damage":0,"enemies":"3 Darklings","floor":35,"turns":2},{"damage":35,"enemies":"Orb Walker","floor":37,"turns":4},{"damage":48,"enemies":"Jaw Worm Horde","floor":39,"turns":3}],"seed_played":"-8049677838356397268","potions_obtained":[{"floor":1.0,"key":"sneckomod:MuddlingPotion"},{"floor":6.0,"key":"blueLaboratory:FruitPunch"},{"floor":14.0,"key":"blueLaboratory:BubblePotion"},{"floor":23,"key":"blueLaboratory:NullPotion"}],"is_trial":false,"path_per_floor":["M","?","?","M","?","E","$","E","T","R","?","E","R","M","R","B",null,"M","?","?","$","M","E","R","E","T","?","$","M","R","M","R","B",null,"M","?","M","$","M"],"character_chosen":"THE_POKER_PLAYER","items_purchased":["PokerPlayerMod:Club10+","PokerPlayerMod:Sharpen","PokerPlayerMod:CardPrinter","ClockworkSouvenir","Regen Potion"],"campfire_rested":1,"item_purchase_floors":[7,7,21,21,28],"current_hp_per_floor":[57,57,46,51,40,43,43,48,48,48,30,36,36,36,36,58,59,57,57,57,57,59,32,32,20,20,20,20,12,12,16,33,51,59,59,59,28,28,0,0,0],"gold":69,"neow_bonus":"TEN_PERCENT_HP_BONUS","is_daily":false,"chose_seed":false,"campfire_upgraded":5,"win_rate":0.0,"timestamp":1613844813,"path_taken":["M","?","?","M","?","E","$","E","T","R","?","E","R","M","R","BOSS","M","?","?","$","?","E","R","E","T","?","$","M","R","M","R","BOSS","M","?","?","?","?"],"items_purchased_type":["Undefined","Card","Card","Relic","Potion"],"build_version":"2020-12-22","purchased_purges":2,"victory":false,"max_hp_per_floor":[57,57,57,57,57,57,57,59,59,59,59,59,59,59,59,59,59,59,59,59,59,59,59,59,59,59,59,59,59,59,59,59,59,59,59,59,59,59,59,59,59],"card_choices":[{"not_picked":["PokerPlayerMod:Club2","PokerPlayerMod:Diamond2","PokerPlayerMod:Spade2"],"picked":"SKIP","floor":1.0},{"not_picked":["PokerPlayerMod:Spade2","PokerPlayerMod:Trickery"],"picked":"PokerPlayerMod:Heart3","floor":4.0},{"not_picked":["PokerPlayerMod:ItsShowtime","PokerPlayerMod:DamnStraight"],"picked":"PokerPlayerMod:DartThrow","floor":6.0},{"not_picked":["PokerPlayerMod:JackOfSpades","PokerPlayerMod:HotShotCut","PokerPlayerMod:Spade3"],"picked":"SKIP","floor":8.0},{"not_picked":["PokerPlayerMod:Club1","PokerPlayerMod:PoorCopy","PokerPlayerMod:Diamond2"],"picked":"SKIP","floor":12.0},{"not_picked":["PokerPlayerMod:Trickery","PokerPlayerMod:DartThrow","PokerPlayerMod:Diamond3"],"picked":"SKIP","floor":14.0},{"not_picked":["PokerPlayerMod:TheDieIsCast","PokerPlayerMod:Diamond8"],"picked":"PokerPlayerMod:Heart10+","floor":16.0},{"not_picked":["PokerPlayerMod:Trickery","PokerPlayerMod:Diamond1","PokerPlayerMod:Configure"],"picked":"SKIP","floor":18.0},{"not_picked":["PokerPlayerMod:Diamond1","PokerPlayerMod:Spade2"],"picked":"PokerPlayerMod:ClubShade","floor":22},{"not_picked":["PokerPlayerMod:Overdeal","PokerPlayerMod:Diamond4","PokerPlayerMod:DamnStraight"],"picked":"SKIP","floor":23},{"not_picked":["PokerPlayerMod:Sharpen","PokerPlayerMod:PoorCopy","PokerPlayerMod:Diamond3"],"picked":"SKIP","floor":25},{"not_picked":["PokerPlayerMod:Diamond3","PokerPlayerMod:Fold+1","PokerPlayerMod:ClubStrike"],"picked":"SKIP","floor":29},{"not_picked":["PokerPlayerMod:Diamond3","PokerPlayerMod:FillThePot","PokerPlayerMod:Diamond1"],"picked":"SKIP","floor":31},{"not_picked":["PokerPlayerMod:Diamond1","Entrench","PokerPlayerMod:Heart7","PokerPlayerMod:ClubShade+1"],"picked":"SKIP","floor":35},{"not_picked":["Cleave","Anger","PokerPlayerMod:FillThePot+1","PokerPlayerMod:Spade4"],"picked":"SKIP","floor":37}],"player_experience":410846,"relics_obtained":[{"floor":6.0,"key":"reliquary:RosewoodLute"},{"floor":8.0,"key":"Bronze Scales"},{"floor":9.0,"key":"reliquary:Knoch"},{"floor":12.0,"key":"halation:PrussianBluePaint"},{"floor":23,"key":"Letter Opener"},{"floor":25,"key":"aspiration:StickyExplosives_weak"},{"floor":26,"key":"Darkstone Periapt"}],"event_choices":[{"damage_healed":0.0,"max_hp_gain":0.0,"max_hp_loss":0.0,"gold_gain":0.0,"event_name":"Shining Light","player_choice":"Entered Light","floor":3.0,"gold_loss":0.0,"damage_taken":11.0,"cards_upgraded":["PokerPlayerMod:BadJoker","PokerPlayerMod:Spade2"]},{"damage_healed":0.0,"max_hp_gain":0.0,"max_hp_loss":0.0,"gold_gain":75.0,"event_name":"World of Goop","player_choice":"Gather Gold","floor":5.0,"gold_loss":0.0,"damage_taken":11.0},{"damage_healed":0.0,"max_hp_gain":0.0,"max_hp_loss":0.0,"gold_gain":0.0,"event_name":"Scrap Ooze","player_choice":"Success","floor":11.0,"gold_loss":0.0,"damage_taken":18.0,"relics_obtained":["Snack Pack"]},{"damage_healed":0.0,"max_hp_gain":0.0,"max_hp_loss":0.0,"gold_gain":99.0,"event_name":"Nest","player_choice":"Stole From Cult","floor":19.0,"gold_loss":0.0,"damage_taken":0.0},{"damage_healed":0.0,"max_hp_gain":0.0,"max_hp_loss":0.0,"gold_gain":0.0,"event_name":"Wheel of Change","player_choice":"Cursed","floor":20.0,"gold_loss":0.0,"damage_taken":0.0,"cards_obtained":["Decay"]},{"damage_healed":0,"gold_gain":0,"player_choice":"Ignored","damage_taken":0,"max_hp_gain":0,"max_hp_loss":0,"event_name":"Ghosts","floor":27,"gold_loss":0},{"cards_removed":["PokerPlayerMod:Sharpen"],"damage_healed":0,"gold_gain":0,"player_choice":"Upgrade and Remove","damage_taken":0,"max_hp_gain":0,"max_hp_loss":0,"event_name":"Designer","floor":36,"gold_loss":90,"cards_upgraded":["PokerPlayerMod:CardPrinter"]}],"is_beta":false,"boss_relics":[{"not_picked":["Tiny House","Replay:Grab Bag"],"picked":"halation:CatFaceCupcake"},{"not_picked":["halation:HeavySnake","Cursed Key"],"picked":"aspiration:IroncladSkillbook"}],"items_purged_floors":[21,38],"is_endless":false,"potions_floor_spawned":[1,6,14,23,25],"killed_by":"Jaw Worm Horde","ascension_level":0}}