{"host":"oqyakm3e5m4kt4l3","time":1613850721,"event":{"mods":["2.2 Compatiblity","AchievementEnabler","BaseMod","Better Altar","Better Match","Better Note","Better Sensory Stone","Better Skull","Better Third Choice","BetterRewards","Colored Map","Colored Powertips","Minty Spire (QoL Compilation)","Permanent Neow","Quick Restart","Rare Cards Sparkle","Shop Mod","StSLib","Synergy Search"],"gold_per_floor":[114,129,129,24,39,69,84,84,84,114,114,39,58,77,77,202,202,221,257,356,90,109,147,166,185,185,185,185,223,242,261,261,386,386,405,424,99,429,448,486,486,486,511,549,568,568,587,625,625,625],"floor_reached":51,"language":"ENG","playtime":4841,"items_purged":["Berserk"],"score":989,"play_id":"90818c41-a645-4cc6-b397-393764ead503","local_time":"20210220145201","daily_mods":["Shiny","Red Cards","DeadlyEvents"],"is_ascension_mode":false,"campfire_choices":[{"data":"Echo Form","floor":8.0,"key":"SMITH"},{"data":"Buffer","floor":15.0,"key":"SMITH"},{"data":"Corruption","floor":28.0,"key":"SMITH"},{"data":"Apotheosis","floor":32.0,"key":"SMITH"},{"data":"Seek","floor":41,"key":"SMITH"},{"data":"Seeing Red","floor":46,"key":"SMITH"},{"data":"Turbo","floor":49,"key":"SMITH"}],"circlet_count":0,"master_deck":["Double Tap","Demon Form","Bludgeon","Feed","Limit Break","Corruption+1","Barricade","Fiend Fire","Impervious","Brutality","Reaper","Exhume","Offering","Immolate","Multi-Cast","Hyperbeam","Biased Cognition","Machine Learning","Electrodynamics","Buffer+1","Rainbow","Seek+1","Meteor Strike","Echo Form+1","All For One","Reboot","Amplify","Creative AI","Fission","Core Surge+1","Self Repair","Hologram","True Grit","Feed","Turbo+1","Storm","Offering","Seeing Red+1","Apotheosis+1","Headbutt+1","Sweeping Beam+1","Flex+1","Buffer","Reinforced Body+1","Capacitor","Thunderclap+1","Intimidate+1","Rage","Heatsinks+1","Chill+1"],"relics":["Cracked Core","Anchor","Oddly Smooth Stone","Gambling Chip","Golden Idol","Empty Cage","Red Mask","Whetstone","Mercury Hourglass","Strawberry","Busted Crown","Shuriken","Old Coin","Matryoshka","Letter Opener","Centennial Puzzle","MealTicket","Blood Vial"],"acts_visited":["Exordium","TheCity","TheBeyond"],"potions_floor_usage":[],"damage_taken":[{"damage":6.0,"enemies":"Cultist","floor":1.0,"turns":2.0},{"damage":17.0,"enemies":"Jaw Worm","floor":2.0,"turns":3.0},{"damage":11.0,"enemies":"Small Slimes","floor":5.0,"turns":3.0},{"damage":0.0,"enemies":"3 Sentries","floor":6.0,"turns":2.0},{"damage":0.0,"enemies":"Looter","floor":7.0,"turns":2.0},{"damage":0.0,"enemies":"Gremlin Nob","floor":10.0,"turns":4.0},{"damage":6.0,"enemies":"2 Fungi Beasts","floor":13.0,"turns":2.0},{"damage":6.0,"enemies":"Large Slime","floor":14.0,"turns":4.0},{"damage":19.0,"enemies":"Hexaghost","floor":16.0,"turns":8.0},{"damage":6.0,"enemies":"Spheric Guardian","floor":18.0,"turns":1.0},{"damage":0.0,"enemies":"Masked Bandits","floor":19.0,"turns":2.0},{"damage":24.0,"enemies":"Chosen","floor":22.0,"turns":6.0},{"damage":16.0,"enemies":"Slavers","floor":23.0,"turns":4.0},{"damage":29.0,"enemies":"Snecko","floor":24.0,"turns":6.0},{"damage":6.0,"enemies":"Snake Plant","floor":25.0,"turns":4.0},{"damage":6.0,"enemies":"Gremlin Leader","floor":29.0,"turns":6.0},{"damage":6.0,"enemies":"Cultist and Chosen","floor":30.0,"turns":4.0},{"damage":16.0,"enemies":"Centurion and Healer","floor":31.0,"turns":4.0},{"damage":46.0,"enemies":"Collector","floor":33.0,"turns":8.0},{"damage":0.0,"enemies":"3 Shapes","floor":35.0,"turns":3.0},{"damage":0.0,"enemies":"Orb Walker","floor":36.0,"turns":3.0},{"damage":18,"enemies":"2 Orb Walkers","floor":38,"turns":4},{"damage":7,"enemies":"Writhing Mass","floor":39,"turns":6},{"damage":16,"enemies":"Nemesis","floor":40,"turns":7},{"damage":19,"enemies":"Giant Head","floor":44,"turns":6},{"damage":12,"enemies":"Maw","floor":45,"turns":7},{"damage":8,"enemies":"Jaw Worm Horde","floor":47,"turns":5},{"damage":6,"enemies":"Reptomancer","floor":48,"turns":3},{"damage":40,"enemies":"Time Eater","floor":50,"turns":8}],"seed_played":"3618718455484561711","potions_obtained":[{"floor":5.0,"key":"Block Potion"},{"floor":6.0,"key":"Fire Potion"},{"floor":13.0,"key":"SpeedPotion"},{"floor":14.0,"key":"PotionOfCapacity"},{"floor":18.0,"key":"SteroidPotion"},{"floor":19.0,"key":"SpeedPotion"},{"floor":23.0,"key":"LiquidBronze"},{"floor":40,"key":"PowerPotion"}],"is_trial":false,"path_per_floor":["M","M","?","$","M","E","M","R","T","E","?","$","M","M","R","B",null,"M","?","?","$","M","E","M","M","T","?","R","E","M","M","R","B",null,"M","M","$","?","M","E","R","?","T","E","M","R","M","E","R","B",null],"character_chosen":"DEFECT","items_purchased":["Self Repair","Hologram","Apotheosis","LiquidMemories","Shuriken","DistilledChaos"],"campfire_rested":0,"item_purchase_floors":[4,4,21,21,37,37],"current_hp_per_floor":[69,55,55,55,47,47,50,50,50,67,67,67,75,69,69,65,81,75,75,75,75,85,69,50,56,56,56,56,89,88,92,92,92,92,92,95,95,77,95,79,79,79,79,78,103,103,103,107,107,106],"gold":625,"neow_bonus":"","is_daily":true,"chose_seed":false,"campfire_upgraded":7,"win_rate":0.0,"timestamp":1613850721,"path_taken":["M","M","?","$","?","E","M","R","T","?","?","$","?","M","R","BOSS","M","?","?","$","M","E","?","M","T","?","R","E","M","M","R","BOSS","M","M","$","?","M","E","R","?","T","E","M","R","M","?","R","BOSS"],"items_purchased_type":["Card","Card","Card","Potion","Relic","Potion"],"build_version":"2020-12-22","purchased_purges":1,"victory":true,"max_hp_per_floor":[75,78,78,78,81,81,84,84,84,87,81,81,81,81,81,81,81,81,81,81,81,85,85,85,85,85,85,85,92,92,92,92,92,92,92,95,95,95,95,95,95,95,95,99,103,103,103,107,107,111],"card_choices":[{"not_picked":["Gash","Cold Snap","Intimidate"],"picked":"SKIP","floor":1.0},{"not_picked":["Clothesline","Dual Wield","Entrench"],"picked":"SKIP","floor":2.0},{"not_picked":["Sword Boomerang","Headbutt"],"picked":"True Grit","floor":5.0},{"not_picked":["Iron Wave","Rebound"],"picked":"Feed","floor":6.0},{"not_picked":["Cold Snap","Twin Strike","Clash"],"picked":"SKIP","floor":7.0},{"not_picked":["Melter","Steam","Body Slam"],"picked":"SKIP","floor":10.0},{"not_picked":["Rampage","Cleave"],"picked":"Turbo","floor":13.0},{"not_picked":["Metallicize","Turbo"],"picked":"Storm","floor":14.0},{"not_picked":["Brutality","Echo Form"],"picked":"Offering","floor":16.0},{"not_picked":["Beam Cell","Battle Trance+1"],"picked":"Seeing Red","floor":18.0},{"not_picked":["BootSequence","Havoc+1","Force Field"],"picked":"SKIP","floor":22.0},{"not_picked":["Burning Pact","Streamline"],"picked":"Headbutt","floor":23.0},{"not_picked":["Redo+1","Heavy Blade"],"picked":"Sweeping Beam+1","floor":24.0},{"not_picked":["Burning Pact","Sword Boomerang"],"picked":"Flex+1","floor":25.0},{"not_picked":["Beam Cell+1","Wild Strike","Twin Strike"],"picked":"SKIP","floor":29.0},{"not_picked":["Body Slam+1","Headbutt"],"picked":"Reinforced Body+1","floor":30.0},{"not_picked":["White Noise","FTL"],"picked":"Capacitor","floor":31.0},{"not_picked":["Twin Strike"],"picked":"SKIP","floor":35.0},{"not_picked":[],"picked":"Thunderclap+1","floor":36.0},{"not_picked":[],"picked":"Intimidate+1","floor":38},{"not_picked":["Rebound+1"],"picked":"SKIP","floor":39},{"not_picked":[],"picked":"Rage","floor":40},{"not_picked":[],"picked":"Heatsinks+1","floor":44},{"not_picked":[],"picked":"Chill+1","floor":45},{"not_picked":["Compile Driver+1"],"picked":"SKIP","floor":47},{"not_picked":["Self Repair"],"picked":"SKIP","floor":48}],"player_experience":550639,"relics_obtained":[{"floor":6.0,"key":"Anchor"},{"floor":9.0,"key":"Oddly Smooth Stone"},{"floor":10.0,"key":"Gambling Chip"},{"floor":19.0,"key":"Red Mask"},{"floor":23.0,"key":"Whetstone"},{"floor":26.0,"key":"Mercury Hourglass"},{"floor":29.0,"key":"Strawberry"},{"floor":38,"key":"Old Coin"},{"floor":40,"key":"Matryoshka"},{"floor":43,"key":"Letter Opener"},{"floor":43,"key":"Centennial Puzzle"},{"floor":44,"key":"MealTicket"},{"floor":48,"key":"Blood Vial"}],"event_choices":[{"damage_healed":0.0,"max_hp_gain":0.0,"max_hp_loss":0.0,"gold_gain":1.0,"event_name":"betterStone:BetterStone","player_choice":"1","floor":3.0,"gold_loss":0.0,"damage_taken":0.0},{"damage_healed":0.0,"max_hp_gain":0.0,"max_hp_loss":6.0,"gold_gain":0.0,"event_name":"Golden Idol","player_choice":"Lose Max HP","floor":11.0,"gold_loss":0.0,"damage_taken":0.0,"relics_obtained":["Golden Idol"]},{"damage_healed":0.0,"max_hp_gain":0.0,"max_hp_loss":0.0,"gold_gain":0.0,"event_name":"Masked Bandits","player_choice":"Fought Bandits","floor":19.0,"gold_loss":0.0,"damage_taken":0.0},{"damage_healed":0.0,"max_hp_gain":0.0,"max_hp_loss":0.0,"gold_gain":99.0,"event_name":"betterThird:BetterNest","player_choice":"Steal","floor":20.0,"gold_loss":0.0,"damage_taken":0.0},{"damage_healed":0.0,"max_hp_gain":0.0,"max_hp_loss":0.0,"gold_gain":0.0,"event_name":"The Library","player_choice":"Read","floor":27.0,"gold_loss":0.0,"damage_taken":0.0,"cards_obtained":["Buffer"]},{"damage_healed":0,"gold_gain":0,"player_choice":"Fight","damage_taken":0,"max_hp_gain":0,"max_hp_loss":0,"event_name":"Mysterious Sphere","floor":38,"gold_loss":0},{"damage_healed":0,"gold_gain":0,"player_choice":"Ignored","damage_taken":0,"max_hp_gain":0,"max_hp_loss":0,"event_name":"Tomb of Lord Red Mask","floor":42,"gold_loss":0}],"is_beta":false,"boss_relics":[{"not_picked":["Tiny House","Runic Dome"],"picked":"Empty Cage"},{"not_picked":["Astrolabe","Cursed Key"],"picked":"Busted Crown"}],"items_purged_floors":[12],"is_endless":false,"potions_floor_spawned":[5,6,13,14,18,19,23,30,39,40,44],"ascension_level":0}}