{"host":"ndpbn7fqb3wjbd7p","time":1613804362,"event":{"mods":["AchievementEnabler","Act Like it!","AlwaysNeverKeys","BaseMod","Better Vampires","Block Reminder","Colored Powertips","DeckTracker","Defuse TimeMaze Blight","Friendly Minions","Highlight Path","MarisaÅiñ∂âJÅ@ñÇóùçπÅj","Minty Spire (QoL Compilation)","Permanent Neow","StSLib","SuperFastMode","Synergy Search","Unceasing Turn Reminder","Wandering Minibosses"],"gold_per_floor":[117,133,58,70,70,70,70,96,96,96,111,11,11,24,24,24,24],"floor_reached":16,"language":"ENG","playtime":527,"items_purged":["Defend_B","Dualcast"],"score":165,"play_id":"b7ac1a56-2d66-4d1e-8be6-07394904b6e6","local_time":"20210220075922","is_ascension_mode":true,"campfire_choices":[{"data":"Genetic Algorithm","floor":6,"key":"SMITH"},{"floor":13,"key":"REST"},{"data":"Reprogram","floor":15,"key":"SMITH"}],"circlet_count":0,"master_deck":["AscendersBane","Strike_B","Strike_B","Strike_B","Defend_B","Defend_B","Defend_B","Zap","Good Instincts","Scrape","Go for the Eyes","Genetic Algorithm+1","PanicButton","Self Repair","Reprogram+1"],"relics":["Cracked Core","Darkstone Periapt","Blood Vial"],"acts_visited":["Exordium"],"potions_floor_usage":[8,8,16],"damage_taken":[{"damage":15,"enemies":"2 Louse","floor":1,"turns":3},{"damage":1,"enemies":"Cultist","floor":2,"turns":4},{"damage":5,"enemies":"Small Slimes","floor":4,"turns":3},{"damage":24,"enemies":"Gremlin Nob","floor":8,"turns":4},{"damage":11,"enemies":"Looter","floor":11,"turns":3},{"damage":8,"enemies":"Exordium Wildlife","floor":14,"turns":5},{"damage":32,"enemies":"Slime Boss","floor":16,"turns":7}],"seed_played":"-6240487868784408220","potions_obtained":[{"floor":1,"key":"DuplicationPotion"},{"floor":2,"key":"PowerPotion"},{"floor":14,"key":"Energy Potion"}],"is_trial":false,"path_per_floor":["M","M","$","M","?","R","$","E","T","?","M","$","R","M","R","B"],"character_chosen":"DEFECT","items_purchased":[],"campfire_rested":1,"item_purchase_floors":[],"current_hp_per_floor":[53,52,52,47,40,40,40,16,16,16,7,7,29,30,30,0,0],"gold":24,"neow_bonus":"RANDOM_COLORLESS","is_daily":false,"chose_seed":false,"campfire_upgraded":2,"win_rate":0.0,"timestamp":1613804362,"path_taken":["M","M","$","M","?","R","$","E","T","?","M","$","R","M","R","BOSS"],"items_purchased_type":[],"build_version":"2020-12-22","purchased_purges":2,"victory":false,"max_hp_per_floor":[75,75,75,75,75,75,75,75,75,75,75,75,75,75,75,75,75],"card_choices":[{"not_picked":["Panacea","Jack Of All Trades"],"picked":"Good Instincts","floor":0},{"not_picked":["Coolheaded","Defragment"],"picked":"Scrape","floor":1},{"not_picked":["Hello World","Hologram"],"picked":"Go for the Eyes","floor":2},{"not_picked":["Reinforced Body","Capacitor"],"picked":"Genetic Algorithm","floor":4},{"not_picked":["Cold Snap","Defragment","Ball Lightning"],"picked":"SKIP","floor":8},{"not_picked":["Coolheaded","Barrage"],"picked":"Self Repair","floor":11},{"not_picked":["Reinforced Body","BootSequence"],"picked":"Reprogram","floor":14}],"player_experience":1189790,"relics_obtained":[{"floor":8,"key":"Darkstone Periapt"},{"floor":9,"key":"Blood Vial"}],"event_choices":[{"cards_removed":["Strike_B"],"damage_healed":0,"gold_gain":0,"player_choice":"Card Removal","damage_taken":7,"max_hp_gain":0,"max_hp_loss":0,"event_name":"Golden Wing","floor":5,"gold_loss":0},{"damage_healed":0,"gold_gain":0,"player_choice":"1 cards matched","damage_taken":0,"max_hp_gain":0,"max_hp_loss":0,"event_name":"Match and Keep!","floor":10,"gold_loss":0,"cards_obtained":["PanicButton"]}],"is_beta":false,"boss_relics":[],"items_purged_floors":[3,12],"is_endless":false,"potions_floor_spawned":[1,2,14],"killed_by":"Slime Boss","ascension_level":13}}