{"host":"dcj2yvrgcvh5dl2s","time":1613786477,"event":{"mods":["BaseMod","Bestiary","Better Note","Block Reminder","Colored Powertips","Curses Come First","DeckTracker","Displayed Cursed Tome","Minty Spire (QoL Compilation)","Quick Restart","Rare Cards Sparkle","Relic Stats","StSLib"],"gold_per_floor":[111,111,111,124,124,124,138,168,191,191,203,203,223,223,223],"floor_reached":14,"language":"ENG","playtime":342,"items_purged":[],"score":180,"play_id":"77519f22-6875-4452-96bf-30885e33ea0d","local_time":"20210220120117","is_ascension_mode":true,"campfire_choices":[{"data":"Body Slam","floor":6,"key":"SMITH"},{"data":"Heavy Blade","floor":10,"key":"SMITH"}],"circlet_count":0,"master_deck":["AscendersBane","Strike_R","Strike_R","Strike_R","Strike_R","Defend_R","Defend_R","Defend_R","Defend_R","Bash","Body Slam+1","Heavy Blade+1","Feel No Pain","True Grit+1","Seeing Red"],"relics":["Burning Blood","NeowsBlessing","InkBottle","Orichalcum","Happy Flower"],"acts_visited":["Exordium"],"potions_floor_usage":[14],"damage_taken":[{"damage":0,"enemies":"2 Louse","floor":1,"turns":1},{"damage":0,"enemies":"Jaw Worm","floor":4,"turns":1},{"damage":0,"enemies":"Cultist","floor":7,"turns":1},{"damage":32,"enemies":"3 Sentries","floor":8,"turns":13},{"damage":27,"enemies":"Large Slime","floor":11,"turns":7},{"damage":0,"enemies":"Exordium Wildlife","floor":13,"turns":4},{"damage":39,"enemies":"Gremlin Nob","floor":14,"turns":4}],"seed_played":"1725375143257035139","potions_obtained":[{"floor":1,"key":"Ancient Potion"},{"floor":4,"key":"SteroidPotion"},{"floor":11,"key":"Dexterity Potion"}],"is_trial":false,"path_per_floor":["M","?","T","M","?","R","M","E","T","R","M","?","M","E"],"character_chosen":"IRONCLAD","items_purchased":[],"campfire_rested":0,"item_purchase_floors":[],"current_hp_per_floor":[74,67,67,73,73,73,75,49,49,49,28,28,34,0,0],"gold":223,"neow_bonus":"THREE_ENEMY_KILL","is_daily":false,"chose_seed":false,"campfire_upgraded":2,"win_rate":0.0,"timestamp":1613786477,"path_taken":["M","?","?","M","?","R","M","E","T","R","?","?","M","E"],"items_purchased_type":[],"build_version":"2020-12-22","purchased_purges":0,"victory":false,"max_hp_per_floor":[75,75,75,75,75,75,75,75,75,75,75,75,75,75,75],"relic_stats":{"Happy Flower":[5],"counters":[7,31],"Orichalcum":[18],"obtain_stats":[{"NeowsBlessing":0,"Happy Flower":9,"Orichalcum":8,"Burning Blood":0,"InkBottle":3},{"NeowsBlessing":0,"Happy Flower":4,"Orichalcum":4,"Burning Blood":0,"InkBottle":1},{"NeowsBlessing":0,"Happy Flower":16,"Orichalcum":16,"Burning Blood":0,"InkBottle":1}],"Burning Blood":32,"InkBottle":[6]},"card_choices":[{"not_picked":["Flame Barrier","True Grit"],"picked":"Body Slam","floor":1},{"not_picked":["Intimidate","Sword Boomerang"],"picked":"Heavy Blade","floor":4},{"not_picked":["Pommel Strike","Cleave"],"picked":"Feel No Pain","floor":7},{"not_picked":["Heavy Blade","Combust","Reckless Charge"],"picked":"SKIP","floor":8},{"not_picked":["Cleave","Perfected Strike"],"picked":"True Grit","floor":11},{"not_picked":["Carnage","Heavy Blade"],"picked":"Seeing Red","floor":13}],"player_experience":2451474,"relics_obtained":[{"floor":3,"key":"InkBottle"},{"floor":8,"key":"Orichalcum"},{"floor":9,"key":"Happy Flower"}],"event_choices":[{"cards_removed":["Strike_R"],"damage_healed":0,"gold_gain":0,"player_choice":"Card Removal","damage_taken":7,"max_hp_gain":0,"max_hp_loss":0,"event_name":"Golden Wing","floor":2,"gold_loss":0},{"damage_healed":0,"gold_gain":0,"player_choice":"Got Potions","damage_taken":0,"max_hp_gain":0,"max_hp_loss":0,"event_name":"Lab","floor":5,"gold_loss":0},{"damage_healed":0,"gold_gain":0,"player_choice":"Grow","damage_taken":0,"max_hp_gain":0,"max_hp_loss":0,"event_name":"Living Wall","floor":12,"gold_loss":0,"cards_upgraded":["True Grit"]}],"is_beta":false,"boss_relics":[],"items_purged_floors":[],"is_endless":false,"potions_floor_spawned":[1,4,11],"killed_by":"Gremlin Nob","ascension_level":20}}