{"host":"ormi09wwzv7sq47a","time":1613787808,"event":{"mods":["2.2 Compatiblity","AchievementEnabler","Act Like it!","BaseMod","Bestiary","Better Altar","Better Note","Better Sensory Stone","Better Silent Start","Better Skull","Better Third Choice","Better Vampires","BetterRewards","Block Reminder","Card Forge","Colored Map","Colored Powertips","Curses Come First","DeckTracker","Downfall","Highlight Path","Minty Spire (QoL Compilation)","Permanent Neow","Quick Restart","Rare Cards Sparkle","Relic Stats","Shop Mod","StSLib","The Jungle"],"gold_per_floor":[118,133,144,31,48,48,83,83,165,29,56,56,56,86,86,181,181,181,181,181,181,181,181,181,181,181,181,181,181,181,181,181,181,181,181,181,181,27,27,27,27,27,27,27,27,27,27,27,27,27,27,27,27,27,27,27,27],"floor_reached":55,"language":"ENG","playtime":3695,"items_purged":["champ:Strike","champ:Defend"],"score":1403,"play_id":"15d2dec1-943d-452b-9007-594311555e76","local_time":"20210219232328","is_ascension_mode":true,"campfire_choices":[{"data":"champ:Execute","floor":6.0,"key":"SMITH"},{"data":"champ:Taunt","floor":8.0,"key":"SMITH"},{"floor":12.0,"key":"REST"},{"data":"champ:Defend","floor":15.0,"key":"SMITH"},{"floor":23.0,"key":"DIG"},{"floor":25.0,"key":"DIG"},{"data":"champ:PerfectedStrike","floor":27.0,"key":"SMITH"},{"floor":30.0,"key":"DIG"},{"floor":32.0,"key":"DIG"},{"data":"champ:PerfectedStrike","floor":40.0,"key":"SMITH"},{"data":"champ:FlashCut","floor":42,"key":"SMITH"},{"floor":44,"key":"DIG"},{"floor":49,"key":"RECALL"},{"floor":52,"key":"DIG"}],"circlet_count":0,"master_deck":["champ:Execute+1","champ:Taunt+1","champ:SetATrap+1","champ:AdrenalArmor+1","champ:StanceDance+1","Bandage Up+1","champ:Circumvent+1","champ:FancyFootwork+1","champ:IgnorePain+1","champ:EndlessRage+1","champ:Parry+1","Secret Weapon+1","champ:StrikeOfGenius+1","champ:LastStand+1","champ:StanceDance+1","champ:PerfectedStrike+1","champ:UltimateStance+1","champ:EndlessRage+1","champ:CalledShot+1","champ:FlashCut+1","champ:CalledShot+1","champ:ShieldWall+1","champ:PerfectedStrike+1","champ:Encircle+1","champ:StanceDance+1","champ:Endure+1","champ:StanceDance+1"],"relics":["champ:ChampionCrown","Hammer of Thor","Seething Fire","Anvil of the Gods","WingedGreaves","Whetstone","Letter Opener","Toxic Egg 2","Mango","Frozen Egg 2","PreservedInsect","Bag of Marbles","Ectoplasm","theJungle:WildStrawberry","Shovel","Singing Bowl","champ:FightingForDummies","Orichalcum","Happy Flower","StrikeDummy","bronze:DecasWashers","Calipers","Pandora\u0027s Box","champ:BerserkersGuideToSlaughter","champ:SpectersHand","War Paint","InkBottle","Blue Candle","Mercury Hourglass","Bird Faced Urn","Bottled Lightning","Art of War"],"acts_visited":["Exordium","Exordium","TheBeyond","TheEnding"],"potions_floor_usage":[48,48],"damage_taken":[{"damage":11.0,"enemies":"Cultist","floor":1.0,"turns":3.0},{"damage":10.0,"enemies":"2 Louse","floor":2.0,"turns":2.0},{"damage":10.0,"enemies":"Jaw Worm","floor":3.0,"turns":3.0},{"damage":5.0,"enemies":"Looter","floor":5.0,"turns":3.0},{"damage":33.0,"enemies":"3 Sentries","floor":7.0,"turns":6.0},{"damage":13.0,"enemies":"Gremlin Nob","floor":11.0,"turns":4.0},{"damage":18.0,"enemies":"Lagavulin","floor":14.0,"turns":5.0},{"damage":35.0,"enemies":"Slime Boss","floor":16.0,"turns":9.0},{"damage":40.0,"enemies":"Shell Parasite","floor":18.0,"turns":5.0},{"damage":43.0,"enemies":"theJungle:Flameango_and_Byrd","floor":19.0,"turns":5.0},{"damage":4.0,"enemies":"theJungle:Snecko_Cultist_And_Trap","floor":22.0,"turns":4.0},{"damage":24.0,"enemies":"theJungle:2_Phrogs","floor":24.0,"turns":5.0},{"damage":10.0,"enemies":"theJungle:Cassacara","floor":29.0,"turns":2.0},{"damage":15.0,"enemies":"theJungle:MamaSnecko","floor":31.0,"turns":2.0},{"damage":28.0,"enemies":"theJungle:QueenSpyder","floor":33.0,"turns":5.0},{"damage":10.0,"enemies":"Orb Walker","floor":35.0,"turns":2.0},{"damage":20.0,"enemies":"3 Shapes","floor":36.0,"turns":5.0},{"damage":31.0,"enemies":"3 Darklings","floor":37.0,"turns":4.0},{"damage":44.0,"enemies":"Transient","floor":39.0,"turns":5.0},{"damage":39,"enemies":"Reptomancer","floor":45,"turns":4},{"damage":0,"enemies":"Nemesis","floor":47,"turns":3},{"damage":5,"enemies":"2 Orb Walkers","floor":48,"turns":2},{"damage":87,"enemies":"Donu and Deca","floor":50,"turns":7},{"damage":75,"enemies":"Shield and Spear","floor":54,"turns":5},{"damage":156,"enemies":"The Heart","floor":55,"turns":6}],"seed_played":"1861940103340400744","potions_obtained":[{"floor":7.0,"key":"Block Potion"},{"floor":11.0,"key":"SkillPotion"},{"floor":14.0,"key":"LiquidBronze"},{"floor":16.0,"key":"BlessingOfTheForge"},{"floor":19.0,"key":"Dexterity Potion"},{"floor":29.0,"key":"FairyPotion"},{"floor":36.0,"key":"bronze:BurnAndBuffPotion"},{"floor":37.0,"key":"Energy Potion"},{"floor":39.0,"key":"SmokeBomb"},{"floor":47,"key":"champ:UltimateStancePotion"}],"is_trial":false,"path_per_floor":["M","M","M","$","M","R","E","R","T","$","E","R","?","E","R","B",null,"M","M","?","?","M","R","E","R","T","R","?","E","R","E","R","B",null,"M","M","M","$","M","R","?","R","T","R","E","T","E","?","R","B",null,"R","$","E","B"],"character_chosen":"THE_CHAMP","items_purchased":["Whetstone","Letter Opener","Toxic Egg 2","Bandage Up+1","champ:Circumvent+1","champ:EndlessRage+1","champ:BerserkersGuideToSlaughter"],"campfire_rested":1,"item_purchase_floors":[0,0,0,4,4,10,38],"current_hp_per_floor":[43,43,43,43,44,44,51,51,51,51,38,69,69,67,67,48,90,86,84,77,49,51,51,55,55,55,55,55,47,47,55,55,58,102,108,106,91,91,75,75,75,75,75,75,67,67,73,89,89,58,105,105,105,65,0,0,0],"gold":27,"neow_bonus":"","is_daily":false,"chose_seed":false,"campfire_upgraded":6,"win_rate":0.0,"timestamp":1613787808,"path_taken":["M","?","?","$","M","R","E","R","T","$","E","R","?","E","R","BOSS","M","M","?","?","M","R","E","R","T","R","?","E","R","E","R","BOSS","M","M","M","$","M","R","?","R","T","R","E","?","E","?","R","BOSS","R","$","E","BOSS"],"items_purchased_type":["Relic","Relic","Relic","Card","Card","Card","Relic"],"build_version":"2020-12-22","purchased_purges":2,"victory":false,"max_hp_per_floor":[90,90,90,90,90,90,104,104,104,104,104,104,104,104,104,104,104,104,104,111,111,111,111,113,113,113,113,113,115,115,117,117,117,117,117,119,119,119,121,121,121,121,121,121,121,121,121,121,121,121,121,121,121,123,123,123,123],"relic_stats":{"Singing Bowl":12,"Happy Flower":[16],"counters":[477,2231],"Blue Candle":[1],"PreservedInsect":333,"Whetstone":["champ:Strike","champ:Strike"],"Letter Opener":[385],"Orichalcum":[42],"War Paint":[],"Mercury Hourglass":[74],"Shovel":6,"Bird Faced Urn":[20],"Pandora\u0027s Box":["champ:EndlessRage","champ:CalledShot","champ:FlashCut","champ:CalledShot","champ:ShieldWall","champ:GladiatorStyle"],"Ectoplasm":503,"Art of War":[1],"obtain_stats":[{"Guardian:StasisEgg":37,"Ginger":0,"Whetstone":26,"Sling":0,"Boot":53,"Old Coin":43,"Guardian:PickAxe":14,"Blood Vial":23,"Sundial":30,"MealTicket":0,"Kunai":53,"champ:FightingForDummies":24,"MerchantsRug":21,"Pear":40,"Blue Candle":0,"Eternal Feather":9,"Pen Nib":44,"Guardian:PocketSentry":6,"Akabeko":0,"MutagenicStrength":22,"Bird Faced Urn":0,"Snecko Eye":17,"Pandora\u0027s Box":34,"StrikeDummy":43,"Unceasing Top":7,"Guardian:StasisSlotReductionRelic":17,"Lantern":29,"Regal Pillow":7,"Torii":12,"Singing Bowl":21,"Guardian:StasisCodex":54,"StoneCalendar":38,"champ:ChampionCrown":0,"Bag of Preparation":21,"Ancient Tea Set":26,"Smiling Mask":30,"Cursed Key":17,"Matryoshka":9,"Shovel":40,"WingedGreaves":37,"champ:BerserkersGuideToSlaughter":38,"InkBottle":47,"Lee\u0027s Waffle":0,"Golden Idol":13,"bronze:DecasWashers":31,"Thread and Needle":12,"PreservedInsect":17,"The Courier":34,"Omamori":46,"Seething Fire":0,"Frozen Egg 2":9,"MawBank":9,"champ:GladiatorsBookOfMartialProwess":29,"Ornamental Fan":45,"betterThird:SlimedRelic":2,"Turnip":0,"Ectoplasm":17,"Art of War":48,"Bottled Lightning":26,"hexamod:BolsterEngine":13,"Toy Ornithopter":44,"Ice Cream":31,"champ:DuelingGlove":0,"Calipers":30,"Tiny House":17,"Gremlin Horn":26,"Nilry\u0027s Codex":25,"CeramicFish":7,"Vajra":31,"Guardian:SackOfGems":23,"Hammer of Thor":0,"Lizard Tail":0,"Centennial Puzzle":29,"HornCleat":22,"DollysMirror":31,"Strawberry":10,"Prayer Wheel":17,"Philosopher\u0027s Stone":34,"Toxic Egg 2":29,"Girya":10,"Guardian:BottledStasis":36,"Happy Flower":54,"Astrolabe":17,"Dead Branch":0,"Guardian:ModeShifter":0,"Oddly Smooth Stone":37,"Letter Opener":9,"War Paint":9,"Question Card":40,"Du-Vu Doll":0,"OrangePellets":0,"Bottled Flame":26,"Shuriken":26,"Anvil of the Gods":0,"Bronze Scales":0,"Black Star":34,"Nloth\u0027s Gift":22,"theJungle:WildStrawberry":20,"Pocketwatch":7,"Meat on the Bone":24,"Darkstone Periapt":17,"Guardian:ModeShifterPlus":34,"Mango":0,"Incense Burner":7,"Juzu Bracelet":7,"Empty Cage":17,"Dream Catcher":14,"Nunchaku":0,"Mummified Hand":8,"Slimebound:StickyStick":39,"Gambling Chip":0,"Tiny Chest":25,"Orichalcum":43,"Odd Mushroom":10,"Medical Kit":0,"White Beast Statue":21,"Mercury Hourglass":45,"Calling Bell":17,"Peace Pipe":0,"Guardian:StasisUpgradeRelic":53,"CaptainsWheel":9,"Anchor":9,"Bag of Marbles":48,"Membership Card":21,"FossilizedHelix":38,"TungstenRod":26,"champ:SpectersHand":43},{"Guardian:StasisEgg":218,"Ginger":39,"Whetstone":249,"Sling":39,"Boot":346,"Old Coin":342,"Guardian:PickAxe":24,"Blood Vial":51,"Sundial":12,"MealTicket":171,"Kunai":109,"champ:FightingForDummies":464,"MerchantsRug":96,"Pear":320,"Blue Candle":136,"Eternal Feather":44,"Pen Nib":35,"Guardian:PocketSentry":44,"Akabeko":84,"MutagenicStrength":180,"Bird Faced Urn":225,"Snecko Eye":246,"Pandora\u0027s Box":14,"StrikeDummy":256,"Unceasing Top":69,"Guardian:StasisSlotReductionRelic":7,"Lantern":29,"Regal Pillow":329,"Torii":143,"Singing Bowl":209,"Guardian:StasisCodex":65,"StoneCalendar":189,"champ:ChampionCrown":0,"Bag of Preparation":96,"Ancient Tea Set":28,"Smiling Mask":99,"Cursed Key":177,"Matryoshka":194,"Shovel":220,"WingedGreaves":318,"champ:BerserkersGuideToSlaughter":470,"InkBottle":37,"Lee\u0027s Waffle":162,"Golden Idol":5,"bronze:DecasWashers":466,"Thread and Needle":331,"PreservedInsect":25,"The Courier":276,"Omamori":106,"Seething Fire":0,"Frozen Egg 2":89,"MawBank":204,"champ:GladiatorsBookOfMartialProwess":439,"Ornamental Fan":423,"betterThird:SlimedRelic":40,"Turnip":66,"Ectoplasm":460,"Art of War":133,"Bottled Lightning":10,"hexamod:BolsterEngine":45,"Toy Ornithopter":105,"Ice Cream":275,"champ:DuelingGlove":429,"Calipers":124,"Tiny House":333,"Gremlin Horn":52,"Nilry\u0027s Codex":149,"CeramicFish":305,"Vajra":30,"Guardian:SackOfGems":210,"Hammer of Thor":0,"Lizard Tail":17,"Centennial Puzzle":53,"HornCleat":50,"DollysMirror":99,"Strawberry":90,"Prayer Wheel":25,"Philosopher\u0027s Stone":186,"Toxic Egg 2":215,"Girya":80,"Guardian:BottledStasis":277,"Happy Flower":110,"Astrolabe":47,"Dead Branch":111,"Guardian:ModeShifter":0,"Oddly Smooth Stone":32,"Letter Opener":242,"War Paint":69,"Question Card":255,"Du-Vu Doll":288,"OrangePellets":111,"Bottled Flame":123,"Shuriken":97,"Anvil of the Gods":0,"Bronze Scales":162,"Black Star":100,"Nloth\u0027s Gift":209,"theJungle:WildStrawberry":462,"Pocketwatch":116,"Meat on the Bone":248,"Darkstone Periapt":25,"Guardian:ModeShifterPlus":55,"Mango":402,"Incense Burner":4,"Juzu Bracelet":168,"Empty Cage":383,"Dream Catcher":6,"Nunchaku":66,"Mummified Hand":141,"Slimebound:StickyStick":444,"Gambling Chip":348,"Tiny Chest":123,"Orichalcum":34,"Odd Mushroom":331,"Medical Kit":66,"White Beast Statue":96,"Mercury Hourglass":157,"Calling Bell":25,"Peace Pipe":76,"Guardian:StasisUpgradeRelic":109,"CaptainsWheel":4,"Anchor":21,"Bag of Marbles":63,"Membership Card":96,"FossilizedHelix":58,"TungstenRod":212,"champ:SpectersHand":471},{"Guardian:StasisEgg":983,"Ginger":211,"Whetstone":1148,"Sling":211,"Boot":1601,"Old Coin":1571,"Guardian:PickAxe":121,"Blood Vial":270,"Sundial":61,"MealTicket":775,"Kunai":521,"champ:FightingForDummies":2179,"MerchantsRug":476,"Pear":1454,"Blue Candle":609,"Eternal Feather":237,"Pen Nib":184,"Guardian:PocketSentry":237,"Akabeko":446,"MutagenicStrength":815,"Bird Faced Urn":1021,"Snecko Eye":1137,"Pandora\u0027s Box":75,"StrikeDummy":1185,"Unceasing Top":367,"Guardian:StasisSlotReductionRelic":38,"Lantern":150,"Regal Pillow":1502,"Torii":640,"Singing Bowl":955,"Guardian:StasisCodex":340,"StoneCalendar":861,"champ:ChampionCrown":0,"Bag of Preparation":476,"Ancient Tea Set":145,"Smiling Mask":485,"Cursed Key":801,"Matryoshka":883,"Shovel":992,"WingedGreaves":1450,"champ:BerserkersGuideToSlaughter":2199,"InkBottle":196,"Lee\u0027s Waffle":727,"Golden Idol":22,"bronze:DecasWashers":2183,"Thread and Needle":1508,"PreservedInsect":130,"The Courier":1282,"Omamori":510,"Seething Fire":0,"Frozen Egg 2":456,"MawBank":929,"champ:GladiatorsBookOfMartialProwess":2046,"Ornamental Fan":1976,"betterThird:SlimedRelic":214,"Turnip":349,"Ectoplasm":2160,"Art of War":591,"Bottled Lightning":50,"hexamod:BolsterEngine":240,"Toy Ornithopter":504,"Ice Cream":1273,"champ:DuelingGlove":2006,"Calipers":565,"Tiny House":1521,"Gremlin Horn":274,"Nilry\u0027s Codex":664,"CeramicFish":1404,"Vajra":154,"Guardian:SackOfGems":959,"Hammer of Thor":0,"Lizard Tail":91,"Centennial Puzzle":277,"HornCleat":266,"DollysMirror":485,"Strawberry":460,"Prayer Wheel":130,"Philosopher\u0027s Stone":845,"Toxic Egg 2":974,"Girya":426,"Guardian:BottledStasis":1284,"Happy Flower":525,"Astrolabe":259,"Dead Branch":532,"Guardian:ModeShifter":0,"Oddly Smooth Stone":167,"Letter Opener":1119,"War Paint":367,"Question Card":1177,"Du-Vu Doll":1325,"OrangePellets":532,"Bottled Flame":561,"Shuriken":479,"Anvil of the Gods":0,"Bronze Scales":727,"Black Star":490,"Nloth\u0027s Gift":955,"theJungle:WildStrawberry":2170,"Pocketwatch":545,"Meat on the Bone":1146,"Darkstone Periapt":130,"Guardian:ModeShifterPlus":288,"Mango":1875,"Incense Burner":18,"Juzu Bracelet":761,"Empty Cage":1775,"Dream Catcher":28,"Nunchaku":349,"Mummified Hand":631,"Slimebound:StickyStick":2073,"Gambling Chip":1619,"Tiny Chest":561,"Orichalcum":177,"Odd Mushroom":1508,"Medical Kit":349,"White Beast Statue":476,"Mercury Hourglass":698,"Calling Bell":130,"Peace Pipe":412,"Guardian:StasisUpgradeRelic":521,"CaptainsWheel":18,"Anchor":107,"Bag of Marbles":326,"Membership Card":476,"FossilizedHelix":296,"TungstenRod":962,"champ:SpectersHand":2204}],"InkBottle":[16]},"card_choices":[{"not_picked":["champ:AdrenalArmor+1","champ:EnGarde+1"],"picked":"champ:SetATrap+1","floor":1.0},{"not_picked":["champ:Haymaker","champ:EnGarde+1"],"picked":"champ:AdrenalArmor+1","floor":2.0},{"not_picked":["champ:Shatter","champ:EndlessRage"],"picked":"champ:StanceDance+1","floor":3.0},{"not_picked":["champ:GutPunch","champ:ShieldSigil+1"],"picked":"champ:FancyFootwork+1","floor":5.0},{"not_picked":["champ:ViciousMockery+1","champ:PreciseThrust"],"picked":"champ:IgnorePain+1","floor":7.0},{"not_picked":["champ:BladeFlurry","champ:FanOfKnives"],"picked":"champ:Parry+1","floor":11.0},{"not_picked":["Enlightenment+1","PanicButton+1"],"picked":"Secret Weapon+1","floor":13.0},{"not_picked":["champ:ShieldSigil+1","champ:BladeFlurry"],"picked":"champ:StrikeOfGenius+1","floor":14.0},{"not_picked":["champ:DancingMaster+1","champ:GladiatorForm+1"],"picked":"champ:LastStand+1","floor":16.0},{"not_picked":["champ:RecklessLeap","champ:CrownThrow"],"picked":"champ:StanceDance+1","floor":18.0},{"not_picked":["champ:Shatter","champ:Haymaker"],"picked":"champ:PerfectedStrike","floor":19.0},{"not_picked":["champ:PreemptiveStrike","champ:TornadoPunch","champ:FlashCut"],"picked":"SKIP","floor":22.0},{"not_picked":["champ:Shatter","champ:SwordSigil+1","champ:FlashCut"],"picked":"Singing Bowl","floor":24.0},{"not_picked":["champ:MurderStrike","champ:PreemptiveStrike","champ:Backstep+1"],"picked":"Singing Bowl","floor":29.0},{"not_picked":["champ:AdrenalArmor+1","champ:EnGarde+1","champ:DefensiveShout+1"],"picked":"Singing Bowl","floor":31.0},{"not_picked":["champ:EnchantSword+1","champ:SwordThrow"],"picked":"champ:UltimateStance+1","floor":33.0},{"not_picked":["champ:Backstep+1","champ:ShieldSigil+1"],"picked":"champ:PerfectedStrike","floor":35.0},{"not_picked":["champ:DefensiveShout+1","champ:FocusedDefense+1","champ:Lariat+1"],"picked":"Singing Bowl","floor":36.0},{"not_picked":["champ:BerserkerStyle+1","champ:BerserkersShout+1"],"picked":"champ:Encircle+1","floor":37.0},{"not_picked":["champ:ShieldWall+1","champ:FanOfKnives+1","champ:CrookedStrike"],"picked":"Singing Bowl","floor":39.0},{"not_picked":["champ:ShieldSigil+1","champ:CheapShot"],"picked":"champ:StanceDance+1","floor":45},{"not_picked":["champ:ShieldWall+1","champ:BladeFlurry"],"picked":"champ:Endure+1","floor":47},{"not_picked":["champ:BerserkersShout+1","champ:CrookedStrike+1"],"picked":"champ:StanceDance+1","floor":48},{"not_picked":["champ:PreemptiveStrike","champ:BringItOn+1","champ:RapidStrikes+1"],"picked":"Singing Bowl","floor":54}],"player_experience":1123051,"relics_obtained":[{"floor":7.0,"key":"Mango"},{"floor":9.0,"key":"Frozen Egg 2"},{"floor":11.0,"key":"PreservedInsect"},{"floor":14.0,"key":"Bag of Marbles"},{"floor":23.0,"key":"Singing Bowl"},{"floor":24.0,"key":"champ:FightingForDummies"},{"floor":25.0,"key":"Orichalcum"},{"floor":29.0,"key":"Happy Flower"},{"floor":30.0,"key":"StrikeDummy"},{"floor":31.0,"key":"bronze:DecasWashers"},{"floor":32.0,"key":"Calipers"},{"floor":43,"key":"champ:SpectersHand"},{"floor":44,"key":"War Paint"},{"floor":45,"key":"InkBottle"},{"floor":46,"key":"Blue Candle"},{"floor":47,"key":"Mercury Hourglass"},{"floor":48,"key":"Bird Faced Urn"},{"floor":52,"key":"Bottled Lightning"},{"floor":54,"key":"Art of War"}],"event_choices":[{"damage_healed":0.0,"max_hp_gain":0.0,"max_hp_loss":0.0,"gold_gain":1.0,"event_name":"betterStone:BetterStone","player_choice":"1","floor":13.0,"gold_loss":0.0,"damage_taken":0.0},{"cards_removed":["champ:GladiatorStyle"],"damage_healed":0.0,"max_hp_gain":0.0,"max_hp_loss":0.0,"gold_gain":0.0,"event_name":"Falling","player_choice":"Removed Power","floor":41.0,"gold_loss":0.0,"damage_taken":0.0},{"damage_healed":0,"gold_gain":0,"player_choice":"Fight","damage_taken":0,"max_hp_gain":0,"max_hp_loss":0,"event_name":"Mysterious Sphere","floor":48,"gold_loss":0}],"is_beta":false,"boss_relics":[{"not_picked":["SacredBark","Tiny House"],"picked":"Ectoplasm"},{"not_picked":["Runic Pyramid","champ:PowerArmor"],"picked":"Pandora\u0027s Box"}],"items_purged_floors":[0,10],"is_endless":false,"potions_floor_spawned":[7,11,14,16,19,29,36,37,39,47],"killed_by":"The Heart","ascension_level":5}}