{"host":"mithrandi","time":1613823812,"event":{"mods":["BaseMod","Colored Map","Highlight Path","Minty Spire (QoL Compilation)","SuperFastMode"],"gold_per_floor":[363,375,78,88,88,115,32,57,111,111,111,140,140,170,170,248,248,258,270,185,230,33,33,42,42,67,110,110,110,141,157,157,239,239,259,307,322,340,361,393,404,444,444,464,464,484,484,508,508,508,508,508],"floor_reached":51,"language":"ENG","playtime":4012,"items_purged":["Strike_R"],"score":1588,"play_id":"46376602-fc37-4d69-9f56-8c8dac61a608","local_time":"20210220142332","is_ascension_mode":true,"campfire_choices":[{"data":"Immolate","floor":11.0,"key":"SMITH"},{"data":"Inflame","floor":13.0,"key":"SMITH"},{"data":"Burning Pact","floor":15.0,"key":"SMITH"},{"data":"Armaments","floor":23.0,"key":"SMITH"},{"data":"Inflame","floor":25.0,"key":"SMITH"},{"data":"Burning Pact","floor":28.0,"key":"SMITH"},{"data":"Seeing Red","floor":32.0,"key":"SMITH"},{"data":"Second Wind","floor":45.0,"key":"SMITH"},{"data":"Seeing Red","floor":47.0,"key":"SMITH"},{"floor":49.0,"key":"RECALL"}],"circlet_count":0,"master_deck":["AscendersBane","Defend_R+1","Defend_R+1","Defend_R","Defend_R","Bash+1","Anger","Inflame+1","Shockwave","Immolate+1","Shrug It Off+1","Seeing Red+1","Flame Barrier","Inflame+1","Burning Pact+1","Reaper","Spot Weakness","Armaments+1","Bite","Bite","Bite","Bite","Bite+1","Inflame","RitualDagger","Burning Pact+1","Demon Form","Second Wind+1","Madness","Madness","Rage","Seeing Red+1"],"relics":["Burning Blood","Bottled Flame","Juzu Bracelet","WingedGreaves","Bag of Preparation","Runic Pyramid","CeramicFish","Membership Card","Art of War","Charon\u0027s Ashes","Pear","Coffee Dripper","Torii","Whetstone","Dream Catcher","War Paint"],"acts_visited":["Exordium","TheCity","TheBeyond"],"potions_floor_usage":[],"damage_taken":[{"damage":4.0,"enemies":"Small Slimes","floor":1.0,"turns":5.0},{"damage":5.0,"enemies":"2 Louse","floor":2.0,"turns":3.0},{"damage":9.0,"enemies":"Jaw Worm","floor":4.0,"turns":3.0},{"damage":25.0,"enemies":"Gremlin Nob","floor":6.0,"turns":4.0},{"damage":17.0,"enemies":"Lagavulin","floor":8.0,"turns":6.0},{"damage":5.0,"enemies":"3 Sentries","floor":12.0,"turns":3.0},{"damage":0.0,"enemies":"Lagavulin","floor":14.0,"turns":4.0},{"damage":44.0,"enemies":"The Guardian","floor":16.0,"turns":13.0},{"damage":0.0,"enemies":"3 Byrds","floor":18.0,"turns":4.0},{"damage":2.0,"enemies":"Chosen","floor":19.0,"turns":5.0},{"damage":60.0,"enemies":"Book of Stabbing","floor":27.0,"turns":6.0},{"damage":6.0,"enemies":"Gremlin Leader","floor":30.0,"turns":6.0},{"damage":26.0,"enemies":"Snake Plant","floor":31.0,"turns":4.0},{"damage":90.0,"enemies":"Collector","floor":33.0,"turns":10.0},{"damage":12.0,"enemies":"3 Shapes","floor":35.0,"turns":6.0},{"damage":36.0,"enemies":"2 Orb Walkers","floor":36.0,"turns":3.0},{"damage":19.0,"enemies":"Orb Walker","floor":37.0,"turns":3.0},{"damage":16.0,"enemies":"Transient","floor":39.0,"turns":6.0},{"damage":71.0,"enemies":"Reptomancer","floor":40.0,"turns":7.0},{"damage":34.0,"enemies":"3 Darklings","floor":41.0,"turns":6.0},{"damage":71.0,"enemies":"Giant Head","floor":42.0,"turns":6.0},{"damage":31.0,"enemies":"Spire Growth","floor":44.0,"turns":4.0},{"damage":25.0,"enemies":"Jaw Worm Horde","floor":46.0,"turns":4.0},{"damage":96.0,"enemies":"Time Eater","floor":50.0,"turns":10.0},{"damage":40,"enemies":"Donu and Deca","floor":51,"turns":4}],"seed_played":"8793458482277851801","potions_obtained":[{"floor":8.0,"key":"AttackPotion"},{"floor":12.0,"key":"Block Potion"},{"floor":16.0,"key":"BlessingOfTheForge"},{"floor":18.0,"key":"LiquidMemories"},{"floor":27.0,"key":"Dexterity Potion"},{"floor":30.0,"key":"SpeedPotion"},{"floor":40.0,"key":"SkillPotion"},{"floor":41.0,"key":"Regen Potion"},{"floor":44.0,"key":"Energy Potion"}],"is_trial":false,"path_per_floor":["M","M","$","M","?","E","$","E","T","?","R","E","R","E","R","B",null,"M","M","?","?","$","R","?","R","T","E","R","?","E","M","R","B",null,"M","?","M","?","M","E","M","E","T","M","R","M","R","T","R","B","B"],"character_chosen":"IRONCLAD","items_purchased":["Shockwave","Immolate","Flame Barrier","Membership Card","Inflame"],"campfire_rested":0,"item_purchase_floors":[3,3,7,22,22],"current_hp_per_floor":[68,68,68,65,45,26,26,15,15,37,37,40,40,48,48,12,54,64,68,68,68,68,68,62,62,62,22,22,36,78,75,75,36,68,78,50,68,54,66,42,65,23,23,37,37,54,54,54,54,21,0,0],"gold":508,"neow_bonus":"TWO_FIFTY_GOLD","is_daily":false,"chose_seed":false,"campfire_upgraded":9,"win_rate":0.0,"timestamp":1613823812,"path_taken":["M","M","$","M","?","E","$","E","T","?","R","E","R","E","R","BOSS","M","M","?","?","$","R","?","R","T","E","R","?","E","M","R","BOSS","M","?","M","?","M","E","M","E","T","M","R","M","R","?","R","BOSS","BOSS"],"items_purchased_type":["Card","Card","Card","Relic","Card"],"build_version":"2020-12-18","purchased_purges":1,"victory":false,"max_hp_per_floor":[68,68,68,68,68,68,68,68,68,68,68,68,68,68,68,68,68,68,68,68,68,68,68,68,68,68,68,68,68,78,78,78,78,78,78,78,78,78,78,78,78,78,78,78,78,78,78,78,78,78,78,78],"card_choices":[{"not_picked":["Clothesline","Dark Embrace"],"picked":"Anger","floor":1.0},{"not_picked":["Fire Breathing","Wild Strike"],"picked":"Inflame","floor":2.0},{"not_picked":["Infernal Blade","Heavy Blade"],"picked":"Shrug It Off","floor":4.0},{"not_picked":["Fiend Fire","Iron Wave"],"picked":"Seeing Red","floor":6.0},{"not_picked":["Headbutt","Twin Strike","Perfected Strike"],"picked":"SKIP","floor":8.0},{"not_picked":["Twin Strike","True Grit"],"picked":"Inflame","floor":12.0},{"not_picked":["Armaments","Twin Strike"],"picked":"Burning Pact","floor":14.0},{"not_picked":["Immolate","Impervious"],"picked":"Reaper","floor":16.0},{"not_picked":["Uppercut","Twin Strike"],"picked":"Spot Weakness","floor":18.0},{"not_picked":["Heavy Blade","Reckless Charge"],"picked":"Armaments","floor":19.0},{"not_picked":["Intimidate","Perfected Strike"],"picked":"Burning Pact","floor":27.0},{"not_picked":["Flex","Armaments","Seeing Red"],"picked":"SKIP","floor":30.0},{"not_picked":["Flex","Clash","True Grit"],"picked":"SKIP","floor":31.0},{"not_picked":["Bludgeon","Fiend Fire"],"picked":"Demon Form","floor":33.0},{"not_picked":["Second Wind","Twin Strike","Wild Strike"],"picked":"SKIP","floor":35.0},{"not_picked":["Twin Strike","Wild Strike"],"picked":"Second Wind","floor":35.0},{"not_picked":["Sever Soul","Body Slam","Flex"],"picked":"SKIP","floor":37.0},{"not_picked":["Twin Strike","Armaments"],"picked":"Rage","floor":39.0},{"not_picked":["Havoc","Pommel Strike","Bloodletting"],"picked":"SKIP","floor":40.0},{"not_picked":["Body Slam","Perfected Strike","Fiend Fire"],"picked":"SKIP","floor":41.0},{"not_picked":["Infernal Blade","Clash"],"picked":"Seeing Red","floor":42.0},{"not_picked":["Flex","Power Through+1","Sword Boomerang"],"picked":"SKIP","floor":44.0},{"not_picked":["Heavy Blade","Hemokinesis+1","Second Wind+1"],"picked":"SKIP","floor":46.0}],"player_experience":3020180,"relics_obtained":[{"floor":6.0,"key":"Bottled Flame"},{"floor":8.0,"key":"Blood Vial"},{"floor":9.0,"key":"Juzu Bracelet"},{"floor":12.0,"key":"WingedGreaves"},{"floor":14.0,"key":"Bag of Preparation"},{"floor":26.0,"key":"Art of War"},{"floor":27.0,"key":"Charon\u0027s Ashes"},{"floor":30.0,"key":"Pear"},{"floor":36.0,"key":"Torii"},{"floor":40.0,"key":"Whetstone"},{"floor":42.0,"key":"Dream Catcher"},{"floor":48.0,"key":"War Paint"}],"event_choices":[{"damage_healed":0.0,"max_hp_gain":0.0,"max_hp_loss":0.0,"gold_gain":0.0,"event_name":"Shining Light","player_choice":"Entered Light","floor":5.0,"gold_loss":0.0,"damage_taken":20.0,"cards_upgraded":["Shrug It Off","Strike_R"]},{"damage_healed":22.0,"max_hp_gain":0.0,"max_hp_loss":0.0,"gold_gain":0.0,"event_name":"Big Fish","player_choice":"Banana","floor":10.0,"gold_loss":0.0,"damage_taken":0.0},{"damage_healed":0.0,"max_hp_gain":0.0,"max_hp_loss":0.0,"gold_gain":0.0,"event_name":"Addict","player_choice":"Obtained Relic","floor":20.0,"gold_loss":85.0,"damage_taken":0.0,"relics_obtained":["CeramicFish"]},{"damage_healed":0.0,"max_hp_gain":0.0,"max_hp_loss":0.0,"gold_gain":0.0,"event_name":"Vampires","player_choice":"Became a vampire (Vial)","floor":21.0,"relics_lost":["Blood Vial"],"gold_loss":0.0,"damage_taken":0.0,"cards_obtained":["Bite","Bite","Bite","Bite","Bite"]},{"damage_healed":0.0,"max_hp_gain":0.0,"max_hp_loss":0.0,"gold_gain":0.0,"event_name":"Nest","player_choice":"Joined the Cult","floor":24.0,"gold_loss":0.0,"damage_taken":6.0,"cards_obtained":["RitualDagger"]},{"damage_healed":14.0,"max_hp_gain":0.0,"max_hp_loss":0.0,"gold_gain":0.0,"event_name":"The Library","player_choice":"Heal","floor":29.0,"gold_loss":0.0,"damage_taken":0.0},{"damage_healed":0.0,"max_hp_gain":0.0,"max_hp_loss":0.0,"gold_gain":0.0,"event_name":"Mysterious Sphere","player_choice":"Fight","floor":36.0,"gold_loss":0.0,"damage_taken":0.0},{"damage_healed":0.0,"max_hp_gain":0.0,"max_hp_loss":0.0,"gold_gain":0.0,"event_name":"Winding Halls","player_choice":"Embrace Madness","floor":38.0,"gold_loss":0.0,"damage_taken":14.0,"cards_obtained":["Madness","Madness"]}],"is_beta":true,"boss_relics":[{"not_picked":["Ectoplasm","SacredBark"],"picked":"Runic Pyramid"},{"not_picked":["Snecko Eye","Tiny House"],"picked":"Coffee Dripper"}],"items_purged_floors":[3],"is_endless":false,"potions_floor_spawned":[8,12,16,18,27,30,40,41,44],"killed_by":"Donu and Deca","ascension_level":20}}