{"host":"6ra5lt5rtw92upyd","time":1613827475,"event":{"mods":["Act Like it!","BaseMod","Minty Spire (QoL Compilation)","Robot Space Explorer","Shop Mod","Spicy Shops","StSLib","[IsaacMod]ÒÔÈö¼âËþ"],"gold_per_floor":[114,114,128,143,18,48,48,77,123,23,23,40,52,77,77,156,156,174,174,187,187,205,236,254,280,280,280,280,379,397,153,153,227,227,238,156,170,170,183,183,214,17,17,43,60,75,75,85,85,85,85],"floor_reached":50,"language":"ZHS","playtime":4577,"items_purged":["Strike_R","Strike_R"],"score":927,"play_id":"369e791a-03a8-4877-a9da-425800c835bd","local_time":"20210220212435","is_ascension_mode":true,"campfire_choices":[{"data":"Armaments","floor":7.0,"key":"SMITH"},{"floor":11.0,"key":"REST"},{"data":"Power Through","floor":15.0,"key":"SMITH"},{"floor":28.0,"key":"REST"},{"floor":32.0,"key":"REST"},{"data":"Deep Breath","floor":40.0,"key":"SMITH"},{"floor":49.0,"key":"REST"}],"circlet_count":0,"master_deck":["AscendersBane","Strike_R","Strike_R+1","Defend_R","Defend_R","Defend_R","Defend_R","Bash","Evolve+1","Armaments+1","Rampage+1","Rage","Power Through+1","Fiend Fire","Disarm","Shrug It Off+1","Havoc","Feed","Feel No Pain","Deep Breath+1","Fire Breathing","Burning Pact","Seeing Red+1","Parasite","True Grit","Deep Breath+1"],"relics":["Mark of Pain","Bottled Lightning","Whetstone","Bronze Scales","MealTicket","Runic Cube","Charon\u0027s Ashes","Happy Flower","Nunchaku","Nilry\u0027s Codex","White Beast Statue","Black Star","CaptainsWheel","InkBottle","TheAbacus","PreservedInsect","Bottled Flame","Paper Frog"],"acts_visited":[],"potions_floor_usage":[50],"damage_taken":[{"damage":4.0,"enemies":"Jaw Worm","floor":1.0,"turns":4.0},{"damage":1.0,"enemies":"Cultist","floor":3.0,"turns":3.0},{"damage":0.0,"enemies":"2 Louse","floor":4.0,"turns":3.0},{"damage":25.0,"enemies":"3 Sentries","floor":6.0,"turns":9.0},{"damage":22.0,"enemies":"Lagavulin","floor":8.0,"turns":7.0},{"damage":5.0,"enemies":"2 Fungi Beasts","floor":12.0,"turns":3.0},{"damage":7.0,"enemies":"3 Louse","floor":13.0,"turns":3.0},{"damage":1.0,"enemies":"Gremlin Nob","floor":14.0,"turns":3.0},{"damage":24.0,"enemies":"Hexaghost","floor":16.0,"turns":8.0},{"damage":0.0,"enemies":"Spheric Guardian","floor":18.0,"turns":3.0},{"damage":11.0,"enemies":"Shell Parasite","floor":20.0,"turns":5.0},{"damage":11.0,"enemies":"Centurion and Healer","floor":22.0,"turns":5.0},{"damage":23.0,"enemies":"Book of Stabbing","floor":23.0,"turns":6.0},{"damage":3.0,"enemies":"Chosen and Byrds","floor":24.0,"turns":5.0},{"damage":1.0,"enemies":"Gremlin Leader","floor":25.0,"turns":5.0},{"damage":4.0,"enemies":"Snake Plant","floor":30.0,"turns":5.0},{"damage":54.0,"enemies":"Champ","floor":33.0,"turns":12.0},{"damage":12.0,"enemies":"3 Shapes","floor":35.0,"turns":4.0},{"damage":5.0,"enemies":"3 Darklings","floor":37.0,"turns":5.0},{"damage":31.0,"enemies":"Spire Growth","floor":39.0,"turns":8.0},{"damage":36.0,"enemies":"Giant Head","floor":41.0,"turns":10.0},{"damage":3.0,"enemies":"Reptomancer","floor":44.0,"turns":4.0},{"damage":7.0,"enemies":"Maw","floor":45.0,"turns":8.0},{"damage":3.0,"enemies":"Writhing Mass","floor":46.0,"turns":6.0},{"damage":1.0,"enemies":"3 Darklings","floor":48.0,"turns":4.0},{"damage":49,"enemies":"Time Eater","floor":50,"turns":4}],"seed_played":"7884810599722913911","potions_obtained":[{"floor":4.0,"key":"Regen Potion"},{"floor":8.0,"key":"AttackPotion"},{"floor":12.0,"key":"DuplicationPotion"},{"floor":16.0,"key":"Energy Potion"},{"floor":23.0,"key":"AttackPotion"},{"floor":30.0,"key":"PowerPotion"},{"floor":33.0,"key":"SpeedPotion"},{"floor":35.0,"key":"AttackPotion"},{"floor":37.0,"key":"GamblersBrew"},{"floor":39.0,"key":"LiquidBronze"},{"floor":44.0,"key":"ElixirPotion"},{"floor":45.0,"key":"LiquidMemories"},{"floor":48.0,"key":"Block Potion"}],"is_trial":false,"path_per_floor":["M","?","M","M","$","E","R","E","T","$","R","M","M","E","R","B",null,"M","?","M","$","M","E","M","E","T","?","R","?","M","$","R","B",null,"M","$","M","?","M","R","E","$","T","E","M","M","?","M","R","B"],"character_chosen":"IRONCLAD","items_purchased":["Armaments","White Beast Statue","Deep Breath","Burning Pact","TheAbacus"],"campfire_rested":4,"item_purchase_floors":[5,31,36,42,42],"current_hp_per_floor":[68,68,67,67,67,57,57,35,35,35,59,54,47,46,46,22,66,66,66,55,70,59,36,33,32,32,16,40,40,36,51,75,21,65,57,72,67,72,41,41,5,20,20,17,14,11,11,10,36,0,0],"gold":85,"neow_bonus":"BOSS_RELIC","is_daily":false,"chose_seed":false,"campfire_upgraded":3,"win_rate":0.0,"timestamp":1613827475,"path_taken":["M","?","M","?","$","E","R","E","T","?","R","M","M","E","R","BOSS","M","?","M","$","M","E","M","E","T","?","R","?","M","$","R","BOSS","M","$","M","?","M","R","E","$","T","E","M","?","?","?","R","BOSS"],"items_purchased_type":["Card","Relic","Card","Card","Relic"],"build_version":"2020-12-22","purchased_purges":2,"victory":false,"max_hp_per_floor":[80,80,80,80,80,80,80,80,80,80,80,80,80,80,80,80,80,80,80,80,80,80,80,80,80,80,80,80,80,80,80,80,80,80,84,84,84,84,84,84,84,84,84,84,88,88,88,88,88,88,88],"card_choices":[{"not_picked":["Heavy Blade","Armaments"],"picked":"Evolve","floor":1.0},{"not_picked":["Havoc","Warcry"],"picked":"Wild Strike","floor":3.0},{"not_picked":["Perfected Strike","Evolve","Intimidate"],"picked":"SKIP","floor":4.0},{"not_picked":["Warcry","Rage"],"picked":"Rampage","floor":6.0},{"not_picked":["Heavy Blade","Blood for Blood","Headbutt"],"picked":"SKIP","floor":8.0},{"not_picked":["Rage","Iron Wave","Blood for Blood"],"picked":"SKIP","floor":12.0},{"not_picked":["Iron Wave","Blood for Blood"],"picked":"Rage","floor":12.0},{"not_picked":["Intimidate","Carnage","Sever Soul"],"picked":"SKIP","floor":13.0},{"not_picked":["Twin Strike","Wild Strike"],"picked":"Power Through","floor":14.0},{"not_picked":["Brutality","Immolate"],"picked":"Fiend Fire","floor":16.0},{"not_picked":["Clothesline","Dropkick+1"],"picked":"Disarm","floor":18.0},{"not_picked":["Blood for Blood","Seeing Red"],"picked":"Shrug It Off+1","floor":20.0},{"not_picked":["Uppercut","Bloodletting","Dropkick"],"picked":"SKIP","floor":22.0},{"not_picked":["Iron Wave","Shrug It Off"],"picked":"Havoc","floor":23.0},{"not_picked":["Rage","Rupture","Reckless Charge"],"picked":"SKIP","floor":24.0},{"not_picked":["Shockwave","Infernal Blade","Armaments+1"],"picked":"SKIP","floor":25.0},{"not_picked":["Carnage","Shrug It Off","Perfected Strike"],"picked":"SKIP","floor":30.0},{"not_picked":["Exhume","Bludgeon"],"picked":"Feed","floor":33.0},{"not_picked":["Body Slam","Metallicize"],"picked":"Feel No Pain","floor":35.0},{"not_picked":["Rupture","Dark Embrace"],"picked":"Fire Breathing","floor":37.0},{"not_picked":["Anger","Clash","Whirlwind"],"picked":"SKIP","floor":39.0},{"not_picked":["Clash+1","Hemokinesis","Feed"],"picked":"SKIP","floor":41.0},{"not_picked":["Spot Weakness","Cleave","Clothesline"],"picked":"SKIP","floor":44.0},{"not_picked":["Iron Wave","Flex"],"picked":"Seeing Red+1","floor":45.0},{"not_picked":["Warcry","Juggernaut"],"picked":"True Grit","floor":46.0},{"not_picked":["Dropkick","Bloodletting+1","Shrug It Off"],"picked":"SKIP","floor":48.0}],"player_experience":276160,"relics_obtained":[{"floor":6.0,"key":"Bottled Lightning"},{"floor":8.0,"key":"Whetstone"},{"floor":9.0,"key":"Bronze Scales"},{"floor":14.0,"key":"MealTicket"},{"floor":23.0,"key":"Charon\u0027s Ashes"},{"floor":25.0,"key":"Happy Flower"},{"floor":26.0,"key":"Nunchaku"},{"floor":27.0,"key":"Nilry\u0027s Codex"},{"floor":41.0,"key":"CaptainsWheel"},{"floor":41.0,"key":"InkBottle"},{"floor":43.0,"key":"PreservedInsect"},{"floor":44.0,"key":"Bottled Flame"},{"floor":44.0,"key":"Paper Frog"}],"event_choices":[{"damage_healed":0.0,"max_hp_gain":0.0,"max_hp_loss":0.0,"gold_gain":0.0,"event_name":"Upgrade Shrine","player_choice":"Upgraded","floor":2.0,"gold_loss":0.0,"damage_taken":0.0,"cards_upgraded":["Evolve"]},{"cards_removed":["Strike_R"],"damage_healed":0.0,"max_hp_gain":0.0,"max_hp_loss":0.0,"gold_gain":0.0,"event_name":"Back to Basics","player_choice":"Elegance","floor":19.0,"gold_loss":0.0,"damage_taken":0.0},{"damage_healed":0.0,"max_hp_gain":0.0,"max_hp_loss":0.0,"gold_gain":0.0,"event_name":"Cursed Tome","player_choice":"Obtained Book","floor":27.0,"gold_loss":0.0,"damage_taken":16.0},{"damage_healed":0.0,"max_hp_gain":0.0,"max_hp_loss":0.0,"gold_gain":99.0,"event_name":"Nest","player_choice":"Stole From Cult","floor":29.0,"gold_loss":0.0,"damage_taken":0.0},{"cards_removed":["Wild Strike"],"damage_healed":5.0,"max_hp_gain":0.0,"max_hp_loss":0.0,"gold_gain":0.0,"event_name":"Bonfire Elementals","player_choice":"Offered Common","floor":38.0,"gold_loss":0.0,"damage_taken":0.0},{"cards_removed":["Wild Strike"],"damage_healed":5.0,"max_hp_gain":0.0,"max_hp_loss":0.0,"gold_gain":0.0,"event_name":"Bonfire Elementals","player_choice":"Offered Special","floor":38.0,"gold_loss":0.0,"damage_taken":0.0},{"damage_healed":0.0,"max_hp_gain":0.0,"max_hp_loss":0.0,"gold_gain":0.0,"event_name":"Duplicator","player_choice":"Copied","floor":47.0,"gold_loss":0.0,"damage_taken":0.0,"cards_obtained":["Deep Breath"]}],"is_beta":false,"boss_relics":[{"not_picked":["Coffee Dripper","Sozu"],"picked":"Runic Cube"},{"not_picked":["Busted Crown","Velvet Choker"],"picked":"Black Star"}],"items_purged_floors":[5,10],"is_endless":false,"potions_floor_spawned":[4,8,12,16,20,23,30,33,35,37,39,41,44,45,46,48],"killed_by":"Time Eater","ascension_level":13}}