{"host":"or8fr2mp0k3eluj8","time":1613818674,"event":{"mods":["AchievementEnabler","BaseMod","Colored Map","DeckTracker","Keyboard Shortcuts","Minty Spire (QoL Compilation)","StSLib","SuperFastMode","everything is the same but u backflip on backflip"],"gold_per_floor":[14,14,39,39,58,58,83,83,83,45,83,83,83,114,114,114,114],"floor_reached":16,"language":"KOR","playtime":272,"items_purged":[],"score":119,"play_id":"91077731-8054-472a-9253-bf0c83009414","local_time":"20210220195754","is_ascension_mode":true,"campfire_choices":[{"data":"Gash","floor":6,"key":"SMITH"},{"data":"Strike_B","floor":8,"key":"PURGE"},{"floor":12,"key":"REST"},{"floor":15,"key":"REST"}],"circlet_count":0,"master_deck":["Strike_B","Strike_B+1","Strike_B","Defend_B","Defend_B","Defend_B","Defend_B","Zap","Dualcast","Gash+1","FTL","Turbo","Go for the Eyes","Scrape+1","Rip and Tear","Go for the Eyes"],"relics":["Cracked Core","Peace Pipe","Golden Idol","Vajra","Bottled Flame","The Courier"],"acts_visited":["Exordium"],"potions_floor_usage":[11,11,16],"damage_taken":[{"damage":0,"enemies":"2 Louse","floor":1,"turns":1},{"damage":6,"enemies":"Small Slimes","floor":3,"turns":4},{"damage":7,"enemies":"Jaw Worm","floor":5,"turns":3},{"damage":11,"enemies":"Looter","floor":7,"turns":2},{"damage":22,"enemies":"3 Sentries","floor":11,"turns":4},{"damage":6,"enemies":"Gremlin Nob","floor":14,"turns":3},{"damage":44,"enemies":"The Guardian","floor":16,"turns":11}],"seed_played":"-1999582085029506669","potions_obtained":[{"floor":1,"key":"SteroidPotion"},{"floor":5,"key":"SteroidPotion"},{"floor":14,"key":"Strength Potion"}],"is_trial":false,"path_per_floor":["M","?","M","?","M","R","M","R","T","$","E","R","?","E","R","B"],"character_chosen":"DEFECT","items_purchased":["Scrape"],"campfire_rested":2,"item_purchase_floors":[10],"current_hp_per_floor":[75,57,51,56,49,49,38,38,38,38,16,40,24,18,42,0,0],"gold":114,"neow_bonus":"ONE_RARE_RELIC","is_daily":false,"chose_seed":false,"campfire_upgraded":1,"win_rate":0.0,"timestamp":1613818674,"path_taken":["M","?","M","?","M","R","M","R","T","?","E","R","?","E","R","BOSS"],"items_purchased_type":["Card"],"build_version":"2020-12-22","purchased_purges":0,"victory":false,"max_hp_per_floor":[75,75,75,80,80,80,80,80,80,80,80,80,80,80,80,80,80],"card_choices":[{"not_picked":["Scrape","Auto Shields"],"picked":"Gash","floor":1},{"not_picked":["Hologram","Coolheaded"],"picked":"FTL","floor":3},{"not_picked":["Heatsinks","Glacier"],"picked":"Turbo","floor":5},{"not_picked":["Cold Snap","Sweeping Beam"],"picked":"Go for the Eyes","floor":7},{"not_picked":["Ball Lightning","Blizzard"],"picked":"Rip and Tear","floor":11},{"not_picked":["Steam","Consume"],"picked":"Go for the Eyes","floor":14}],"player_experience":394859,"relics_obtained":[{"floor":9,"key":"Vajra"},{"floor":11,"key":"Bottled Flame"},{"floor":14,"key":"The Courier"}],"event_choices":[{"damage_healed":0,"gold_gain":0,"player_choice":"Take Damage","damage_taken":18,"relics_obtained":["Golden Idol"],"max_hp_gain":0,"max_hp_loss":0,"event_name":"Golden Idol","floor":2,"gold_loss":0},{"damage_healed":0,"gold_gain":0,"player_choice":"Donut","damage_taken":0,"max_hp_gain":5,"max_hp_loss":0,"event_name":"Big Fish","floor":4,"gold_loss":0},{"damage_healed":0,"gold_gain":0,"player_choice":"Entered Light","damage_taken":16,"max_hp_gain":0,"max_hp_loss":0,"event_name":"Shining Light","floor":13,"gold_loss":0,"cards_upgraded":["Strike_B","Scrape"]}],"is_beta":false,"boss_relics":[],"items_purged_floors":[],"is_endless":false,"potions_floor_spawned":[1,5,14],"killed_by":"The Guardian","ascension_level":2}}