{"host":"t9vqxmgmtrdkt9v9","time":1613781065,"event":{"mods":["AchievementEnabler","BaseMod","Colored Map","Minty Spire (QoL Compilation)","Permanent Neow","Relic Stats","StSLib"],"gold_per_floor":[114,133,133,145,160,160,191,191,191,224,10,40,56,76,76,151,151,165,80,80,95,20,48,48,75,75,75,90,90,90,136,136,136,136],"floor_reached":33,"language":"ENG","playtime":1359,"items_purged":["Strike_R"],"score":656,"play_id":"1e484c8f-7890-4359-ac92-2fd84a4441b8","local_time":"20210220103105","is_ascension_mode":true,"campfire_choices":[{"data":"Carnage","floor":6.0,"key":"SMITH"},{"data":"Bludgeon","floor":8.0,"key":"SMITH"},{"data":"Shockwave","floor":15.0,"key":"SMITH"},{"data":"Disarm","floor":24.0,"key":"SMITH"},{"data":"Pommel Strike","floor":27.0,"key":"SMITH"},{"data":"Bash","floor":29.0,"key":"SMITH"},{"data":"Injury","floor":32.0,"key":"PURGE"}],"circlet_count":0,"master_deck":["AscendersBane","Strike_R","Strike_R","Strike_R","Strike_R","Defend_R","Defend_R","Defend_R","Defend_R","Bash+1","Brutality","Carnage+1","Anger","Pain","Pommel Strike+1","Disarm+1","Bludgeon+1","Cleave","Shockwave+1","Offering","Offering","Uppercut+1","Seeing Red","Parasite"],"relics":["Burning Blood","WarpedTongs","Thread and Needle","Magic Flower","PreservedInsect","Mercury Hourglass","Cursed Key","Tiny Chest","Singing Bowl","Shuriken","Peace Pipe","Happy Flower"],"acts_visited":["Exordium","TheCity"],"potions_floor_usage":[33,33],"damage_taken":[{"damage":1.0,"enemies":"Small Slimes","floor":1.0,"turns":4.0},{"damage":2.0,"enemies":"Cultist","floor":2.0,"turns":4.0},{"damage":4.0,"enemies":"2 Louse","floor":4.0,"turns":3.0},{"damage":8.0,"enemies":"Looter","floor":5.0,"turns":2.0},{"damage":8.0,"enemies":"Gremlin Nob","floor":7.0,"turns":3.0},{"damage":20.0,"enemies":"3 Sentries","floor":10.0,"turns":10.0},{"damage":0.0,"enemies":"Gremlin Nob","floor":12.0,"turns":2.0},{"damage":4.0,"enemies":"Blue Slaver","floor":13.0,"turns":2.0},{"damage":0.0,"enemies":"3 Louse","floor":14.0,"turns":2.0},{"damage":24.0,"enemies":"Slime Boss","floor":16.0,"turns":8.0},{"damage":12.0,"enemies":"Chosen","floor":18.0,"turns":4.0},{"damage":6.0,"enemies":"Spheric Guardian","floor":21.0,"turns":1.0},{"damage":13.0,"enemies":"Book of Stabbing","floor":23.0,"turns":3.0},{"damage":17.0,"enemies":"Slavers","floor":25.0,"turns":2.0},{"damage":10.0,"enemies":"3 Cultists","floor":28.0,"turns":3.0},{"damage":79,"enemies":"Champ","floor":33,"turns":7}],"seed_played":"3864027696942462870","potions_obtained":[{"floor":1.0,"key":"DuplicationPotion"},{"floor":10.0,"key":"SpeedPotion"},{"floor":12.0,"key":"EssenceOfSteel"},{"floor":13.0,"key":"Dexterity Potion"},{"floor":16.0,"key":"LiquidBronze"},{"floor":21.0,"key":"Weak Potion"},{"floor":23.0,"key":"EssenceOfSteel"}],"is_trial":false,"path_per_floor":["M","M","?","M","M","R","E","R","T","E","$","E","M","M","R","B",null,"M","?","?","M","$","E","R","E","T","R","M","R","T","T","R","B"],"character_chosen":"IRONCLAD","items_purchased":["PreservedInsect","Cleave"],"campfire_rested":0,"item_purchase_floors":[11,11],"current_hp_per_floor":[73,75,75,75,73,73,71,71,71,57,57,66,71,75,75,60,71,68,68,68,71,71,69,69,63,63,63,64,64,64,64,64,0,0],"gold":136,"neow_bonus":"ONE_RANDOM_RARE_CARD","is_daily":false,"chose_seed":false,"campfire_upgraded":6,"win_rate":0.0,"timestamp":1613781065,"path_taken":["M","M","?","?","?","R","E","R","T","E","$","E","M","M","R","BOSS","M","?","?","M","$","E","R","E","T","R","?","R","?","?","R","BOSS"],"items_purchased_type":["Relic","Card"],"build_version":"2020-12-22","purchased_purges":1,"victory":false,"max_hp_per_floor":[75,75,75,75,75,75,75,75,75,75,75,75,75,75,75,75,75,75,75,75,75,75,77,77,79,79,79,81,81,81,81,81,81,81],"relic_stats":{"Singing Bowl":6,"Happy Flower":[2],"counters":[16,59],"Magic Flower":[24],"PreservedInsect":107,"Cursed Key":2,"Burning Blood":108,"WarpedTongs":[50],"Mercury Hourglass":[122],"Peace Pipe":1,"Shuriken":[5],"Tiny Chest":1,"obtain_stats":[{"Peace Pipe":30,"Singing Bowl":23,"Happy Flower":31,"Shuriken":25,"Magic Flower":10,"Thread and Needle":9,"Tiny Chest":19,"PreservedInsect":11,"Cursed Key":17,"Burning Blood":0,"WarpedTongs":3,"Mercury Hourglass":12},{"Peace Pipe":15,"Singing Bowl":13,"Happy Flower":15,"Shuriken":14,"Magic Flower":6,"Thread and Needle":5,"Tiny Chest":11,"PreservedInsect":6,"Cursed Key":10,"Burning Blood":0,"WarpedTongs":2,"Mercury Hourglass":7},{"Peace Pipe":52,"Singing Bowl":47,"Happy Flower":52,"Shuriken":49,"Magic Flower":26,"Thread and Needle":16,"Tiny Chest":43,"PreservedInsect":26,"Cursed Key":39,"Burning Blood":0,"WarpedTongs":8,"Mercury Hourglass":28}]},"card_choices":[{"not_picked":["Shrug It Off","Clothesline"],"picked":"Carnage","floor":1.0},{"not_picked":["Flex","Body Slam"],"picked":"Anger","floor":2.0},{"not_picked":["Clothesline","Sentinel"],"picked":"Pommel Strike","floor":4.0},{"not_picked":["Twin Strike","Flex"],"picked":"Disarm","floor":5.0},{"not_picked":["Reckless Charge","Second Wind"],"picked":"Bludgeon","floor":7.0},{"not_picked":["Warcry","Anger","Body Slam"],"picked":"SKIP","floor":10.0},{"not_picked":["Flex","Feel No Pain"],"picked":"Shockwave","floor":12.0},{"not_picked":["Havoc","Cleave","Twin Strike"],"picked":"SKIP","floor":13.0},{"not_picked":["Havoc","Power Through"],"picked":"Offering","floor":14.0},{"not_picked":["Fiend Fire","Double Tap"],"picked":"Offering","floor":16.0},{"not_picked":["Searing Blow","Headbutt"],"picked":"Uppercut","floor":18.0},{"not_picked":["Warcry+1","Dual Wield+1"],"picked":"Seeing Red","floor":21.0},{"not_picked":["Clothesline","Flex","Entrench"],"picked":"Singing Bowl","floor":23.0},{"not_picked":["Sever Soul","Thunderclap","Reckless Charge"],"picked":"Singing Bowl","floor":25.0},{"not_picked":["Reckless Charge","Carnage","Iron Wave"],"picked":"Singing Bowl","floor":28.0}],"player_experience":452688,"relics_obtained":[{"floor":9.0,"key":"Thread and Needle"},{"floor":10.0,"key":"Magic Flower"},{"floor":12.0,"key":"Mercury Hourglass"},{"floor":23.0,"key":"Singing Bowl"},{"floor":25.0,"key":"Shuriken"},{"floor":30.0,"key":"Peace Pipe"},{"floor":31.0,"key":"Happy Flower"}],"event_choices":[{"damage_healed":0.0,"max_hp_gain":0.0,"max_hp_loss":0.0,"gold_gain":0.0,"event_name":"Accursed Blacksmith","player_choice":"Rummage","floor":3.0,"gold_loss":0.0,"damage_taken":0.0,"relics_obtained":["WarpedTongs"],"cards_obtained":["Pain"]},{"damage_healed":0.0,"max_hp_gain":0.0,"max_hp_loss":0.0,"gold_gain":0.0,"event_name":"Addict","player_choice":"Obtained Relic","floor":19.0,"gold_loss":85.0,"damage_taken":0.0,"relics_obtained":["Tiny Chest"]},{"damage_healed":0.0,"max_hp_gain":0.0,"max_hp_loss":0.0,"gold_gain":0.0,"event_name":"Upgrade Shrine","player_choice":"Upgraded","floor":20.0,"gold_loss":0.0,"damage_taken":0.0,"cards_upgraded":["Uppercut"]}],"is_beta":false,"boss_relics":[{"not_picked":["Empty Cage","Busted Crown"],"picked":"Cursed Key"}],"items_purged_floors":[22],"is_endless":false,"potions_floor_spawned":[1,10,12,13,16,21,23,28],"killed_by":"Champ","ascension_level":20}}