{"host":"8p5c6x4qt9411139","time":1613793298,"event":{"mods":["Aspiration","BaseMod","Better Third Choice","BetterRewards","Conspire","Friendly Minions","Hubris","Infinite Spire","Minty Spire (QoL Compilation)","Quick Restart","Relic Stats","Reliquary","Replay The Spire","Shop Mod","Spicy Shops","Spire Arcade","StSLib","The Jungle"],"gold_per_floor":[118,133,150,169,189,189,189,189,189,189,16,47,60,60,60,155,155,169,169,184,184,184,213,213,128,128,128,128,144,164,164,164,263,263,273,273,253,253,299,328,341,341,341,341,359,359,359,370,370,370],"floor_reached":51,"language":"ENG","playtime":1225,"items_purged":["Strike_G","Strike_G","Strike_G","Strike_G","Strike_G","Defend_G"],"score":720,"play_id":"ee28f63a-397f-4cbe-bc18-78ad6497cded","local_time":"20210219195458","is_ascension_mode":true,"campfire_choices":[{"floor":6.0,"key":"REST"},{"floor":8.0,"key":"REST"},{"floor":15.0,"key":"REST"},{"floor":24.0,"key":"REST"},{"data":"Replay:Fractal Strike","floor":27.0,"key":"SMITH"},{"floor":32.0,"key":"REST"},{"floor":44,"key":"REST"},{"floor":47,"key":"REST"}],"circlet_count":0,"master_deck":["Defend_G","Defend_G+1","Defend_G+1","Survivor+1","Neutralize+1","Cloak And Dagger+1","Infinite Blades+1","Infinite Blades+1","Infinite Blades+1","Infinite Blades+1","Backflip+1","Accuracy+1","Bullet Time","Accuracy+1","Replay:Fractal Strike+1","Adrenaline","Blade Dance+1","Accuracy"],"relics":["Ring of the Snake","Membership Card","Quantum Egg","conspire:TreasureMap","Incense Burner","Sling","Gremlin Food","aspiration:Lifesprig","TungstenRod","reliquary:TridentHead","infinitespire:Joker Card","Juzu Bracelet","Replay:Accelerometer","aspiration:FutureDiary","Bag of Marbles","hubris:Towel","Mirror","ChewingGum","Lizard Tail","MerchantsRug","reliquary:Pushpin","StoneCalendar","Replay:Baseball","Gremlin Horn","Toy Ornithopter","hubris:Icosahedron"],"acts_visited":["Exordium","TheCity","TheBeyond"],"potions_floor_usage":[50],"damage_taken":[{"damage":0.0,"enemies":"Cultist","floor":1.0,"turns":3.0},{"damage":4.0,"enemies":"infinitespire:Voidling","floor":2.0,"turns":3.0},{"damage":10.0,"enemies":"conspire:RoseBush","floor":3.0,"turns":3.0},{"damage":0.0,"enemies":"Large Slime","floor":4.0,"turns":4.0},{"damage":5.0,"enemies":"conspire:2 RoseBushes","floor":5.0,"turns":4.0},{"damage":3.0,"enemies":"Gremlin Nob","floor":12.0,"turns":3.0},{"damage":13.0,"enemies":"Lots of Slimes","floor":13.0,"turns":3.0},{"damage":8.0,"enemies":"Hexaghost","floor":16.0,"turns":6.0},{"damage":0.0,"enemies":"2 Thieves","floor":18.0,"turns":4.0},{"damage":8.0,"enemies":"3 Byrds","floor":20.0,"turns":3.0},{"damage":9.0,"enemies":"Gremlin Leader","floor":23.0,"turns":3.0},{"damage":1.0,"enemies":"Shelled Parasite and Fungi","floor":29.0,"turns":3.0},{"damage":0.0,"enemies":"3 Cultists","floor":30.0,"turns":4.0},{"damage":8.0,"enemies":"conspire:MysteriousRune","floor":33.0,"turns":2.0},{"damage":23.0,"enemies":"3 Shapes","floor":35.0,"turns":3.0},{"damage":20,"enemies":"2 Orb Walkers","floor":39,"turns":2},{"damage":0,"enemies":"Giant Head","floor":40,"turns":5},{"damage":2,"enemies":"Orb Walker","floor":41,"turns":2},{"damage":0,"enemies":"Sphere and 2 Shapes","floor":45,"turns":2},{"damage":0,"enemies":"Spire Growth","floor":48,"turns":3},{"damage":0,"enemies":"Time Eater","floor":50,"turns":2}],"seed_played":"8642911914587035370","potions_obtained":[{"floor":1.0,"key":"AttackPotion"},{"floor":2.0,"key":"SkillPotion"},{"floor":3.0,"key":"Elixir"},{"floor":12.0,"key":"Explosive Potion"},{"floor":13.0,"key":"FairyPotion"},{"floor":30.0,"key":"SmokeBomb"},{"floor":37.0,"key":"infinitespire:BlackPotion"},{"floor":48,"key":"infinitespire:BlackPotion"},{"floor":49,"key":"SmokeBomb"}],"is_trial":false,"path_per_floor":["M","M","M","M","M","R","?","R","T","?","$","E","M","?","R","B",null,"M","?","M","$","?","E","R","?","T","R","?","M","M","AVR","R","B",null,"M","$","?","?","?","E","M","T","T","R","M","?","R","M","R","B",null],"character_chosen":"THE_SILENT","items_purchased":["Membership Card","Quantum Egg","conspire:TreasureMap","Cloak And Dagger","Infinite Blades","Sling","Gremlin Food","Infinite Blades","aspiration:Lifesprig","reliquary:Vitrine","reliquary:TridentHead","Infinite Blades","Backflip","Juzu Bracelet","Guide Book","SkillPotion","Lizard Tail","MerchantsRug","reliquary:Pushpin"],"campfire_rested":7,"item_purchase_floors":[0,0,0,0,0,0,0,0,0,0,0,0,0,11,11,11,36,36,36],"current_hp_per_floor":[28,24,14,14,9,30,30,51,51,51,51,48,35,35,56,48,70,70,70,62,44,28,19,40,40,40,40,40,39,39,39,60,52,70,47,47,47,47,27,27,25,25,25,46,46,46,67,67,67,70],"gold":370,"neow_bonus":"","is_daily":false,"chose_seed":false,"campfire_upgraded":1,"win_rate":0.0,"timestamp":1613793298,"path_taken":["M","M","?","M","?","R","?","R","T","?","?","E","M","?","R","BOSS","M","?","M","?","?","E","R","?","T","R","?","M","M","AVR","R","BOSS","M","$","?","?","?","E","M","?","T","R","M","?","R","M","R","BOSS"],"items_purchased_type":["Relic","Relic","Relic","Card","Card","Relic","Relic","Card","Relic","Relic","Relic","Card","Card","Relic","Relic","Potion","Relic","Relic","Relic"],"build_version":"2020-12-22","purchased_purges":6,"victory":true,"max_hp_per_floor":[70,70,70,70,70,70,70,70,70,70,70,70,70,70,70,70,70,70,70,70,70,70,70,70,70,70,70,70,70,70,70,70,70,70,70,70,70,70,70,70,70,70,70,70,70,70,70,70,70,70],"relic_stats":{"Lizard Tail":0,"Gremlin Horn":[2,2],"counters":[157,346],"StoneCalendar":[0],"Juzu Bracelet":2,"obtain_stats":[{"Replay:Accelerometer":141,"aspiration:PoetsPen_weak":39,"hubris:MysteriousPyramids":99,"Sling":0,"Blood Vial":13,"hubris:HerbalPaste":99,"infinitespire:ShieldingShard":131,"Replay:Bottled Flurry":145,"HandDrill":20,"reliquary:FingerTrap":95,"aspiration:DSix":99,"MerchantsRug":20,"hubris:MobiusCoin":146,"Blue Candle":130,"Eternal Feather":49,"Tingsha":99,"Pen Nib":99,"infinitespire:Magic Flask":37,"Akabeko":98,"infinitespire:EvilPickle":35,"Snecko Scales":18,"infinitespire:Broken Mirror":98,"infinitespire:Lychee Nut":98,"Bird Faced Urn":0,"StrikeDummy":82,"Unceasing Top":131,"hubris:Reverence":83,"Torii":35,"Singing Bowl":98,"hubris:EmptyBottle":156,"Ancient Tea Set":98,"Smiling Mask":26,"Pet Ghost":99,"hubris:BlackHole":69,"reliquary:TridentHead":0,"hubris:Backtick":76,"infinitespire:Bottled Soul":149,"aspiration:AnachronicSnailShell":64,"Toolbox":47,"hubris:CuriousFeather":157,"infinitespire:Eraser":131,"Replay:Bottled Eggs":131,"aspiration:FutureDiary":17,"InkBottle":151,"Ring of the Snake":0,"Potion Belt":94,"Lee\u0027s Waffle":100,"PreservedInsect":44,"infinitespire:Lucky Rock":3,"hubris:Towel":4,"hubris:Spice":98,"Garlic":9,"Art of War":12,"hubris:BottledRain":83,"infinitespire:Midas Blood":28,"Calipers":124,"Gremlin Horn":91,"HoveringKite":120,"hubris:VirtuousBlindfold":137,"hubris:TerracottaHorce":26,"Centennial Puzzle":129,"Prayer Wheel":99,"Iron Hammer":32,"hubris:Teleporter":0,"hubris:DuctTape":31,"Ring of Chaos":0,"aspiration:HiddenCompartment":131,"WarpedTongs":3,"hubris:Zylophone":99,"Du-Vu Doll":0,"conspire:GiftBox":0,"Onion Ring":35,"hubris:PeanutButter":131,"infinitespire:EmpoweringShard":70,"reliquary:Knoch":11,"aspiration:HatOfInfinitePower":74,"Mirror":108,"aspiration:TomeofQuesting":38,"Snake Skull":99,"Juzu Bracelet":21,"Replay:Mystery Machine":71,"conspire:TopHat":79,"aspiration:StickyExplosives_weak":145,"Dream Catcher":98,"Nunchaku":99,"Tough Bandages":76,"hubris:Icosahedron":123,"Chameleon Ring":133,"hubris:Stopwatch":86,"Guide Book":145,"infinitespire:FocusingShard":20,"Replay:WaspNest":99,"reliquary:Pushpin":36,"Mercury Hourglass":99,"Calling Bell":35,"infinitespire:Satchel":19,"hubris:BundleOfHerbs":46,"Bag of Marbles":15,"Membership Card":48,"FossilizedHelix":97,"hubris:OldNail":114,"reliquary:PurpleTingedLeaf":70,"ReplayTheSpireMod:ShopPack":11,"Golden Egg":98,"infinitespire:BottledMercury":80,"Whetstone":48,"Boot":98,"aspiration:RitualStick":22,"Replay:Ringing Soul":97,"MealTicket":98,"hubris:DeckOfHolding":131,"Kunai":66,"Replay:Wax Seal":36,"hubris:TinFlute":138,"conspire:TreasureMap":0,"Pear":99,"hubris:SphereOfDissonance":131,"Runic Dome":34,"hubris:TenFootPole":65,"Abe\u0027s Treasure":18,"infinitespire:PuzzleCube":98,"infinitespire:Cupcake":35,"aspiration:Lifesprig":7,"Lantern":98,"Painkiller Herb":52,"Blue Doll":131,"StoneCalendar":0,"Bag of Preparation":96,"Replay:Rubber Ducky":131,"Matryoshka":150,"Shovel":157,"Replay:M_SmolderingBlood":20,"reliquary:Buckler":0,"hubris:FunFungus":0,"hubris:GlazedTorus":0,"aspiration:VileToxins":43,"The Specimen":76,"Basket Of Snakes":0,"The Courier":80,"infinitespire:Joker Card":0,"Omamori":99,"Frozen Egg 2":99,"MawBank":78,"reliquary:Sod":46,"Turnip":93,"ReplayTheSpireMod:Lightbulb":99,"Toy Ornithopter":98,"hubris:CrystalStatue":56,"CeramicFish":55,"Vajra":79,"Lizard Tail":0,"HornCleat":145,"Strawberry":27,"aspiration:ArtOfWarUpgrade":116,"Toxic Egg 2":98,"reliquary:Vitrine":0,"Byrd Skull":0,"Happy Flower":35,"aspiration:Nostalgia":104,"Dead Branch":98,"infinitespire:Beetle Shell":53,"conspire:SlowCooker":92,"conspire:Boomerang":0,"Replay:Kaleidoscope":89,"aspiration:SeaSaltIceCream":104,"Letter Opener":140,"War Paint":57,"Question Card":98,"Replay:Baseball":5,"Bottled Flame":131,"reliquary:PorcupineQuills":41,"Shuriken":0,"Bronze Scales":111,"Molten Egg 2":77,"hubris:ToyBattleship":6,"ReplayTheSpireMod:TigerMarble":10,"Black Star":154,"Grinning Jar":98,"Meat on the Bone":98,"ReplayFunnel":98,"Darkstone Periapt":131,"Replay:PocketPolymizer":105,"SacredBark":103,"Mango":95,"hubris:SlimyHat":72,"Incense Burner":0,"ClockworkSouvenir":55,"Replay:Bandana":128,"Mummified Hand":134,"Pantograph":121,"Gambling Chip":131,"Tiny Chest":98,"reliquary:RadioactivePellet":44,"Cracked Core":104,"Gremlin Food":0,"hubris:DisguiseKit":61,"BargainBundle":26,"ReplayTheSpireMod:Ninjato":148,"Replay:Towering Pillar of Hats":115,"aspiration:FetidBarrel":60,"Quantum Egg":0,"aspiration:HummingbirdHeart":63,"Orichalcum":1,"Anchor":48,"CaptainsWheel":131,"infinitespire:WardingShard":131,"reliquary:Craggleroot":88,"ChewingGum":34,"reliquary:Stiletto":48,"hubris:GrandSneckoEye":52,"TungstenRod":117},{"Replay:Accelerometer":63,"aspiration:PoetsPen_weak":109,"hubris:MysteriousPyramids":46,"Sling":69,"Blood Vial":7,"hubris:HerbalPaste":46,"infinitespire:ShieldingShard":57,"Replay:Bottled Flurry":63,"HandDrill":77,"reliquary:FingerTrap":134,"aspiration:DSix":46,"MerchantsRug":10,"hubris:MobiusCoin":63,"Blue Candle":57,"Eternal Feather":19,"Tingsha":46,"Pen Nib":46,"infinitespire:Magic Flask":16,"Akabeko":46,"infinitespire:EvilPickle":14,"Snecko Scales":97,"infinitespire:Broken Mirror":46,"infinitespire:Lychee Nut":46,"Bird Faced Urn":87,"StrikeDummy":35,"Unceasing Top":57,"hubris:Reverence":129,"Torii":14,"Singing Bowl":46,"hubris:EmptyBottle":67,"Ancient Tea Set":46,"Smiling Mask":79,"Pet Ghost":46,"hubris:BlackHole":27,"reliquary:TridentHead":136,"hubris:Backtick":31,"infinitespire:Bottled Soul":65,"aspiration:AnachronicSnailShell":25,"Toolbox":86,"hubris:CuriousFeather":68,"infinitespire:Eraser":57,"Replay:Bottled Eggs":57,"aspiration:FutureDiary":76,"InkBottle":66,"Ring of the Snake":0,"Potion Belt":44,"Lee\u0027s Waffle":135,"PreservedInsect":17,"infinitespire:Lucky Rock":2,"hubris:Towel":2,"hubris:Spice":46,"Garlic":5,"Art of War":6,"hubris:BottledRain":36,"infinitespire:Midas Blood":102,"Calipers":55,"Gremlin Horn":42,"HoveringKite":54,"hubris:VirtuousBlindfold":60,"hubris:TerracottaHorce":11,"Centennial Puzzle":56,"Prayer Wheel":46,"Iron Hammer":13,"hubris:Teleporter":69,"hubris:DuctTape":12,"Ring of Chaos":0,"aspiration:HiddenCompartment":57,"WarpedTongs":89,"hubris:Zylophone":46,"Du-Vu Doll":69,"conspire:GiftBox":69,"Onion Ring":14,"hubris:PeanutButter":57,"infinitespire:EmpoweringShard":28,"reliquary:Knoch":94,"aspiration:HatOfInfinitePower":31,"Mirror":48,"aspiration:TomeofQuesting":16,"Snake Skull":46,"Juzu Bracelet":11,"Replay:Mystery Machine":29,"conspire:TopHat":127,"aspiration:StickyExplosives_weak":63,"Dream Catcher":46,"Nunchaku":46,"Tough Bandages":126,"hubris:Icosahedron":55,"Chameleon Ring":58,"hubris:Stopwatch":37,"Guide Book":63,"infinitespire:FocusingShard":10,"Replay:WaspNest":46,"reliquary:Pushpin":151,"Mercury Hourglass":46,"Calling Bell":14,"infinitespire:Satchel":10,"hubris:BundleOfHerbs":18,"Bag of Marbles":8,"Membership Card":18,"FossilizedHelix":46,"hubris:OldNail":51,"reliquary:PurpleTingedLeaf":123,"ReplayTheSpireMod:ShopPack":5,"Golden Egg":46,"infinitespire:BottledMercury":127,"Whetstone":18,"Boot":46,"aspiration:RitualStick":11,"Replay:Ringing Soul":134,"MealTicket":46,"hubris:DeckOfHolding":57,"Kunai":26,"Replay:Wax Seal":15,"hubris:TinFlute":61,"conspire:TreasureMap":136,"Pear":46,"hubris:SphereOfDissonance":57,"Runic Dome":82,"hubris:TenFootPole":25,"Abe\u0027s Treasure":9,"infinitespire:PuzzleCube":46,"infinitespire:Cupcake":107,"aspiration:Lifesprig":5,"Lantern":46,"Painkiller Herb":20,"Blue Doll":57,"StoneCalendar":69,"Bag of Preparation":45,"Replay:Rubber Ducky":57,"Matryoshka":65,"Shovel":68,"Replay:M_SmolderingBlood":98,"reliquary:Buckler":87,"hubris:FunFungus":69,"hubris:GlazedTorus":69,"aspiration:VileToxins":17,"The Specimen":31,"Basket Of Snakes":69,"The Courier":34,"infinitespire:Joker Card":136,"Omamori":46,"Frozen Egg 2":46,"MawBank":32,"reliquary:Sod":112,"Turnip":43,"ReplayTheSpireMod:Lightbulb":46,"Toy Ornithopter":46,"hubris:CrystalStatue":22,"CeramicFish":21,"Vajra":33,"Lizard Tail":0,"HornCleat":63,"Strawberry":11,"aspiration:ArtOfWarUpgrade":52,"Toxic Egg 2":46,"reliquary:Vitrine":136,"Byrd Skull":69,"Happy Flower":14,"aspiration:Nostalgia":48,"Dead Branch":46,"infinitespire:Beetle Shell":21,"conspire:SlowCooker":133,"conspire:Boomerang":69,"Replay:Kaleidoscope":40,"aspiration:SeaSaltIceCream":48,"Letter Opener":62,"War Paint":23,"Question Card":46,"Replay:Baseball":3,"Bottled Flame":57,"reliquary:PorcupineQuills":110,"Shuriken":87,"Bronze Scales":49,"Molten Egg 2":32,"hubris:ToyBattleship":4,"ReplayTheSpireMod:TigerMarble":5,"Black Star":67,"Grinning Jar":46,"Meat on the Bone":46,"ReplayFunnel":46,"Darkstone Periapt":57,"Replay:PocketPolymizer":48,"SacredBark":47,"Mango":44,"hubris:SlimyHat":30,"Incense Burner":136,"ClockworkSouvenir":117,"Replay:Bandana":56,"Mummified Hand":59,"Pantograph":55,"Gambling Chip":57,"Tiny Chest":46,"reliquary:RadioactivePellet":111,"Cracked Core":48,"Gremlin Food":136,"hubris:DisguiseKit":24,"BargainBundle":11,"ReplayTheSpireMod:Ninjato":64,"Replay:Towering Pillar of Hats":52,"aspiration:FetidBarrel":24,"Quantum Egg":136,"aspiration:HummingbirdHeart":25,"Orichalcum":1,"Anchor":18,"CaptainsWheel":57,"infinitespire:WardingShard":57,"reliquary:Craggleroot":132,"ChewingGum":150,"reliquary:Stiletto":114,"hubris:GrandSneckoEye":116,"TungstenRod":53},{"Replay:Accelerometer":125,"aspiration:PoetsPen_weak":236,"hubris:MysteriousPyramids":100,"Sling":134,"Blood Vial":23,"hubris:HerbalPaste":100,"infinitespire:ShieldingShard":118,"Replay:Bottled Flurry":125,"HandDrill":154,"reliquary:FingerTrap":276,"aspiration:DSix":100,"MerchantsRug":38,"hubris:MobiusCoin":125,"Blue Candle":118,"Eternal Feather":58,"Tingsha":100,"Pen Nib":100,"infinitespire:Magic Flask":50,"Akabeko":100,"infinitespire:EvilPickle":47,"Snecko Scales":205,"infinitespire:Broken Mirror":100,"infinitespire:Lychee Nut":100,"Bird Faced Urn":181,"StrikeDummy":79,"Unceasing Top":118,"hubris:Reverence":268,"Torii":47,"Singing Bowl":100,"hubris:EmptyBottle":129,"Ancient Tea Set":100,"Smiling Mask":158,"Pet Ghost":100,"hubris:BlackHole":68,"reliquary:TridentHead":279,"hubris:Backtick":74,"infinitespire:Bottled Soul":127,"aspiration:AnachronicSnailShell":66,"Toolbox":176,"hubris:CuriousFeather":130,"infinitespire:Eraser":118,"Replay:Bottled Eggs":118,"aspiration:FutureDiary":151,"InkBottle":128,"Ring of the Snake":0,"Potion Belt":96,"Lee\u0027s Waffle":277,"PreservedInsect":53,"infinitespire:Lucky Rock":6,"hubris:Towel":6,"hubris:Spice":100,"Garlic":18,"Art of War":21,"hubris:BottledRain":80,"infinitespire:Midas Blood":217,"Calipers":116,"Gremlin Horn":91,"HoveringKite":113,"hubris:VirtuousBlindfold":122,"hubris:TerracottaHorce":41,"Centennial Puzzle":117,"Prayer Wheel":100,"Iron Hammer":43,"hubris:Teleporter":134,"hubris:DuctTape":42,"Ring of Chaos":0,"aspiration:HiddenCompartment":118,"WarpedTongs":185,"hubris:Zylophone":100,"Du-Vu Doll":134,"conspire:GiftBox":134,"Onion Ring":47,"hubris:PeanutButter":118,"infinitespire:EmpoweringShard":70,"reliquary:Knoch":194,"aspiration:HatOfInfinitePower":74,"Mirror":104,"aspiration:TomeofQuesting":50,"Snake Skull":100,"Juzu Bracelet":41,"Replay:Mystery Machine":71,"conspire:TopHat":264,"aspiration:StickyExplosives_weak":125,"Dream Catcher":100,"Nunchaku":100,"Tough Bandages":263,"hubris:Icosahedron":116,"Chameleon Ring":120,"hubris:Stopwatch":81,"Guide Book":125,"infinitespire:FocusingShard":38,"Replay:WaspNest":100,"reliquary:Pushpin":330,"Mercury Hourglass":100,"Calling Bell":47,"infinitespire:Satchel":38,"hubris:BundleOfHerbs":55,"Bag of Marbles":25,"Membership Card":55,"FossilizedHelix":100,"hubris:OldNail":110,"reliquary:PurpleTingedLeaf":260,"ReplayTheSpireMod:ShopPack":18,"Golden Egg":100,"infinitespire:BottledMercury":264,"Whetstone":55,"Boot":100,"aspiration:RitualStick":41,"Replay:Ringing Soul":276,"MealTicket":100,"hubris:DeckOfHolding":118,"Kunai":67,"Replay:Wax Seal":48,"hubris:TinFlute":123,"conspire:TreasureMap":279,"Pear":100,"hubris:SphereOfDissonance":118,"Runic Dome":165,"hubris:TenFootPole":66,"Abe\u0027s Treasure":36,"infinitespire:PuzzleCube":100,"infinitespire:Cupcake":231,"aspiration:Lifesprig":18,"Lantern":100,"Painkiller Herb":60,"Blue Doll":118,"StoneCalendar":134,"Bag of Preparation":98,"Replay:Rubber Ducky":118,"Matryoshka":127,"Shovel":130,"Replay:M_SmolderingBlood":207,"reliquary:Buckler":181,"hubris:FunFungus":134,"hubris:GlazedTorus":134,"aspiration:VileToxins":53,"The Specimen":74,"Basket Of Snakes":134,"The Courier":78,"infinitespire:Joker Card":279,"Omamori":100,"Frozen Egg 2":100,"MawBank":75,"reliquary:Sod":240,"Turnip":94,"ReplayTheSpireMod:Lightbulb":100,"Toy Ornithopter":100,"hubris:CrystalStatue":62,"CeramicFish":61,"Vajra":77,"Lizard Tail":0,"HornCleat":125,"Strawberry":41,"aspiration:ArtOfWarUpgrade":111,"Toxic Egg 2":100,"reliquary:Vitrine":279,"Byrd Skull":134,"Happy Flower":47,"aspiration:Nostalgia":104,"Dead Branch":100,"infinitespire:Beetle Shell":61,"conspire:SlowCooker":274,"conspire:Boomerang":134,"Replay:Kaleidoscope":86,"aspiration:SeaSaltIceCream":104,"Letter Opener":124,"War Paint":63,"Question Card":100,"Replay:Baseball":8,"Bottled Flame":118,"reliquary:PorcupineQuills":237,"Shuriken":181,"Bronze Scales":107,"Molten Egg 2":75,"hubris:ToyBattleship":14,"ReplayTheSpireMod:TigerMarble":18,"Black Star":129,"Grinning Jar":100,"Meat on the Bone":100,"ReplayFunnel":100,"Darkstone Periapt":118,"Replay:PocketPolymizer":104,"SacredBark":102,"Mango":96,"hubris:SlimyHat":72,"Incense Burner":279,"ClockworkSouvenir":250,"Replay:Bandana":117,"Mummified Hand":121,"Pantograph":116,"Gambling Chip":118,"Tiny Chest":100,"reliquary:RadioactivePellet":238,"Cracked Core":104,"Gremlin Food":279,"hubris:DisguiseKit":65,"BargainBundle":41,"ReplayTheSpireMod:Ninjato":126,"Replay:Towering Pillar of Hats":111,"aspiration:FetidBarrel":65,"Quantum Egg":279,"aspiration:HummingbirdHeart":66,"Orichalcum":3,"Anchor":55,"CaptainsWheel":118,"infinitespire:WardingShard":118,"reliquary:Craggleroot":273,"ChewingGum":327,"reliquary:Stiletto":244,"hubris:GrandSneckoEye":249,"TungstenRod":112}],"TungstenRod":46,"Toy Ornithopter":3,"Ring of the Snake":[319]},"card_choices":[{"not_picked":["Prepared","PiercingWail","Bouncing Flask"],"picked":"SKIP","floor":1.0},{"not_picked":["Cloak And Dagger","hubris:TrickCloak","Dagger Throw"],"picked":"SKIP","floor":2.0},{"not_picked":["hubris:SlightOfHand","Acrobatics","Flechettes"],"picked":"SKIP","floor":3.0},{"not_picked":["ReplayTheSpireMod:The Works","Flying Knee","Tools of the Trade"],"picked":"SKIP","floor":4.0},{"not_picked":["Prepared","Outmaneuver"],"picked":"Accuracy","floor":5.0},{"not_picked":["Crippling Poison","Venomology","Poisoned Stab"],"picked":"SKIP","floor":12.0},{"not_picked":["Underhanded Strike","Endless Agony","Blur"],"picked":"SKIP","floor":13.0},{"not_picked":["Unload","Wraith Form v2"],"picked":"Bullet Time","floor":16.0},{"not_picked":["Sneak Up","Underhanded Strike"],"picked":"Accuracy","floor":18.0},{"not_picked":["Prepared","Deflect","Endless Agony"],"picked":"SKIP","floor":20.0},{"not_picked":["infinitespire:Punishment","infinitespire:Fortify"],"picked":"Replay:Fractal Strike","floor":22.0},{"not_picked":["hubris:SlightOfHand","Fluid Movement","Bane"],"picked":"SKIP","floor":23.0},{"not_picked":["ReplayTheSpireMod:Scrap Shanks","ReplayTheSpireMod:Speed Training","Dagger Throw"],"picked":"SKIP","floor":29.0},{"not_picked":["Predator","Slice","Dagger Spray"],"picked":"SKIP","floor":30.0},{"not_picked":["infinitespire:Neurotoxin","Phantasmal Killer"],"picked":"Adrenaline","floor":33.0},{"not_picked":["Dagger Throw+1","Quick Slash+1","ReplayTheSpireMod:Exploit Weakness"],"picked":"SKIP","floor":35.0},{"not_picked":["Deflect","Eviscerate","Dodge and Roll+1"],"picked":"SKIP","floor":40},{"not_picked":["Sucker Punch+1","aspiration:Lunge","Flying Knee+1"],"picked":"SKIP","floor":41},{"not_picked":["Poisoned Stab+1","Infinite Blades+1"],"picked":"Blade Dance+1","floor":45},{"not_picked":["Sucker Punch+1","Dagger Throw+1"],"picked":"Accuracy","floor":48}],"player_experience":451515,"relics_obtained":[{"floor":9.0,"key":"Darkstone Periapt"},{"floor":12.0,"key":"Replay:Accelerometer"},{"floor":23.0,"key":"Bag of Marbles"},{"floor":26.0,"key":"The Specimen"},{"floor":39,"key":"StoneCalendar"},{"floor":40,"key":"Replay:Baseball"},{"floor":42,"key":"Gremlin Horn"},{"floor":43,"key":"Toy Ornithopter"}],"event_choices":[{"damage_healed":0.0,"max_hp_gain":0.0,"max_hp_loss":0.0,"gold_gain":0.0,"event_name":"betterThird:BetterSerpent","player_choice":"Ignored","floor":10.0,"gold_loss":0.0,"damage_taken":189.0},{"damage_healed":0.0,"max_hp_gain":0.0,"max_hp_loss":0.0,"gold_gain":0.0,"event_name":"Upgrade Shrine","player_choice":"Upgraded","floor":19.0,"gold_loss":0.0,"damage_taken":0.0,"cards_upgraded":["Accuracy"]},{"damage_healed":0.0,"max_hp_gain":0.0,"max_hp_loss":0.0,"gold_gain":0.0,"event_name":"Addict","player_choice":"Obtained Relic","floor":25.0,"gold_loss":85.0,"damage_taken":0.0,"relics_obtained":["infinitespire:Bottled Soul"]},{"damage_healed":0.0,"max_hp_gain":0.0,"max_hp_loss":0.0,"gold_gain":0.0,"event_name":"The Woman in Blue","player_choice":"Bought 1 Potion","floor":37.0,"gold_loss":0.0,"damage_taken":0.0},{"damage_healed":0,"gold_gain":0,"player_choice":"Fight","damage_taken":0,"max_hp_gain":0,"max_hp_loss":0,"event_name":"Mysterious Sphere","floor":39,"gold_loss":0}],"is_beta":false,"boss_relics":[{"not_picked":["aspiration:SecretTechniqueScroll","Velvet Choker"],"picked":"aspiration:FutureDiary"},{"not_picked":["Coffee Dripper","Astrolabe"],"picked":"ChewingGum"}],"items_purged_floors":[0,0,21,21,21,31],"is_endless":false,"potions_floor_spawned":[1,2,3,12,13,20,30,33,40,45,48],"ascension_level":2}}