{"host":"vk2xyavtylxbvrfq","time":1613792249,"event":{"mods":["Bard","BaseMod","Bestiary","Better Altar","Better Match","Better Note","Better Sensory Stone","Better Skull","Better Vampires","Block Reminder","Bossed Relics","Colored Map","Curses Come First","Displayed Cursed Tome","Downfall","Extra Virgin Snecko Oil","Fox Events","Hermit","Ironclad Rager","Marked Mod","Minty Spire (QoL Compilation)","Quick Restart","Rare Cards Sparkle","Relic Sorter","Reliquary","Robot Space Explorer","Shapeshifter Mod","StSLib","The Hayseed","The Marked","The Runesmith","Unceasing Turn Reminder"],"gold_per_floor":[111,123,14,14,14,14,14,14,83,83,100,26,53,68,68,173,173,189,189,213,226,19,52,69,69,119,119,119,119,119],"floor_reached":29,"language":"ENG","playtime":816,"items_purged":[],"score":323,"play_id":"e4ba8680-e882-46da-a6d6-39c3e8aa518b","local_time":"20210219223729","is_ascension_mode":true,"campfire_choices":[{"data":"hermit:Deadeye","floor":6,"key":"SMITH"},{"data":"hermit:FullyLoaded","floor":8,"key":"SMITH"},{"data":"hermit:Coalescence","floor":10,"key":"SMITH"},{"data":"hermit:FlashPowder","floor":15,"key":"SMITH"},{"floor":25,"key":"REST"},{"data":"hermit:LoneWolf","floor":28,"key":"SMITH"}],"circlet_count":0,"master_deck":["hermit:Strike_Hermit","hermit:Strike_Hermit","hermit:Strike_Hermit","hermit:Strike_Hermit","hermit:Defend_Hermit","hermit:Defend_Hermit","hermit:Defend_Hermit","hermit:Defend_Hermit","hermit:Snapshot","hermit:Covet","hermit:HighCaliber+1","hermit:Coalescence+1","hermit:FullyLoaded+1","hermit:Deadeye+1","Parasite","hermit:Brawl","hermit:FlashPowder+1","hermit:FlashPowder","hermit:Reprieve","hermit:WideOpen+1","hermit:FlashPowder+1","hermit:Showdown","Madness","hermit:Determination","hermit:LoneWolf+1"],"relics":["hermit:Momento","NeowsBlessing","Kunai","Gremlin Horn","Regal Pillow","reliquary:RedCape","reliquary:Knoch","Pen Nib","reliquary:Aerogel"],"acts_visited":["Exordium","TheCity"],"potions_floor_usage":[13,16,21,23,24],"damage_taken":[{"damage":0,"enemies":"Jaw Worm","floor":1,"turns":1},{"damage":0,"enemies":"2 Louse","floor":2,"turns":1},{"damage":0,"enemies":"Cultist","floor":11,"turns":1},{"damage":20,"enemies":"Lagavulin","floor":13,"turns":7},{"damage":2,"enemies":"Looter","floor":14,"turns":3},{"damage":29,"enemies":"Hexaghost","floor":16,"turns":10},{"damage":0,"enemies":"3 Byrds","floor":18,"turns":6},{"damage":14,"enemies":"Spheric Guardian","floor":21,"turns":6},{"damage":21,"enemies":"Slavers","floor":23,"turns":7},{"damage":24,"enemies":"3 Cultists","floor":24,"turns":6},{"damage":27,"enemies":"Gremlin Leader","floor":29,"turns":3}],"seed_played":"-2985185656342298924","potions_obtained":[{"floor":2,"key":"PowerPotion"},{"floor":11,"key":"champ:CounterPotion"},{"floor":16,"key":"Slimebound:ThreeZeroPotion"},{"floor":23,"key":"hermit:Tonic"},{"floor":24,"key":"hermit:Tonic"}],"is_trial":false,"path_per_floor":["M","M","$","?","T","R","?","R","T","R","M","$","E","M","R","B",null,"M","?","T","M","$","E","M","R","T","?","R","E"],"character_chosen":"HERMIT","items_purchased":["hermit:FullyLoaded","hermit:Deadeye","hermit:FlashPowder","hermit:Showdown","Madness","Block Potion"],"campfire_rested":1,"item_purchase_floors":[3,3,12,22,22,22],"current_hp_per_floor":[68,68,68,68,68,68,75,75,75,75,75,75,55,53,53,24,62,70,70,70,60,60,43,23,60,60,60,60,33,33],"gold":119,"neow_bonus":"THREE_ENEMY_KILL","is_daily":false,"chose_seed":false,"campfire_upgraded":5,"win_rate":0.0,"timestamp":1613792249,"path_taken":["M","M","$","?","?","R","?","R","T","R","M","$","E","M","R","BOSS","M","?","?","M","?","E","?","R","T","?","R","E"],"items_purchased_type":["Card","Card","Card","Card","Card","Potion"],"build_version":"2020-12-22","purchased_purges":0,"victory":false,"max_hp_per_floor":[75,75,75,75,75,75,75,75,75,75,75,75,75,75,75,75,75,75,75,75,75,75,75,75,75,75,75,75,75,75],"card_choices":[{"not_picked":["hermit:BodyArmor","hermit:Glare"],"picked":"hermit:HighCaliber","floor":1},{"not_picked":["hermit:TrackingShot","hermit:Feint"],"picked":"hermit:Coalescence","floor":2},{"not_picked":["hermit:ItchyTrigger","hermit:Headshot"],"picked":"hermit:Brawl","floor":11},{"not_picked":["hermit:Malice","hermit:Headshot"],"picked":"hermit:FlashPowder","floor":13},{"not_picked":["hermit:ShadowCloak","hermit:LowProfile","hermit:Manifest"],"picked":"SKIP","floor":14},{"not_picked":["hermit:Adapt","hermit:Purgatory"],"picked":"hermit:Reprieve","floor":16},{"not_picked":["hermit:ItchyTrigger+1","hermit:HoleUp"],"picked":"hermit:WideOpen+1","floor":18},{"not_picked":["hermit:ShadowCloak+1","hermit:Dive"],"picked":"hermit:FlashPowder+1","floor":21},{"not_picked":["hermit:ItchyTrigger","hermit:Dive"],"picked":"hermit:Determination","floor":23},{"not_picked":["hermit:FatalDesire","hermit:Ricochet"],"picked":"hermit:LoneWolf","floor":24}],"player_experience":1441607,"relics_obtained":[{"floor":5,"key":"Kunai"},{"floor":9,"key":"Gremlin Horn"},{"floor":13,"key":"Regal Pillow"},{"floor":20,"key":"reliquary:Knoch"},{"floor":23,"key":"Pen Nib"},{"floor":26,"key":"reliquary:Aerogel"}],"event_choices":[{"damage_healed":0,"gold_gain":0,"player_choice":"Grow","damage_taken":0,"max_hp_gain":0,"max_hp_loss":0,"event_name":"Living Wall","floor":4,"gold_loss":0,"cards_upgraded":["hermit:HighCaliber"]},{"damage_healed":18,"gold_gain":0,"player_choice":"Healed and dodged fight","damage_taken":0,"max_hp_gain":0,"max_hp_loss":0,"event_name":"Mushrooms","floor":7,"gold_loss":0,"cards_obtained":["Parasite"]},{"damage_healed":0,"gold_gain":0,"player_choice":"Ignored","damage_taken":0,"max_hp_gain":0,"max_hp_loss":0,"event_name":"Vampires","floor":27,"gold_loss":0}],"is_beta":false,"boss_relics":[{"not_picked":["Tiny House","reliquary:Ember"],"picked":"reliquary:RedCape"}],"items_purged_floors":[],"is_endless":false,"potions_floor_spawned":[2,11,16,23,24],"killed_by":"Gremlin Leader","ascension_level":7}}