{"host":"dscols65uipasqd2","time":1613802350,"event":{"mods":["2.2 Compatiblity","AchievementEnabler","Aspiration","BaseMod","Colored Powertips","Downfall","Energized Spire","GifTheSpireLib","Hermit","Hubris","Infinite Spire","Jorbs\u0027s Wanderer Trilogy","Minty Spire (QoL Compilation)","Rare Cards Sparkle","Relic Stats","Replay The Spire","Robot Space Explorer","Shade Mod","StSLib","Stuff the Spire","The Blue Laboratory","The Cursed","The Disciple","The Forsaken","The Hierophant","The Judge","The Jungle","The Mystic","The Runesmith","TheFirefly","Wandering Minibosses"],"gold_per_floor":[99,99,99,99,99,124,124,150,50,50,75,92,112,161,177,273,273,173,191,202,5,16,16,41,41,68,68,92,110,118,118,118],"floor_reached":30,"language":"ENG","playtime":1697,"items_purged":[],"score":384,"play_id":"b1a8a9c6-312b-4b9e-bbfe-98c3073fca8e","local_time":"20210220012550","is_ascension_mode":true,"campfire_choices":[{"floor":1,"key":"DIG"},{"floor":9,"key":"REST"},{"floor":18,"key":"RECALL"},{"floor":27,"key":"REST"}],"circlet_count":0,"master_deck":["sneckomod:Strike","sneckomod:Strike","sneckomod:Strike","sneckomod:Defend","sneckomod:Defend","sneckomod:Defend","sneckomod:TailWhip","sneckomod:SnekBite+1","sneckomod:Unknown","sneckomod:WideSting","sneckomod:UnknownVulnerable","sneckomod:WideSting","sneckomod:UnknownBoss","sneckomod:UnknownColorless","sneckomod:UnknownCommonAttack","sneckomod:UnknownCommonAttack","sneckomod:SerpentIdol","sneckomod:MorePower","sneckomod:UnknownStrength+1","sneckomod:Unknown3Cost","sneckomod:RainOfDice+1","sneckomod:UnknownClassSLIMEBOUND+1","sneckomod:SoulRoll+1","sneckomod:UnknownRareSkill+1","sneckomod:UnknownX+1","expansioncontent:StudyTheSpire","Pride","Pride","Pride","sneckomod:ImprovisedGuard","Amnesia","sneckomod:CheapStock+1","sneckomod:UnknownCommonAttack+1","sneckomod:QuickBite"],"relics":["sneckomod:SneckoSoul","downfall:HeartsMalice","Pet Ghost","ReplayTheSpireMod:Lightbulb","StuffTheSpire:CocoNut","Blood Vial","downfall:HeartBlessingGreen","StuffTheSpire:Experiment12","sneckomod:SneckoTalon","downfall:HeartBlessingBlue","Ring of Searing","Ring of Fury","Nunchaku","infinitespire:Midas Blood"],"acts_visited":["Exordium","TheCity"],"potions_floor_usage":[11,16,22,29,29],"damage_taken":[{"damage":0,"enemies":"Jaw Worm","floor":2,"turns":1},{"damage":0,"enemies":"Cultist","floor":3,"turns":1},{"damage":0,"enemies":"2 Louse","floor":4,"turns":1},{"damage":4,"enemies":"3 Sentries","floor":6,"turns":4},{"damage":37,"enemies":"Lagavulin","floor":8,"turns":8},{"damage":24,"enemies":"3 Sentries","floor":11,"turns":3},{"damage":6,"enemies":"downfall:LooterAlt","floor":12,"turns":3},{"damage":10,"enemies":"Gremlin Gang","floor":13,"turns":3},{"damage":16,"enemies":"Large Slime","floor":15,"turns":3},{"damage":28,"enemies":"WA_ARCHETYPE_RETAIN","floor":16,"turns":6},{"damage":21,"enemies":"Shell Parasite","floor":19,"turns":3},{"damage":0,"enemies":"3 Byrds","floor":20,"turns":3},{"damage":0,"enemies":"downfall:FleeingMerchant","floor":21,"turns":4},{"damage":22,"enemies":"Snake Plant","floor":22,"turns":3},{"damage":49,"enemies":"Slavers","floor":26,"turns":3},{"damage":12,"enemies":"Chosen and Byrds","floor":28,"turns":5},{"damage":16,"enemies":"Snecko","floor":29,"turns":4},{"damage":25,"enemies":"Nightmare","floor":30,"turns":3}],"seed_played":"8293789905028912239","potions_obtained":[{"floor":8,"key":"LiquidBronze"},{"floor":12,"key":"Venom Potion"},{"floor":13,"key":"blueLaboratory:BottledHope"},{"floor":19,"key":"blueLaboratory:ExaltedPotion"},{"floor":26,"key":"champ:CounterPotion"},{"floor":28,"key":"champ:CounterPotion"}],"is_trial":false,"path_per_floor":["R","M","M","M","?","E","T","E","R","?","E","M","M","T","M","B",null,"R","M","M","$","M","?","T","?","E","R","M","M","NM"],"character_chosen":"THE_SNECKO","items_purchased":["expansioncontent:StudyTheSpire"],"campfire_rested":2,"item_purchase_floors":[21],"current_hp_per_floor":[81,81,81,81,81,77,84,52,81,81,59,55,47,47,33,7,75,85,66,68,70,50,50,50,61,14,46,36,22,0,0,0],"gold":118,"neow_bonus":"THREE_ENEMY_KILL","is_daily":false,"chose_seed":false,"campfire_upgraded":0,"win_rate":0.0,"timestamp":1613802350,"path_taken":["R","M","M","M","?","E","T","E","R","?","E","?","M","?","M","BOSS","R","M","M","$","M","?","T","?","E","R","M","?","NM"],"items_purchased_type":["Card"],"build_version":"2020-12-22","purchased_purges":0,"victory":false,"max_hp_per_floor":[90,90,90,90,90,90,97,97,97,97,97,97,97,97,97,97,97,107,107,107,107,107,107,107,107,107,107,107,107,107,107,107],"relic_stats":{"Blood Vial":26,"Nunchaku":[2],"counters":[18,58],"obtain_stats":[{"downfall:HeartsMalice":0,"downfall:HeartBlessingGreen":9,"sneckomod:SneckoSoul":0,"sneckomod:SneckoTalon":17,"Pet Ghost":1,"Ring of Searing":23,"Blood Vial":8,"StuffTheSpire:Experiment12":11,"Nunchaku":24,"downfall:HeartBlessingBlue":18,"StuffTheSpire:CocoNut":7,"Ring of Fury":23,"ReplayTheSpireMod:Lightbulb":6,"infinitespire:Midas Blood":26},{"downfall:HeartsMalice":0,"downfall:HeartBlessingGreen":5,"sneckomod:SneckoSoul":0,"sneckomod:SneckoTalon":10,"Pet Ghost":0,"Ring of Searing":14,"Blood Vial":5,"StuffTheSpire:Experiment12":6,"Nunchaku":14,"downfall:HeartBlessingBlue":10,"StuffTheSpire:CocoNut":4,"Ring of Fury":14,"ReplayTheSpireMod:Lightbulb":4,"infinitespire:Midas Blood":15},{"downfall:HeartsMalice":0,"downfall:HeartBlessingGreen":12,"sneckomod:SneckoSoul":0,"sneckomod:SneckoTalon":30,"Pet Ghost":0,"Ring of Searing":43,"Blood Vial":12,"StuffTheSpire:Experiment12":15,"Nunchaku":43,"downfall:HeartBlessingBlue":30,"StuffTheSpire:CocoNut":4,"Ring of Fury":43,"ReplayTheSpireMod:Lightbulb":4,"infinitespire:Midas Blood":46}]},"card_choices":[{"not_picked":["sneckomod:Unknown2Cost","sneckomod:DiceCrush"],"picked":"sneckomod:WideSting","floor":2},{"not_picked":["sneckomod:MasterEye","sneckomod:WideSting"],"picked":"sneckomod:UnknownVulnerable","floor":3},{"not_picked":["sneckomod:Rotation","sneckomod:IronFang"],"picked":"sneckomod:WideSting","floor":4},{"not_picked":["sneckomod:UnknownDexterity","sneckomod:UnendingSupply"],"picked":"sneckomod:UnknownBoss","floor":6},{"not_picked":["sneckomod:IronFang","sneckomod:DiceCrush"],"picked":"sneckomod:UnknownColorless","floor":8},{"not_picked":["sneckomod:Memorize","sneckomod:Unknown1Cost"],"picked":"sneckomod:UnknownCommonAttack","floor":11},{"not_picked":["sneckomod:Nope","sneckomod:SoulDraw"],"picked":"sneckomod:UnknownCommonAttack","floor":12},{"not_picked":["sneckomod:Unknown1Cost","sneckomod:UnknownWeak"],"picked":"sneckomod:SerpentIdol","floor":13},{"not_picked":["sneckomod:Memorize","sneckomod:DiceCrush"],"picked":"sneckomod:MorePower","floor":15},{"not_picked":["sneckomod:UnknownX+1","sneckomod:Unknown1Cost+1"],"picked":"sneckomod:UnknownStrength+1","floor":16},{"not_picked":["sneckomod:Mudshield","sneckomod:SerpentMind"],"picked":"sneckomod:Unknown3Cost","floor":16},{"not_picked":["sneckomod:Nope","sneckomod:DiceBoulder"],"picked":"sneckomod:RainOfDice+1","floor":19},{"not_picked":["sneckomod:UnknownDexterity+1","sneckomod:UnknownStrength+1"],"picked":"sneckomod:UnknownClassSLIMEBOUND+1","floor":20},{"not_picked":["sneckomod:Nope","sneckomod:DiceBlock"],"picked":"sneckomod:SoulRoll+1","floor":20},{"not_picked":["sneckomod:Unknown1Cost+1","sneckomod:UnknownUncommonSkill+1"],"picked":"sneckomod:UnknownRareSkill+1","floor":21},{"not_picked":["sneckomod:UnknownClassRED","sneckomod:RainOfDice"],"picked":"sneckomod:UnknownX+1","floor":21},{"not_picked":["sneckomod:RainOfDice+1","sneckomod:MasterEye+1"],"picked":"sneckomod:ImprovisedGuard","floor":22},{"not_picked":["sneckomod:DiceBoulder+1","sneckomod:UnknownDexterity"],"picked":"sneckomod:CheapStock+1","floor":26},{"not_picked":["sneckomod:UnknownClassRED","sneckomod:IronFang"],"picked":"sneckomod:UnknownCommonAttack+1","floor":28},{"not_picked":["sneckomod:SoulCleanse+1","sneckomod:SnekBeam"],"picked":"sneckomod:QuickBite","floor":29}],"player_experience":657456,"relics_obtained":[{"floor":1,"key":"Pet Ghost"},{"floor":6,"key":"ReplayTheSpireMod:Lightbulb"},{"floor":7,"key":"StuffTheSpire:CocoNut"},{"floor":8,"key":"Blood Vial"},{"floor":11,"key":"StuffTheSpire:Experiment12"},{"floor":23,"key":"Ring of Searing"},{"floor":23,"key":"Ring of Fury"},{"floor":24,"key":"Nunchaku"},{"floor":26,"key":"infinitespire:Midas Blood"}],"event_choices":[{"damage_healed":0,"gold_gain":0,"player_choice":"Grow","damage_taken":0,"max_hp_gain":0,"max_hp_loss":0,"event_name":"Living Wall","floor":5,"gold_loss":0,"cards_upgraded":["sneckomod:SnekBite"]},{"cards_removed":["sneckomod:Unknown"],"damage_healed":0,"gold_gain":0,"player_choice":"Offered Basic","damage_taken":0,"max_hp_gain":0,"max_hp_loss":0,"event_name":"Bonfire Elementals","floor":10,"gold_loss":0}],"is_beta":false,"boss_relics":[{"not_picked":["energizedSpire:CursedPentagram","energizedSpire:EnergizedDie"],"picked":"sneckomod:SneckoTalon"}],"items_purged_floors":[],"is_endless":false,"potions_floor_spawned":[8,12,13,19,26,28],"killed_by":"Nightmare","ascension_level":7}}