{"host":"mithrandi","time":1613814019,"event":{"mods":["BaseMod","Colored Map","Highlight Path","Minty Spire (QoL Compilation)","SuperFastMode"],"gold_per_floor":[113,113,130,144,18,52,52,52,52],"floor_reached":8,"language":"ENG","playtime":351,"items_purged":["Injury"],"score":112,"play_id":"64c4b506-c348-44ce-89f7-cceb4b696c88","local_time":"20210220114019","is_ascension_mode":true,"campfire_choices":[{"data":"Armaments","floor":7,"key":"SMITH"}],"circlet_count":0,"master_deck":["AscendersBane","Strike_R","Strike_R","Strike_R","Strike_R","Strike_R","Defend_R","Defend_R","Defend_R","Defend_R","Bash","Demon Form+1","True Grit","Armaments+1","Flame Barrier","Anger","Shockwave"],"relics":["Burning Blood","PreservedInsect"],"acts_visited":["Exordium"],"potions_floor_usage":[6,8],"damage_taken":[{"damage":14,"enemies":"Jaw Worm","floor":1,"turns":4},{"damage":2,"enemies":"Cultist","floor":3,"turns":4},{"damage":19,"enemies":"Small Slimes","floor":4,"turns":5},{"damage":29,"enemies":"3 Sentries","floor":6,"turns":8},{"damage":29,"enemies":"Gremlin Nob","floor":8,"turns":4}],"seed_played":"-8591929991480564601","potions_obtained":[{"floor":3,"key":"ColorlessPotion"},{"floor":6,"key":"Ancient Potion"}],"is_trial":false,"path_per_floor":["M","?","M","M","$","E","R","E"],"character_chosen":"IRONCLAD","items_purchased":["Anger"],"campfire_rested":0,"item_purchase_floors":[5],"current_hp_per_floor":[60,60,64,51,51,28,28,0,0],"gold":52,"neow_bonus":"THREE_RARE_CARDS","is_daily":false,"chose_seed":false,"campfire_upgraded":1,"win_rate":0.0,"timestamp":1613814019,"path_taken":["M","?","?","M","$","E","R","E"],"items_purchased_type":["Card"],"build_version":"2020-12-18","purchased_purges":1,"victory":false,"max_hp_per_floor":[75,75,75,75,75,75,75,75,75],"card_choices":[{"not_picked":["Impervious","Brutality"],"picked":"Demon Form","floor":0.0},{"not_picked":["Carnage","Hemokinesis"],"picked":"True Grit","floor":1},{"not_picked":["Hemokinesis","Battle Trance"],"picked":"Armaments","floor":3},{"not_picked":["Havoc","Feel No Pain"],"picked":"Flame Barrier","floor":4},{"not_picked":["Pummel","Headbutt"],"picked":"Shockwave","floor":6}],"player_experience":3017476,"relics_obtained":[{"floor":6,"key":"PreservedInsect"}],"event_choices":[{"damage_healed":0,"gold_gain":0,"player_choice":"Upgraded","damage_taken":0,"max_hp_gain":0,"max_hp_loss":0,"event_name":"Upgrade Shrine","floor":2,"gold_loss":0,"cards_upgraded":["Demon Form"]}],"is_beta":true,"boss_relics":[],"items_purged_floors":[5],"is_endless":false,"potions_floor_spawned":[3,6],"killed_by":"Gremlin Nob","ascension_level":20}}