{"host":"u21q392b5xaj11fl","time":1613855060,"event":{"mods":["2.2 Compatiblity","Bard","BaseMod","Better Note","Colored Map","Colored Powertips","Conspire","Custom Start","Downfall","Faster Ascension Climbing","GifTheSpireLib","Gremlin Skip","Highlight Path","Hubris","Infinite Spire","Mad Scientist","Marisa????????","Mimic Mod","Minty Spire (QoL Compilation)","Monster B Gone","Permanent Neow","Potionbrewer","Quick Restart","READ ME - Guardian Mod","Relic Sorter","Replay The Spire","Shop Mod","Somnambulant","StSLib","Stuff the Spire","SuperFastMode","The Construct","The Disciple","The Servant 0.9.4"],"gold_per_floor":[119,26,50,50,76,76,110,131,155,193,193,193,212,235,235,318,318,342,342,368,4,14,14,41,63,90,90,100,128,128,147,147,147,147,147],"floor_reached":33,"language":"ENG","playtime":3093,"items_purged":[],"score":447,"play_id":"c5c75e1e-50a5-43aa-8026-1fd8863fdb07","local_time":"20210220150420","is_ascension_mode":true,"campfire_choices":[{"data":"hexamod:Float","floor":6.0,"key":"SMITH"},{"floor":12.0,"key":"REST"},{"data":"hexamod:HeatShield","floor":15.0,"key":"SMITH"},{"floor":23.0,"key":"REST"},{"floor":27.0,"key":"REST"},{"floor":30,"key":"REST"},{"floor":32,"key":"REST"}],"circlet_count":0,"master_deck":["AscendersBane","hexamod:Strike","hexamod:Strike","hexamod:Strike+1","hexamod:Strike+1","hexamod:Defend","hexamod:Defend","hexamod:Defend","hexamod:Defend+1","hexamod:Sear","hexamod:Float+1","hexamod:FourthSeal","hexamod:HeatMetal","hexamod:SecondSeal","hexamod:EtherealExpedition","hexamod:HauntingEcho","hexamod:HeatCrush+1","hexamod:ForkedFlame+1","hexamod:HeatShield+1","hexamod:ThirdSeal","hexamod:StepThrough","hexamod:PhantomCloak","hexamod:HexaLevel","hexamod:FastForward+1","Analog+1","hexamod:FirstSeal","hexamod:SuperheatedStrike","hexamod:NightmareGuise+1","hexamod:StepThrough","hexamod:GhostShield","hexamod:GhostflameBarrier","hexamod:ExtraCrispy"],"relics":["hexamod:SpiritBrand","Omamori","hubris:SphereOfDissonance","infinitespire:Satchel","Gremlin Food","hubris:RunicObelisk","hubris:SlimyHat","MerchantsRug"],"acts_visited":["Exordium","TheCity"],"potions_floor_usage":[33,33],"damage_taken":[{"damage":5.0,"enemies":"2 Louse","floor":1.0,"turns":3.0},{"damage":0.0,"enemies":"Cultist","floor":3.0,"turns":4.0},{"damage":0.0,"enemies":"Small Slimes","floor":5.0,"turns":4.0},{"damage":11.0,"enemies":"3 Sentries","floor":7.0,"turns":8.0},{"damage":10.0,"enemies":"Gremlin Gang","floor":8.0,"turns":5.0},{"damage":8.0,"enemies":"Lagavulin","floor":10.0,"turns":5.0},{"damage":4.0,"enemies":"Exordium Thugs","floor":13.0,"turns":4.0},{"damage":0.0,"enemies":"Lots of Slimes","floor":14.0,"turns":5.0},{"damage":21.0,"enemies":"Hexaghost","floor":16.0,"turns":9.0},{"damage":4.0,"enemies":"3 Byrds","floor":18.0,"turns":3.0},{"damage":8.0,"enemies":"Spheric Guardian","floor":20.0,"turns":4.0},{"damage":19.0,"enemies":"Snake Plant","floor":22.0,"turns":3.0},{"damage":2.0,"enemies":"Cultist and Chosen","floor":24.0,"turns":5.0},{"damage":32.0,"enemies":"Centurion and Healer","floor":25.0,"turns":10.0},{"damage":19,"enemies":"Snake Plant","floor":28,"turns":3},{"damage":17,"enemies":"Shelled Parasite and Fungi","floor":29,"turns":7},{"damage":0,"enemies":"Snecko","floor":31,"turns":3},{"damage":68,"enemies":"Champ","floor":33,"turns":12}],"seed_played":"-3131010150185669913","potions_obtained":[{"floor":3.0,"key":"Strength Potion"},{"floor":5.0,"key":"potionbrewer:EndurancePotion"},{"floor":7.0,"key":"hexamod:InfernoChargePotion"},{"floor":10.0,"key":"Guardian:BlockOnCardUsePotion"},{"floor":14.0,"key":"Fire Potion"},{"floor":16.0,"key":"Regen Potion"},{"floor":18.0,"key":"Energy Potion"},{"floor":22.0,"key":"SkillPotion"},{"floor":24.0,"key":"potionbrewer:CleansingPotion"},{"floor":25.0,"key":"PowerPotion"}],"is_trial":false,"path_per_floor":["M","$","M","?","M","R","E","M","T","E","?","R","M","M","R","B",null,"M","?","M","$","M","R","M","M","T","R","M","M","R","M","R","B"],"character_chosen":"THE_SPIRIT","items_purchased":["hexamod:HeatMetal","hexamod:SecondSeal","hubris:SlimyHat","MerchantsRug","hexamod:FirstSeal","hexamod:SuperheatedStrike","hexamod:NightmareGuise"],"campfire_rested":5,"item_purchase_floors":[2,2,21,21,21,21,21],"current_hp_per_floor":[52,52,52,52,52,52,41,31,31,23,23,41,37,37,37,16,51,47,47,51,51,39,57,55,23,23,41,22,12,30,30,48,0,0,0],"gold":147,"neow_bonus":"RANDOM_COMMON_RELIC","is_daily":false,"chose_seed":false,"campfire_upgraded":2,"win_rate":0.0,"timestamp":1613855060,"path_taken":["M","$","M","?","M","R","E","M","T","E","?","R","M","?","R","BOSS","M","?","M","$","M","R","M","M","T","R","M","M","R","M","R","BOSS"],"items_purchased_type":["Card","Card","Relic","Relic","Card","Card","Card"],"build_version":"2020-12-22","purchased_purges":0,"victory":false,"max_hp_per_floor":[63,63,63,63,63,63,63,63,63,63,63,63,63,63,63,63,63,63,63,63,63,63,63,63,63,63,63,63,63,63,63,63,63,63,63],"card_choices":[{"not_picked":["hexamod:ThermalTransfer","hexamod:SpectralAdrenaline"],"picked":"hexamod:FourthSeal","floor":1.0},{"not_picked":["hexamod:AdvancingGuard","hexamod:ShieldOfDarkness"],"picked":"hexamod:EtherealExpedition","floor":3.0},{"not_picked":["hexamod:GhostShield","hexamod:HeatMetal"],"picked":"hexamod:HauntingEcho","floor":5.0},{"not_picked":["hexamod:RetreatToShadows","hexamod:InspiringFlames"],"picked":"hexamod:HeatCrush","floor":7.0},{"not_picked":["hexamod:FastForward","hexamod:GhostShield"],"picked":"hexamod:ForkedFlame","floor":8.0},{"not_picked":["hexamod:GhostLash","hexamod:FlamesFromBeyond"],"picked":"hexamod:HeatShield","floor":10.0},{"not_picked":["hexamod:Firestarter","hexamod:BacktrackSmack"],"picked":"hexamod:ThirdSeal","floor":13.0},{"not_picked":["hexamod:Again","hexamod:HauntingEcho"],"picked":"hexamod:StepThrough","floor":14.0},{"not_picked":["hexamod:PowerFromBeyond","hexamod:ThermalTransfer"],"picked":"hexamod:PhantomCloak","floor":14.0},{"not_picked":["hexamod:UnlimitedPower","hexamod:TimeWarp"],"picked":"hexamod:HexaLevel","floor":16.0},{"not_picked":["hexamod:BacktrackSmack","hexamod:BurningTouch"],"picked":"hexamod:FastForward+1","floor":18.0},{"not_picked":["hexamod:Firestarter","hexamod:EmpoweredFlame"],"picked":"hexamod:SuperheatedStrike+1","floor":18.0},{"not_picked":["hexamod:HeatShield","hexamod:ThermalTransfer","hexamod:EmpoweredFlame"],"picked":"SKIP","floor":20.0},{"not_picked":["hexamod:CatchUp","hexamod:HauntingEcho"],"picked":"hexamod:StepThrough","floor":22.0},{"not_picked":["hexamod:StepThrough","hexamod:PhantomCloak","hexamod:NightmareGuise"],"picked":"SKIP","floor":24.0},{"not_picked":["hexamod:NightmareStrike","hexamod:GhostOfSpirePresent"],"picked":"hexamod:GhostShield","floor":25.0},{"not_picked":["hexamod:BurningTouch","hexamod:FastForward"],"picked":"hexamod:GhostflameBarrier","floor":25.0},{"not_picked":["hexamod:ChargedBarrage+1","hexamod:CatchUp","hexamod:HeatMetal"],"picked":"SKIP","floor":28},{"not_picked":["hexamod:Again","hexamod:EtherealExpedition","hexamod:Firestarter"],"picked":"SKIP","floor":28},{"not_picked":["hexamod:BurningTouch","hexamod:FastForward","hexamod:RecurringNightmare"],"picked":"SKIP","floor":29},{"not_picked":["hexamod:GhostShield","hexamod:ThirdSeal","hexamod:FlamesFromBeyond"],"picked":"SKIP","floor":29},{"not_picked":["hexamod:SpectralAdrenaline","hexamod:BurningTouch"],"picked":"hexamod:ExtraCrispy","floor":31},{"not_picked":["hexamod:FlamesFromBeyond","hexamod:EmpoweredFlame","hexamod:NightmareGuise"],"picked":"SKIP","floor":31}],"player_experience":323493,"relics_obtained":[{"floor":7.0,"key":"ReplayTheSpireMod:Lightbulb"},{"floor":9.0,"key":"infinitespire:Satchel"},{"floor":10.0,"key":"Gremlin Food"}],"event_choices":[{"damage_healed":0.0,"max_hp_gain":0.0,"max_hp_loss":0.0,"gold_gain":0.0,"event_name":"Upgrade Shrine","player_choice":"Upgraded","floor":11.0,"gold_loss":0.0,"damage_taken":0.0,"cards_upgraded":["hexamod:ForkedFlame"]},{"cards_removed":["hexamod:ThirdSeal"],"damage_healed":0.0,"max_hp_gain":0.0,"max_hp_loss":0.0,"gold_gain":0.0,"event_name":"betterNote:BetterNote","player_choice":"Take \u0026 Give","floor":19.0,"gold_loss":0.0,"damage_taken":0.0,"cards_obtained":["Analog"]}],"is_beta":false,"boss_relics":[{"not_picked":["SlaversCollar","bronze:MakeshiftBattery"],"picked":"hubris:RunicObelisk"}],"items_purged_floors":[],"is_endless":false,"potions_floor_spawned":[5,7,8,10,14,16,18,22,28,29],"killed_by":"Champ","ascension_level":14}}