{"host":"lv7etzzgwahaenh9","time":1613796696,"event":{"mods":["AchievementEnabler","BaseMod","Colored Map","Colored Powertips","Highlight Path","Minty Spire (QoL Compilation)","Permanent Neow","Quick Restart","Random Character Button","StSLib"],"gold_per_floor":[16,33,48,48,58,58,58,93,93,108,108,134,134,168,168,240,240,258,269,284,209,220,220,247,247,247,247,272,283,309,324,324,324,324],"floor_reached":33,"language":"ENG","playtime":1213,"items_purged":[],"score":589,"play_id":"5cda929d-973d-4326-b786-01bf9f8e76f9","local_time":"20210219205136","is_ascension_mode":true,"campfire_choices":[{"data":"Skewer","floor":6,"key":"SMITH"},{"data":"Noxious Fumes","floor":11,"key":"SMITH"},{"floor":13,"key":"REST"},{"data":"Neutralize","floor":15,"key":"SMITH"},{"floor":23,"key":"REST"},{"floor":25,"key":"REST"},{"data":"Phantasmal Killer","floor":32,"key":"SMITH"}],"circlet_count":0,"master_deck":["AscendersBane","Strike_G","Strike_G","Strike_G","Strike_G","Defend_G","Defend_G","Defend_G","Defend_G","Defend_G","Survivor","Neutralize+1","Skewer+1","Terror","Flying Knee","Dagger Spray","Noxious Fumes+1","Poisoned Stab","Phantasmal Killer+1","Skewer+1"],"relics":["Ring of the Snake","FossilizedHelix","InkBottle","Matryoshka","Potion Belt","Singing Bowl","Unceasing Top","HornCleat","Busted Crown","Red Mask","PreservedInsect","CultistMask","Ancient Tea Set","Smiling Mask"],"acts_visited":["Exordium","TheCity"],"potions_floor_usage":[8,12,18,20,30,33],"damage_taken":[{"damage":0.0,"enemies":"Jaw Worm","floor":1.0,"turns":6.0},{"damage":0,"enemies":"Small Slimes","floor":2,"turns":3},{"damage":0,"enemies":"2 Louse","floor":3,"turns":2},{"damage":0,"enemies":"Looter","floor":5,"turns":4},{"damage":0,"enemies":"Gremlin Nob","floor":8,"turns":2},{"damage":17,"enemies":"Gremlin Gang","floor":10,"turns":5},{"damage":12,"enemies":"3 Sentries","floor":12,"turns":6},{"damage":18,"enemies":"Gremlin Nob","floor":14,"turns":4},{"damage":12,"enemies":"Hexaghost","floor":16,"turns":8},{"damage":20,"enemies":"Spheric Guardian","floor":18,"turns":6},{"damage":1,"enemies":"3 Byrds","floor":19,"turns":5},{"damage":24,"enemies":"Cultist and Chosen","floor":20,"turns":6},{"damage":6,"enemies":"Centurion and Healer","floor":22,"turns":5},{"damage":14,"enemies":"Masked Bandits","floor":24,"turns":5},{"damage":5,"enemies":"Gremlin Leader","floor":28,"turns":4},{"damage":5,"enemies":"Shelled Parasite and Fungi","floor":29,"turns":7},{"damage":15,"enemies":"Slavers","floor":30,"turns":3},{"damage":0,"enemies":"Snake Plant","floor":31,"turns":2},{"damage":52,"enemies":"Automaton","floor":33,"turns":6}],"seed_played":"3933509655097393422","potions_obtained":[{"floor":2,"key":"FearPotion"},{"floor":3,"key":"Strength Potion"},{"floor":16,"key":"Block Potion"},{"floor":18,"key":"AttackPotion"},{"floor":29,"key":"Poison Potion"},{"floor":31,"key":"Weak Potion"}],"is_trial":false,"path_per_floor":["M","M","M","?","M","R","?","E","T","M","R","E","R","E","R","B",null,"M","M","M","?","M","R","?","R","T","?","E","M","E","M","R","B"],"character_chosen":"THE_SILENT","items_purchased":[],"campfire_rested":3,"item_purchase_floors":[],"current_hp_per_floor":[59,59,59,34,34,34,56,56,56,41,41,29,49,33,33,21,58,40,41,19,19,15,38,26,50,50,50,47,42,29,31,31,0,0],"gold":324,"neow_bonus":"ONE_RARE_RELIC","is_daily":false,"chose_seed":false,"campfire_upgraded":4,"win_rate":0.0,"timestamp":1613796696,"path_taken":["M","M","M","?","M","R","?","E","T","M","R","E","R","E","R","BOSS","M","M","M","?","M","R","?","R","T","?","E","M","E","M","R","BOSS"],"items_purchased_type":[],"build_version":"2020-12-22","purchased_purges":0,"victory":false,"max_hp_per_floor":[66,66,66,66,66,66,66,66,66,68,68,68,68,70,70,70,70,72,74,76,76,78,78,80,80,80,80,82,82,84,86,86,86,86],"card_choices":[{"not_picked":["Underhanded Strike","Accuracy"],"picked":"Skewer","floor":1.0},{"not_picked":["PiercingWail","Dagger Throw"],"picked":"Terror","floor":2},{"not_picked":["Blade Dance","Expertise"],"picked":"Flying Knee","floor":3},{"not_picked":["Deadly Poison","Backstab"],"picked":"Dagger Spray","floor":5},{"not_picked":["Prepared","Poisoned Stab"],"picked":"Noxious Fumes","floor":8},{"not_picked":["Predator","Underhanded Strike","Acrobatics"],"picked":"Singing Bowl","floor":10},{"not_picked":["Skewer","Blade Dance"],"picked":"Poisoned Stab","floor":12},{"not_picked":["Blade Dance","Backstab","Flying Knee"],"picked":"Singing Bowl","floor":14},{"not_picked":["Venomology","After Image"],"picked":"Phantasmal Killer","floor":16},{"not_picked":["Prepared"],"picked":"Singing Bowl","floor":18},{"not_picked":["Distraction"],"picked":"Singing Bowl","floor":19},{"not_picked":["Cloak And Dagger"],"picked":"Singing Bowl","floor":20},{"not_picked":["Predator"],"picked":"Singing Bowl","floor":22},{"not_picked":["Dodge and Roll"],"picked":"Singing Bowl","floor":24},{"not_picked":["Quick Slash"],"picked":"Singing Bowl","floor":28},{"not_picked":[],"picked":"Skewer+1","floor":29},{"not_picked":["Dodge and Roll"],"picked":"Singing Bowl","floor":30},{"not_picked":["Cloak And Dagger"],"picked":"Singing Bowl","floor":31}],"player_experience":470068,"relics_obtained":[{"floor":8,"key":"Matryoshka"},{"floor":9,"key":"Potion Belt"},{"floor":9,"key":"Singing Bowl"},{"floor":12,"key":"Unceasing Top"},{"floor":14,"key":"HornCleat"},{"floor":24,"key":"Red Mask"},{"floor":26,"key":"PreservedInsect"},{"floor":28,"key":"Ancient Tea Set"},{"floor":30,"key":"Smiling Mask"}],"event_choices":[{"damage_healed":0,"gold_gain":0,"player_choice":"Success","damage_taken":25,"relics_obtained":["InkBottle"],"max_hp_gain":0,"max_hp_loss":0,"event_name":"Scrap Ooze","floor":4,"gold_loss":0},{"damage_healed":22,"gold_gain":0,"player_choice":"Banana","damage_taken":0,"max_hp_gain":0,"max_hp_loss":0,"event_name":"Big Fish","floor":7,"gold_loss":0},{"cards_removed":["Strike_G"],"damage_healed":0,"gold_gain":0,"player_choice":"Gave Gold","damage_taken":0,"max_hp_gain":0,"max_hp_loss":0,"event_name":"Beggar","floor":21,"gold_loss":75},{"damage_healed":0,"gold_gain":0,"player_choice":"Fought Bandits","damage_taken":0,"max_hp_gain":0,"max_hp_loss":0,"event_name":"Masked Bandits","floor":24,"gold_loss":0},{"damage_healed":0,"gold_gain":0,"player_choice":"Trade","damage_taken":0,"relics_obtained":["CultistMask"],"max_hp_gain":0,"max_hp_loss":0,"event_name":"FaceTrader","floor":27,"gold_loss":0}],"is_beta":false,"boss_relics":[{"not_picked":["WristBlade","Coffee Dripper"],"picked":"Busted Crown"}],"items_purged_floors":[],"is_endless":false,"potions_floor_spawned":[2,3,5,16,18,29,31],"killed_by":"Automaton","ascension_level":14}}