{"host":"fhwr1fuluf6086fh","time":1613847015,"event":{"mods":["2.2 Compatiblity","Act Like it!","BaseMod","Colored Map","Downfall","Elementarium","Minty Spire (QoL Compilation)","StSLib"],"gold_per_floor":[99,115,127,143,162,179,179,198,215,226,256,256,273,304,323,420,420,320,331,349,349,6,25,48,48,77,77,177,192,209,241,251,347,347,247,262,272,19,34,88,88,138,138,138,155,155,155,171,190,190,190,190],"floor_reached":50,"language":"ENG","playtime":50375,"items_purged":["bronze:Strike","bronze:Strike"],"score":579,"play_id":"7cf7700b-2cd8-4069-8152-cc45b87abbf1","local_time":"20210220135015","is_ascension_mode":false,"campfire_choices":[{"data":"bronze:Goto","floor":1,"key":"SMITH"},{"floor":18,"key":"RECALL"},{"data":"bronze:FollowUp","floor":27,"key":"SMITH"},{"data":"bronze:FollowUp","floor":35,"key":"SMITH"},{"floor":43,"key":"REST"},{"floor":47,"key":"REST"}],"circlet_count":0,"master_deck":["bronze:Strike","bronze:Strike","bronze:Defend","bronze:Defend","bronze:Defend","bronze:Defend","bronze:Replicate","bronze:Goto+1","bronze:Invalidate","bronze:BronzeOrb","bronze:Constructor","bronze:Repair","bronze:Branch","bronze:BronzeOrb","bronze:Branch","bronze:Iterate","bronze:RecursiveStrike","bronze:FollowUp+1","bronze:Separator","bronze:Branch","bronze:Optimize","bronze:Assembly","bronze:ChosenStrike","bronze:Invalidate","bronze:Repulsor+1","bronze:FollowUp+1","bronze:FollowUp","bronze:Philosophize","bronze:Shell+1","bronze:Deprecate","bronze:ThunderWave","bronze:BronzeOrb+1","bronze:BronzeArmor+1","bronze:Philosophize+1","bronze:ForceShield","bronze:ClassDefault","bronze:Frontload+1","bronze:Optimize+1","bronze:Terminator+1","expansioncontent:AwakenDeath","expansioncontent:Chronoboost","bronze:ClassDefault+1","bronze:FineTuning+1"],"relics":["bronze:PlatinumCore","Meat on the Bone","Turnip","Singing Bowl","Sozu","downfall:HeartBlessingGreen","Gremlin Horn","PreservedInsect","Boot","MealTicket","downfall:HeartBlessingRed","Gambling Chip","Molten Egg 2","Du-Vu Doll"],"acts_visited":["Exordium","TheCity","TheBeyond"],"potions_floor_usage":[11,14,16,16,26],"damage_taken":[{"damage":5,"enemies":"2 Louse","floor":2,"turns":3},{"damage":0,"enemies":"Jaw Worm","floor":3,"turns":5},{"damage":0,"enemies":"Cultist","floor":4,"turns":3},{"damage":6,"enemies":"2 Fungi Beasts","floor":5,"turns":7},{"damage":4,"enemies":"3 Louse","floor":6,"turns":5},{"damage":0,"enemies":"Gremlin Gang","floor":8,"turns":5},{"damage":0,"enemies":"Lots of Slimes","floor":9,"turns":6},{"damage":2,"enemies":"Blue Slaver","floor":10,"turns":3},{"damage":9,"enemies":"Gremlin Nob","floor":11,"turns":4},{"damage":2,"enemies":"3 Louse","floor":13,"turns":4},{"damage":0,"enemies":"Lagavulin","floor":14,"turns":5},{"damage":0,"enemies":"Exordium Wildlife","floor":15,"turns":3},{"damage":29,"enemies":"DF_ARCHETYPE_STREAMLINE","floor":16,"turns":11},{"damage":0,"enemies":"3 Byrds","floor":19,"turns":5},{"damage":0,"enemies":"Shell Parasite","floor":20,"turns":3},{"damage":0,"enemies":"downfall:FleeingMerchant","floor":22,"turns":4},{"damage":2,"enemies":"Shelled Parasite and Fungi","floor":23,"turns":5},{"damage":0,"enemies":"Gremlin Leader","floor":26,"turns":4},{"damage":6,"enemies":"Snecko","floor":29,"turns":4},{"damage":9,"enemies":"Snake Plant","floor":30,"turns":3},{"damage":3,"enemies":"Book of Stabbing","floor":31,"turns":4},{"damage":0,"enemies":"Shelled Parasite and Fungi","floor":32,"turns":4},{"damage":50,"enemies":"WA_ARCHETYPE_CALM","floor":33,"turns":9},{"damage":0,"enemies":"3 Shapes","floor":36,"turns":4},{"damage":0,"enemies":"3 Darklings","floor":37,"turns":4},{"damage":1,"enemies":"downfall:FleeingMerchant","floor":38,"turns":4},{"damage":20,"enemies":"Transient","floor":39,"turns":5},{"damage":28,"enemies":"2 Orb Walkers","floor":40,"turns":7},{"damage":18,"enemies":"2 Orb Walkers","floor":42,"turns":5},{"damage":51,"enemies":"Writhing Mass","floor":45,"turns":5},{"damage":0,"enemies":"Sphere and 2 Shapes","floor":48,"turns":5},{"damage":44,"enemies":"Jaw Worm Horde","floor":49,"turns":7},{"damage":79,"enemies":"IC_BLOCK_ARCHETYPE","floor":50,"turns":4}],"seed_played":"-5576307876333371652","potions_obtained":[{"floor":3,"key":"Strength Potion"},{"floor":5,"key":"SpeedPotion"},{"floor":10,"key":"Weak Potion"},{"floor":11,"key":"DistilledChaos"},{"floor":13,"key":"Weak Potion"},{"floor":16,"key":"GamblersBrew"}],"is_trial":false,"path_per_floor":["R","M","M","M","M","M","T","M","M","M","E","?","M","E","M","B",null,"R","M","M","?","$","M","T","?","E","R","?","M","M","E","M","B",null,"R","M","M","$","M","?","T","?","R","?","M","?","R","M","M","B"],"character_chosen":"THE_AUTOMATON","items_purchased":["Gremlin Horn","bronze:ForceShield","bronze:ClassDefault"],"campfire_rested":2,"item_purchase_floors":[22,38,38],"current_hp_per_floor":[70,65,65,65,59,62,62,69,70,68,59,59,57,64,64,45,70,70,70,70,70,72,70,70,70,72,72,72,66,57,64,71,33,72,72,72,72,71,52,65,65,57,72,67,38,38,59,69,49,0,0,0],"gold":190,"neow_bonus":"THREE_CARDS","is_daily":false,"chose_seed":false,"campfire_upgraded":3,"win_rate":0.0,"timestamp":1613847015,"path_taken":["R","M","M","M","M","M","T","M","M","M","E","?","M","E","M","BOSS","R","M","M","?","$","?","T","?","E","R","?","?","?","E","M","BOSS","R","M","M","$","M","?","T","?","R","?","M","?","R","M","M","BOSS"],"items_purchased_type":["Relic","Card","Card"],"build_version":"2020-12-22","purchased_purges":2,"victory":false,"max_hp_per_floor":[70,70,70,70,70,70,70,70,70,70,70,70,70,70,70,70,70,70,70,70,70,72,72,72,72,72,72,72,72,72,72,72,72,72,72,72,72,72,72,72,72,72,72,72,72,72,72,72,74,74,74,74],"card_choices":[{"not_picked":["bronze:DarkDash","bronze:BitShift"],"picked":"bronze:Invalidate","floor":0},{"not_picked":["bronze:Deprecate","bronze:Invalidate"],"picked":"bronze:BronzeOrb","floor":2},{"not_picked":["bronze:BitShift","bronze:Turbo"],"picked":"bronze:Constructor","floor":3},{"not_picked":["bronze:BitShift","bronze:Return"],"picked":"bronze:Repair","floor":4},{"not_picked":["bronze:FineTuning","bronze:WhirlingStrike"],"picked":"bronze:Branch","floor":5},{"not_picked":["bronze:Constructor","bronze:Shield"],"picked":"bronze:BronzeOrb","floor":6},{"not_picked":["bronze:Shield","bronze:Invalidate"],"picked":"bronze:Branch","floor":8},{"not_picked":["bronze:Shield","bronze:GetLatest"],"picked":"bronze:Iterate","floor":9},{"not_picked":["bronze:WhirlingStrike","bronze:OilSpill"],"picked":"bronze:RecursiveStrike","floor":10},{"not_picked":["bronze:Philosophize","bronze:NullPointer"],"picked":"bronze:FollowUp","floor":11},{"not_picked":["bronze:BugBarrage","bronze:Frontload"],"picked":"bronze:Separator","floor":13},{"not_picked":["bronze:BurnOut","bronze:OilSpill"],"picked":"bronze:Branch","floor":14},{"not_picked":["bronze:ItsAFeature","bronze:Flail"],"picked":"bronze:Optimize","floor":15},{"not_picked":["bronze:FindAndReplace","bronze:Verify"],"picked":"bronze:Assembly","floor":16},{"not_picked":["bronze:BuggyMess","bronze:DarkDash+1"],"picked":"bronze:ChosenStrike","floor":19},{"not_picked":["bronze:DarkDash","bronze:BuggyMess"],"picked":"bronze:Invalidate","floor":20},{"not_picked":["bronze:OilSpill","bronze:BugBarrage+1","bronze:BuggyMess"],"picked":"Singing Bowl","floor":22},{"not_picked":["bronze:WildBeam+1","bronze:BronzeArmor"],"picked":"bronze:Repulsor+1","floor":23},{"not_picked":["bronze:ShipIt","bronze:Invalidate"],"picked":"bronze:FollowUp","floor":26},{"not_picked":["bronze:DelayedSlice","bronze:Overload"],"picked":"bronze:Philosophize","floor":29},{"not_picked":["bronze:WhirlingStrike","bronze:Invalidate"],"picked":"bronze:Shell+1","floor":30},{"not_picked":["bronze:Overheat+1","bronze:BitShift"],"picked":"bronze:ClassDefault","floor":31},{"not_picked":["bronze:RecursiveStrike","bronze:OilSpill"],"picked":"bronze:Deprecate","floor":32},{"not_picked":["bronze:Break","bronze:ShipIt"],"picked":"bronze:ThunderWave","floor":33},{"not_picked":["bronze:DarkDash","bronze:Philosophize"],"picked":"bronze:BronzeOrb+1","floor":36},{"not_picked":["bronze:BitShift","bronze:ChosenStrike+1"],"picked":"bronze:BronzeArmor+1","floor":37},{"not_picked":["bronze:BuggyMess","bronze:AlphaBuild"],"picked":"bronze:Philosophize+1","floor":38},{"not_picked":["bronze:CloningBeam","bronze:ForLoop"],"picked":"bronze:Frontload+1","floor":39},{"not_picked":["bronze:MaxOutput","bronze:Overload+1"],"picked":"bronze:Optimize+1","floor":40},{"not_picked":["bronze:Iterate+1","bronze:ClassDefault"],"picked":"bronze:Terminator+1","floor":42},{"not_picked":["expansioncontent:LastStand","expansioncontent:Hexaburn"],"picked":"expansioncontent:AwakenDeath","floor":44},{"not_picked":["expansioncontent:AwakenDeath","expansioncontent:LastStand"],"picked":"expansioncontent:Chronoboost","floor":44},{"not_picked":["bronze:OilSpill+1","bronze:Branch+1"],"picked":"bronze:ClassDefault+1","floor":45},{"not_picked":["bronze:Repulsor","bronze:Iterate+1"],"picked":"bronze:FineTuning+1","floor":48},{"not_picked":["bronze:AlphaBuild+1","bronze:Overheat+1","bronze:Safeguard+1"],"picked":"Singing Bowl","floor":49}],"player_experience":970280,"relics_obtained":[{"floor":7,"key":"Meat on the Bone"},{"floor":11,"key":"Turnip"},{"floor":14,"key":"Singing Bowl"},{"floor":24,"key":"PreservedInsect"},{"floor":26,"key":"Boot"},{"floor":31,"key":"MealTicket"},{"floor":40,"key":"Gambling Chip"},{"floor":41,"key":"Molten Egg 2"},{"floor":42,"key":"Du-Vu Doll"}],"event_choices":[{"damage_healed":0,"gold_gain":0,"player_choice":"Got Potions","damage_taken":0,"max_hp_gain":0,"max_hp_loss":0,"event_name":"Lab","floor":21,"gold_loss":0},{"damage_healed":0,"gold_gain":0,"player_choice":"Read","damage_taken":0,"max_hp_gain":0,"max_hp_loss":0,"event_name":"The Library","floor":25,"gold_loss":0,"cards_obtained":["bronze:FollowUp"]},{"damage_healed":0,"gold_gain":0,"player_choice":"Fight","damage_taken":0,"max_hp_gain":0,"max_hp_loss":0,"event_name":"Mysterious Sphere","floor":40,"gold_loss":0},{"cards_removed":["bronze:ClassDefault"],"damage_healed":0,"gold_gain":0,"player_choice":"Removed Power","damage_taken":0,"max_hp_gain":0,"max_hp_loss":0,"event_name":"Falling","floor":46,"gold_loss":0}],"is_beta":false,"boss_relics":[{"not_picked":["bronze:MakeshiftBattery","Fusion Hammer"],"picked":"Sozu"},{"not_picked":["Velvet Choker","Busted Crown"],"picked":"bronze:PlatinumCore"}],"items_purged_floors":[22,38],"is_endless":false,"potions_floor_spawned":[3,5,10,11,13,16,19,23,26,31,32,33,37,40,42,45,49],"killed_by":"IC_BLOCK_ARCHETYPE","ascension_level":0}}