{"host":"ynimr9ugvc6f046i","time":1613829058,"event":{"mods":["2.2 Compatiblity","BaseMod","Colored Map","DeckTracker","Highlight Path","Keyboard Shortcuts","Minty Spire (QoL Compilation)","Permanent Neow","Quick Restart","StSLib","SuperFastMode"],"gold_per_floor":[17,34,47,47,66,95,95,105,176,176,196,211,239,256,256,256,256],"floor_reached":16,"language":"KOR","playtime":464,"items_purged":[],"score":232,"play_id":"f3b68ede-b8c8-4659-b320-d84d02614c99","local_time":"20210220225058","is_ascension_mode":true,"campfire_choices":[{"data":"Apotheosis","floor":7.0,"key":"SMITH"},{"floor":15.0,"key":"REST"}],"circlet_count":0,"master_deck":["AscendersBane","Strike_R","Strike_R","Strike_R","Strike_R","Strike_R","Defend_R","Defend_R","Defend_R","Defend_R","Bash","Apotheosis+1","Sword Boomerang","Shockwave","Body Slam","Pain","Power Through","Barricade","Entrench"],"relics":["Burning Blood","TungstenRod","Eternal Feather","WarpedTongs","Prayer Wheel"],"acts_visited":["Exordium"],"potions_floor_usage":[],"damage_taken":[{"damage":4.0,"enemies":"2 Louse","floor":1.0,"turns":4.0},{"damage":2.0,"enemies":"Jaw Worm","floor":2.0,"turns":5.0},{"damage":8.0,"enemies":"Cultist","floor":3.0,"turns":4.0},{"damage":4.0,"enemies":"Large Slime","floor":5.0,"turns":6.0},{"damage":37.0,"enemies":"3 Sentries","floor":6.0,"turns":9.0},{"damage":11.0,"enemies":"Gremlin Gang","floor":8.0,"turns":7.0},{"damage":5.0,"enemies":"Looter","floor":11.0,"turns":4.0},{"damage":23.0,"enemies":"Large Slime","floor":12.0,"turns":7.0},{"damage":5.0,"enemies":"Gremlin Nob","floor":13.0,"turns":4.0},{"damage":23.0,"enemies":"Exordium Thugs","floor":14.0,"turns":6.0},{"damage":46,"enemies":"Slime Boss","floor":16,"turns":17}],"seed_played":"5392135073969075320","potions_obtained":[{"floor":1.0,"key":"Block Potion"},{"floor":8.0,"key":"ElixirPotion"},{"floor":11.0,"key":"Energy Potion"}],"is_trial":false,"path_per_floor":["M","M","M","?","M","E","R","M","T","?","M","M","E","M","R","B"],"character_chosen":"IRONCLAD","items_purchased":[],"campfire_rested":1,"item_purchase_floors":[],"current_hp_per_floor":[70,74,72,77,79,48,48,43,43,43,44,27,28,11,44,0,0],"gold":256,"neow_bonus":"RANDOM_COLORLESS_2","is_daily":false,"chose_seed":false,"campfire_upgraded":1,"win_rate":0.0,"timestamp":1613829058,"path_taken":["M","M","M","?","M","E","R","M","T","?","?","M","E","M","R","BOSS"],"items_purchased_type":[],"build_version":"2020-12-22","purchased_purges":0,"victory":false,"max_hp_per_floor":[75,75,75,80,80,80,80,80,80,80,80,80,80,80,80,80,80],"card_choices":[{"not_picked":["Body Slam","Searing Blow"],"picked":"Sword Boomerang","floor":1.0},{"not_picked":["Bloodletting","Searing Blow"],"picked":"Shockwave","floor":2.0},{"not_picked":["True Grit","Heavy Blade","Dual Wield"],"picked":"SKIP","floor":3.0},{"not_picked":["Heavy Blade","Clothesline","Headbutt"],"picked":"SKIP","floor":5.0},{"not_picked":["Uppercut","Metallicize","Warcry"],"picked":"SKIP","floor":6.0},{"not_picked":["Infernal Blade","Clash"],"picked":"Body Slam","floor":8.0},{"not_picked":["Rampage","Headbutt"],"picked":"Power Through","floor":11.0},{"not_picked":["Flex","Armaments","Rage"],"picked":"SKIP","floor":12.0},{"not_picked":["Clash","Reaper"],"picked":"Barricade","floor":13.0},{"not_picked":["Twin Strike","Evolve"],"picked":"Entrench","floor":14.0},{"not_picked":["Pummel","Clothesline","Headbutt"],"picked":"SKIP","floor":14.0}],"player_experience":584690,"relics_obtained":[{"floor":6.0,"key":"TungstenRod"},{"floor":9.0,"key":"Eternal Feather"},{"floor":13.0,"key":"Prayer Wheel"}],"event_choices":[{"damage_healed":0.0,"max_hp_gain":5.0,"max_hp_loss":0.0,"gold_gain":0.0,"event_name":"Big Fish","player_choice":"Donut","floor":4.0,"gold_loss":0.0,"damage_taken":0.0},{"damage_healed":0.0,"max_hp_gain":0.0,"max_hp_loss":0.0,"gold_gain":0.0,"event_name":"Accursed Blacksmith","player_choice":"Rummage","floor":10.0,"gold_loss":0.0,"damage_taken":0.0,"relics_obtained":["WarpedTongs"],"cards_obtained":["Pain"]}],"is_beta":false,"boss_relics":[],"items_purged_floors":[],"is_endless":false,"potions_floor_spawned":[1,8,11,13],"killed_by":"Slime Boss","ascension_level":20}}