{"host":"xr2w6q7a088fu8w2","time":1613810176,"event":{"mods":["AchievementEnabler","BaseMod","Colored Powertips","Good Game Mod","Mimic Mod","Minty Spire (QoL Compilation)","MostiFishMod","Reliquary","StSLib","UnlockEverythingMod"],"gold_per_floor":[209,61,73,91,91,91,118,131,131,145,145,159,159,190,190,289,289,309,326,154,174,174,174,205,205,205,24,50,50,80,91,91,193,193,205,223,223,238,251,251,-1274,-1274,-1274,-1246,-1246,-1232,-1219,-1219,-1219,-1219,-1219,-1219,-1219,-1193,-1193],"floor_reached":56,"language":"ZHS","playtime":1496,"items_purged":["Strike_G","Defend_G","Strike_G"],"score":1627,"play_id":"cab4d52a-3166-4edb-b0d1-6f8eda42e441","local_time":"20210220163616","is_ascension_mode":false,"campfire_choices":[{"floor":6,"key":"RECALL"},{"data":"MostiFishMod:StarWish","floor":11,"key":"SMITH"},{"data":"Bane","floor":13,"key":"SMITH"},{"data":"Poisoned Stab","floor":15,"key":"SMITH"},{"data":"Deflect","floor":23,"key":"SMITH"},{"data":"Flying Knee","floor":32,"key":"SMITH"},{"data":"Survivor","floor":40,"key":"SMITH"},{"data":"Neutralize","floor":42,"key":"SMITH"},{"data":"Defend_G","floor":45,"key":"SMITH"},{"data":"Defend_G","floor":49,"key":"SMITH"},{"data":"Defend_G","floor":52,"key":"SMITH"}],"circlet_count":0,"master_deck":["Strike_G","Strike_G","Strike_G","Defend_G+1","Defend_G+1","Defend_G+1","Survivor+1","Neutralize+1","MostiFishMod:StarWish+1","Poisoned Stab+1","Sucker Punch+1","Bane+1","Flying Knee+1","Deflect+1","Backstab+1"],"relics":["Ring of the Serpent","REME:ComplimentaryCards","DaveBox","ExusiaiGun","SynthV:TestCard","Vajra","Pantograph","Mercury Hourglass","Omamori","Enchiridion","Boot","Akabeko","Whetstone","RhineCircuit","SynthV:MejaisSoulstealer","Toxic Egg 2","Bronze Scales","Red Mask","Toy Ornithopter"],"acts_visited":["Exordium","TheCity","TheBeyond","TheEnding"],"potions_floor_usage":[7,12,16,18,33,55,55,55],"damage_taken":[{"damage":0,"enemies":"Cultist","floor":1,"turns":1},{"damage":0,"enemies":"Small Slimes","floor":3,"turns":2},{"damage":0,"enemies":"2 Louse","floor":4,"turns":1},{"damage":0,"enemies":"3 Sentries","floor":7,"turns":2},{"damage":0,"enemies":"Exordium Wildlife","floor":8,"turns":1},{"damage":0,"enemies":"Looter","floor":10,"turns":1},{"damage":0,"enemies":"Large Slime","floor":12,"turns":1},{"damage":0,"enemies":"Lagavulin","floor":14,"turns":1},{"damage":0,"enemies":"The Guardian","floor":16,"turns":1},{"damage":0,"enemies":"2 Thieves","floor":18,"turns":1},{"damage":1,"enemies":"Chosen","floor":19,"turns":2},{"damage":0,"enemies":"Sentry and Sphere","floor":21,"turns":2},{"damage":8,"enemies":"Book of Stabbing","floor":24,"turns":2},{"damage":7,"enemies":"Slavers","floor":30,"turns":2},{"damage":0,"enemies":"Chosen and Byrds","floor":31,"turns":1},{"damage":0,"enemies":"Automaton","floor":33,"turns":1},{"damage":0,"enemies":"Orb Walker","floor":35,"turns":1},{"damage":0,"enemies":"3 Shapes","floor":36,"turns":2},{"damage":0,"enemies":"Writhing Mass","floor":38,"turns":2},{"damage":0,"enemies":"3 Darklings","floor":39,"turns":1},{"damage":0,"enemies":"Giant Head","floor":44,"turns":2},{"damage":0,"enemies":"Maw","floor":46,"turns":2},{"damage":0,"enemies":"Writhing Mass","floor":47,"turns":1},{"damage":0,"enemies":"Donu and Deca","floor":50,"turns":5},{"damage":0,"enemies":"Shield and Spear","floor":54,"turns":2},{"damage":62,"enemies":"The Heart","floor":55,"turns":8}],"seed_played":"133774859523300995","potions_obtained":[{"floor":3,"key":"Fire Potion"},{"floor":7,"key":"ColorlessPotion"},{"floor":8,"key":"Energy Potion"},{"floor":10,"key":"SteroidPotion"},{"floor":30,"key":"Swift Potion"},{"floor":33,"key":"Block Potion"},{"floor":36,"key":"Dexterity Potion"}],"is_trial":false,"path_per_floor":["M","$","M","M","?","R","E","M","T","M","R","M","R","E","R","B",null,"M","M","$","M","?","R","E","?","T","$","T","$","E","M","R","B",null,"M","M","?","M","M","R","$","R","T","E","R","M","M","?","R","B",null,"R","$","E","B",null],"character_chosen":"THE_SILENT","items_purchased":["Vajra","GhostInAJar","Backstab","SynthV:MejaisSoulstealer"],"campfire_rested":0,"item_purchase_floors":[2,20,27,41],"current_hp_per_floor":[70,70,70,70,63,63,63,63,63,63,63,63,63,63,63,70,70,70,69,69,69,69,69,61,45,45,45,45,45,38,38,38,63,70,70,70,66,66,66,66,66,66,66,66,66,66,66,66,66,66,66,66,66,66,15],"gold":-1193,"neow_bonus":"HUNDRED_GOLD","is_daily":false,"chose_seed":false,"campfire_upgraded":10,"win_rate":0.0,"timestamp":1613810176,"path_taken":["M","$","M","M","?","R","E","M","T","M","R","M","R","E","R","BOSS","M","M","$","M","?","R","E","?","T","$","?","?","E","M","R","BOSS","M","M","?","M","M","R","$","R","T","E","R","M","M","?","R","BOSS","R","$","E","BOSS"],"items_purchased_type":["Relic","Potion","Card","Relic"],"build_version":"2020-12-22","purchased_purges":3,"victory":true,"max_hp_per_floor":[70,70,70,70,70,70,70,70,70,70,70,70,70,70,70,70,70,70,70,70,70,70,70,70,70,70,70,70,70,70,70,70,70,70,70,70,66,66,66,66,66,66,66,66,66,66,66,66,66,66,66,66,66,66,66],"card_choices":[{"not_picked":["Slice","Acrobatics","Endless Agony"],"picked":"SKIP","floor":1},{"not_picked":["Masterful Stab","PiercingWail","Dagger Throw","MostiFishMod:PreservedThorns","Riddle With Holes"],"picked":"SKIP","floor":3},{"not_picked":["Slice","PiercingWail","Dagger Spray","Crippling Poison","MostiFishMod:PerfectParry"],"picked":"SKIP","floor":4},{"not_picked":["Leg Sweep","Accuracy","MostiFishMod:Listen","Acrobatics"],"picked":"Poisoned Stab","floor":7},{"not_picked":["Masterful Stab","Slice","MostiFishMod:VineMother","Deadly Poison"],"picked":"Sucker Punch","floor":8},{"not_picked":["A Thousand Cuts","Dodge and Roll","Outmaneuver","Prepared"],"picked":"Bane","floor":10},{"not_picked":["Noxious Fumes","Blade Dance","Deadly Poison","Bane","Acrobatics"],"picked":"SKIP","floor":12},{"not_picked":["Predator","PiercingWail","Deadly Poison","Deflect"],"picked":"Flying Knee","floor":14},{"not_picked":["Dagger Throw","Tactician","Sucker Punch","MostiFishMod:PerfectParry","Reflex"],"picked":"SKIP","floor":18},{"not_picked":["Deadly Poison","Prepared+1","Dodge and Roll","Underhanded Strike","MostiFishMod:InvigoratingSolution"],"picked":"SKIP","floor":19},{"not_picked":["MostiFishMod:Dislodge","Setup","Dagger Spray","MostiFishMod:PerfectParry+1","Deadly Poison"],"picked":"SKIP","floor":21},{"not_picked":["Malaise","Masterful Stab","Quick Slash","Flying Knee","Slice"],"picked":"SKIP","floor":24},{"not_picked":["Flying Knee+1","Accuracy+1","MostiFishMod:PerfectParry+1","Acrobatics","Distraction"],"picked":"SKIP","floor":30},{"not_picked":["Outmaneuver","Dagger Throw","MostiFishMod:PerfectParry+1","Concentrate","Deflect+1"],"picked":"SKIP","floor":31},{"not_picked":["Slice","Deflect","Heel Hook","Dagger Throw","Acrobatics+1"],"picked":"SKIP","floor":35},{"not_picked":["Quick Slash+1","MostiFishMod:Wind","Tactician","Sucker Punch+1","Bane"],"picked":"SKIP","floor":36},{"not_picked":["Deflect","Dagger Throw","Footwork+1","MostiFishMod:ShivMaster","Concentrate"],"picked":"SKIP","floor":38},{"not_picked":["Eviscerate+1","Well Laid Plans+1","Escape Plan","Deflect+1","Slice+1"],"picked":"SKIP","floor":39},{"not_picked":["Bane","Eviscerate+1","Underhanded Strike","MostiFishMod:Neurotoxin","Sucker Punch+1"],"picked":"SKIP","floor":44},{"not_picked":["Eviscerate+1","MostiFishMod:ThornCasing","Blade Dance+1","Dagger Spray","Dodge and Roll+1"],"picked":"SKIP","floor":46},{"not_picked":["PiercingWail+1","Expertise+1","Blade Dance+1","Deadly Poison+1","Quick Slash+1"],"picked":"SKIP","floor":47},{"not_picked":["Cloak And Dagger+1","MostiFishMod:WinterMarkForm","Deadly Poison+1","Deflect+1","MostiFishMod:PerfectParry+1"],"picked":"SKIP","floor":54}],"player_experience":125875,"relics_obtained":[{"floor":1,"key":"SynthV:TestCard"},{"floor":7,"key":"Pantograph"},{"floor":14,"key":"Mercury Hourglass"},{"floor":24,"key":"Omamori"},{"floor":25,"key":"Enchiridion"},{"floor":26,"key":"Boot"},{"floor":28,"key":"Akabeko"},{"floor":30,"key":"Whetstone"},{"floor":43,"key":"Toxic Egg 2"},{"floor":44,"key":"Bronze Scales"},{"floor":54,"key":"Toy Ornithopter"}],"event_choices":[{"cards_removed":["Defend_G"],"damage_healed":0,"gold_gain":0,"player_choice":"Card Removal","damage_taken":7,"max_hp_gain":0,"max_hp_loss":0,"event_name":"Golden Wing","floor":5,"gold_loss":0},{"damage_healed":0,"gold_gain":0,"player_choice":"Read","damage_taken":0,"max_hp_gain":0,"max_hp_loss":0,"event_name":"The Library","floor":22,"gold_loss":0,"cards_obtained":["Deflect"]},{"damage_healed":0,"gold_gain":0,"player_choice":"Obtained Book","damage_taken":16,"max_hp_gain":0,"max_hp_loss":0,"event_name":"Cursed Tome","floor":25,"gold_loss":0},{"damage_healed":0,"gold_gain":0,"player_choice":"Max HP","damage_taken":0,"max_hp_gain":0,"max_hp_loss":4,"event_name":"Winding Halls","floor":37,"gold_loss":0},{"damage_healed":0,"gold_gain":0,"player_choice":"Paid","damage_taken":0,"relics_obtained":["Red Mask"],"max_hp_gain":0,"max_hp_loss":0,"event_name":"Tomb of Lord Red Mask","floor":48,"gold_loss":-1219}],"is_beta":false,"boss_relics":[{"not_picked":["Ectoplasm","RhineFirstAidKit"],"picked":"Ring of the Serpent"},{"not_picked":["MoonlightInvasionPlan","GreenFoldingFan"],"picked":"RhineCircuit"}],"items_purged_floors":[20,27,41],"is_endless":false,"potions_floor_spawned":[3,7,8,10,30,33,36,38,54],"ascension_level":0}}