{"host":"og6lam4kt3nibbw0","time":1613848377,"event":{"mods":["AchievementEnabler","BaseMod","Colored Map","DeckTracker","Highlight Path","Keyboard Shortcuts","Minty Spire (QoL Compilation)","Permanent Neow","Quick Restart","StSLib","SuperFastMode"],"gold_per_floor":[110,120,36,47,47,67,17,28,28,28,48,63,98,113,113,184,184,204,254,266,28,48,76,76,101,101,115,140,140,175,175,175,246,246,258,272,327,346,371,402,402,402,402,421,452,452,199,232,232,232,232],"floor_reached":52,"language":"KOR","playtime":1635,"items_purged":["Strike_R"],"score":2819,"play_id":"2f0e0992-e1b4-43d1-bc41-4b04e9080996","local_time":"20210221041257","is_ascension_mode":true,"campfire_choices":[{"data":"Feel No Pain","floor":10.0,"key":"SMITH"},{"floor":15.0,"key":"DIG"},{"floor":24.0,"key":"DIG"},{"floor":32,"key":"DIG"},{"floor":41,"key":"DIG"},{"floor":46,"key":"DIG"},{"floor":49,"key":"DIG"}],"circlet_count":0,"master_deck":["AscendersBane","Strike_R","Strike_R","Strike_R","Defend_R+1","Defend_R","Defend_R","Defend_R+1","Bash","Corruption","Feel No Pain+1","Pommel Strike","Pummel","Intimidate","Warcry","Havoc","Sentinel","Juggernaut","Shrug It Off","Havoc","Reaper","Pommel Strike+1","True Grit+1","Shockwave+1","Second Wind+1","Havoc+1","True Grit+1","Panacea+1"],"relics":["Black Blood","NeowsBlessing","Dead Branch","Mango","Magic Flower","Shovel","Gambling Chip","Membership Card","Toxic Egg 2","InkBottle","Darkstone Periapt","Kunai","Letter Opener","Sundial","Calipers","Black Star","Ice Cream","Du-Vu Doll","Art of War","Oddly Smooth Stone","Mercury Hourglass","HornCleat","War Paint","Strawberry","Ancient Tea Set","Torii","White Beast Statue","Frozen Egg 2","Bronze Scales"],"acts_visited":["Exordium","TheCity","TheBeyond"],"potions_floor_usage":[25],"damage_taken":[{"damage":0.0,"enemies":"2 Louse","floor":1.0,"turns":1.0},{"damage":0.0,"enemies":"Cultist","floor":2.0,"turns":1.0},{"damage":0.0,"enemies":"Jaw Worm","floor":4.0,"turns":1.0},{"damage":22.0,"enemies":"3 Louse","floor":6.0,"turns":5.0},{"damage":14.0,"enemies":"Red Slaver","floor":8.0,"turns":3.0},{"damage":12.0,"enemies":"Looter","floor":11.0,"turns":3.0},{"damage":10.0,"enemies":"Blue Slaver","floor":12.0,"turns":5.0},{"damage":6.0,"enemies":"Lagavulin","floor":13.0,"turns":7.0},{"damage":19.0,"enemies":"Large Slime","floor":14.0,"turns":3.0},{"damage":12.0,"enemies":"The Guardian","floor":16.0,"turns":5.0},{"damage":0.0,"enemies":"Spheric Guardian","floor":18.0,"turns":5.0},{"damage":12.0,"enemies":"2 Thieves","floor":20.0,"turns":4.0},{"damage":22.0,"enemies":"Snecko","floor":22.0,"turns":5.0},{"damage":60.0,"enemies":"Slavers","floor":23.0,"turns":6.0},{"damage":2,"enemies":"Book of Stabbing","floor":25,"turns":3},{"damage":33,"enemies":"Shelled Parasite and Fungi","floor":27,"turns":3},{"damage":29,"enemies":"Slavers","floor":28,"turns":3},{"damage":0,"enemies":"Gremlin Leader","floor":30,"turns":4},{"damage":29,"enemies":"Collector","floor":33,"turns":5},{"damage":0,"enemies":"3 Darklings","floor":35,"turns":1},{"damage":0,"enemies":"3 Shapes","floor":36,"turns":1},{"damage":0,"enemies":"2 Orb Walkers","floor":37,"turns":1},{"damage":0,"enemies":"Sphere and 2 Shapes","floor":38,"turns":1},{"damage":0,"enemies":"Mind Bloom Boss Battle","floor":39,"turns":1},{"damage":0,"enemies":"Reptomancer","floor":40,"turns":1},{"damage":0,"enemies":"Spire Growth","floor":44,"turns":1},{"damage":0,"enemies":"Giant Head","floor":45,"turns":1},{"damage":0,"enemies":"Reptomancer","floor":48,"turns":1},{"damage":0,"enemies":"Donu and Deca","floor":50,"turns":1},{"damage":10,"enemies":"Time Eater","floor":51,"turns":10}],"seed_played":"-5456100937523936235","potions_obtained":[{"floor":6.0,"key":"Dexterity Potion"},{"floor":8.0,"key":"Weak Potion"},{"floor":12.0,"key":"GamblersBrew"},{"floor":27,"key":"AttackPotion"}],"is_trial":false,"path_per_floor":["M","M","?","M","$","M","$","M","T","R","M","M","E","M","R","B",null,"M","?","M","$","M","E","R","E","T","M","E","?","E","?","R","B",null,"M","M","?","M","?","E","R","T","T","M","E","R","$","E","R","B","B",null],"character_chosen":"IRONCLAD","items_purchased":["Warcry","Membership Card","Reaper","Torii","Panacea+1"],"campfire_rested":0,"item_purchase_floors":[7,21,21,47,47],"current_hp_per_floor":[74,75,89,89,89,73,73,65,65,65,62,61,64,54,54,51,80,89,89,89,89,89,47,47,75,75,72,79,79,89,89,89,78,86,89,89,89,89,89,89,89,89,89,89,96,96,96,96,96,96,96],"gold":232,"neow_bonus":"THREE_ENEMY_KILL","is_daily":false,"chose_seed":false,"campfire_upgraded":1,"win_rate":0.0,"timestamp":1613848377,"path_taken":["M","M","?","M","?","M","$","M","T","R","M","M","E","?","R","BOSS","M","?","M","$","M","E","R","E","T","M","E","?","E","?","R","BOSS","M","M","?","M","?","E","R","?","T","M","E","R","?","E","R","BOSS","BOSS"],"items_purchased_type":["Card","Relic","Card","Relic","Card"],"build_version":"2020-12-22","purchased_purges":1,"victory":true,"max_hp_per_floor":[75,75,89,89,89,89,89,89,89,89,89,89,89,89,89,89,89,89,89,89,89,89,89,89,89,89,89,89,89,89,89,89,89,89,89,89,89,89,89,89,89,89,89,89,96,96,96,96,96,96,96],"card_choices":[{"not_picked":["Perfected Strike","Clothesline","Clash"],"picked":"SKIP","floor":1.0},{"not_picked":["Thunderclap","Cleave"],"picked":"Pommel Strike","floor":2.0},{"not_picked":["Carnage","Twin Strike"],"picked":"Pummel","floor":4.0},{"not_picked":["Twin Strike","Rupture"],"picked":"Intimidate","floor":6.0},{"not_picked":["Shrug It Off","Anger"],"picked":"Havoc","floor":8.0},{"not_picked":["Headbutt","Evolve"],"picked":"Sentinel","floor":11.0},{"not_picked":["Hemokinesis","Double Tap","Body Slam"],"picked":"SKIP","floor":12.0},{"not_picked":["Evolve","Sword Boomerang","Sever Soul"],"picked":"SKIP","floor":13.0},{"not_picked":["Heavy Blade","Clothesline","Sword Boomerang"],"picked":"SKIP","floor":14.0},{"not_picked":["Feed","Berserk"],"picked":"Juggernaut","floor":16.0},{"not_picked":["Anger","Heavy Blade+1"],"picked":"Shrug It Off","floor":18.0},{"not_picked":["Sword Boomerang","Perfected Strike"],"picked":"Havoc","floor":20.0},{"not_picked":["Headbutt","Searing Blow","Demon Form"],"picked":"SKIP","floor":22.0},{"not_picked":["Iron Wave","Clash","Shrug It Off+1"],"picked":"SKIP","floor":23.0},{"not_picked":["Heavy Blade","Blood for Blood","Metallicize"],"picked":"SKIP","floor":25},{"not_picked":["Twin Strike+1","Thunderclap"],"picked":"Pommel Strike+1","floor":27},{"not_picked":["Sword Boomerang","Clash"],"picked":"True Grit+1","floor":28},{"not_picked":["Searing Blow","Rampage"],"picked":"Shockwave+1","floor":30},{"not_picked":["Cleave","Anger+1","Sever Soul"],"picked":"SKIP","floor":35},{"not_picked":["Twin Strike","Anger","Metallicize"],"picked":"SKIP","floor":36},{"not_picked":["Spot Weakness+1","Shrug It Off+1"],"picked":"Second Wind+1","floor":37},{"not_picked":["Anger","Sword Boomerang"],"picked":"Havoc+1","floor":38},{"not_picked":["Flex+1","Reaper"],"picked":"True Grit+1","floor":39},{"not_picked":["Rage+1","Thunderclap+1","Warcry+1"],"picked":"SKIP","floor":40},{"not_picked":["True Grit+1","Thunderclap+1","Clothesline+1"],"picked":"SKIP","floor":44},{"not_picked":["Sword Boomerang+1","Hemokinesis+1","Iron Wave+1"],"picked":"SKIP","floor":45},{"not_picked":["Headbutt","Pommel Strike","Searing Blow"],"picked":"SKIP","floor":48}],"player_experience":987101,"relics_obtained":[{"floor":9.0,"key":"Magic Flower"},{"floor":13.0,"key":"Shovel"},{"floor":15.0,"key":"Gambling Chip"},{"floor":23.0,"key":"Toxic Egg 2"},{"floor":24.0,"key":"InkBottle"},{"floor":25,"key":"Darkstone Periapt"},{"floor":26,"key":"Kunai"},{"floor":28,"key":"Letter Opener"},{"floor":30,"key":"Sundial"},{"floor":32,"key":"Calipers"},{"floor":37,"key":"Ice Cream"},{"floor":39,"key":"Du-Vu Doll"},{"floor":40,"key":"Art of War"},{"floor":40,"key":"Oddly Smooth Stone"},{"floor":41,"key":"Mercury Hourglass"},{"floor":43,"key":"HornCleat"},{"floor":45,"key":"War Paint"},{"floor":45,"key":"Strawberry"},{"floor":46,"key":"Ancient Tea Set"},{"floor":48,"key":"White Beast Statue"},{"floor":48,"key":"Frozen Egg 2"},{"floor":49,"key":"Bronze Scales"}],"event_choices":[{"damage_healed":0.0,"max_hp_gain":0.0,"max_hp_loss":0.0,"gold_gain":0.0,"event_name":"WeMeetAgain","player_choice":"Paid Gold","floor":3.0,"gold_loss":84.0,"damage_taken":0.0,"relics_obtained":["Mango"]},{"damage_healed":0.0,"max_hp_gain":0.0,"max_hp_loss":0.0,"gold_gain":50.0,"event_name":"Nest","player_choice":"Stole From Cult","floor":19.0,"gold_loss":0.0,"damage_taken":0.0},{"damage_healed":0,"gold_gain":0,"player_choice":"Ignored","damage_taken":0,"max_hp_gain":0,"max_hp_loss":0,"event_name":"Vampires","floor":29,"gold_loss":0},{"cards_removed":["Strike_R"],"damage_healed":0,"gold_gain":0,"player_choice":"Offered Basic","damage_taken":0,"max_hp_gain":0,"max_hp_loss":0,"event_name":"Bonfire Elementals","floor":31,"gold_loss":0},{"damage_healed":0,"gold_gain":0,"player_choice":"Fight","damage_taken":0,"max_hp_gain":0,"max_hp_loss":0,"event_name":"Mysterious Sphere","floor":37,"gold_loss":0},{"damage_healed":0,"gold_gain":0,"player_choice":"Fight","damage_taken":0,"max_hp_gain":0,"max_hp_loss":0,"event_name":"MindBloom","floor":39,"gold_loss":0}],"is_beta":false,"boss_relics":[{"not_picked":["Runic Cube","SacredBark"],"picked":"Black Blood"},{"not_picked":["Sozu","Astrolabe"],"picked":"Black Star"}],"items_purged_floors":[47],"is_endless":false,"potions_floor_spawned":[6,8,11,12,14,16,18,23,27,28,35,38,40,45,48],"ascension_level":20}}