{"host":"bpr07pynnqpe5ded","time":1613838756,"event":{"mods":["2.2 Compatiblity","Aspiration","BaseMod","Better Note","Better Third Choice","BetterRewards","Downfall","Infinite Spire","Jorbs\u0027s Wanderer Trilogy","Minty Spire (QoL Compilation)","Replay The Spire","Shop Mod","StSLib","The Marked","??????REMEMod"],"gold_per_floor":[99,112,212,232,232,251,276,276,176,189,339,359,115,132,146,243,243,243,258,143,163,263,298,321,339,351,365,391,191,221,232,247,347,447,447,447,458,474,474,502,548,567,582,582,582,595,595,630,645,742,742,742,752,768,782,782,795,795,795,795,821,821,821,837,869,881,976,976,976,992,992,1003,1020,573,605,621,621,721,721,739,589,589,601,701,701,701,718,729,729,749,749,774,784,784,784,795,670,684,734,745,745,745,745],"floor_reached":101,"language":"ENG","playtime":9174,"items_purged":["downfall:Icky","champ:DefensiveShout","champ:Defend","Doubt"],"score":1838,"play_id":"be874f1b-5a7d-469b-8f60-4f4181094db8","local_time":"20210220163236","is_ascension_mode":false,"campfire_choices":[{"floor":1,"key":"RECALL"},{"floor":9,"key":"REST"},{"data":"champ:IgnorePain","floor":18,"key":"SMITH"},{"data":"champ:TripleStrike","floor":29,"key":"SMITH"},{"data":"champ:TripleStrike","floor":35,"key":"SMITH"},{"data":"Pot Of Greed","floor":44,"key":"SMITH"},{"data":"Pot Of Greed","floor":47,"key":"SMITH"},{"data":"infinitespire:NeuralNetwork","floor":52,"key":"SMITH"},{"data":"champ:GladiatorForm","floor":59,"key":"SMITH"},{"data":"champ:CheapShot","floor":62,"key":"SMITH"},{"data":"champ:ShieldSlam","floor":69,"key":"SMITH"},{"data":"champ:ShieldSlam","floor":77,"key":"SMITH"},{"data":"champ:Defend","floor":79,"key":"SMITH"},{"data":"Pot Of Greed","floor":86,"key":"SMITH"},{"data":"champ:DancingMaster","floor":91,"key":"SMITH"},{"data":"champ:EnchantCrown","floor":94,"key":"SMITH"}],"circlet_count":0,"master_deck":["champ:Strike+1","champ:Strike+1","champ:Strike+1","champ:Strike+1","champ:Defend","champ:Defend","champ:Defend+1","champ:Execute","champ:Taunt+1","champ:GladiatorStyle+1","champ:ShieldSlam+1","champ:ShieldSlam+1","champ:IgnorePain+1","champ:TripleStrike+1","champ:BladeFlurry+1","champ:GladiatorStyle+1","champ:CheapShot+1","champ:TripleStrike+1","champ:PerfectedStrike+1","infinitespire:NeuralNetwork+1","Pot Of Greed+1","Pot Of Greed+1","champ:GladiatorForm+1","champ:DancingMaster+1","Pot Of Greed+1","champ:EnchantCrown+1","Parasite"],"relics":["champ:ChampionCrown","REME_ComplimentaryCards","CloakClasp","Ancient Tea Set","champ:FightingForDummies","downfall:HeartBlessingRed","hexamod:TheBrokenSeal","Blood Vial","champ:PowerArmor","Toy Ornithopter","Pet Ghost","infinitespire:PuzzleCube","downfall:HeartBlessingGreen","downfall:HeartBlessingBlue","Replay:Bottled Eggs","Replay:Wanted Poster","Grinning Jar","Regal Pillow","Replay:Bottled Snecko","Replay:Mystery Machine","aspiration:RitualDagger","downfall:ShatteredFragment","infinitespire:CursedDice","Guardian:PocketSentry","Sozu","champ:DefensiveTrainingManual","ReplayFunnel","TheAbacus","champ:BlackKnightHelmet","Singing Bowl","SlaversCollar","Red Mask","downfall:RedIOUUpgrade","ReplayTheSpireMod:Ring of Collecting","ReplayTheSpireMod:Ring of Exchange","Du-Vu Doll"],"acts_visited":["Exordium","TheCity","TheBeyond","Exordium","TheCity","TheBeyond"],"potions_floor_usage":[3,12,16,20,22,22,23,30,31,33,33,33,48,49,57,67,67,83],"damage_taken":[{"damage":22,"enemies":"Small Slimes","floor":2,"turns":4},{"damage":94,"enemies":"Small Slimes","floor":3,"turns":13},{"damage":16,"enemies":"2 Louse","floor":4,"turns":3},{"damage":27,"enemies":"Jaw Worm","floor":6,"turns":6},{"damage":3,"enemies":"Blue Slaver","floor":10,"turns":6},{"damage":0,"enemies":"Lots of Slimes","floor":12,"turns":5},{"damage":10,"enemies":"downfall:FleeingMerchant","floor":13,"turns":4},{"damage":14,"enemies":"Red Slaver","floor":14,"turns":2},{"damage":24,"enemies":"Exordium Thugs","floor":15,"turns":6},{"damage":38,"enemies":"SI_SHIV_ARCHETYPE","floor":16,"turns":8},{"damage":10,"enemies":"3 Byrds","floor":19,"turns":7},{"damage":20,"enemies":"downfall:FleeingMerchant","floor":20,"turns":4},{"damage":30,"enemies":"Shell Parasite","floor":21,"turns":7},{"damage":51,"enemies":"downfall:LadyInBlue","floor":22,"turns":14},{"damage":50,"enemies":"Nightmare","floor":23,"turns":12},{"damage":15,"enemies":"Snake Plant","floor":25,"turns":5},{"damage":15,"enemies":"Snecko","floor":26,"turns":6},{"damage":12,"enemies":"3 Cultists","floor":27,"turns":5},{"damage":15,"enemies":"Slavers","floor":28,"turns":5},{"damage":13,"enemies":"Gremlin Leader","floor":30,"turns":5},{"damage":10,"enemies":"Chosen and Byrds","floor":31,"turns":4},{"damage":10,"enemies":"Shelled Parasite and Fungi","floor":32,"turns":4},{"damage":28,"enemies":"IC_MUSHROOM_ARCHETYPE","floor":33,"turns":5},{"damage":28,"enemies":"3 Darklings","floor":37,"turns":4},{"damage":22,"enemies":"3 Shapes","floor":38,"turns":3},{"damage":29,"enemies":"Nemesis","floor":40,"turns":3},{"damage":0,"enemies":"3 Darklings","floor":42,"turns":5},{"damage":10,"enemies":"Spire Growth","floor":43,"turns":4},{"damage":10,"enemies":"Jaw Worm Horde","floor":46,"turns":3},{"damage":60,"enemies":"Nightmare","floor":48,"turns":7},{"damage":10,"enemies":"Transient","floor":49,"turns":5},{"damage":51,"enemies":"WA_ARCHETYPE_DIVINITY","floor":50,"turns":12},{"damage":16,"enemies":"Jaw Worm","floor":53,"turns":2},{"damage":3,"enemies":"2 Louse","floor":54,"turns":1},{"damage":21,"enemies":"Cultist","floor":55,"turns":2},{"damage":6,"enemies":"Large Slime","floor":57,"turns":2},{"damage":9,"enemies":"Gremlin Nob","floor":61,"turns":3},{"damage":3,"enemies":"Blue Slaver","floor":64,"turns":1},{"damage":22,"enemies":"downfall:FleeingMerchant","floor":65,"turns":4},{"damage":6,"enemies":"2 Fungi Beasts","floor":66,"turns":2},{"damage":51,"enemies":"The Guardian","floor":67,"turns":5},{"damage":6,"enemies":"Spheric Guardian","floor":70,"turns":2},{"damage":28,"enemies":"Shell Parasite","floor":72,"turns":2},{"damage":24,"enemies":"Centurion and Healer","floor":73,"turns":3},{"damage":13,"enemies":"Book of Stabbing","floor":75,"turns":3},{"damage":16,"enemies":"Sentry and Sphere","floor":76,"turns":2},{"damage":12,"enemies":"Sentry and Sphere","floor":78,"turns":4},{"damage":29,"enemies":"Shelled Parasite and Fungi","floor":80,"turns":3},{"damage":26,"enemies":"Snecko","floor":83,"turns":2},{"damage":56,"enemies":"Automaton","floor":84,"turns":5},{"damage":26,"enemies":"3 Shapes","floor":87,"turns":2},{"damage":11,"enemies":"Orb Walker","floor":88,"turns":2},{"damage":15,"enemies":"Writhing Mass","floor":90,"turns":4},{"damage":25,"enemies":"R_Hoarder","floor":92,"turns":5},{"damage":22,"enemies":"Sphere and 2 Shapes","floor":93,"turns":3},{"damage":40,"enemies":"Transient","floor":96,"turns":5},{"damage":32,"enemies":"Writhing Mass","floor":98,"turns":4},{"damage":24,"enemies":"Writhing Mass","floor":99,"turns":4},{"damage":27,"enemies":"Sphere and 2 Shapes","floor":100,"turns":3},{"damage":54,"enemies":"infinitespire:MassOfShapes","floor":101,"turns":2}],"seed_played":"8255043183555912041","potions_obtained":[{"floor":2,"key":"champ:OpenerPotion"},{"floor":3,"key":"Cursed Concoction"},{"floor":10,"key":"Explosive Potion"},{"floor":14,"key":"Explosive Potion"},{"floor":15,"key":"champ:UltimateStancePotion"},{"floor":21,"key":"SkillPotion"},{"floor":22,"key":"REME_GoldPotion"},{"floor":22,"key":"Toxic Potion"},{"floor":22,"key":"sneckomod:MuddlingPotion"},{"floor":22,"key":"Milkshake"},{"floor":26,"key":"LifebloodPotion"},{"floor":27,"key":"EssenceOfSteel"},{"floor":30,"key":"LiquidBronze"},{"floor":31,"key":"hexamod:SoulburnPotion"},{"floor":37,"key":"Ancient Potion"},{"floor":42,"key":"champ:TechniquePotion"},{"floor":46,"key":"sneckomod:MuddlingPotion"},{"floor":48,"key":"champ:OpenerPotion"},{"floor":54,"key":"champ:TechniquePotion"},{"floor":55,"key":"ColorlessPotion"},{"floor":61,"key":"Death Potion"},{"floor":66,"key":"Fire Potion"}],"is_trial":false,"path_per_floor":["R","M","?","M","?","M","T","?","R","M","?","M","$","M","M","B",null,"R","M","$","M","?","NM","T","M","M","M","E","R","E","M","M","B",null,"R","?","M","M","AVR","E","T","M","M","R","T","M","R","NM","M","B",null,"R","M","M","M","?","M","T","R","?","E","R","AVR","M","$","M","B",null,"R","M","?","M","M","$","E","M","R","?","R","M","$","?","M","B",null,"R","M","M","?","M","R","E","M","R","?","M","$","M","?","M","B"],"character_chosen":"THE_CHAMP","items_purchased":["Blood Vial","Guardian:PocketSentry","Orichalcum","champ:DefensiveTrainingManual","ReplayFunnel","TheAbacus","champ:DancingMaster"],"campfire_rested":1,"item_purchase_floors":[13,65,65,74,74,74,81],"current_hp_per_floor":[99,97,53,47,44,37,37,37,66,63,63,109,109,105,103,97,109,109,109,109,109,108,109,109,104,101,109,109,119,116,119,119,106,119,119,119,116,116,116,109,109,111,113,113,113,119,119,69,76,67,119,119,113,112,108,81,82,82,82,82,75,75,75,74,64,60,36,119,119,113,119,111,104,104,93,89,89,81,81,76,76,76,79,42,127,127,123,121,121,110,110,97,94,94,94,83,83,75,65,52,10,10,10],"gold":745,"neow_bonus":"TEN_PERCENT_HP_BONUS","is_daily":false,"chose_seed":false,"campfire_upgraded":14,"win_rate":0.0,"timestamp":1613838756,"path_taken":["R","M","?","M","?","M","T","?","R","M","?","M","?","M","M","BOSS","R","M","$","M","?","NM","T","M","?","M","E","R","E","M","M","BOSS","R","?","?","M","AVR","E","T","M","M","R","?","M","R","NM","M","BOSS","R","M","M","M","?","M","T","R","?","E","R","AVR","?","$","M","BOSS","R","M","?","?","?","$","E","M","R","?","R","M","?","?","M","BOSS","R","M","M","?","M","R","E","M","R","?","M","$","M","?","M","BOSS"],"items_purchased_type":["Relic","Relic","Relic","Relic","Relic","Relic","Card"],"build_version":"2020-12-22","purchased_purges":4,"victory":false,"max_hp_per_floor":[99,99,99,99,99,99,99,99,99,99,99,109,109,109,109,109,109,109,109,109,109,109,109,109,109,109,109,109,119,119,119,119,119,119,119,119,119,119,119,119,119,119,119,119,119,119,119,119,119,119,119,119,119,119,119,119,119,119,119,119,119,119,119,119,119,119,119,119,119,119,119,119,119,119,119,119,119,121,121,123,123,123,125,127,127,127,129,131,131,133,133,133,135,135,135,137,137,139,141,143,143,143,143],"card_choices":[{"not_picked":["hexamod:SixthSeal","hexamod:FourthSeal"],"picked":"hexamod:ThirdSeal","floor":2},{"not_picked":["champ:FlashCut","champ:TornadoPunch"],"picked":"champ:GladiatorStyle","floor":2},{"not_picked":["champ:CrownThrow","champ:Parry"],"picked":"champ:ShieldSlam","floor":3},{"not_picked":["hexamod:SixthSeal","hexamod:FourthSeal"],"picked":"hexamod:FirstSeal","floor":3},{"not_picked":["hexamod:ThirdSeal","hexamod:SecondSeal"],"picked":"hexamod:SixthSeal","floor":4},{"not_picked":["champ:BerserkerStyle","champ:SkillfulDodge","champ:FocusedBerserking"],"picked":"SKIP","floor":4},{"not_picked":["champ:BerserkerStyle","champ:SkillfulDodge","champ:FocusedBerserking"],"picked":"SKIP","floor":4},{"not_picked":["hexamod:FirstSeal","hexamod:ThirdSeal"],"picked":"hexamod:FourthSeal","floor":6},{"not_picked":["champ:Lariat","champ:BerserkersShout","champ:BladeFlurry"],"picked":"SKIP","floor":6},{"not_picked":["champ:DefensiveShout","champ:Circumvent","champ:BladeFlurry"],"picked":"SKIP","floor":6},{"not_picked":["champ:CrownThrow","champ:Parry"],"picked":"champ:IronFortress","floor":10},{"not_picked":["hexamod:FirstSeal","hexamod:FourthSeal"],"picked":"hexamod:SecondSeal","floor":10},{"not_picked":["champ:FocusedDefense","champ:CheapShot","champ:DefensiveShout"],"picked":"SKIP","floor":10},{"not_picked":["champ:Shatter","champ:BladeFlurry","champ:IronFortress"],"picked":"SKIP","floor":12},{"not_picked":["champ:Shatter","champ:BladeFlurry","champ:IronFortress"],"picked":"SKIP","floor":12},{"not_picked":["champ:DefensiveShout","champ:BerserkersShout","champ:RageSigil"],"picked":"SKIP","floor":13},{"not_picked":["champ:DefensiveShout","champ:Encircle"],"picked":"champ:ShieldSlam","floor":14},{"not_picked":["champ:PerfectedStrike","champ:Backstep","champ:FocusedDefense"],"picked":"SKIP","floor":15},{"not_picked":["champ:SteelEdge","champ:MurderStrike"],"picked":"champ:IgnorePain","floor":16},{"not_picked":["champ:AdrenalArmor+1","champ:BerserkersShout","champ:Circumvent+1"],"picked":"SKIP","floor":19},{"not_picked":["champ:Backstep","champ:RapidStrikes"],"picked":"champ:DefensiveShout","floor":20},{"not_picked":["champ:BerserkersShout","champ:CrownThrow","champ:EndlessRage"],"picked":"SKIP","floor":21},{"not_picked":["champ:PreemptiveStrike","champ:Backstep"],"picked":"champ:TripleStrike","floor":23},{"not_picked":["champ:FlashCut","champ:Backstep","champ:ArenaPreparation"],"picked":"SKIP","floor":25},{"not_picked":["champ:DefensiveShout","champ:Circumvent+1"],"picked":"champ:FlashCut","floor":26},{"not_picked":["champ:ViciousMockery","champ:PreciseThrust"],"picked":"champ:BladeFlurry+1","floor":27},{"not_picked":["champ:RisingSlash","champ:PreciseThrust"],"picked":"champ:GladiatorStyle+1","floor":28},{"not_picked":["champ:Endure","champ:DefensiveStyle","champ:RecklessLeap+1"],"picked":"SKIP","floor":30},{"not_picked":["champ:Endure","champ:DefensiveStyle","champ:RecklessLeap+1"],"picked":"SKIP","floor":30},{"not_picked":["champ:GladiatorStyle","champ:AdrenalArmor"],"picked":"champ:CheapShot","floor":31},{"not_picked":["champ:FlashCut","champ:FancyFootwork","champ:AdrenalArmor"],"picked":"SKIP","floor":32},{"not_picked":["champ:IgnorePain","champ:HoldFirm"],"picked":"champ:TripleStrike","floor":33},{"not_picked":["champ:Backstep+1","champ:CrownThrow"],"picked":"champ:PerfectedStrike+1","floor":37},{"not_picked":["champ:GladiatorStyle","champ:Haymaker","champ:FlashCut+1"],"picked":"SKIP","floor":38},{"not_picked":["champ:HeartStrike","champ:EndlessRage","champ:BerserkersShout"],"picked":"SKIP","floor":40},{"not_picked":["champ:BerserkersShout+1","champ:PerfectedStrike+1","champ:PreciseThrust"],"picked":"SKIP","floor":42},{"not_picked":["champ:EnragedBash+1","champ:Shatter+1","champ:HeartStrike+1"],"picked":"SKIP","floor":43},{"not_picked":["champ:StanceDance+1","champ:BerserkerStyle+1","champ:Shatter"],"picked":"SKIP","floor":46},{"not_picked":["champ:Lariat+1","champ:FocusedDefense+1","champ:DefensiveStyle+1"],"picked":"SKIP","floor":48},{"not_picked":["champ:EnragedBash","champ:CrownThrow+1","champ:ShieldSlam"],"picked":"SKIP","floor":49},{"not_picked":["champ:MurderStrike","champ:TripleStrike"],"picked":"champ:GladiatorForm","floor":50},{"not_picked":["champ:BerserkersShout","champ:PerfectedStrike","champ:PreciseThrust"],"picked":"SKIP","floor":53},{"not_picked":["champ:DefensiveShout","champ:Circumvent","champ:BerserkersShout"],"picked":"SKIP","floor":54},{"not_picked":["champ:DefensiveStyle","champ:SwordSigil","champ:PerfectedStrike"],"picked":"SKIP","floor":55},{"not_picked":["champ:SkillfulDodge","champ:CrookedStrike","champ:AdrenalArmor"],"picked":"SKIP","floor":57},{"not_picked":["champ:EnragedBash","champ:Backstep","champ:BerserkerStyle"],"picked":"SKIP","floor":61},{"not_picked":["champ:CrownThrow","champ:RageSigil","champ:Circumvent"],"picked":"SKIP","floor":64},{"not_picked":["champ:StanceDance","champ:GutPunch","champ:BerserkersShout"],"picked":"SKIP","floor":65},{"not_picked":["champ:CrownThrow","champ:ViciousMockery","champ:Shatter"],"picked":"SKIP","floor":66},{"not_picked":["champ:DefensiveStyle","champ:FocusedDefense+1","champ:TornadoPunch"],"picked":"SKIP","floor":70},{"not_picked":["champ:TornadoPunch","champ:Shatter","champ:Circumvent"],"picked":"SKIP","floor":72},{"not_picked":["champ:Backstep","champ:ArenaPreparation","champ:Haymaker"],"picked":"SKIP","floor":73},{"not_picked":["champ:Haymaker","champ:PreemptiveStrike","champ:Backstep"],"picked":"SKIP","floor":75},{"not_picked":["champ:RisingSlash","champ:PreemptiveStrike","champ:Backstep"],"picked":"SKIP","floor":76},{"not_picked":["champ:FlashCut+1","champ:BerserkersShout","champ:Circumvent"],"picked":"Singing Bowl","floor":78},{"not_picked":["champ:BringItOn","champ:EnragedBash","champ:StanceDance+1"],"picked":"Singing Bowl","floor":80},{"not_picked":["champ:FlashCut","champ:ArenaPreparation","champ:ShieldSlam+1"],"picked":"Singing Bowl","floor":83},{"not_picked":["champ:TripleStrike","champ:HeavySlash","champ:UltimateStance"],"picked":"Singing Bowl","floor":84},{"not_picked":["champ:Circumvent","champ:Shatter+1","champ:EndlessRage"],"picked":"Singing Bowl","floor":87},{"not_picked":["champ:SwordSigil+1","champ:FocusedDefense","champ:DeathBlow+1"],"picked":"Singing Bowl","floor":88},{"not_picked":["champ:BerserkersShout+1","champ:EnGarde","champ:GutPunch"],"picked":"Singing Bowl","floor":90},{"not_picked":["champ:GladiatorStyle+1","champ:FocusedBerserking+1"],"picked":"champ:EnchantCrown","floor":92},{"not_picked":["champ:CrownThrow+1","champ:AdrenalArmor+1","champ:PreciseThrust+1"],"picked":"Singing Bowl","floor":93},{"not_picked":["champ:EndlessRage+1","champ:Encircle+1","champ:ShieldWall"],"picked":"Singing Bowl","floor":96},{"not_picked":["champ:BringItOn+1","champ:TornadoPunch+1","champ:ArenaPreparation+1"],"picked":"Singing Bowl","floor":98},{"not_picked":["champ:Shatter+1","champ:FanOfKnives","champ:DefensiveShout"],"picked":"Singing Bowl","floor":99},{"not_picked":["champ:Duel+1","champ:ShieldWall+1","champ:IronFortress+1"],"picked":"Singing Bowl","floor":100}],"player_experience":1175705,"relics_obtained":[{"floor":3,"key":"CloakClasp"},{"floor":7,"key":"champ:FightingForDummies"},{"floor":22,"key":"Toy Ornithopter"},{"floor":23,"key":"Pet Ghost"},{"floor":28,"key":"infinitespire:PuzzleCube"},{"floor":30,"key":"Replay:Bottled Eggs"},{"floor":40,"key":"Grinning Jar"},{"floor":41,"key":"Regal Pillow"},{"floor":45,"key":"Replay:Bottled Snecko"},{"floor":48,"key":"Replay:Mystery Machine"},{"floor":58,"key":"infinitespire:CursedDice"},{"floor":78,"key":"champ:BlackKnightHelmet"},{"floor":78,"key":"Singing Bowl"},{"floor":95,"key":"ReplayTheSpireMod:Ring of Collecting"},{"floor":95,"key":"ReplayTheSpireMod:Ring of Exchange"},{"floor":99,"key":"Du-Vu Doll"}],"event_choices":[{"damage_healed":0,"gold_gain":0,"player_choice":"Relic ","damage_taken":3,"max_hp_gain":0,"max_hp_loss":0,"event_name":"betterThird:BetterScrap","floor":5,"gold_loss":0,"cards_obtained":["Setup"]},{"damage_healed":6,"gold_gain":0,"player_choice":"Full Heal","damage_taken":0,"max_hp_gain":0,"max_hp_loss":0,"event_name":"Wheel of Change","floor":71,"gold_loss":0}],"is_beta":false,"boss_relics":[{"not_picked":["ChewingGum","REME_DuelDisc"],"picked":"champ:PowerArmor"},{"not_picked":["Replay:Bronze Core","aspiration:PoetsPen_weak"],"picked":"Replay:Wanted Poster"},{"not_picked":["aspiration:SilentSkillbook","Pandora\u0027s Box"],"picked":"aspiration:RitualDagger"},{"not_picked":["aspiration:DefectSkillbook","aspiration:RunicSpoon"],"picked":"Sozu"},{"not_picked":["aspiration:FutureDiary","Runic Dome"],"picked":"SlaversCollar"}],"items_purged_floors":[13,20,39,97],"is_endless":true,"potions_floor_spawned":[2,3,14,15,21,22,26,27,30,31,37,42,46,48,54,55,61,66,70,72,73,78,80,87,88,93,96,98],"killed_by":"infinitespire:MassOfShapes","ascension_level":0}}