{"host":"2se5dq1do2gp0x9k","time":1613800086,"event":{"mods":["AchievementEnabler","BaseMod","Block Reminder","Colored Map","Colored Powertips","Minty Spire (QoL Compilation)","Relic Stats","StSLib","SuperFastMode"],"gold_per_floor":[116,134,6,22,33,33,52,52,52,17,17,17,44,60,60,133,133,151,163,163,179,179,179],"floor_reached":22,"language":"ENG","playtime":700,"items_purged":[],"score":401,"play_id":"67c44de6-c889-44bb-a528-5c31dcb19feb","local_time":"20210219214806","is_ascension_mode":true,"campfire_choices":[{"data":"Discovery","floor":6.0,"key":"SMITH"},{"data":"Discovery","floor":8.0,"key":"SMITH"},{"data":"Melter","floor":12.0,"key":"SMITH"},{"floor":15.0,"key":"REST"}],"circlet_count":0,"master_deck":["AscendersBane","Zap","Dualcast","Discovery+1","Melter+1","Reinforced Body","Discovery+1","Hologram+1","Conserve Battery","Conserve Battery","Rebound","Conserve Battery","Echo Form","Compile Driver","Beam Cell","Turbo","Double Energy","Conserve Battery","Barrage","Leap","Melter","Turbo"],"relics":["Cracked Core","InkBottle","Bag of Marbles","Pandora\u0027s Box"],"acts_visited":["Exordium","TheCity"],"potions_floor_usage":[21],"damage_taken":[{"damage":1.0,"enemies":"Cultist","floor":1.0,"turns":3.0},{"damage":2.0,"enemies":"2 Louse","floor":2.0,"turns":3.0},{"damage":7.0,"enemies":"Small Slimes","floor":4.0,"turns":3.0},{"damage":11.0,"enemies":"3 Louse","floor":5.0,"turns":3.0},{"damage":15.0,"enemies":"Red Slaver","floor":7.0,"turns":4.0},{"damage":25.0,"enemies":"Gremlin Nob","floor":13.0,"turns":4.0},{"damage":0.0,"enemies":"Looter","floor":14.0,"turns":2.0},{"damage":27.0,"enemies":"Slime Boss","floor":16.0,"turns":10.0},{"damage":29.0,"enemies":"3 Byrds","floor":18.0,"turns":6.0},{"damage":0.0,"enemies":"Spheric Guardian","floor":19.0,"turns":1.0},{"damage":21,"enemies":"Cultist and Chosen","floor":21,"turns":7},{"damage":24,"enemies":"Snake Plant","floor":22,"turns":1}],"seed_played":"-5943774679071116079","potions_obtained":[{"floor":4.0,"key":"Dexterity Potion"},{"floor":5.0,"key":"Dexterity Potion"},{"floor":7.0,"key":"Energy Potion"},{"floor":13.0,"key":"SkillPotion"},{"floor":16.0,"key":"EssenceOfSteel"},{"floor":18.0,"key":"Regen Potion"}],"is_trial":false,"path_per_floor":["M","M","$","M","M","R","M","R","T","?","?","R","E","M","R","B",null,"M","M","$","M","M"],"character_chosen":"DEFECT","items_purchased":["Discovery","Hologram"],"campfire_rested":1,"item_purchase_floors":[3,3],"current_hp_per_floor":[63,61,61,54,43,43,28,28,28,45,45,45,20,20,41,14,57,28,28,28,22,0,0],"gold":179,"neow_bonus":"RANDOM_COLORLESS","is_daily":false,"chose_seed":false,"campfire_upgraded":3,"win_rate":0.0,"timestamp":1613800086,"path_taken":["M","M","$","M","?","R","M","R","T","?","?","R","E","M","R","BOSS","M","M","$","M","M"],"items_purchased_type":["Card","Card"],"build_version":"2020-12-22","purchased_purges":0,"victory":false,"max_hp_per_floor":[71,71,71,71,71,71,71,71,71,71,71,71,71,71,71,71,71,71,71,71,71,71,71],"relic_stats":{"counters":[12,47],"Pandora\u0027s Box":["Compile Driver","Beam Cell","Turbo","Double Energy","Conserve Battery","Barrage","Leap","Melter"],"obtain_stats":[{"Pandora\u0027s Box":17,"Bag of Marbles":13,"Cracked Core":0,"InkBottle":9},{"Pandora\u0027s Box":8,"Bag of Marbles":6,"Cracked Core":0,"InkBottle":5},{"Pandora\u0027s Box":32,"Bag of Marbles":20,"Cracked Core":0,"InkBottle":16}],"InkBottle":[9]},"card_choices":[{"not_picked":["Deep Breath","Good Instincts"],"picked":"Discovery","floor":0.0},{"not_picked":["Defragment","Turbo"],"picked":"Melter","floor":1.0},{"not_picked":["Rebound","Conserve Battery"],"picked":"Reinforced Body","floor":2.0},{"not_picked":["Chaos","Hologram"],"picked":"Conserve Battery","floor":4.0},{"not_picked":["Hologram","Streamline"],"picked":"Conserve Battery","floor":5.0},{"not_picked":["Aggregate","Amplify"],"picked":"Rebound","floor":7.0},{"not_picked":["Hyperbeam","Go for the Eyes"],"picked":"Conserve Battery","floor":13.0},{"not_picked":["Barrage","Chaos","Redo"],"picked":"SKIP","floor":14.0},{"not_picked":["Buffer","Creative AI"],"picked":"Echo Form","floor":16.0},{"not_picked":["Rebound","Hello World","Sweeping Beam"],"picked":"SKIP","floor":18.0},{"not_picked":["Static Discharge","Auto Shields"],"picked":"Turbo","floor":19.0},{"not_picked":["Redo+1","Tempest","Stack"],"picked":"SKIP","floor":21}],"player_experience":4084248,"relics_obtained":[{"floor":9.0,"key":"InkBottle"},{"floor":13.0,"key":"Bag of Marbles"}],"event_choices":[{"damage_healed":17.0,"max_hp_gain":0.0,"max_hp_loss":0.0,"gold_gain":0.0,"event_name":"The Cleric","player_choice":"Healed","floor":10.0,"gold_loss":35.0,"damage_taken":0.0},{"damage_healed":0.0,"max_hp_gain":0.0,"max_hp_loss":0.0,"gold_gain":0.0,"event_name":"Living Wall","player_choice":"Grow","floor":11.0,"gold_loss":0.0,"damage_taken":0.0,"cards_upgraded":["Hologram"]}],"is_beta":false,"boss_relics":[{"not_picked":["Velvet Choker","Black Star"],"picked":"Pandora\u0027s Box"}],"items_purged_floors":[],"is_endless":false,"potions_floor_spawned":[4,5,7,13,16,18],"killed_by":"Snake Plant","ascension_level":20}}