{"host":"sncdgiue1dtzeg79","time":1613836831,"event":{"mods":["Aspiration","BaseMod","Beaked The Cultist","ChefMod","Colored Powertips","Hubris","Jorbs\u0027s Wanderer Trilogy","Minty Spire (QoL Compilation)","Reliquary","Shade Mod","StSLib","The Bladedancer","The Cursed","The Forsaken","The Hierophant","The Marked","The Necromancer","The Runesmith","The Wild Card","Weighted Paths"],"gold_per_floor":[114,126,76,76,1,1,1,1,1,21,21,35,59,73,73,202,202,172,188,188,202,57,57,57,72,144,144,144,144,144,213,213,316,316,332,657,673,736,750,750,800,864,888,294,308,3,35,35,35,35],"floor_reached":51,"language":"ENG","playtime":2810,"items_purged":["Shade:Defend_Shade","Shade:Strike_Shade","Regret","theForsaken:PlagueCurse"],"score":767,"play_id":"9bbd4c20-ce2a-43f0-a8d7-98aa6abc1fee","local_time":"20210220170031","is_ascension_mode":false,"campfire_choices":[{"data":"Shade:AnimateDead","floor":6,"key":"SMITH"},{"data":"Shade:FleshLikeOak","floor":8,"key":"SMITH"},{"data":"Shade:Bonestorm","floor":11,"key":"SMITH"},{"data":"Shade:WallOfFlesh","floor":15,"key":"SMITH"},{"data":"Shade:OfferingToTheBeyond","floor":23,"key":"SMITH"},{"data":"Shade:Bite_Shade","floor":28,"key":"SMITH"},{"data":"Shade:FleshToFlesh","floor":30,"key":"SMITH"},{"data":"Shade:FreshBones","floor":32,"key":"SMITH"},{"data":"Shade:LastGasp","floor":40,"key":"SMITH"},{"data":"Shade:UnbarTheGrave","floor":49,"key":"SMITH"}],"circlet_count":0,"master_deck":["Shade:Strike_Shade","Shade:Strike_Shade","Shade:Defend_Shade","Shade:Defend_Shade","Shade:Defend_Shade","Shade:AnimateDead+1","Shade:CarefulCut+1","Shade:FleshLikeOak+1","Shade:Premonition","Shade:Bonestorm+1","Shade:GraveStillness","Shade:Excise+1","Shade:WallOfFlesh+1","Shade:OfferingToTheBeyond+1","Shade:FuneraryArmor","Shade:OpenGraves+1","Shade:FleshToFlesh+1","Shade:Brains","Shade:Bite_Shade+1","Writhe","Shade:FreshBones+1","Shade:LichForm","Shade:FuneraryJewels","Shade:LastGasp+1","Shade:CommandSoldier","Shade:AuraOfUnlife","Master of Strategy","Shade:UnbarTheGrave+1"],"relics":["Shade:YorickSkull","hubris:TinFlute","Bloody Idol","Pear","hubris:ScarierMask","theForsaken:PlagueMask","Bottled Lightning","reliquary:Buckler","SsserpentHead","reliquary:ThirdArm","aspiration:HiddenCompartment","reliquary:Stiletto","hubris:EmptyBottle","Anchor","Prayer Wheel"],"acts_visited":["Exordium","TheCity","TheBeyond"],"potions_floor_usage":[16,16,50,50],"damage_taken":[{"damage":2,"enemies":"Small Slimes","floor":1,"turns":3},{"damage":0,"enemies":"2 Louse","floor":2,"turns":3},{"damage":0,"enemies":"Jaw Worm","floor":10,"turns":3},{"damage":0,"enemies":"2 Fungi Beasts","floor":12,"turns":3},{"damage":0,"enemies":"Blue Slaver","floor":13,"turns":3},{"damage":0,"enemies":"3 Louse","floor":14,"turns":3},{"damage":24,"enemies":"Hexaghost","floor":16,"turns":11},{"damage":0,"enemies":"2 Thieves","floor":18,"turns":4},{"damage":0,"enemies":"3 Byrds","floor":19,"turns":6},{"damage":0,"enemies":"Snecko","floor":21,"turns":8},{"damage":9,"enemies":"Snake Plant","floor":25,"turns":6},{"damage":3,"enemies":"3 Cultists","floor":31,"turns":6},{"damage":48,"enemies":"hubris:MusketHawk","floor":33,"turns":12},{"damage":0,"enemies":"3 Darklings","floor":35,"turns":6},{"damage":2,"enemies":"3 Shapes","floor":37,"turns":3},{"damage":36,"enemies":"Transient","floor":38,"turns":5},{"damage":5,"enemies":"Jaw Worm Horde","floor":39,"turns":6},{"damage":13,"enemies":"Writhing Mass","floor":42,"turns":9},{"damage":5,"enemies":"4 Shapes","floor":45,"turns":5},{"damage":77,"enemies":"beaked:SuperParasite","floor":47,"turns":11},{"damage":95,"enemies":"Donu and Deca","floor":50,"turns":8}],"seed_played":"-1532232321016776458","potions_obtained":[{"floor":1,"key":"Regen Potion"},{"floor":13,"key":"FairyPotion"},{"floor":14,"key":"Strength Potion"},{"floor":16,"key":"FearPotion"},{"floor":19,"key":"BlessingOfTheForge"},{"floor":25,"key":"FairyPotion"},{"floor":35,"key":"CultistPotion"}],"is_trial":false,"path_per_floor":["M","M","?","?","$","R","?","R","T","M","R","M","M","M","R","B",null,"M","M","?","M","$","R","?","M","T","?","R","?","R","M","R","B",null,"M","?","M","M","M","R","?","M","T","$","M","$","E","$","R","B",null],"character_chosen":"SHADE","items_purchased":["Shade:Brains","reliquary:Stiletto","hubris:EmptyBottle","Master of Strategy","Anchor"],"campfire_rested":0,"item_purchase_floors":[22,44,44,44,46],"current_hp_per_floor":[69,69,69,62,62,62,62,62,72,72,72,72,72,72,72,53,76,76,76,76,76,76,76,76,72,76,76,76,76,76,76,76,42,76,76,76,76,51,57,57,62,59,64,64,67,67,27,27,27,22],"gold":35,"neow_bonus":"TEN_PERCENT_HP_BONUS","is_daily":false,"chose_seed":false,"campfire_upgraded":10,"win_rate":0.0,"timestamp":1613836831,"path_taken":["M","M","?","?","$","R","?","R","T","?","R","M","M","M","R","BOSS","M","M","?","M","$","R","?","M","T","?","R","?","R","?","R","BOSS","M","?","M","?","M","R","?","?","T","$","M","$","E","$","R","BOSS"],"items_purchased_type":["Card","Relic","Relic","Card","Relic"],"build_version":"2020-12-22","purchased_purges":4,"victory":true,"max_hp_per_floor":[71,71,71,71,71,71,66,66,76,76,76,76,76,76,76,76,76,76,76,76,76,76,76,76,76,76,76,76,76,76,76,76,76,76,76,76,76,76,76,76,76,76,76,76,76,76,76,76,76,76],"card_choices":[{"not_picked":["Shade:GraveStillness","Shade:GreyBargain"],"picked":"Shade:FleshLikeOak","floor":1},{"not_picked":["Shade:BoneShards","Shade:ClawBack"],"picked":"Shade:Premonition","floor":2},{"not_picked":["Shade:SpontaneousRitual","Shade:FeralStrike"],"picked":"Shade:Bonestorm","floor":10},{"not_picked":["Shade:CoffinDance","Shade:Doomsay"],"picked":"Shade:GraveStillness","floor":12},{"not_picked":["Shade:ExtraLimbs","Shade:Asphyxiate"],"picked":"Shade:Excise","floor":13},{"not_picked":["Shade:BoneShards","Shade:Excise"],"picked":"Shade:WallOfFlesh","floor":14},{"not_picked":["Shade:Tombstone","Shade:LastGasp"],"picked":"Shade:OfferingToTheBeyond","floor":16},{"not_picked":["Shade:GreyBargain+1","Shade:ClawBack"],"picked":"Shade:FuneraryArmor","floor":18},{"not_picked":["Shade:GoDigging","Shade:FleshLikeOak"],"picked":"Shade:OpenGraves+1","floor":19},{"not_picked":["Shade:Excise","Shade:GreyBargain"],"picked":"Shade:FleshToFlesh","floor":21},{"not_picked":["Shade:FeralStrike","Shade:FuneraryArmor"],"picked":"Shade:Bite_Shade","floor":25},{"not_picked":["Shade:SoulToxin","Shade:GreyBargain"],"picked":"Shade:FreshBones","floor":31},{"not_picked":["Shade:GreaterAnimation","Shade:LoseControl"],"picked":"Shade:LichForm","floor":33},{"not_picked":["Shade:Haruspicy","Shade:FleshToFlesh","Shade:FreshBones"],"picked":"SKIP","floor":35},{"not_picked":["Shade:AncientSpear","Shade:Trample+1"],"picked":"Shade:FuneraryJewels","floor":37},{"not_picked":["Shade:SoulToxin+1","Shade:Trample+1"],"picked":"Shade:LastGasp","floor":38},{"not_picked":["Shade:Brains+1","Shade:Bonestorm+1"],"picked":"Shade:CommandSoldier","floor":39},{"not_picked":["Shade:Premonition+1","Shade:FleshLikeOak"],"picked":"Shade:AuraOfUnlife","floor":42},{"not_picked":["Shade:SkeletonHug","Shade:BoneShards+1","Shade:Bite_Shade"],"picked":"SKIP","floor":45},{"not_picked":["Shade:Patience","Shade:Frenzy+1"],"picked":"Shade:UnbarTheGrave","floor":47}],"player_experience":552598,"relics_obtained":[{"floor":9,"key":"Pear"},{"floor":26,"key":"Bottled Lightning"},{"floor":43,"key":"aspiration:HiddenCompartment"},{"floor":47,"key":"Prayer Wheel"}],"event_choices":[{"cards_removed":["Shade:Strike_Shade"],"damage_healed":0,"gold_gain":0,"player_choice":"Card Removal","damage_taken":0,"max_hp_gain":0,"max_hp_loss":0,"event_name":"The Cleric","floor":3,"gold_loss":50},{"damage_healed":0,"gold_gain":0,"player_choice":"Success","damage_taken":7,"relics_obtained":["hubris:TinFlute"],"max_hp_gain":0,"max_hp_loss":0,"event_name":"Scrap Ooze","floor":4,"gold_loss":0},{"damage_healed":0,"gold_gain":0,"player_choice":"Lose Max HP","damage_taken":0,"relics_obtained":["Golden Idol"],"max_hp_gain":0,"max_hp_loss":5,"event_name":"Golden Idol","floor":7,"gold_loss":0},{"damage_healed":0,"gold_gain":0,"player_choice":"Gave Idol","damage_taken":0,"relics_obtained":["Bloody Idol"],"max_hp_gain":0,"max_hp_loss":0,"event_name":"Forgotten Altar","floor":20,"relics_lost":["Golden Idol"],"gold_loss":0},{"damage_healed":0,"gold_gain":0,"player_choice":"Obtain Plague Curse","damage_taken":0,"max_hp_gain":0,"max_hp_loss":0,"event_name":"Plague Doctor","floor":24,"gold_loss":0,"cards_obtained":["theForsaken:PlagueCurse"]},{"damage_healed":0,"gold_gain":0,"player_choice":"Opened","damage_taken":0,"relics_obtained":["reliquary:Buckler"],"max_hp_gain":0,"max_hp_loss":0,"event_name":"The Mausoleum","floor":27,"gold_loss":0,"cards_obtained":["Writhe"]},{"damage_healed":0,"gold_gain":0,"player_choice":"Trade","damage_taken":0,"relics_obtained":["SsserpentHead"],"max_hp_gain":0,"max_hp_loss":0,"event_name":"FaceTrader","floor":29,"gold_loss":0},{"damage_healed":0,"gold_gain":275,"player_choice":"Desecrate","damage_taken":0,"max_hp_gain":0,"max_hp_loss":0,"event_name":"Golden Shrine","floor":36,"gold_loss":0,"cards_obtained":["Regret"]},{"damage_healed":0,"gold_gain":0,"player_choice":"Got Potions","damage_taken":0,"max_hp_gain":0,"max_hp_loss":0,"event_name":"Lab","floor":41,"gold_loss":0}],"is_beta":false,"boss_relics":[{"not_picked":["hubris:TerracottaHorce","hubris:CrackedHourglass"],"picked":"hubris:ScarierMask"},{"not_picked":["Calling Bell","Tiny House"],"picked":"reliquary:ThirdArm"}],"items_purged_floors":[5,22,44,46],"is_endless":false,"potions_floor_spawned":[1,13,14,16,19,25,35,39,47],"ascension_level":0}}