{"host":"w97dq1whmpm6b2tc","time":1613854142,"event":{"mods":["BaseMod","Challenge The Spire","Downfall","Minty Spire (QoL Compilation)","StSLib"],"gold_per_floor":[99,113,288,298,298,315,315,341,353,371,371,384,414,426,443,548,548,448,466,479,564,83,108,108,125,143,143,170,184,210,42,56,159,159,159,179,179,179,179],"floor_reached":37,"language":"ENG","playtime":2475,"items_purged":["Doubt"],"score":517,"play_id":"507a79a4-dfca-405a-adb7-3671e4fef941","local_time":"20210220224902","is_ascension_mode":true,"campfire_choices":[{"data":"Slimebound:Split","floor":1.0,"key":"SMITH"},{"data":"Slimebound:CorrosiveSpit","floor":11.0,"key":"SMITH"},{"data":"Slimebound:MassFeed","floor":18,"key":"SMITH"},{"data":"Slimebound:DouseInSlime","floor":27,"key":"SMITH"},{"floor":35,"key":"RECALL"}],"circlet_count":0,"master_deck":["Slimebound:Strike_Slimebound","Slimebound:Strike_Slimebound","Slimebound:Strike_Slimebound","Slimebound:Tackle","Slimebound:Defend_Slimebound","Slimebound:Defend_Slimebound","Slimebound:Defend_Slimebound","Slimebound:Defend_Slimebound","Slimebound:Split+1","Slimebound:CorrosiveSpit+1","Master of Strategy","Slimebound:GoopSpray","Slimebound:SplitSpecialist","Slimebound:Gluttony","Slimebound:SpikyOuterGoop","Slimebound:DouseInSlime+1","Slimebound:MassFeed+1","Slimebound:SamplingLick+1","Slimebound:LeechEnergy+1","Slimebound:SlimeBrawl","Slimebound:SlimeBrawl+1","Slimebound:MassRepurpose"],"relics":["Slimebound:AbsorbEndCombat","Calipers","Mercury Hourglass","Pear","Anchor","Sozu","downfall:HeartBlessingGreen","Sundial","hexamod:BolsterEngine","Slimebound:MaxSlimesRelic","Slimebound:SlimedTailRelic","Eternal Feather","Blue Candle","bronze:DonusWashers","Coffee Dripper"],"acts_visited":["Exordium","TheCity","TheBeyond"],"potions_floor_usage":[16,16,16],"damage_taken":[{"damage":4.0,"enemies":"2 Louse","floor":2.0,"turns":3.0},{"damage":2.0,"enemies":"Jaw Worm","floor":4.0,"turns":3.0},{"damage":1.0,"enemies":"Cultist","floor":6.0,"turns":4.0},{"damage":35.0,"enemies":"Gremlin Nob","floor":8.0,"turns":4.0},{"damage":1.0,"enemies":"Gremlin Gang","floor":9.0,"turns":3.0},{"damage":0.0,"enemies":"3 Louse","floor":10.0,"turns":3.0},{"damage":14.0,"enemies":"Large Slime","floor":12.0,"turns":5.0},{"damage":6.0,"enemies":"Lagavulin","floor":13.0,"turns":6.0},{"damage":10.0,"enemies":"Exordium Thugs","floor":14.0,"turns":4.0},{"damage":5.0,"enemies":"Lots of Slimes","floor":15.0,"turns":3.0},{"damage":28,"enemies":"DF_ARCHETYPE_STREAMLINE","floor":16,"turns":5},{"damage":21,"enemies":"3 Byrds","floor":19,"turns":4},{"damage":3,"enemies":"Chosen","floor":20,"turns":5},{"damage":0,"enemies":"downfall:FleeingMerchant","floor":22,"turns":4},{"damage":27,"enemies":"Slavers","floor":23,"turns":4},{"damage":0,"enemies":"Centurion and Healer","floor":25,"turns":5},{"damage":0,"enemies":"3 Cultists","floor":26,"turns":3},{"damage":0,"enemies":"Gremlin Leader","floor":28,"turns":6},{"damage":0,"enemies":"Snecko","floor":29,"turns":4},{"damage":7,"enemies":"Slavers","floor":30,"turns":4},{"damage":0,"enemies":"downfall:FleeingMerchant","floor":31,"turns":4},{"damage":0,"enemies":"Snake Plant","floor":32,"turns":2},{"damage":4,"enemies":"IC_MUSHROOM_ARCHETYPE","floor":33,"turns":6},{"damage":13,"enemies":"Orb Walker","floor":36,"turns":3},{"damage":0,"enemies":"3 Shapes","floor":37,"turns":1}],"seed_played":"-4825218981678303199","potions_obtained":[{"floor":2.0,"key":"LiquidMemories"},{"floor":8.0,"key":"Slimebound:SlimedPotion"},{"floor":9.0,"key":"Guardian:BlockOnCardUsePotion"},{"floor":13.0,"key":"Strength Potion"}],"is_trial":false,"path_per_floor":["R","M","?","M","T","M","T","E","M","M","R","M","E","M","M","B",null,"R","M","M","?","$","E","T","M","M","R","E","M","E","$","M","B",null,"R","M","M"],"character_chosen":"SLIMEBOUND","items_purchased":["Sundial","hexamod:BolsterEngine","bronze:DonusWashers"],"campfire_rested":0,"item_purchase_floors":[22,22,31],"current_hp_per_floor":[59,57,57,59,59,59,59,38,45,47,47,41,43,39,36,14,69,69,50,53,41,49,28,28,36,44,44,52,60,65,73,73,72,73,73,62,62,62,62],"gold":179,"neow_bonus":"RANDOM_COLORLESS_2","is_daily":false,"chose_seed":false,"campfire_upgraded":4,"win_rate":0.0,"timestamp":1613854142,"path_taken":["R","M","?","M","?","M","T","E","M","M","R","M","E","?","M","BOSS","R","M","?","?","$","E","T","M","M","R","E","M","E","$","M","BOSS","R","M","M"],"items_purchased_type":["Relic","Relic","Relic"],"build_version":"2020-12-22","purchased_purges":1,"victory":false,"max_hp_per_floor":[59,59,59,59,59,59,59,69,69,69,69,69,69,69,69,69,69,69,69,69,69,69,69,69,69,69,69,69,69,73,73,73,73,73,73,73,73,73,73],"card_choices":[{"not_picked":["Transmutation","The Bomb"],"picked":"Master of Strategy","floor":0.0},{"not_picked":["Slimebound:SplitAcid","Slimebound:SamplingLick","Slimebound:FinishingTackle"],"picked":"SKIP","floor":2.0},{"not_picked":["Slimebound:FormOfPuddle","Slimebound:SplitMire"],"picked":"Slimebound:GoopSpray","floor":4.0},{"not_picked":["Slimebound:HauntingLick","Slimebound:ComboTackle"],"picked":"Slimebound:SplitSpecialist","floor":6.0},{"not_picked":["Slimebound:Chomp","Slimebound:Recollect","Slimebound:RollThrough"],"picked":"SKIP","floor":8.0},{"not_picked":["Slimebound:Equalize","Slimebound:ServeAndProtect","Slimebound:ProtectTheBoss"],"picked":"SKIP","floor":9.0},{"not_picked":["Slimebound:SplitAcid","Slimebound:ItLooksTasty"],"picked":"Slimebound:Gluttony","floor":10.0},{"not_picked":["Slimebound:HauntingLick","Slimebound:SlimeBrawl"],"picked":"Slimebound:SpikyOuterGoop","floor":12.0},{"not_picked":["Slimebound:GoopTackle","Slimebound:Grow"],"picked":"Slimebound:DouseInSlime","floor":13.0},{"not_picked":["Slimebound:BestDefense","Slimebound:LeadByExample","Slimebound:SamplingLick"],"picked":"SKIP","floor":14.0},{"not_picked":["Slimebound:SplitLeeching","Slimebound:SlimeSpikes","Slimebound:ForwardTackle"],"picked":"SKIP","floor":15.0},{"not_picked":["Slimebound:FirmFortitude","Slimebound:Darklings"],"picked":"Slimebound:MassFeed","floor":16},{"not_picked":["Slimebound:FlameTackle","Slimebound:SplitLeeching"],"picked":"Slimebound:SamplingLick+1","floor":19},{"not_picked":["Slimebound:SplitSpecialist+1","Slimebound:FinishingTackle+1","Slimebound:RollThrough"],"picked":"SKIP","floor":20},{"not_picked":["Slimebound:LevelUp+1","Slimebound:LeechingTouch","Slimebound:DivideAndConquer"],"picked":"SKIP","floor":22},{"not_picked":["Slimebound:DisruptingSlam+1","Slimebound:SplitBruiser"],"picked":"Slimebound:LeechEnergy+1","floor":23},{"not_picked":["Slimebound:Schlurp+1","Slimebound:FormOfPuddle+1","Slimebound:ItLooksTasty+1"],"picked":"SKIP","floor":25},{"not_picked":["Slimebound:ServeAndProtect","Slimebound:FormOfPuddle"],"picked":"Slimebound:SlimeBrawl","floor":26},{"not_picked":["Slimebound:Nibble","Slimebound:Schlurp+1"],"picked":"Slimebound:SlimeBrawl+1","floor":28},{"not_picked":["Slimebound:TongueLash","Slimebound:RainOfGoop","Slimebound:Equalize"],"picked":"SKIP","floor":29},{"not_picked":["Slimebound:Darklings","Slimebound:DivideAndConquer"],"picked":"Slimebound:MassRepurpose","floor":30},{"not_picked":["Slimebound:GoopSpray","Slimebound:ItLooksTasty","Slimebound:SplitAcid+1"],"picked":"SKIP","floor":31},{"not_picked":["Slimebound:SplitBruiser","Slimebound:Schlurp","Slimebound:LeechingTouch"],"picked":"SKIP","floor":32},{"not_picked":["Slimebound:GoopTackle","Slimebound:SplitBruiser+1","Slimebound:DisruptingSlam+1"],"picked":"SKIP","floor":36}],"player_experience":3791170,"relics_obtained":[{"floor":5.0,"key":"Calipers"},{"floor":7.0,"key":"Mercury Hourglass"},{"floor":8.0,"key":"Pear"},{"floor":13.0,"key":"Anchor"},{"floor":23,"key":"Slimebound:MaxSlimesRelic"},{"floor":24,"key":"Slimebound:SlimedTailRelic"},{"floor":28,"key":"Eternal Feather"},{"floor":30,"key":"Blue Candle"}],"event_choices":[],"is_beta":false,"boss_relics":[{"not_picked":["Tiny House","Slimebound:TarBlob"],"picked":"Sozu"},{"not_picked":["SlaversCollar","Fusion Hammer"],"picked":"Coffee Dripper"}],"items_purged_floors":[22],"is_endless":false,"potions_floor_spawned":[2,8,9,13,14,15,19,20,23,26,28,30,32,36],"killed_by":"3 Shapes","ascension_level":2}}