{"host":"ueef25wtkg2eer3h","time":1613849051,"event":{"mods":["AchievementEnabler","BaseMod","Colored Map","Colored Powertips","DeckTracker","Displayed Cursed Tome","Googly Eyes","Highlight Path","Minty Spire (QoL Compilation)","Slay the Relics Exporter","StSLib"],"gold_per_floor":[114,132,151,161,176,210,210,240,240,240,254,282,33,48,48,48,48],"floor_reached":16,"language":"ENG","playtime":997,"items_purged":[],"score":198,"play_id":"f2538ea5-f452-4382-90d8-426632d7f9e8","local_time":"20210220202411","is_ascension_mode":true,"campfire_choices":[{"floor":7,"key":"REST"},{"floor":10,"key":"REST"},{"floor":15,"key":"REST"}],"circlet_count":0,"master_deck":["AscendersBane","Strike_B","Strike_B","Strike_B","Strike_B","Defend_B","Defend_B","Defend_B","Defend_B","Zap","Dualcast","Cold Snap","Undo","Turbo","Beam Cell","Conserve Battery","Aggregate","Beam Cell","Rebound","Hologram","Sweeping Beam","Streamline","Redo"],"relics":["Cracked Core","Strawberry","Boot","Art of War","Dream Catcher","Smiling Mask","Question Card"],"acts_visited":["Exordium"],"potions_floor_usage":[8,11,12,14],"damage_taken":[{"damage":5,"enemies":"2 Louse","floor":1,"turns":3},{"damage":17,"enemies":"Jaw Worm","floor":2,"turns":5},{"damage":4,"enemies":"Cultist","floor":3,"turns":4},{"damage":1,"enemies":"2 Fungi Beasts","floor":4,"turns":4},{"damage":0,"enemies":"Exordium Wildlife","floor":5,"turns":5},{"damage":34,"enemies":"Gremlin Nob","floor":6,"turns":5},{"damage":30,"enemies":"3 Sentries","floor":8,"turns":11},{"damage":8,"enemies":"Blue Slaver","floor":11,"turns":3},{"damage":16,"enemies":"Lagavulin","floor":12,"turns":6},{"damage":6,"enemies":"Exordium Thugs","floor":14,"turns":4},{"damage":32,"enemies":"Hexaghost","floor":16,"turns":7}],"seed_played":"7034609118477803577","potions_obtained":[{"floor":3,"key":"Energy Potion"},{"floor":4,"key":"Dexterity Potion"},{"floor":8,"key":"Swift Potion"},{"floor":12,"key":"SteroidPotion"}],"is_trial":false,"path_per_floor":["M","M","M","M","M","E","R","E","T","R","M","E","$","M","R","B"],"character_chosen":"DEFECT","items_purchased":["Question Card"],"campfire_rested":3,"item_purchase_floors":[13],"current_hp_per_floor":[70,53,49,48,48,14,38,8,8,32,24,8,8,2,26,0,0],"gold":48,"neow_bonus":"RANDOM_COMMON_RELIC","is_daily":false,"chose_seed":false,"campfire_upgraded":0,"win_rate":0.0,"timestamp":1613849051,"path_taken":["M","M","M","M","M","E","R","E","T","R","M","E","$","M","R","BOSS"],"items_purchased_type":["Relic"],"build_version":"2020-12-22","purchased_purges":0,"victory":false,"max_hp_per_floor":[82,82,82,82,82,82,82,82,82,82,82,82,82,82,82,82,82],"card_choices":[{"not_picked":["Tempest","Storm"],"picked":"Cold Snap","floor":1},{"not_picked":["Cold Snap","Reinforced Body"],"picked":"Undo","floor":2},{"not_picked":["BootSequence","Recycle"],"picked":"Turbo","floor":3},{"not_picked":["Stack","Hologram"],"picked":"Beam Cell","floor":4},{"not_picked":["BootSequence","Genetic Algorithm"],"picked":"Conserve Battery","floor":5},{"not_picked":["Leap","Conserve Battery"],"picked":"Aggregate","floor":6},{"not_picked":["Cold Snap","Compile Driver"],"picked":"Beam Cell","floor":8},{"not_picked":["Coolheaded","Static Discharge"],"picked":"Rebound","floor":10},{"not_picked":["Rebound","BootSequence"],"picked":"Hologram","floor":11},{"not_picked":["Conserve Battery","Tempest"],"picked":"Sweeping Beam","floor":12},{"not_picked":["Compile Driver","Conserve Battery","Thunder Strike"],"picked":"Streamline","floor":14},{"not_picked":["Force Field","Stack","Compile Driver"],"picked":"Redo","floor":15}],"player_experience":298387,"relics_obtained":[{"floor":6,"key":"Boot"},{"floor":8,"key":"Art of War"},{"floor":9,"key":"Dream Catcher"},{"floor":12,"key":"Smiling Mask"}],"event_choices":[],"is_beta":false,"boss_relics":[],"items_purged_floors":[],"is_endless":false,"potions_floor_spawned":[3,4,6,8,12],"killed_by":"Hexaghost","ascension_level":12}}