{"host":"e1r14iqujvrv6qpf","time":1613798711,"event":{"mods":["AchievementEnabler","Act Like it!","Aspiration","BaseMod","BetterRewards","Colored Map","Colored Powertips","Conspire","Downfall","Friendly Minions","Gensokyo","Googly Eyes","Hallownest","Highlight Path","Hubris","KinomotoSakuraMod(木之本樱)","Koishi","KomeijiMod","LagranYue(拉格朗・月)","Lobotomy","Marisa（F雨　魔理沙）","Minty Spire (QoL Compilation)","Quick Restart","Reimu（博丽灵梦）","Remilia（蕾米莉亚）","Replay The Spire","Robot Space Explorer","Shop Mod","StSLib","The Administrix","The Animator","The Bug Knight","The Construct","The Cursed","The Marked","The Servant 0.9.4","Waifu the Spire","WarShipGirlsR/战舰少女R mod","Youmu（魂魄妖梦）","Yuri Mod","Yuyuko"],"gold_per_floor":[110,125,125,125,138,174,193,234,312,93,128,201,244,263,263,392,392,410,410,160,175,218,251,251,272,272,315,315,354,99,99,99,220,220,238,253,272,333,333,333,333,347,373,373,411,427,461,480,480,480],"floor_reached":51,"language":"ZHS","playtime":7429,"items_purged":["Strike_R","Strike_R"],"score":1107,"play_id":"4a8ca79a-d525-4d90-b9e2-90728e5f1616","local_time":"20210220132511","is_ascension_mode":true,"campfire_choices":[{"data":"Anger","floor":15.0,"key":"SMITH"},{"data":"Corruption","floor":24.0,"key":"SMITH"},{"floor":32.0,"key":"REST"},{"data":"Offering","floor":40,"key":"SMITH"},{"data":"Offering","floor":44,"key":"SMITH"},{"floor":49,"key":"REST"}],"circlet_count":0,"master_deck":["Strike_R","Strike_R","Strike_R","Defend_R","Defend_R","Defend_R","Defend_R","Bash","Clothesline","Anger+1","Corruption+1","Feed","Offering+1","Feed","GremboGang","Offering+1","ReplayTheSpireMod:LeadingStrike+1","Bloodletting+1","Impervious","Hemogenesis","Headbutt+1","Carnage+1","hubris:StunningStrike","Warcry+1","hubris:CleavingFinish+1","Shrug It Off"],"relics":["LagranYue:RandomDrawCardRelic","aspiration:PoetsPen_weak","Golden Idol","ThirstyCross","hubris:OldNail","Regal Pillow","aspiration:FrozenJewel","aspiration:Nostalgia","Ring of the Snake","LagranYue:RareGoldArmorRelic","Replay:Ringing Soul","Blood Vial","hubris:ScarierMask","Enchiridion","Potion Belt","HoshigumaDish","Tea:ReiMu","Replay:Mystery Machine","ReplayFunnel","aspiration:Lifesprig","Bronze Scales","Runic Pyramid","hubris:DisguiseKit","hubris:Towel","Lizard Tail","Happy Flower","Ancient Tea Set","Blue Doll"],"acts_visited":["Exordium","TheCity","TheBeyond"],"potions_floor_usage":[50,50,50],"damage_taken":[{"damage":0.0,"enemies":"Small Slimes","floor":1.0,"turns":2.0},{"damage":8.0,"enemies":"2 Louse","floor":2.0,"turns":3.0},{"damage":0.0,"enemies":"Cultist","floor":5.0,"turns":2.0},{"damage":8.0,"enemies":"Lagavulin","floor":6.0,"turns":3.0},{"damage":3.0,"enemies":"Large Slime","floor":7.0,"turns":3.0},{"damage":4.0,"enemies":"3 Sentries","floor":8.0,"turns":4.0},{"damage":17.0,"enemies":"Lagavulin","floor":11.0,"turns":4.0},{"damage":0.0,"enemies":"Lagavulin Event","floor":12.0,"turns":3.0},{"damage":13.0,"enemies":"3 Sentries","floor":13.0,"turns":4.0},{"damage":1.0,"enemies":"Blue Slaver","floor":14.0,"turns":2.0},{"damage":14.0,"enemies":"The Guardian","floor":16.0,"turns":8.0},{"damage":6.0,"enemies":"2 Thieves","floor":18.0,"turns":1.0},{"damage":16.0,"enemies":"Chosen","floor":21.0,"turns":2.0},{"damage":23.0,"enemies":"conspire:MimicChest","floor":22.0,"turns":3.0},{"damage":6.0,"enemies":"Gremlin Leader","floor":23.0,"turns":2.0},{"damage":3.0,"enemies":"Sentry and Sphere","floor":25.0,"turns":3.0},{"damage":17.0,"enemies":"Replay:Snechameleon","floor":27.0,"turns":4.0},{"damage":9.0,"enemies":"conspire:Head Lice","floor":29.0,"turns":4.0},{"damage":12.0,"enemies":"Automaton","floor":33.0,"turns":6.0},{"damage":9.0,"enemies":"3 Shapes","floor":35.0,"turns":2.0},{"damage":9.0,"enemies":"3 Darklings","floor":36.0,"turns":2.0},{"damage":12.0,"enemies":"Spire Growth","floor":37.0,"turns":2.0},{"damage":6,"enemies":"Writhing Mass","floor":42,"turns":2},{"damage":6,"enemies":"Nemesis","floor":45,"turns":3},{"damage":1,"enemies":"3 Darklings","floor":46,"turns":2},{"damage":9,"enemies":"Reptomancer","floor":47,"turns":3},{"damage":17,"enemies":"Sphere and 2 Shapes","floor":48,"turns":1},{"damage":91,"enemies":"conspire:OrnateMirror","floor":50,"turns":3}],"seed_played":"286541026615103491","potions_obtained":[{"floor":1.0,"key":"ZuzhouPotion:ReiMu"},{"floor":6.0,"key":"Languid Potion"},{"floor":8.0,"key":"construct:ShiftPotion"},{"floor":11.0,"key":"Block Potion"},{"floor":13.0,"key":"SkillPotion"},{"floor":14.0,"key":"DuplicationPotion"},{"floor":21.0,"key":"Explosive Potion"},{"floor":25.0,"key":"ColorlessPotion"},{"floor":27.0,"key":"Fire Potion"},{"floor":29.0,"key":"champ:CounterPotion"},{"floor":33.0,"key":"Guardian:BlockOnCardUsePotion"},{"floor":35.0,"key":"Weak Potion"},{"floor":38,"key":"Energy Potion"},{"floor":45,"key":"SteroidPotion"},{"floor":48,"key":"FearPotion"}],"is_trial":false,"path_per_floor":["M","M","?","?","M","E","M","E","T","$","E","?","E","M","R","B",null,"M","?","?","M","?","E","R","M","T","E","?","E","$","T","R","B",null,"M","M","M","?","?","R","?","M","T","R","E","M","E","M","R","B",null],"character_chosen":"IRONCLAD","items_purchased":["aspiration:Nostalgia","aspiration:Lifesprig"],"campfire_rested":2,"item_purchase_floors":[10,30],"current_hp_per_floor":[80,72,52,52,52,44,41,37,37,37,20,23,13,14,14,5,89,86,70,73,62,44,40,40,45,45,33,33,29,29,29,77,70,116,116,114,115,87,87,87,87,89,89,89,88,92,96,87,147,65],"gold":480,"neow_bonus":"BOSS_RELIC","is_daily":false,"chose_seed":false,"campfire_upgraded":4,"win_rate":0.0,"timestamp":1613798711,"path_taken":["M","M","?","?","M","E","M","E","T","$","E","?","E","M","R","BOSS","M","?","?","M","?","E","R","M","T","E","?","E","$","?","R","BOSS","M","M","M","?","?","R","?","?","T","R","E","M","E","M","R","BOSS"],"items_purchased_type":["Relic","Relic"],"build_version":"2020-12-22","purchased_purges":2,"victory":true,"max_hp_per_floor":[80,80,80,80,80,80,80,80,80,80,80,83,86,86,86,89,89,92,92,95,98,101,101,101,107,107,110,110,113,113,113,113,116,116,125,125,125,128,128,128,128,134,134,134,137,140,146,152,152,152],"card_choices":[{"not_picked":["Pommel Strike","Heavy Blade"],"picked":"Clothesline","floor":1.0},{"not_picked":["True Grit","Demon Form"],"picked":"Anger","floor":2.0},{"not_picked":["Wild Strike","Sword Boomerang","Flex"],"picked":"SKIP","floor":5.0},{"not_picked":["Hemokinesis","Spot Weakness"],"picked":"Corruption","floor":6.0},{"not_picked":["Shrug It Off","Wild Strike","Inflame"],"picked":"SKIP","floor":7.0},{"not_picked":["Combust","Twin Strike","Perfected Strike"],"picked":"SKIP","floor":8.0},{"not_picked":["Metallicize","ReplayTheSpireMod:Stacked","Clothesline"],"picked":"SKIP","floor":11.0},{"not_picked":["Power Through","Power Through"],"picked":"Feed","floor":12.0},{"not_picked":["Burning Pact","Perfected Strike","Metallicize"],"picked":"SKIP","floor":13.0},{"not_picked":["True Grit","Twin Strike","Flame Barrier"],"picked":"SKIP","floor":13.0},{"not_picked":["Armaments","Entrench","Run Through"],"picked":"SKIP","floor":14.0},{"not_picked":["Double Tap","conspire:HitWhereItHurts"],"picked":"Offering","floor":16.0},{"not_picked":["hubris:StunningStrike","Thunderclap"],"picked":"Feed","floor":18.0},{"not_picked":["ReplayTheSpireMod:LeadingStrike","Burning Pact","Infernal Blade"],"picked":"SKIP","floor":18.0},{"not_picked":["Shrug It Off","Brutality"],"picked":"Offering","floor":21.0},{"not_picked":["Searing Blow","ReplayTheSpireMod:LeadingStrike","Shrug It Off"],"picked":"SKIP","floor":21.0},{"not_picked":["Fire Breathing","Defy Death","Replay:Undeath\u0027s Touch"],"picked":"SKIP","floor":23.0},{"not_picked":["hubris:ReadiedAction","Replay:Undeath\u0027s Touch","Flex"],"picked":"SKIP","floor":23.0},{"not_picked":["ReplayTheSpireMod:Strike From Hell","Searing Blow"],"picked":"ReplayTheSpireMod:LeadingStrike","floor":25.0},{"not_picked":["ReplayTheSpireMod:Strike From Hell","ReplayTheSpireMod:Limb From Limb"],"picked":"Bloodletting+1","floor":27.0},{"not_picked":["Rage","Uppercut","Warcry"],"picked":"SKIP","floor":27.0},{"not_picked":["Clash","Flex"],"picked":"Impervious","floor":29.0},{"not_picked":["Rupture","Warcry"],"picked":"Armaments+1","floor":29.0},{"not_picked":["Power Through","Feed"],"picked":"Hemogenesis","floor":33.0},{"not_picked":["ReplayTheSpireMod:Corrosion Curse+1","Run Through+1"],"picked":"Headbutt+1","floor":35.0},{"not_picked":["Limit Break","Whirlwind","Eclipse"],"picked":"SKIP","floor":35.0},{"not_picked":["hubris:ReadiedAction","Burning Pact","Fiend Fire"],"picked":"SKIP","floor":36.0},{"not_picked":["ReplayTheSpireMod:Strike From Hell","Dual Wield","Life Link+1"],"picked":"SKIP","floor":36.0},{"not_picked":["Headbutt","Impervious","Cleave"],"picked":"SKIP","floor":37.0},{"not_picked":["Flex","Pommel Strike","Dual Wield"],"picked":"SKIP","floor":37.0},{"not_picked":["Headbutt+1","Combust"],"picked":"Carnage+1","floor":38},{"not_picked":["Demon Form","ReplayTheSpireMod:Corrosion Curse"],"picked":"hubris:StunningStrike","floor":42},{"not_picked":["Headbutt+1","Iron Wave+1","Wild Strike+1","Tempest"],"picked":"SKIP","floor":42},{"not_picked":["Ghostly Armor","Thunderclap","Massacre"],"picked":"SKIP","floor":45},{"not_picked":["Clothesline","Perfected Strike","Headbutt","Aggregate"],"picked":"SKIP","floor":45},{"not_picked":["Clothesline","Wild Strike+1","BasicCrystalCard"],"picked":"Warcry+1","floor":46},{"not_picked":["ReplayTheSpireMod:Strike From Hell","conspire:Purge","True Grit"],"picked":"SKIP","floor":46},{"not_picked":["Juggernaut","hubris:ReadiedAction+1","Steam"],"picked":"hubris:CleavingFinish+1","floor":47},{"not_picked":["Immolate","Disarm","Hemokinesis"],"picked":"SKIP","floor":47},{"not_picked":["Bloodletting","Armaments+1","conspire:Rain"],"picked":"Shrug It Off","floor":48},{"not_picked":["Limit Break","Fire Breathing","Headbutt"],"picked":"SKIP","floor":48}],"player_experience":302790,"relics_obtained":[{"floor":6.0,"key":"hubris:OldNail"},{"floor":8.0,"key":"Regal Pillow"},{"floor":9.0,"key":"aspiration:FrozenJewel"},{"floor":11.0,"key":"LagranYue:RareGoldArmorRelic"},{"floor":13.0,"key":"Blood Vial"},{"floor":19.0,"key":"Enchiridion"},{"floor":22.0,"key":"Potion Belt"},{"floor":23.0,"key":"HoshigumaDish"},{"floor":26.0,"key":"Tea:ReiMu"},{"floor":27.0,"key":"Replay:Mystery Machine"},{"floor":29.0,"key":"ReplayFunnel"},{"floor":31.0,"key":"Bronze Scales"},{"floor":38,"key":"hubris:DisguiseKit"},{"floor":43,"key":"Happy Flower"},{"floor":45,"key":"Ancient Tea Set"},{"floor":47,"key":"Blue Doll"}],"event_choices":[{"damage_healed":0.0,"max_hp_gain":0.0,"max_hp_loss":0.0,"gold_gain":0.0,"event_name":"Golden Idol","player_choice":"Take Damage","floor":3.0,"gold_loss":0.0,"damage_taken":20.0,"relics_obtained":["Golden Idol"]},{"damage_healed":0.0,"max_hp_gain":0.0,"max_hp_loss":0.0,"gold_gain":30.0,"event_name":"Dead Adventurer","player_choice":"Searched \u00273\u0027 times","floor":12.0,"gold_loss":0.0,"damage_taken":0.0,"relics_obtained":["Replay:Ringing Soul"]},{"damage_healed":0.0,"max_hp_gain":0.0,"max_hp_loss":0.0,"gold_gain":0.0,"event_name":"Cursed Tome","player_choice":"Obtained Book","floor":19.0,"gold_loss":0.0,"damage_taken":16.0},{"cards_removed":["Armaments"],"damage_healed":0,"gold_gain":0,"player_choice":"Gave Card","damage_taken":0,"relics_obtained":["Lizard Tail"],"max_hp_gain":0,"max_hp_loss":0,"event_name":"WeMeetAgain","floor":41,"gold_loss":0}],"is_beta":false,"boss_relics":[{"not_picked":["SlaversCollar","bronze:MakeshiftBattery"],"picked":"hubris:ScarierMask"},{"not_picked":["ChewingGum","hubris:HollowSoul"],"picked":"Runic Pyramid"}],"items_purged_floors":[10,30],"is_endless":false,"potions_floor_spawned":[1,6,8,11,13,14,21,25,27,29,33,35,36,45,48],"ascension_level":2}}