{"host":"1dkd4flhdqbv9eyg","time":1613806597,"event":{"mods":["AchievementEnabler","Aspiration","BaseMod","Better Note","DeckTracker","Energized Spire","Evolution","Gold Saver","Minty Spire (QoL Compilation)","Spicy Shops","StSLib"],"gold_per_floor":[1227,1227,772,787,787,813,763,131,131,160,160,173,188,260,260,357,357,371,471,2,13,13,45,45,45,94,110,110,110,125,154,154,256,256,275,275,125,140,153,153,165,176,202,202,222,237,65,65,65,65,65,65,13,43,43],"floor_reached":56,"language":"ENG","playtime":3142,"items_purged":["Pain","Crippling Poison"],"score":1220,"play_id":"13bf35db-db44-4059-81c1-8766e2491baa","local_time":"20210219233637","is_ascension_mode":false,"campfire_choices":[{"data":"Envenom","floor":15.0,"key":"SMITH"},{"floor":24.0,"key":"REST"},{"floor":32,"key":"RECALL"},{"floor":40,"key":"REST"},{"floor":44,"key":"REST"},{"floor":49,"key":"REST"},{"floor":52,"key":"REST"}],"circlet_count":0,"master_deck":["Poisoned Stab","Quick Slash","Dagger Throw","Bane","Sucker Punch","Defend_G","Defend_G","Defend_G","Defend_G","Defend_G","Survivor","Neutralize","Prepared","Poisoned Stab","Bane","Envenom+1","Bane","Deadly Poison","Noxious Fumes","Envenom","Heel Hook","Cloak And Dagger","Backflip","Armaments+1","Noxious Fumes","Backflip+1","Havoc+1"],"relics":["Ring of the Snake","EVO:Axolotl","NeowsBlessing","Pocketwatch","Happy Flower","Strawberry","Orrery","Tiny Chest","Blood Vial","PreservedInsect","TwistedFunnel","Pen Nib","Kunai","Oddly Smooth Stone","NlothsMask","aspiration:IroncladSkillbook","aspiration:Nostalgia","Burning Blood","Toolbox","InkBottle","WarpedTongs","Akabeko","Snake Skull","Boot","Fusion Hammer","Orichalcum","Bronze Scales","Lee\u0027s Waffle","Bottled Tornado","Toy Ornithopter"],"acts_visited":["Exordium","TheCity","TheBeyond","TheEnding"],"potions_floor_usage":[33,39,41,50,54,54,54,55,55,55],"damage_taken":[{"damage":0.0,"enemies":"Small Slimes","floor":1.0,"turns":1.0},{"damage":0.0,"enemies":"2 Louse","floor":4.0,"turns":1.0},{"damage":0.0,"enemies":"3 Sentries","floor":6.0,"turns":2.0},{"damage":14.0,"enemies":"Lagavulin","floor":10.0,"turns":4.0},{"damage":0.0,"enemies":"Cultist","floor":12.0,"turns":1.0},{"damage":4.0,"enemies":"Red Slaver","floor":13.0,"turns":2.0},{"damage":17.0,"enemies":"Hexaghost","floor":16.0,"turns":7.0},{"damage":25.0,"enemies":"3 Byrds","floor":18.0,"turns":4.0},{"damage":5.0,"enemies":"Shell Parasite","floor":21.0,"turns":6.0},{"damage":20.0,"enemies":"Book of Stabbing","floor":23.0,"turns":4.0},{"damage":14,"enemies":"Cultist and Chosen","floor":27,"turns":3},{"damage":4,"enemies":"Snake Plant","floor":30,"turns":2},{"damage":21,"enemies":"Slavers","floor":31,"turns":4},{"damage":29,"enemies":"Automaton","floor":33,"turns":7},{"damage":12,"enemies":"3 Darklings","floor":35,"turns":4},{"damage":0,"enemies":"3 Shapes","floor":38,"turns":2},{"damage":19,"enemies":"Writhing Mass","floor":39,"turns":3},{"damage":0,"enemies":"Jaw Worm Horde","floor":41,"turns":3},{"damage":16,"enemies":"Maw","floor":42,"turns":5},{"damage":0,"enemies":"Transient","floor":45,"turns":5},{"damage":9,"enemies":"Spire Growth","floor":46,"turns":4},{"damage":47,"enemies":"Time Eater","floor":50,"turns":8},{"damage":49,"enemies":"Shield and Spear","floor":54,"turns":4},{"damage":49,"enemies":"The Heart","floor":55,"turns":8}],"seed_played":"-8231082566874305960","potions_obtained":[{"floor":4.0,"key":"Dexterity Potion"},{"floor":6.0,"key":"FearPotion"},{"floor":10.0,"key":"SteroidPotion"},{"floor":21.0,"key":"SkillPotion"},{"floor":30,"key":"Strength Potion"},{"floor":31,"key":"Block Potion"},{"floor":33,"key":"GamblersBrew"},{"floor":39,"key":"Block Potion"},{"floor":42,"key":"EntropicBrew"},{"floor":45,"key":"Poison Potion"},{"floor":46,"key":"Block Potion"},{"floor":54,"key":"LiquidBronze"}],"is_trial":false,"path_per_floor":["M","?","$","M","?","E","?","$","T","E","?","M","M","T","R","B",null,"M","?","$","M","?","E","R","$","T","M","T","?","M","E","R","B",null,"M","?","$","M","M","R","M","M","T","R","M","M","$","T","R","B",null,"R","$","E","B",null],"character_chosen":"THE_SILENT","items_purchased":["Happy Flower","Strawberry","Orrery","Envenom","PreservedInsect","TwistedFunnel","Bane","Pen Nib","aspiration:Nostalgia","Toolbox","InkBottle","Orichalcum","Lee\u0027s Waffle","Energy Potion"],"campfire_rested":5,"item_purchase_floors":[3,3,3,8,8,8,8,8,20,20,20,37,47,53],"current_hp_per_floor":[70,63,70,70,70,70,70,70,70,58,58,60,58,58,58,43,77,56,56,56,63,63,55,77,77,77,73,73,73,77,66,66,49,77,75,75,75,77,68,77,77,71,71,77,77,77,84,84,84,47,84,84,84,45,23],"gold":43,"neow_bonus":"THREE_ENEMY_KILL","is_daily":false,"chose_seed":false,"campfire_upgraded":1,"win_rate":0.0,"timestamp":1613806597,"path_taken":["M","?","$","M","?","E","?","$","T","E","?","?","M","?","R","BOSS","M","?","$","M","?","E","R","?","T","M","?","?","M","E","R","BOSS","M","?","$","M","M","R","M","M","T","R","M","M","?","?","R","BOSS","R","$","E","BOSS"],"items_purchased_type":["Relic","Relic","Relic","Card","Relic","Relic","Card","Relic","Relic","Relic","Relic","Relic","Relic","Potion"],"build_version":"2020-12-22","purchased_purges":2,"victory":true,"max_hp_per_floor":[70,70,77,77,77,77,77,77,77,77,77,77,77,77,77,77,77,77,77,77,77,77,77,77,77,77,77,77,77,77,77,77,77,77,77,77,77,77,77,77,77,77,77,77,77,77,84,84,84,84,84,84,84,84,84],"card_choices":[{"not_picked":["Cloak And Dagger","Slice"],"picked":"Prepared","floor":1.0},{"not_picked":["Choke","Heel Hook"],"picked":"Poisoned Stab","floor":3.0},{"not_picked":["Blur","Slice"],"picked":"Bane","floor":3.0},{"not_picked":["Dagger Throw","Blade Dance"],"picked":"Crippling Poison","floor":3.0},{"not_picked":["Leg Sweep","Terror","Accuracy"],"picked":"SKIP","floor":4.0},{"not_picked":["Quick Slash","Flying Knee","Caltrops"],"picked":"SKIP","floor":6.0},{"not_picked":["Outmaneuver","Blade Dance","Bane"],"picked":"SKIP","floor":10.0},{"not_picked":["Flying Knee","Masterful Stab"],"picked":"Deadly Poison","floor":12.0},{"not_picked":["Deadly Poison","Prepared"],"picked":"Noxious Fumes","floor":13.0},{"not_picked":["Doppelganger","Glass Knife"],"picked":"Envenom","floor":16.0},{"not_picked":["Havoc","Expertise+1","Fire Breathing","Blood for Blood"],"picked":"SKIP","floor":18.0},{"not_picked":["Bloodletting","Wild Strike+1","Rampage"],"picked":"Heel Hook","floor":21.0},{"not_picked":["Intimidate","Backflip","Thunderclap","Double Tap"],"picked":"SKIP","floor":23.0},{"not_picked":["Pommel Strike","Calculated Gamble+1","Predator+1","Anger+1"],"picked":"SKIP","floor":27},{"not_picked":["Tactician","Finisher","Perfected Strike"],"picked":"Backflip","floor":30},{"not_picked":["aspiration:Lunge","Havoc","Warcry+1","Body Slam+1"],"picked":"SKIP","floor":31},{"not_picked":["Spot Weakness","Dagger Throw+1","Quick Slash"],"picked":"Armaments+1","floor":35},{"not_picked":["Caltrops+1","Entrench+1","Outmaneuver+1"],"picked":"Backflip+1","floor":38},{"not_picked":["Shockwave+1","Havoc+1","Cloak And Dagger+1","Clothesline"],"picked":"SKIP","floor":39},{"not_picked":["Burning Pact","Night Terror","Outmaneuver+1"],"picked":"Havoc+1","floor":41},{"not_picked":["Combust","Footwork","Sword Boomerang+1","Perfected Strike+1"],"picked":"SKIP","floor":42},{"not_picked":["Warcry","Pommel Strike","Battle Trance+1","Underhanded Strike+1"],"picked":"SKIP","floor":45},{"not_picked":["All Out Attack","Body Slam+1","Cloak And Dagger+1","Uppercut"],"picked":"SKIP","floor":46},{"not_picked":["Cloak And Dagger","Deadly Poison","Eviscerate+1","Infinite Blades"],"picked":"SKIP","floor":54}],"player_experience":135233,"relics_obtained":[{"floor":6.0,"key":"Blood Vial"},{"floor":9.0,"key":"Kunai"},{"floor":10.0,"key":"Oddly Smooth Stone"},{"floor":23.0,"key":"Akabeko"},{"floor":26,"key":"Snake Skull"},{"floor":31,"key":"Boot"},{"floor":43,"key":"Bronze Scales"},{"floor":48,"key":"Bottled Tornado"},{"floor":54,"key":"Toy Ornithopter"}],"event_choices":[{"damage_healed":0.0,"max_hp_gain":0.0,"max_hp_loss":0.0,"gold_gain":0.0,"event_name":"Scrap Ooze","player_choice":"Success","floor":2.0,"gold_loss":0.0,"damage_taken":7.0,"relics_obtained":["Pocketwatch"]},{"damage_healed":0.0,"max_hp_gain":0.0,"max_hp_loss":0.0,"gold_gain":0.0,"event_name":"Big Fish","player_choice":"Box","floor":5.0,"gold_loss":0.0,"damage_taken":0.0,"relics_obtained":["Tiny Chest"],"cards_obtained":["Regret"]},{"cards_removed":["Regret"],"damage_healed":0.0,"max_hp_gain":0.0,"max_hp_loss":0.0,"gold_gain":0.0,"event_name":"The Cleric","player_choice":"Card Removal","floor":7.0,"gold_loss":50.0,"damage_taken":0.0},{"damage_healed":0.0,"max_hp_gain":0.0,"max_hp_loss":0.0,"gold_gain":0.0,"event_name":"FaceTrader","player_choice":"Trade","floor":11.0,"gold_loss":0.0,"damage_taken":0.0,"relics_obtained":["NlothsMask"]},{"damage_healed":0.0,"max_hp_gain":0.0,"max_hp_loss":0.0,"gold_gain":100.0,"event_name":"Golden Shrine","player_choice":"Pray","floor":19.0,"gold_loss":0.0,"damage_taken":0.0},{"damage_healed":0.0,"max_hp_gain":0.0,"max_hp_loss":0.0,"gold_gain":0.0,"event_name":"Accursed Blacksmith","player_choice":"Rummage","floor":22.0,"gold_loss":0.0,"damage_taken":0.0,"relics_obtained":["WarpedTongs"],"cards_obtained":["Pain"]},{"damage_healed":0,"gold_gain":0,"player_choice":"1 cards matched","damage_taken":0,"max_hp_gain":0,"max_hp_loss":0,"event_name":"Match and Keep!","floor":29,"gold_loss":0,"cards_obtained":["Cloak And Dagger"]},{"damage_healed":0,"gold_gain":0,"player_choice":"Copied","damage_taken":0,"max_hp_gain":0,"max_hp_loss":0,"event_name":"Duplicator","floor":36,"gold_loss":0,"cards_obtained":["Noxious Fumes"]}],"is_beta":false,"boss_relics":[{"not_picked":["energizedSpire:PogoStick","aspiration:WatcherSkillbook"],"picked":"aspiration:IroncladSkillbook"},{"not_picked":["HoveringKite","energizedSpire:MagnifyingGlass"],"picked":"Fusion Hammer"}],"items_purged_floors":[37,47],"is_endless":false,"potions_floor_spawned":[4,6,10,21,30,31,33,39,42,45,46,54],"ascension_level":0}}