{"host":"oqyakm3e5m4kt4l3","time":1613780262,"event":{"mods":["2.2 Compatiblity","AchievementEnabler","BaseMod","Better Altar","Better Match","Better Note","Better Sensory Stone","Better Skull","Better Third Choice","BetterRewards","Colored Map","Colored Powertips","Minty Spire (QoL Compilation)","Permanent Neow","Quick Restart","Rare Cards Sparkle","Shop Mod","StSLib","Synergy Search"],"gold_per_floor":[118,118,20,36,36,63,63,89,114,79,2,2,77,106,106,106,106],"floor_reached":16,"language":"ENG","playtime":549,"items_purged":["Burn"],"score":194,"play_id":"262f9742-0fcf-4545-98f9-2f769beda0fb","local_time":"20210219191742","is_ascension_mode":true,"campfire_choices":[{"floor":7,"key":"REST"},{"floor":15,"key":"REST"}],"circlet_count":0,"master_deck":["AscendersBane","Strike_R","Strike_R","Strike_R","Strike_R","Defend_R","Defend_R","Defend_R","Defend_R","Bash","Corruption","Iron Wave","Body Slam","Second Wind","Immolate","Clash","Uppercut","Thunderclap"],"relics":["Burning Blood","Tiny Chest","Bronze Scales","Anchor","Sundial","StoneCalendar"],"acts_visited":["Exordium"],"potions_floor_usage":[6,8,16],"damage_taken":[{"damage":1,"enemies":"Cultist","floor":1,"turns":4},{"damage":13,"enemies":"Jaw Worm","floor":4,"turns":4},{"damage":35,"enemies":"3 Sentries","floor":6,"turns":10},{"damage":51,"enemies":"Lagavulin","floor":8,"turns":8},{"damage":22,"enemies":"Gremlin Nob","floor":14,"turns":4},{"damage":31,"enemies":"Hexaghost","floor":16,"turns":7}],"seed_played":"6919134744815906958","potions_obtained":[{"floor":4,"key":"LiquidMemories"},{"floor":6,"key":"SteroidPotion"},{"floor":14,"key":"ColorlessPotion"}],"is_trial":false,"path_per_floor":["M","?","$","M","$","E","R","E","T","?","$","?","T","E","R","B"],"character_chosen":"IRONCLAD","items_purchased":["Body Slam","Uppercut"],"campfire_rested":2,"item_purchase_floors":[3,11],"current_hp_per_floor":[73,73,73,66,66,37,59,14,14,32,32,25,25,9,31,0,0],"gold":106,"neow_bonus":"ONE_RANDOM_RARE_CARD","is_daily":false,"chose_seed":false,"campfire_upgraded":0,"win_rate":0.0,"timestamp":1613780262,"path_taken":["M","?","$","M","$","E","R","E","T","?","$","?","?","E","R","BOSS"],"items_purchased_type":["Card","Card"],"build_version":"2020-12-22","purchased_purges":1,"victory":false,"max_hp_per_floor":[75,75,75,75,75,75,75,75,75,75,75,75,75,75,75,75,75],"card_choices":[{"not_picked":["Wild Strike","Pummel"],"picked":"Iron Wave","floor":1},{"not_picked":["Wild Strike","True Grit"],"picked":"Second Wind","floor":4},{"not_picked":["Anger","Twin Strike"],"picked":"Immolate","floor":6},{"not_picked":["Pommel Strike","Intimidate"],"picked":"Clash","floor":8},{"not_picked":["Combust","Second Wind"],"picked":"Thunderclap","floor":14}],"player_experience":548126,"relics_obtained":[{"floor":6,"key":"Tiny Chest"},{"floor":8,"key":"Bronze Scales"},{"floor":9,"key":"Anchor"},{"floor":13,"key":"Sundial"},{"floor":14,"key":"StoneCalendar"}],"event_choices":[{"damage_healed":73,"gold_gain":0,"player_choice":"Embrace Burn","damage_taken":0,"max_hp_gain":0,"max_hp_loss":75,"event_name":"betterThird:BetterShining","floor":2,"gold_loss":0},{"damage_healed":18,"gold_gain":0,"player_choice":"Healed","damage_taken":0,"max_hp_gain":0,"max_hp_loss":0,"event_name":"The Cleric","floor":10,"gold_loss":35},{"cards_removed":["Strike_R"],"damage_healed":0,"gold_gain":0,"player_choice":"Card Removal","damage_taken":7,"max_hp_gain":0,"max_hp_loss":0,"event_name":"Golden Wing","floor":12,"gold_loss":0}],"is_beta":false,"boss_relics":[],"items_purged_floors":[3],"is_endless":false,"potions_floor_spawned":[4,6,14],"killed_by":"Hexaghost","ascension_level":14}}