{"host":"6xsbn6ynqlzwllfm","time":1613828478,"event":{"mods":["2.2 Compatiblity","BaseMod","Bestiary","Colored Map","Colored Powertips","Curses Come First","Downfall","Highlight Path","Keyboard Shortcuts","Minty Spire (QoL Compilation)","Quick Restart","Relic Stats","Slay the Relics Exporter","StSLib","SuperFastMode"],"gold_per_floor":[119,119,119,119,130,163,88,115,138,138,151,151,167,178,178,254,254,274,300,320,333,333,364,364,390,390,390,406,422,422,439,439,513,513,523,523,523,533,558,588,588,588,612,641,655,655,56,73,73,73,73,73,73,103,103,103,103],"floor_reached":55,"language":"ENG","playtime":1850,"items_purged":["bronze:Defend"],"score":1400,"play_id":"26398bd6-1132-460e-9812-86f24e0c51cf","local_time":"20210220084118","is_ascension_mode":true,"campfire_choices":[{"data":"bronze:Boost","floor":12,"key":"SMITH"},{"data":"bronze:Iterate","floor":15,"key":"SMITH"},{"floor":24,"key":"REST"},{"data":"bronze:Boost","floor":27,"key":"SMITH"},{"floor":32,"key":"REST"},{"floor":41,"key":"RECALL"},{"floor":46,"key":"REST"},{"floor":49,"key":"REST"},{"floor":52,"key":"REST"}],"circlet_count":0,"master_deck":["AscendersBane","bronze:Strike","bronze:Strike","bronze:Strike+1","bronze:Defend+1","bronze:Defend","bronze:Defend","bronze:Replicate","bronze:Boost+1","bronze:Virus","bronze:Library","bronze:Boost+1","Decay","bronze:FunctionCard","bronze:Overheat+1","downfall:Malfunctioning","bronze:CutThrough+1","Parasite","bronze:HyperBeam+1","Dramatic Entrance+1","bronze:Return+1","Writhe","Clumsy","bronze:FunctionCard","bronze:Flail+1","bronze:Boost+1","bronze:Library"],"relics":["bronze:BronzeCore","PreservedInsect","Bird Faced Urn","Tiny Chest","Cursed Key","Pen Nib","Mummified Hand","Ornamental Fan","Molten Egg 2","Pantograph","Bottled Lightning","Black Star","Gambling Chip","Lantern","bronze:SilverBullet","Boot","Dream Catcher","MealTicket","Ice Cream","DollysMirror","Art of War","bronze:Mallet","Eternal Feather"],"acts_visited":["Exordium","TheCity","TheBeyond","TheEnding"],"potions_floor_usage":[16,21,21,23,55,55],"damage_taken":[{"damage":1,"enemies":"Cultist","floor":1,"turns":4},{"damage":0,"enemies":"Small Slimes","floor":5,"turns":4},{"damage":8,"enemies":"Lagavulin","floor":6,"turns":10},{"damage":9,"enemies":"Gremlin Nob","floor":8,"turns":4},{"damage":2,"enemies":"Jaw Worm","floor":11,"turns":7},{"damage":6,"enemies":"Looter","floor":13,"turns":3},{"damage":0,"enemies":"Large Slime","floor":14,"turns":3},{"damage":2,"enemies":"Hexaghost","floor":16,"turns":6},{"damage":2,"enemies":"Shell Parasite","floor":18,"turns":4},{"damage":0,"enemies":"Spheric Guardian","floor":20,"turns":3},{"damage":0,"enemies":"Centurion and Healer","floor":21,"turns":4},{"damage":39,"enemies":"Slavers","floor":23,"turns":4},{"damage":14,"enemies":"Book of Stabbing","floor":25,"turns":5},{"damage":13,"enemies":"Sentry and Sphere","floor":28,"turns":4},{"damage":11,"enemies":"Snake Plant","floor":29,"turns":3},{"damage":8,"enemies":"Shelled Parasite and Fungi","floor":31,"turns":5},{"damage":43,"enemies":"Automaton","floor":33,"turns":10},{"damage":12,"enemies":"Orb Walker","floor":35,"turns":4},{"damage":0,"enemies":"3 Darklings","floor":38,"turns":4},{"damage":0,"enemies":"Mind Bloom Boss Battle","floor":39,"turns":4},{"damage":2,"enemies":"Giant Head","floor":40,"turns":5},{"damage":7,"enemies":"Nemesis","floor":44,"turns":4},{"damage":52,"enemies":"Spire Growth","floor":45,"turns":6},{"damage":7,"enemies":"Maw","floor":48,"turns":3},{"damage":44,"enemies":"Donu and Deca","floor":50,"turns":7},{"damage":41,"enemies":"Shield and Spear","floor":54,"turns":4},{"damage":95,"enemies":"The Heart","floor":55,"turns":5}],"seed_played":"3251984312062365313","potions_obtained":[{"floor":6,"key":"bronze:CleanCodePotion"},{"floor":10,"key":"Swift Potion"},{"floor":10,"key":"ColorlessPotion"},{"floor":11,"key":"AttackPotion"},{"floor":14,"key":"PowerPotion"},{"floor":16,"key":"EntropicBrew"},{"floor":25,"key":"Ancient Potion"},{"floor":29,"key":"SmokeBomb"},{"floor":33,"key":"Fire Potion"},{"floor":45,"key":"SpeedPotion"}],"is_trial":false,"path_per_floor":["M","?","?","?","M","E","$","E","T","?","M","R","M","M","R","B",null,"M","T","M","M","?","E","R","E","T","R","M","M","T","M","R","B",null,"M","?","?","M","?","E","R","T","T","E","M","R","$","M","R","B",null,"R","$","E","B"],"character_chosen":"THE_AUTOMATON","items_purchased":["Ice Cream","DollysMirror","Art of War"],"campfire_rested":5,"item_purchase_floors":[47,47,47],"current_hp_per_floor":[62,48,48,53,53,45,45,36,36,36,34,34,28,28,28,28,63,63,63,65,65,65,28,50,38,38,38,25,14,14,8,30,16,60,48,48,48,48,73,73,73,73,73,66,16,38,53,50,72,32,64,74,74,33,0,0,0],"gold":103,"neow_bonus":"TEN_PERCENT_HP_BONUS","is_daily":false,"chose_seed":false,"campfire_upgraded":3,"win_rate":0.0,"timestamp":1613828478,"path_taken":["M","?","?","?","M","E","$","E","T","?","M","R","?","?","R","BOSS","M","?","?","?","?","E","R","E","T","R","M","M","?","M","R","BOSS","M","?","?","M","?","E","R","?","T","E","M","R","?","M","R","BOSS","R","$","E","BOSS"],"items_purchased_type":["Relic","Relic","Relic"],"build_version":"2020-12-22","purchased_purges":1,"victory":false,"max_hp_per_floor":[69,69,69,74,74,74,74,74,74,74,74,74,74,74,74,74,74,74,74,74,74,74,74,74,74,74,74,74,74,74,74,74,74,74,74,74,74,74,74,74,74,74,74,74,74,74,74,74,74,74,74,74,74,74,74,74,74],"relic_stats":{"counters":[27,129],"Eternal Feather":0,"PreservedInsect":363,"Pen Nib":[23],"Cursed Key":5,"Boot":[52],"Dream Catcher":3,"Mummified Hand":[19],"Ornamental Fan":[196],"Bird Faced Urn":[28],"Pantograph":77,"Gambling Chip":[18],"Tiny Chest":3,"MealTicket":15,"Black Star":3,"Art of War":[0],"obtain_stats":[{"Ice Cream":47,"Lantern":40,"bronze:BronzeCore":0,"Eternal Feather":54,"PreservedInsect":6,"Pen Nib":19,"bronze:Mallet":54,"Cursed Key":17,"Boot":43,"Dream Catcher":44,"Mummified Hand":22,"Ornamental Fan":23,"DollysMirror":47,"Bird Faced Urn":8,"Pantograph":26,"Gambling Chip":39,"Tiny Chest":9,"Molten Egg 2":25,"MealTicket":44,"Black Star":34,"Art of War":47,"Bottled Lightning":30,"bronze:SilverBullet":40},{"Ice Cream":23,"Lantern":21,"bronze:BronzeCore":0,"Eternal Feather":26,"PreservedInsect":3,"Pen Nib":9,"bronze:Mallet":26,"Cursed Key":8,"Boot":21,"Dream Catcher":22,"Mummified Hand":11,"Ornamental Fan":12,"DollysMirror":23,"Bird Faced Urn":4,"Pantograph":13,"Gambling Chip":20,"Tiny Chest":4,"Molten Egg 2":13,"MealTicket":22,"Black Star":17,"Art of War":23,"Bottled Lightning":15,"bronze:SilverBullet":21},{"Ice Cream":110,"Lantern":100,"bronze:BronzeCore":0,"Eternal Feather":124,"PreservedInsect":18,"Pen Nib":45,"bronze:Mallet":124,"Cursed Key":41,"Boot":100,"Dream Catcher":104,"Mummified Hand":52,"Ornamental Fan":56,"DollysMirror":110,"Bird Faced Urn":22,"Pantograph":61,"Gambling Chip":95,"Tiny Chest":22,"Molten Egg 2":61,"MealTicket":104,"Black Star":83,"Art of War":110,"Bottled Lightning":68,"bronze:SilverBullet":100}]},"card_choices":[{"not_picked":["bronze:BitShift","bronze:BronzeOrb"],"picked":"bronze:DelayedGuard","floor":1},{"not_picked":["bronze:Repulsor","bronze:Optimize"],"picked":"bronze:DelayedGuard","floor":5},{"not_picked":["bronze:Separator","bronze:InfiniteBeams","bronze:Constructor"],"picked":"SKIP","floor":6},{"not_picked":["bronze:BugBarrage","bronze:OilSpill"],"picked":"bronze:Iterate","floor":11},{"not_picked":["bronze:FineTuning","bronze:DelayedSlice"],"picked":"bronze:Virus","floor":13},{"not_picked":["bronze:FindAndReplace","bronze:Verify"],"picked":"bronze:Library","floor":16},{"not_picked":["bronze:Repulsor","bronze:Overload"],"picked":"bronze:Boost","floor":18},{"not_picked":["bronze:NullPointer+1","bronze:DelayedSlice"],"picked":"bronze:Hardcode","floor":21},{"not_picked":["bronze:FineTuning","bronze:Deprecate","bronze:BuggyMess"],"picked":"SKIP","floor":23},{"not_picked":["bronze:Terminator","bronze:Optimize"],"picked":"bronze:Overheat+1","floor":25},{"not_picked":["bronze:Iterate+1","bronze:WhirlingStrike+1"],"picked":"bronze:CutThrough+1","floor":28},{"not_picked":["bronze:Shield","bronze:ForLoop"],"picked":"bronze:Frontload","floor":29},{"not_picked":["bronze:Break+1","bronze:ShipIt+1"],"picked":"bronze:HyperBeam+1","floor":33},{"not_picked":["bronze:DelayedGuard+1","bronze:Shield"],"picked":"bronze:CutThrough+1","floor":35},{"not_picked":["PanicButton","Metamorphosis"],"picked":"Dramatic Entrance+1","floor":36},{"not_picked":["bronze:Constructor","bronze:Safeguard","bronze:Frontload"],"picked":"SKIP","floor":38},{"not_picked":["bronze:Branch+1","bronze:OilSpill+1"],"picked":"bronze:Return+1","floor":39},{"not_picked":["bronze:Iterate+1","bronze:BuggyMess"],"picked":"bronze:Hardcode","floor":40},{"not_picked":["bronze:Repair","bronze:Invalidate"],"picked":"bronze:Flail+1","floor":45},{"not_picked":["bronze:Refactor+1","bronze:WildBeam+1"],"picked":"bronze:Boost+1","floor":46}],"player_experience":1815788,"relics_obtained":[{"floor":6,"key":"PreservedInsect"},{"floor":8,"key":"Bird Faced Urn"},{"floor":9,"key":"Tiny Chest"},{"floor":19,"key":"Pen Nib"},{"floor":23,"key":"Ornamental Fan"},{"floor":25,"key":"Molten Egg 2"},{"floor":26,"key":"Pantograph"},{"floor":30,"key":"Bottled Lightning"},{"floor":39,"key":"Gambling Chip"},{"floor":40,"key":"Lantern"},{"floor":40,"key":"bronze:SilverBullet"},{"floor":43,"key":"Boot"},{"floor":44,"key":"Dream Catcher"},{"floor":44,"key":"MealTicket"},{"floor":54,"key":"bronze:Mallet"},{"floor":54,"key":"Eternal Feather"}],"event_choices":[{"damage_healed":0,"gold_gain":0,"player_choice":"Entered Light","damage_taken":14,"max_hp_gain":0,"max_hp_loss":0,"event_name":"Shining Light","floor":2,"gold_loss":0,"cards_upgraded":["bronze:Strike","bronze:Defend"]},{"damage_healed":0,"gold_gain":0,"player_choice":"Donut","damage_taken":0,"max_hp_gain":5,"max_hp_loss":0,"event_name":"Big Fish","floor":4,"gold_loss":0},{"damage_healed":0,"gold_gain":0,"player_choice":"Got Potions","damage_taken":0,"max_hp_gain":0,"max_hp_loss":0,"event_name":"Lab","floor":10,"gold_loss":0},{"damage_healed":0,"gold_gain":0,"player_choice":"Gave Potion","damage_taken":0,"relics_obtained":["Mummified Hand"],"max_hp_gain":0,"max_hp_loss":0,"event_name":"WeMeetAgain","floor":22,"gold_loss":0},{"damage_healed":0,"gold_gain":0,"player_choice":"Memory 1","damage_taken":0,"max_hp_gain":0,"max_hp_loss":0,"event_name":"SensoryStone","floor":36,"gold_loss":0},{"damage_healed":0,"gold_gain":0,"player_choice":"Ignored","damage_taken":0,"max_hp_gain":0,"max_hp_loss":0,"event_name":"Tomb of Lord Red Mask","floor":37,"gold_loss":0},{"damage_healed":0,"gold_gain":0,"player_choice":"Fight","damage_taken":0,"max_hp_gain":0,"max_hp_loss":0,"event_name":"MindBloom","floor":39,"gold_loss":0}],"is_beta":false,"boss_relics":[{"not_picked":["Empty Cage","Fusion Hammer"],"picked":"Cursed Key"},{"not_picked":["SlaversCollar","Coffee Dripper"],"picked":"Black Star"}],"items_purged_floors":[7],"is_endless":false,"potions_floor_spawned":[6,11,14,16,18,25,29,33,35,44,45],"killed_by":"The Heart","ascension_level":14}}