{"host":"gfxjwtol062e9znw","time":1613807476,"event":{"mods":["BaseMod","Colored Map","Minty Spire (QoL Compilation)","Rare Cards Sparkle","StSLib"],"gold_per_floor":[117,136,136,149,8,35,55,82,82,82,99,99,118,118,118,222,222,236,256,268,268,281,281,281,281],"floor_reached":24,"language":"ENG","playtime":851,"items_purged":[],"score":326,"play_id":"c68fd7e4-9814-47c8-84a9-af77e70599fa","local_time":"20210220185116","is_ascension_mode":true,"campfire_choices":[{"floor":10,"key":"REST"},{"floor":12,"key":"REST"},{"floor":15,"key":"REST"},{"floor":23,"key":"REST"}],"circlet_count":0,"master_deck":["AscendersBane","Strike_G","Strike_G","Strike_G","Strike_G","Strike_G","Defend_G","Defend_G","Defend_G","Defend_G","Defend_G","Survivor","Neutralize+1","Unload","Deflect","PiercingWail+1","Cloak And Dagger","All Out Attack","Accuracy","Dash","Finisher","Backflip","Calculated Gamble+1","Phantasmal Killer","Dagger Spray+1","Caltrops","Prepared"],"relics":["Ring of the Snake","Shuriken","Omamori","Bottled Tornado","HoveringKite","Matryoshka"],"acts_visited":["Exordium","TheCity"],"potions_floor_usage":[6,6,8,11,16,24,24],"damage_taken":[{"damage":0,"enemies":"2 Louse","floor":1,"turns":2},{"damage":0,"enemies":"Cultist","floor":2,"turns":4},{"damage":0,"enemies":"Small Slimes","floor":4,"turns":4},{"damage":24,"enemies":"Lagavulin","floor":6,"turns":8},{"damage":3,"enemies":"Looter","floor":7,"turns":4},{"damage":30,"enemies":"Gremlin Nob","floor":8,"turns":4},{"damage":0,"enemies":"3 Louse","floor":11,"turns":2},{"damage":2,"enemies":"Large Slime","floor":13,"turns":8},{"damage":22,"enemies":"Hexaghost","floor":16,"turns":13},{"damage":2,"enemies":"Chosen","floor":18,"turns":6},{"damage":18,"enemies":"Spheric Guardian","floor":19,"turns":4},{"damage":7,"enemies":"Cultist and Chosen","floor":20,"turns":4},{"damage":28,"enemies":"3 Cultists","floor":22,"turns":6},{"damage":34,"enemies":"Snecko","floor":24,"turns":4}],"seed_played":"-19308344208568662","potions_obtained":[{"floor":2,"key":"SkillPotion"},{"floor":6,"key":"Explosive Potion"},{"floor":7,"key":"ColorlessPotion"},{"floor":11,"key":"AttackPotion"},{"floor":16,"key":"GamblersBrew"},{"floor":19,"key":"Poison Potion"}],"is_trial":false,"path_per_floor":["M","M","?","M","$","E","M","E","T","R","M","R","M","?","R","B",null,"M","M","M","?","M","R","M"],"character_chosen":"THE_SILENT","items_purchased":["All Out Attack","CunningPotion"],"campfire_rested":4,"item_purchase_floors":[5,5],"current_hp_per_floor":[63,63,63,63,63,39,36,6,6,27,27,48,46,32,53,31,60,58,40,33,33,5,26,0,0],"gold":281,"neow_bonus":"ONE_RANDOM_RARE_CARD","is_daily":false,"chose_seed":false,"campfire_upgraded":0,"win_rate":0.0,"timestamp":1613807476,"path_taken":["M","M","?","M","?","E","M","E","T","R","M","R","M","?","R","BOSS","M","M","M","?","M","R","M"],"items_purchased_type":["Card","Potion"],"build_version":"2020-12-22","purchased_purges":0,"victory":false,"max_hp_per_floor":[70,70,70,70,70,70,70,70,70,70,70,70,70,70,70,70,70,70,70,70,70,70,70,70,70],"card_choices":[{"not_picked":["Slice","Catalyst"],"picked":"Deflect","floor":1},{"not_picked":["Dagger Spray","Eviscerate"],"picked":"PiercingWail","floor":2},{"not_picked":["Backflip","Finisher"],"picked":"Cloak And Dagger","floor":4},{"not_picked":["Calculated Gamble","Outmaneuver"],"picked":"Accuracy","floor":6},{"not_picked":["Backflip","Slice"],"picked":"Dash","floor":7},{"not_picked":["Night Terror","Eviscerate"],"picked":"Finisher","floor":8},{"not_picked":["Underhanded Strike","Dagger Throw"],"picked":"Backflip","floor":11},{"not_picked":["Catalyst","Endless Agony"],"picked":"Calculated Gamble","floor":13},{"not_picked":["Night Terror","A Thousand Cuts"],"picked":"Phantasmal Killer","floor":16},{"not_picked":["Blade Dance","Dodge and Roll+1"],"picked":"Dagger Spray+1","floor":18},{"not_picked":["Dagger Throw","Dash","Acrobatics"],"picked":"SKIP","floor":19},{"not_picked":["Slice","Concentrate+1"],"picked":"Caltrops","floor":20},{"not_picked":["Bane","Underhanded Strike"],"picked":"Prepared","floor":22}],"player_experience":201325,"relics_obtained":[{"floor":6,"key":"Shuriken"},{"floor":8,"key":"Omamori"},{"floor":9,"key":"Bottled Tornado"}],"event_choices":[{"damage_healed":0,"gold_gain":0,"player_choice":"Upgraded","damage_taken":0,"max_hp_gain":0,"max_hp_loss":0,"event_name":"Upgrade Shrine","floor":3,"gold_loss":0,"cards_upgraded":["Neutralize"]},{"damage_healed":0,"gold_gain":0,"player_choice":"Entered Light","damage_taken":14,"max_hp_gain":0,"max_hp_loss":0,"event_name":"Shining Light","floor":14,"gold_loss":0,"cards_upgraded":["Calculated Gamble","PiercingWail"]},{"damage_healed":0,"gold_gain":0,"player_choice":"Opened","damage_taken":0,"relics_obtained":["Matryoshka"],"max_hp_gain":0,"max_hp_loss":0,"event_name":"The Mausoleum","floor":21,"gold_loss":0}],"is_beta":false,"boss_relics":[{"not_picked":["Velvet Choker","SacredBark"],"picked":"HoveringKite"}],"items_purged_floors":[],"is_endless":false,"potions_floor_spawned":[2,6,7,11,16,19,22],"killed_by":"Snecko","ascension_level":11}}