{"host":"1a9bbjeis3rg03b1","time":1613843704,"event":{"mods":["Act Like it!","BaseMod","Gensokyo","Googly Eyes","Hermit","Mimic Mod","Minty Spire (QoL Compilation)","Morshu Shopkeeper","Reliquary","Replay The Spire","StSLib","The Administrix","The Disciple","The Jungle","The Poker Player","The Servant 0.9.4","Wide Potions","everything is the same but u backflip on backflip"],"gold_per_floor":[113,113,43,63,63,89,89,121,190,190,30,62,73,101,101,203,203,220,220,234,1,1,1,36,8,31,58,0,0,31,42,42,142,142,162,175,175,225,225,225,9,41,67,67,79,105,105,152,152,52,52,52],"floor_reached":50,"language":"ENG","playtime":5605,"items_purged":[],"score":984,"play_id":"70e7f567-854a-4849-8428-bc38c331eeb2","local_time":"20210220105504","is_ascension_mode":true,"metric_token":1170,"campfire_choices":[{"data":"PokerPlayerMod:Mulligan","floor":10.0,"key":"SMITH"},{"data":"PokerPlayerMod:ItsShowtime","floor":15.0,"key":"SMITH"},{"data":"PokerPlayerMod:DamnStraight","floor":23.0,"key":"SMITH"},{"floor":40.0,"key":"REST"},{"floor":44.0,"key":"REST"},{"floor":47,"key":"RECALL"}],"circlet_count":0,"master_deck":["PokerPlayerMod:Diamond1","PokerPlayerMod:Diamond2","PokerPlayerMod:Diamond3","PokerPlayerMod:Diamond4","PokerPlayerMod:Diamond5","PokerPlayerMod:Spade1","PokerPlayerMod:Spade2","PokerPlayerMod:Spade3","PokerPlayerMod:Spade4","PokerPlayerMod:Club1","PokerPlayerMod:Club2","PokerPlayerMod:Heart2","PokerPlayerMod:TrumpStrike+1","PokerPlayerMod:BadJoker","PokerPlayerMod:Mulligan+1","PokerPlayerMod:SecretDealer+1","PokerPlayerMod:DiamondStrike+1","PokerPlayerMod:Spade3","PokerPlayerMod:ItsShowtime","PokerPlayerMod:Club1","PokerPlayerMod:Spade4","PokerPlayerMod:Configure+1","PokerPlayerMod:ItsShowtime+1","PokerPlayerMod:Duplicate+1","PokerPlayerMod:DamnStraight+1","PokerPlayerMod:Diamond4","Finesse+1","Clumsy","AdministrixMod:QuietConspiracy","PokerPlayerMod:Diamond5","PokerPlayerMod:Diamond2","Atom Bomb","ReplayTheSpireMod:Splinters","Replay:Hysterical Blindness","PokerPlayerMod:Spade3","Gensokyo:SalamanderShield","Spreading Infection","PokerPlayerMod:Configure+1","Sickly","PokerPlayerMod:Club10+","PokerPlayerMod:Raise"],"relics":["PokerPlayerMod:DeckCase","Gensokyo:PortableGap","PreservedInsect","Gensokyo:NagashiBinaDoll","ReplayTheSpireMod:Shallot","reliquary:Stiletto","Strawberry","Thread and Needle","reliquary:RedCape","PrismaticShard","Ice Cream","Regal Pillow","Replay:Bottled Eggs","Blood Vial","Replay:Ancient Bell","reliquary:Buckler","reliquary:PrincelyHelmet","Turnip","Ring of Greed","The Courier","Tiny Chest","reliquary:WeakTea","reliquary:NewFriend","Ancient Tea Set","reliquary:RoseTintedGlasses","ReplayTheSpireMod:Lightbulb"],"acts_visited":["Exordium","Gensokyo:Gensokyo","Gensokyo:Gensokyoer"],"potions_floor_usage":[],"damage_taken":[{"damage":4.0,"enemies":"Gensokyo:2_Kodama","floor":1.0,"turns":2.0},{"damage":0.0,"enemies":"Gensokyo:Python","floor":4.0,"turns":2.0},{"damage":0.0,"enemies":"Gensokyo:Mamizou","floor":6.0,"turns":4.0},{"damage":0.0,"enemies":"Gensokyo:Cirno","floor":8.0,"turns":4.0},{"damage":11.0,"enemies":"Gensokyo:Aya","floor":12.0,"turns":3.0},{"damage":0.0,"enemies":"Gensokyo:3_Fairies","floor":13.0,"turns":3.0},{"damage":0.0,"enemies":"Gensokyo:Cirno","floor":14.0,"turns":4.0},{"damage":16.0,"enemies":"Gensokyo:Kokoro","floor":16.0,"turns":10.0},{"damage":0.0,"enemies":"Gensokyo:CosmicMonolith","floor":18.0,"turns":1.0},{"damage":0.0,"enemies":"Gensokyo:AngelMirror","floor":20.0,"turns":2.0},{"damage":0.0,"enemies":"Gensokyo:Tenshi","floor":24.0,"turns":2.0},{"damage":25.0,"enemies":"Gensokyo:Reisen","floor":27.0,"turns":6.0},{"damage":0.0,"enemies":"Gensokyo:Koishi","floor":30.0,"turns":2.0},{"damage":13.0,"enemies":"Gensokyo:Slime_Group","floor":31.0,"turns":3.0},{"damage":41.0,"enemies":"Gensokyo:Eiki","floor":33.0,"turns":10.0},{"damage":9.0,"enemies":"Gensokyo:AncientGuardian","floor":35.0,"turns":3.0},{"damage":11.0,"enemies":"Gensokyo:3_Boulders","floor":36.0,"turns":3.0},{"damage":31.0,"enemies":"Gensokyo:Kasen","floor":42.0,"turns":6.0},{"damage":0,"enemies":"Gensokyo:Dusk_and_Dawn","floor":45,"turns":2},{"damage":17,"enemies":"Gensokyo:Doremy","floor":46,"turns":6},{"damage":51,"enemies":"Gensokyo:Scarlet_Devils","floor":50,"turns":5}],"seed_played":"1776668153457368034","potions_obtained":[{"floor":8.0,"key":"GamblersBrew"},{"floor":14.0,"key":"DuplicationPotion"},{"floor":18.0,"key":"Fire Potion"},{"floor":30.0,"key":"Dexterity Potion"},{"floor":31.0,"key":"Fire Potion"},{"floor":35.0,"key":"Fire Potion"}],"is_trial":false,"path_per_floor":["M","?","?","M","?","E","?","E","T","R","$","E","M","E","R","B",null,"M","?","M","$","?","R","E","$","T","E","?","?","E","M","R","B",null,"M","M","?","?","?","R","COS","E","T","R","M","E","R","T","R","B"],"character_chosen":"THE_POKER_PLAYER","items_purchased":["reliquary:Stiletto","PokerPlayerMod:Club1","Finesse","PrismaticShard","PokerPlayerMod:Diamond5"],"campfire_rested":2,"item_purchase_floors":[11,11,21,21,25],"current_hp_per_floor":[48,47,47,47,47,47,44,44,41,41,41,37,39,43,43,29,45,45,42,42,39,39,39,39,39,39,14,14,14,19,12,36,5,36,27,18,18,18,18,33,33,4,4,28,30,20,20,20,20,0,0,0],"gold":52,"neow_bonus":"ONE_RANDOM_RARE_CARD","is_daily":false,"chose_seed":false,"campfire_upgraded":3,"win_rate":0.0,"timestamp":1613843704,"path_taken":["M","?","?","M","?","E","?","E","T","R","$","E","?","E","R","BOSS","M","?","?","$","?","R","E","?","T","E","?","?","E","?","R","BOSS","M","M","?","?","?","R","COS","E","T","R","?","E","R","?","R","BOSS"],"items_purchased_type":["Relic","Card","Card","Relic","Card"],"build_version":"2020-12-22","purchased_purges":0,"victory":false,"max_hp_per_floor":[52,47,47,47,47,47,44,44,41,41,41,45,45,45,45,45,45,45,42,42,39,39,39,39,39,39,39,39,36,36,36,36,36,36,36,36,33,33,33,33,33,33,33,33,33,33,30,27,27,27,27,27],"card_choices":[{"not_picked":["PokerPlayerMod:CardBurn","PokerPlayerMod:Diamond4"],"picked":"PokerPlayerMod:DiamondStrike","floor":1.0},{"not_picked":["PokerPlayerMod:Spade1","PokerPlayerMod:Raise"],"picked":"PokerPlayerMod:Diamond2","floor":4.0},{"not_picked":["PokerPlayerMod:Spade2","PokerPlayerMod:Spade4"],"picked":"PokerPlayerMod:Spade3","floor":6.0},{"not_picked":["PokerPlayerMod:RoyalStrike","PokerPlayerMod:Heart3"],"picked":"PokerPlayerMod:ItsShowtime","floor":8.0},{"not_picked":["PokerPlayerMod:HiddenCard","PokerPlayerMod:Heart9"],"picked":"PokerPlayerMod:Spade4","floor":12.0},{"not_picked":["PokerPlayerMod:ClubShade","PokerPlayerMod:Spade2"],"picked":"PokerPlayerMod:Configure","floor":13.0},{"not_picked":["PokerPlayerMod:Spade5","PokerPlayerMod:Diamond1"],"picked":"PokerPlayerMod:ItsShowtime","floor":14.0},{"not_picked":["PokerPlayerMod:Spade8","PokerPlayerMod:Diamond10+"],"picked":"PokerPlayerMod:Duplicate","floor":16.0},{"not_picked":["PokerPlayerMod:Spade2","PokerPlayerMod:Diamond5"],"picked":"PokerPlayerMod:Overdeal","floor":18.0},{"not_picked":["PokerPlayerMod:Spade4","PokerPlayerMod:Diamond2"],"picked":"PokerPlayerMod:Diamond4","floor":20.0},{"not_picked":["PokerPlayerMod:Spade8","Echoward"],"picked":"AdministrixMod:QuietConspiracy","floor":24.0},{"not_picked":["White Noise","Dark Embrace","PokerPlayerMod:Diamond2"],"picked":"SKIP","floor":27.0},{"not_picked":["PokerPlayerMod:Spade2","hermit:NoHoldsBarred"],"picked":"PokerPlayerMod:Diamond2","floor":30.0},{"not_picked":["AdministrixMod:Convergence","hermit:Coalescence+1"],"picked":"WindUp","floor":31.0},{"not_picked":["Transmutation","hermit:FatalDesire"],"picked":"Atom Bomb","floor":33.0},{"not_picked":["Overencumbered","Shame"],"picked":"ReplayTheSpireMod:Splinters","floor":34.0},{"not_picked":["CurseOfTheBell","ReplayTheSpireMod:Faulty Equipment"],"picked":"Replay:Hysterical Blindness","floor":34.0},{"not_picked":["Delirium","Regret"],"picked":"ReplayTheSpireMod:IOU","floor":34.0},{"not_picked":["PokerPlayerMod:Club2","Conserve Battery"],"picked":"PokerPlayerMod:Spade3","floor":35.0},{"not_picked":["PokerPlayerMod:Spade3","Cloak And Dagger"],"picked":"Gensokyo:SalamanderShield","floor":36.0},{"not_picked":["Revamp","PokerPlayerMod:Spade7"],"picked":"PokerPlayerMod:Configure+1","floor":42.0},{"not_picked":["PokerPlayerMod:Spade1","FormalWear"],"picked":"PokerPlayerMod:Club10+","floor":45},{"not_picked":["PokerPlayerMod:Diamond7","PokerPlayerMod:Club8"],"picked":"PokerPlayerMod:Raise","floor":46}],"player_experience":726008,"relics_obtained":[{"floor":6.0,"key":"PreservedInsect"},{"floor":8.0,"key":"ReplayTheSpireMod:Shallot"},{"floor":12.0,"key":"Strawberry"},{"floor":14.0,"key":"Thread and Needle"},{"floor":24.0,"key":"Ice Cream"},{"floor":26.0,"key":"Regal Pillow"},{"floor":27.0,"key":"Replay:Bottled Eggs"},{"floor":30.0,"key":"Blood Vial"},{"floor":38.0,"key":"Ring of Greed"},{"floor":38.0,"key":"The Courier"},{"floor":38.0,"key":"Tiny Chest"},{"floor":42.0,"key":"reliquary:NewFriend"},{"floor":43.0,"key":"Ancient Tea Set"},{"floor":46,"key":"reliquary:RoseTintedGlasses"},{"floor":48,"key":"ReplayTheSpireMod:Lightbulb"}],"event_choices":[],"is_beta":false,"boss_relics":[{"not_picked":["Velvet Choker","Replay:Bronze Core"],"picked":"reliquary:RedCape"},{"not_picked":["Replay:Grab Bag","Coffee Dripper"],"picked":"Replay:Ancient Bell"},{"not_picked":["Replay:Mystery Machine","Gremlin Food"],"picked":"reliquary:Buckler"},{"not_picked":["reliquary:BoilingFlask","reliquary:TridentHead"],"picked":"reliquary:PrincelyHelmet"},{"not_picked":["WingedGreaves","CaptainsWheel"],"picked":"Turnip"}],"items_purged_floors":[],"is_endless":false,"potions_floor_spawned":[8,14,18,30,31,35],"killed_by":"Gensokyo:Scarlet_Devils","ascension_level":3}}