{"host":"t0bo9kmlst92gdfh","time":1613856907,"event":{"mods":["BaseMod","Block Reminder","Colored Powertips","DeckTracker","Jorbs\u0027s Wanderer Trilogy","Minty Spire (QoL Compilation)","Relic Stats","StSLib"],"gold_per_floor":[111,128,128,128,139,172,184,225,237,265,277,314,338,350,362,472,484,506,532,112,112,124,152,4,4,4,4,36,53,67,86,86,86,86],"floor_reached":33,"language":"ENG","playtime":3041,"items_purged":["Strike_G"],"score":332,"play_id":"d06c1ce1-b336-4e9f-b1fd-8169bc12ede5","local_time":"20210220133507","is_ascension_mode":false,"campfire_choices":[{"data":"Deadly Poison","floor":7,"key":"SMITH"},{"data":"Deadly Poison","floor":11,"key":"SMITH"},{"floor":15,"key":"REST"},{"data":"Bullet Time","floor":25,"key":"SMITH"},{"floor":32,"key":"REST"}],"circlet_count":0,"master_deck":["Strike_G","Strike_G","Strike_G","Defend_G","Defend_G+1","Defend_G","Defend_G","Defend_G+1","Survivor","Neutralize","Bane","Deadly Poison+1","Deadly Poison+1","Bane","Deadly Poison","Deflect","After Image+1","Deadly Poison","Poisoned Stab","Slice","RitualDagger","Dagger Spray+1","Sucker Punch+1","Bullet Time+1","Slice","Dash+1","Deadly Poison"],"relics":["Ring of the Serpent","MawBank","Frozen Egg 2","White Beast Statue","CaptainsWheel","Peace Pipe","Bottled Lightning","HornCleat","Regal Pillow"],"acts_visited":["Exordium","TheCity"],"potions_floor_usage":[4,6,8,12,16,16,19,22,23,30,33,33],"damage_taken":[{"damage":1,"enemies":"Cultist","floor":1,"turns":4},{"damage":2,"enemies":"Jaw Worm","floor":2,"turns":5},{"damage":0,"enemies":"2 Louse","floor":5,"turns":4},{"damage":26,"enemies":"3 Sentries","floor":6,"turns":12},{"damage":8,"enemies":"Lagavulin","floor":8,"turns":6},{"damage":5,"enemies":"2 Fungi Beasts","floor":10,"turns":3},{"damage":12,"enemies":"Gremlin Nob","floor":12,"turns":3},{"damage":0,"enemies":"Exordium Wildlife","floor":13,"turns":3},{"damage":14,"enemies":"Hexaghost","floor":16,"turns":8},{"damage":5,"enemies":"Spheric Guardian","floor":18,"turns":6},{"damage":0,"enemies":"Chosen","floor":19,"turns":4},{"damage":0,"enemies":"Snecko","floor":22,"turns":5},{"damage":10,"enemies":"Book of Stabbing","floor":23,"turns":7},{"damage":30,"enemies":"Slavers","floor":28,"turns":7},{"damage":4,"enemies":"Sentry and Sphere","floor":29,"turns":5},{"damage":4,"enemies":"Cultist and Chosen","floor":30,"turns":5},{"damage":4,"enemies":"Snake Plant","floor":31,"turns":4},{"damage":120,"enemies":"Automaton","floor":33,"turns":12}],"seed_played":"-9134235685679087025","potions_obtained":[{"floor":1,"key":"ColorlessPotion"},{"floor":4,"key":"Fruit Juice"},{"floor":4,"key":"GamblersBrew"},{"floor":4,"key":"PowerPotion"},{"floor":5,"key":"GhostInAJar"},{"floor":6,"key":"PowerPotion"},{"floor":10,"key":"LiquidBronze"},{"floor":12,"key":"PowerPotion"},{"floor":13,"key":"Energy Potion"},{"floor":16,"key":"GhostInAJar"},{"floor":18,"key":"AttackPotion"},{"floor":19,"key":"Explosive Potion"},{"floor":22,"key":"FairyPotion"},{"floor":23,"key":"SneckoOil"},{"floor":30,"key":"Dexterity Potion"}],"is_trial":false,"path_per_floor":["M","M","?","?","M","E","R","E","T","M","R","E","M","?","R","B",null,"M","M","$","?","M","E","$","R","T","?","E","M","M","M","R","B"],"character_chosen":"THE_SILENT","items_purchased":["Slice","Peace Pipe","Bullet Time"],"campfire_rested":2,"item_purchase_floors":[20,20,24],"current_hp_per_floor":[76,74,59,64,64,38,38,30,30,25,25,13,13,6,30,16,82,77,77,77,71,71,61,61,61,61,61,31,27,23,19,58,0,0],"gold":86,"neow_bonus":"TEN_PERCENT_HP_BONUS","is_daily":false,"chose_seed":false,"campfire_upgraded":3,"win_rate":0.0,"timestamp":1613856907,"path_taken":["M","M","?","?","M","E","R","E","T","M","R","E","?","?","R","BOSS","M","M","$","?","M","E","$","R","T","?","E","M","?","?","R","BOSS"],"items_purchased_type":["Card","Relic","Card"],"build_version":"2020-12-22","purchased_purges":1,"victory":false,"max_hp_per_floor":[77,77,77,82,82,82,82,82,82,82,82,82,82,82,82,82,82,82,82,82,82,82,82,82,82,82,82,82,82,82,82,82,82,82],"relic_stats":{"Peace Pipe":0,"Regal Pillow":15,"counters":[18,103],"MawBank":168,"obtain_stats":[{"Peace Pipe":20,"CaptainsWheel":12,"Regal Pillow":28,"HornCleat":26,"Bottled Lightning":23,"Frozen Egg 2":8,"MawBank":6,"White Beast Statue":9,"Ring of the Serpent":17,"Ring of the Snake":0},{"Peace Pipe":11,"CaptainsWheel":7,"Regal Pillow":14,"HornCleat":13,"Bottled Lightning":13,"Frozen Egg 2":5,"MawBank":4,"White Beast Statue":5,"Ring of the Serpent":9,"Ring of the Snake":0},{"Peace Pipe":58,"CaptainsWheel":37,"Regal Pillow":77,"HornCleat":70,"Bottled Lightning":70,"Frozen Egg 2":31,"MawBank":25,"White Beast Statue":31,"Ring of the Serpent":48,"Ring of the Snake":0}]},"card_choices":[{"not_picked":["Outmaneuver","Flying Knee"],"picked":"Bane","floor":1},{"not_picked":["Terror","Eviscerate","Escape Plan"],"picked":"SKIP","floor":2},{"not_picked":["Sucker Punch","Backstab"],"picked":"Deadly Poison","floor":5},{"not_picked":["Backstab","Acrobatics"],"picked":"Deadly Poison","floor":6},{"not_picked":["Distraction","Dagger Throw"],"picked":"Bane","floor":8},{"not_picked":["Skewer","Blade Dance"],"picked":"Deadly Poison","floor":10},{"not_picked":["Reflex","Unload","PiercingWail"],"picked":"SKIP","floor":12},{"not_picked":["Masterful Stab","Blur"],"picked":"Deflect","floor":13},{"not_picked":["Unload","Glass Knife"],"picked":"After Image+1","floor":16},{"not_picked":["Acrobatics","Outmaneuver+1"],"picked":"Deadly Poison","floor":18},{"not_picked":["Choke+1","Flechettes"],"picked":"Poisoned Stab","floor":19},{"not_picked":["Blade Dance","Underhanded Strike"],"picked":"Dagger Spray+1","floor":22},{"not_picked":["Backflip","Tools of the Trade+1"],"picked":"Sucker Punch+1","floor":23},{"not_picked":["Choke","Endless Agony+1","PiercingWail"],"picked":"SKIP","floor":28},{"not_picked":["PiercingWail","Flechettes+1"],"picked":"Slice","floor":29},{"not_picked":["Endless Agony","Flying Knee"],"picked":"Dash+1","floor":30},{"not_picked":["Flying Knee","Predator"],"picked":"Deadly Poison","floor":31}],"player_experience":35964,"relics_obtained":[{"floor":6,"key":"MawBank"},{"floor":8,"key":"Frozen Egg 2"},{"floor":9,"key":"White Beast Statue"},{"floor":12,"key":"CaptainsWheel"},{"floor":23,"key":"Bottled Lightning"},{"floor":26,"key":"HornCleat"},{"floor":28,"key":"Regal Pillow"}],"event_choices":[{"damage_healed":0,"gold_gain":0,"player_choice":"Entered Light","damage_taken":15,"max_hp_gain":0,"max_hp_loss":0,"event_name":"Shining Light","floor":3,"gold_loss":0,"cards_upgraded":["Defend_G","Defend_G"]},{"damage_healed":0,"gold_gain":0,"player_choice":"Got Potions","damage_taken":0,"max_hp_gain":0,"max_hp_loss":0,"event_name":"Lab","floor":4,"gold_loss":0},{"cards_removed":["Strike_G"],"damage_healed":0,"gold_gain":0,"player_choice":"Card Removal","damage_taken":7,"max_hp_gain":0,"max_hp_loss":0,"event_name":"Golden Wing","floor":14,"gold_loss":0},{"damage_healed":0,"gold_gain":0,"player_choice":"Joined the Cult","damage_taken":6,"max_hp_gain":0,"max_hp_loss":0,"event_name":"Nest","floor":21,"gold_loss":0,"cards_obtained":["RitualDagger"]},{"damage_healed":0,"gold_gain":0,"player_choice":"Ignored","damage_taken":0,"max_hp_gain":0,"max_hp_loss":0,"event_name":"Ghosts","floor":27,"gold_loss":0}],"is_beta":false,"boss_relics":[{"not_picked":["Sozu","Busted Crown"],"picked":"Ring of the Serpent"}],"items_purged_floors":[20],"is_endless":false,"potions_floor_spawned":[1,5,6,10,12,13,16,18,19,22,23,28,29,30,31],"killed_by":"Automaton","ascension_level":0}}