{"host":"udyc8f81k2jocuhg","time":1613832745,"event":{"mods":["2.2 Compatiblity","BaseMod","Better Third Choice","Colored Powertips","Conspire","Custom Start","GifTheSpireLib","Hermit","Minty Spire (QoL Compilation)","Permanent Neow","Quick Restart","Relic Filter","Relic Stats","Replay The Spire","Shop Mod","Spikes Relics","StSLib","Stuff the Spire"],"gold_per_floor":[112,112,129,54,73,99,99,132,132,144,154,164,164,192,192,192,192],"floor_reached":16,"language":"ENG","playtime":589,"items_purged":[],"score":294,"play_id":"84ff8243-d0b0-4913-9f27-1bca25b08481","local_time":"20210220155225","is_ascension_mode":true,"campfire_choices":[{"data":"Consume","floor":7.0,"key":"SMITH"},{"data":"StuffTheSpire:Coldhearted","floor":13,"key":"SMITH"},{"data":"Sunder","floor":15,"key":"SMITH"}],"circlet_count":0,"master_deck":["AscendersBane","Strike_B","Strike_B","Strike_B","Strike_B","Defend_B","Defend_B","Defend_B","Defend_B","Zap","Dualcast","Ball Lightning","Self Repair","Consume+1","Cold Snap","Coolheaded","Sunder+1","StuffTheSpire:Coldhearted+1","FIFO Queue","Leap","Force Field"],"relics":["conspire:SpecialSausage","Replay:Antivirus Software","SpikesRelics:DaevaFist","Letter Opener","Prayer Wheel","Onion Ring"],"acts_visited":["Exordium"],"potions_floor_usage":[],"damage_taken":[{"damage":13.0,"enemies":"2 Louse","floor":1.0,"turns":2.0},{"damage":1.0,"enemies":"Cultist","floor":3.0,"turns":3.0},{"damage":15.0,"enemies":"Small Slimes","floor":5.0,"turns":4.0},{"damage":9.0,"enemies":"3 Sentries","floor":6.0,"turns":10.0},{"damage":10.0,"enemies":"Lagavulin","floor":8.0,"turns":7.0},{"damage":18.0,"enemies":"2 Fungi Beasts","floor":10.0,"turns":4.0},{"damage":18.0,"enemies":"Gremlin Gang","floor":11.0,"turns":5.0},{"damage":7,"enemies":"3 Louse","floor":12,"turns":4},{"damage":0,"enemies":"3 Sentries","floor":14,"turns":13},{"damage":23,"enemies":"The Guardian","floor":16,"turns":2}],"seed_played":"-1178916133651325771","potions_obtained":[{"floor":1.0,"key":"BlessingOfTheForge"},{"floor":5.0,"key":"SkillPotion"},{"floor":8.0,"key":"SkillPotion"},{"floor":10.0,"key":"Strength Potion"}],"is_trial":false,"path_per_floor":["M","?","M","$","M","E","R","E","T","M","M","M","R","E","R","B"],"character_chosen":"DEFECT","items_purchased":["Self Repair"],"campfire_rested":0,"item_purchase_floors":[4],"current_hp_per_floor":[51,51,50,50,42,40,40,37,37,26,15,15,15,22,22,0,0],"gold":192,"neow_bonus":"BOSS_RELIC","is_daily":false,"chose_seed":false,"campfire_upgraded":3,"win_rate":0.0,"timestamp":1613832745,"path_taken":["M","?","M","?","M","E","R","E","T","M","M","M","R","E","R","BOSS"],"items_purchased_type":["Card"],"build_version":"2020-12-22","purchased_purges":0,"victory":false,"max_hp_per_floor":[71,71,71,71,71,71,71,71,71,71,71,71,71,71,71,71,71],"relic_stats":{"counters":[10,54],"Prayer Wheel":2,"Letter Opener":[65],"obtain_stats":[{"conspire:SpecialSausage":0,"Prayer Wheel":11,"Onion Ring":14,"SpikesRelics:DaevaFist":6,"Letter Opener":8,"Replay:Antivirus Software":2,"Cracked Core":0},{"conspire:SpecialSausage":0,"Prayer Wheel":7,"Onion Ring":9,"SpikesRelics:DaevaFist":4,"Letter Opener":5,"Replay:Antivirus Software":1,"Cracked Core":0},{"conspire:SpecialSausage":0,"Prayer Wheel":31,"Onion Ring":52,"SpikesRelics:DaevaFist":19,"Letter Opener":26,"Replay:Antivirus Software":2,"Cracked Core":0}]},"card_choices":[{"not_picked":["Storm","Gash"],"picked":"Ball Lightning","floor":1.0},{"not_picked":["Skim","Redo","Streamline"],"picked":"SKIP","floor":3.0},{"not_picked":["Steam","Rainbow"],"picked":"Consume","floor":5.0},{"not_picked":["Go for the Eyes","RefreshScreen"],"picked":"Cold Snap","floor":6.0},{"not_picked":["Turbo","Panic Button","Streamline"],"picked":"SKIP","floor":8.0},{"not_picked":["Sweeping Beam","BasicCrystalCard"],"picked":"Coolheaded","floor":10.0},{"not_picked":["StuffTheSpire:Plugnplay","Hologram"],"picked":"Sunder","floor":11.0},{"not_picked":["StuffTheSpire:GlassShard","Reboot"],"picked":"StuffTheSpire:Coldhearted","floor":11.0},{"not_picked":["Gash","Doom and Gloom"],"picked":"FIFO Queue","floor":12},{"not_picked":["StuffTheSpire:LoadUp","Storm"],"picked":"Leap","floor":12},{"not_picked":["BasicCrystalCard","conspire:Rain"],"picked":"Force Field","floor":14}],"player_experience":2045427,"relics_obtained":[{"floor":6.0,"key":"SpikesRelics:DaevaFist"},{"floor":8.0,"key":"Letter Opener"},{"floor":14,"key":"Onion Ring"}],"event_choices":[{"damage_healed":0.0,"max_hp_gain":0.0,"max_hp_loss":0.0,"gold_gain":0.0,"event_name":"WeMeetAgain","player_choice":"Gave Potion","floor":2.0,"gold_loss":0.0,"damage_taken":0.0,"relics_obtained":["Replay:Antivirus Software"]}],"is_beta":false,"boss_relics":[],"items_purged_floors":[],"is_endless":false,"potions_floor_spawned":[1,5,8,10],"killed_by":"The Guardian","ascension_level":20}}