{"host":"xkc7tfemhzdc5j5t","time":1613831007,"event":{"mods":["AchievementEnabler","Act Like it!","BaseMod","BetterRewards","Colored Map","Colored Powertips","Downfall","Gensokyo","Hallownest","Hermit","Highlight Path","Infinite Spire","Marisa£®ÏF”Í°°ƒß¿Ì…≥£©","Minty Spire (QoL Compilation)","Prisma Mod","Quick Restart","Reimu£®≤©¿ˆ¡È√Œ£©","Replay The Spire","Shop Mod","StSLib","SuperFastMode","The Bug Knight","The Construct","The Cursed","The Disciple","The Hierophant","The Jungle","The Necromancer","The Runesmith","The Servant 0.9.4","Youmu£®ªÍ∆«—˝√Œ£©"],"gold_per_floor":[118,268,193,193,206,206,206,219,219,219,249,149,149,160,160,234,234,250,260,260,260,260],"floor_reached":21,"language":"ZHS","playtime":764,"items_purged":["Doubt","Strike_B"],"score":292,"play_id":"8eb0109c-9d16-4ba2-a81e-f1c99a005218","local_time":"20210220222327","is_ascension_mode":true,"campfire_choices":[{"data":"Dualcast","floor":6.0,"key":"SMITH"},{"data":"Zap","floor":10.0,"key":"SMITH"},{"data":"Glacier","floor":13.0,"key":"SMITH"},{"data":"Glacier","floor":15.0,"key":"SMITH"}],"circlet_count":0,"master_deck":["AscendersBane","Strike_B","Strike_B","Strike_B","Defend_B","Defend_B","Zap+1","Dualcast+1","Glacier+1","Chill","Glacier+1","Streamline+1","White Noise","Gash+1"],"relics":["FrozenCore","Molten Egg 2","Prayer Wheel"],"acts_visited":["Exordium","TheCity"],"potions_floor_usage":[],"damage_taken":[{"damage":1.0,"enemies":"Jaw Worm","floor":1.0,"turns":4.0},{"damage":1.0,"enemies":"2 Louse","floor":5.0,"turns":3.0},{"damage":3.0,"enemies":"Cultist","floor":8.0,"turns":4.0},{"damage":0.0,"enemies":"Gremlin Gang","floor":14.0,"turns":7.0},{"damage":39.0,"enemies":"Hexaghost","floor":16.0,"turns":13.0},{"damage":0.0,"enemies":"Spheric Guardian","floor":18.0,"turns":5.0},{"damage":46,"enemies":"3 Byrds","floor":19,"turns":8},{"damage":17,"enemies":"Snake Plant","floor":21,"turns":1}],"seed_played":"-1236016820280188369","potions_obtained":[{"floor":5.0,"key":"Strength Potion"},{"floor":8.0,"key":"Block Potion"}],"is_trial":false,"path_per_floor":["M","?","$","?","M","R","?","M","T","R","?","$","R","M","R","B",null,"M","M","?","M"],"character_chosen":"DEFECT","items_purchased":[],"campfire_rested":0,"item_purchase_floors":[],"current_hp_per_floor":[63,63,63,63,62,62,55,52,52,52,52,52,52,52,52,13,57,57,11,11,0,0],"gold":260,"neow_bonus":"THREE_CARDS","is_daily":false,"chose_seed":false,"campfire_upgraded":4,"win_rate":0.0,"timestamp":1613831007,"path_taken":["M","?","$","?","M","R","?","?","T","R","?","?","R","M","R","BOSS","M","M","?","M"],"items_purchased_type":[],"build_version":"2020-12-22","purchased_purges":2,"victory":false,"max_hp_per_floor":[71,71,71,71,71,71,71,71,71,71,71,71,71,71,71,71,71,71,71,71,71,71],"card_choices":[{"not_picked":["Darkness","Redo"],"picked":"Glacier","floor":0.0},{"not_picked":["Hologram","Auto Shields"],"picked":"Chill","floor":1.0},{"not_picked":["Beam Cell","Go for the Eyes","Darkness"],"picked":"SKIP","floor":5.0},{"not_picked":["Auto Shields","ReplayTheSpireMod:System Scan"],"picked":"Glacier","floor":8.0},{"not_picked":["Conserve Battery","Stack"],"picked":"Streamline+1","floor":14.0},{"not_picked":["Meteor Strike+1","Rainbow"],"picked":"ReplayTheSpireMod:Fabricate Wheel","floor":16.0},{"not_picked":["Recycle","Double Energy"],"picked":"White Noise","floor":18.0},{"not_picked":["Rebound+1","Hologram","Conserve Battery"],"picked":"SKIP","floor":18.0},{"not_picked":["Rebound+1","Hologram","Conserve Battery"],"picked":"SKIP","floor":18.0},{"not_picked":["Undo","Leap"],"picked":"Gash+1","floor":19},{"not_picked":["Static Discharge","Barrage+1","Cold Snap+1"],"picked":"SKIP","floor":19}],"player_experience":789653,"relics_obtained":[{"floor":9.0,"key":"Molten Egg 2"}],"event_choices":[{"damage_healed":0.0,"max_hp_gain":0.0,"max_hp_loss":0.0,"gold_gain":150.0,"event_name":"Liars Game","player_choice":"AGREE","floor":2.0,"gold_loss":0.0,"damage_taken":0.0,"cards_obtained":["Doubt"]},{"cards_removed":["Defend_B"],"damage_healed":0.0,"max_hp_gain":0.0,"max_hp_loss":0.0,"gold_gain":0.0,"event_name":"Golden Wing","player_choice":"Card Removal","floor":7.0,"gold_loss":0.0,"damage_taken":7.0},{"damage_healed":0.0,"max_hp_gain":0.0,"max_hp_loss":0.0,"gold_gain":30.0,"event_name":"Dead Adventurer","player_choice":"Searched \u00271\u0027 times","floor":11.0,"gold_loss":0.0,"damage_taken":0.0},{"cards_removed":["Defend_B"],"damage_healed":0,"gold_gain":0,"player_choice":"Card Removal","damage_taken":0,"max_hp_gain":0,"max_hp_loss":0,"event_name":"Wheel of Change","floor":20,"gold_loss":0}],"is_beta":false,"boss_relics":[{"not_picked":["Black Star","SacredBark"],"picked":"FrozenCore"}],"items_purged_floors":[3,12],"is_endless":false,"potions_floor_spawned":[5,8,14],"killed_by":"Snake Plant","ascension_level":15}}