{"host":"l2lylj0omvglf5x0","time":1613826148,"event":{"mods":["2.2 Compatiblity","BaseMod","Bestiary","Block Reminder","Colored Map","Colored Powertips","Curses Come First","Highlight Path","Keyboard Shortcuts","Minty Spire (QoL Compilation)","Relic Sorter","Relic Stats","Slay the Relics Exporter","StSLib","SuperFastMode"],"gold_per_floor":[417,33,33,33,33,33,66,66,66,80,100,127,127,152,152,251,251,251,251,251,251,166,166,166,166,166,166,166,166,166,166,166,166,166,166,166,166,166,166,166,166,166,166],"floor_reached":42,"language":"ENG","playtime":1973,"items_purged":[],"score":853,"play_id":"4b1e339a-6796-4709-a99a-6f944df5d3d0","local_time":"20210220140228","is_ascension_mode":true,"campfire_choices":[{"floor":6,"key":"REST"},{"data":"Body Slam","floor":8,"key":"SMITH"},{"data":"Pommel Strike","floor":13,"key":"SMITH"},{"data":"Flame Barrier","floor":15,"key":"SMITH"},{"floor":30,"key":"REST"},{"floor":32,"key":"REST"}],"circlet_count":0,"master_deck":["AscendersBane","Strike_R+1","Strike_R","Strike_R","Strike_R+1","Defend_R","Defend_R","Defend_R","Defend_R","Bash+1","Fire Breathing","Impervious","Body Slam+1","Power Through","Thunderclap","Pommel Strike+1","Flame Barrier+1","Demon Form","Armaments+1","Headbutt","Fire Breathing+1","Heavy Blade","Inflame+1","Entrench","Juggernaut","Battle Trance","Barricade","Shrug It Off+1","Juggernaut","Fire Breathing+1"],"relics":["Burning Blood","Old Coin","Shuriken","Magic Flower","Dead Branch","Orichalcum","Self Forming Clay","Ectoplasm","Kunai","Toy Ornithopter","Pen Nib","Nunchaku","Ancient Tea Set","Cursed Key","Bag of Marbles","InkBottle"],"acts_visited":["Exordium","TheCity","TheBeyond"],"potions_floor_usage":[7,12,23,28,31,39],"damage_taken":[{"damage":7,"enemies":"Small Slimes","floor":1,"turns":4},{"damage":27,"enemies":"Lagavulin","floor":7,"turns":8},{"damage":0,"enemies":"2 Louse","floor":10,"turns":3},{"damage":1,"enemies":"Cultist","floor":11,"turns":3},{"damage":9,"enemies":"Gremlin Nob","floor":12,"turns":4},{"damage":6,"enemies":"3 Sentries","floor":14,"turns":4},{"damage":11,"enemies":"Slime Boss","floor":16,"turns":9},{"damage":0,"enemies":"Spheric Guardian","floor":18,"turns":4},{"damage":15,"enemies":"3 Byrds","floor":19,"turns":5},{"damage":15,"enemies":"Sentry and Sphere","floor":20,"turns":6},{"damage":8,"enemies":"Centurion and Healer","floor":21,"turns":4},{"damage":30,"enemies":"Book of Stabbing","floor":23,"turns":5},{"damage":18,"enemies":"Snake Plant","floor":25,"turns":2},{"damage":19,"enemies":"Sentry and Sphere","floor":27,"turns":5},{"damage":12,"enemies":"Centurion and Healer","floor":28,"turns":6},{"damage":27,"enemies":"Gremlin Leader","floor":29,"turns":7},{"damage":26,"enemies":"Book of Stabbing","floor":31,"turns":5},{"damage":39,"enemies":"Collector","floor":33,"turns":8},{"damage":0,"enemies":"3 Shapes","floor":35,"turns":4},{"damage":43,"enemies":"3 Darklings","floor":38,"turns":6},{"damage":34,"enemies":"Jaw Worm Horde","floor":39,"turns":5},{"damage":7,"enemies":"Giant Head","floor":40,"turns":9},{"damage":14,"enemies":"4 Shapes","floor":41,"turns":6},{"damage":22,"enemies":"Reptomancer","floor":42,"turns":2}],"seed_played":"-1679877703459760207","potions_obtained":[{"floor":1,"key":"Dexterity Potion"},{"floor":7,"key":"SteroidPotion"},{"floor":12,"key":"SpeedPotion"},{"floor":20,"key":"SneckoOil"},{"floor":25,"key":"ColorlessPotion"},{"floor":28,"key":"Explosive Potion"},{"floor":38,"key":"Fire Potion"},{"floor":39,"key":"Strength Potion"}],"is_trial":false,"path_per_floor":["M","$","?","?","?","R","E","R","T","M","M","E","R","E","R","B",null,"M","M","M","M","?","E","?","M","T","M","M","E","R","E","R","B",null,"M","?","?","M","M","E","M","E"],"character_chosen":"IRONCLAD","items_purchased":["Shuriken","Impervious"],"campfire_rested":3,"item_purchase_floors":[2,2],"current_hp_per_floor":[50,50,34,27,27,51,30,30,30,39,47,47,47,50,50,48,72,80,74,68,69,69,48,48,39,39,29,34,16,40,31,55,25,66,75,75,75,41,24,26,21,0,0],"gold":166,"neow_bonus":"ONE_RARE_RELIC","is_daily":false,"chose_seed":false,"campfire_upgraded":3,"win_rate":0.0,"timestamp":1613826148,"path_taken":["M","$","?","?","?","R","E","R","T","M","M","E","R","E","R","BOSS","M","M","?","M","?","E","?","M","T","?","?","E","R","E","R","BOSS","M","?","?","M","?","E","?","E"],"items_purchased_type":["Relic","Card"],"build_version":"2020-12-22","purchased_purges":0,"victory":false,"max_hp_per_floor":[80,80,80,80,80,80,80,80,80,80,80,80,80,80,80,80,80,80,80,80,80,80,80,80,80,80,80,80,80,80,80,80,80,80,80,76,76,76,76,76,76,76,76],"relic_stats":{"counters":[24,124],"Self Forming Clay":[144],"Dead Branch":[67],"Magic Flower":[71],"Pen Nib":[8],"Orichalcum":[114],"Cursed Key":0,"Burning Blood":200,"Nunchaku":[5],"Shuriken":[16],"Ectoplasm":452,"Kunai":[9],"obtain_stats":[{"Self Forming Clay":14,"Dead Branch":9,"Magic Flower":7,"Pen Nib":26,"Orichalcum":12,"Ancient Tea Set":31,"Cursed Key":34,"Burning Blood":0,"Old Coin":0,"Nunchaku":29,"Shuriken":2,"Ectoplasm":17,"Bag of Marbles":37,"Kunai":22,"Toy Ornithopter":23,"InkBottle":40},{"Self Forming Clay":6,"Dead Branch":2,"Magic Flower":2,"Pen Nib":13,"Orichalcum":5,"Ancient Tea Set":17,"Cursed Key":18,"Burning Blood":0,"Old Coin":0,"Nunchaku":16,"Shuriken":1,"Ectoplasm":7,"Bag of Marbles":19,"Kunai":11,"Toy Ornithopter":12,"InkBottle":22},{"Self Forming Clay":26,"Dead Branch":12,"Magic Flower":12,"Pen Nib":61,"Orichalcum":22,"Ancient Tea Set":84,"Cursed Key":92,"Burning Blood":0,"Old Coin":0,"Nunchaku":79,"Shuriken":4,"Ectoplasm":35,"Bag of Marbles":96,"Kunai":54,"Toy Ornithopter":59,"InkBottle":116}],"Toy Ornithopter":24,"InkBottle":[3]},"card_choices":[{"not_picked":["Clothesline","Flex"],"picked":"Fire Breathing","floor":1},{"not_picked":["Iron Wave","Searing Blow"],"picked":"Body Slam","floor":7},{"not_picked":["Uppercut","Iron Wave"],"picked":"Power Through","floor":10},{"not_picked":["Bloodletting","Warcry"],"picked":"Thunderclap","floor":11},{"not_picked":["Sentinel","Fiend Fire"],"picked":"Pommel Strike","floor":12},{"not_picked":["Anger","Flex"],"picked":"Flame Barrier","floor":14},{"not_picked":["Impervious","Double Tap"],"picked":"Demon Form","floor":16},{"not_picked":["Iron Wave","Shrug It Off"],"picked":"Armaments","floor":18},{"not_picked":["Blood for Blood","Bloodletting"],"picked":"Headbutt","floor":19},{"not_picked":["Carnage","Combust","Anger"],"picked":"SKIP","floor":20},{"not_picked":["Inflame+1","Twin Strike"],"picked":"Fire Breathing+1","floor":21},{"not_picked":["Headbutt","Warcry"],"picked":"Heavy Blade","floor":23},{"not_picked":["Seeing Red","Dropkick"],"picked":"Inflame+1","floor":25},{"not_picked":["Cleave","Clash"],"picked":"Entrench","floor":27},{"not_picked":["Perfected Strike","Warcry","Clothesline"],"picked":"SKIP","floor":28},{"not_picked":["Clash+1","Sword Boomerang"],"picked":"Juggernaut","floor":29},{"not_picked":["Rampage+1","Iron Wave"],"picked":"Battle Trance","floor":31},{"not_picked":["Immolate","Feed"],"picked":"Barricade","floor":33},{"not_picked":["Twin Strike","Bloodletting","Clash+1"],"picked":"SKIP","floor":35},{"not_picked":["Fire Breathing","Shockwave"],"picked":"Shrug It Off+1","floor":38},{"not_picked":["Thunderclap","Cleave","Combust"],"picked":"SKIP","floor":39},{"not_picked":["Perfected Strike","Headbutt"],"picked":"Juggernaut","floor":40},{"not_picked":["Carnage","Bloodletting"],"picked":"Fire Breathing+1","floor":41}],"player_experience":1005219,"relics_obtained":[{"floor":7,"key":"Magic Flower"},{"floor":9,"key":"Dead Branch"},{"floor":12,"key":"Orichalcum"},{"floor":14,"key":"Self Forming Clay"},{"floor":23,"key":"Toy Ornithopter"},{"floor":26,"key":"Pen Nib"},{"floor":29,"key":"Nunchaku"},{"floor":31,"key":"Ancient Tea Set"},{"floor":40,"key":"InkBottle"}],"event_choices":[{"damage_healed":0,"gold_gain":0,"player_choice":"Entered Light","damage_taken":16,"max_hp_gain":0,"max_hp_loss":0,"event_name":"Shining Light","floor":3,"gold_loss":0,"cards_upgraded":["Strike_R","Strike_R"]},{"cards_removed":["Strike_R"],"damage_healed":0,"gold_gain":0,"player_choice":"Card Removal","damage_taken":7,"max_hp_gain":0,"max_hp_loss":0,"event_name":"Golden Wing","floor":4,"gold_loss":0},{"damage_healed":0,"gold_gain":0,"player_choice":"Upgraded","damage_taken":0,"max_hp_gain":0,"max_hp_loss":0,"event_name":"Upgrade Shrine","floor":5,"gold_loss":0,"cards_upgraded":["Bash"]},{"damage_healed":0,"gold_gain":0,"player_choice":"Obtained Relic","damage_taken":0,"relics_obtained":["Kunai"],"max_hp_gain":0,"max_hp_loss":0,"event_name":"Addict","floor":22,"gold_loss":85},{"damage_healed":0,"gold_gain":0,"player_choice":"Forge","damage_taken":0,"max_hp_gain":0,"max_hp_loss":0,"event_name":"Accursed Blacksmith","floor":24,"gold_loss":0,"cards_upgraded":["Armaments"]},{"damage_healed":0,"gold_gain":0,"player_choice":"Max HP","damage_taken":0,"max_hp_gain":0,"max_hp_loss":4,"event_name":"Winding Halls","floor":36,"gold_loss":0},{"damage_healed":0,"gold_gain":0,"player_choice":"Gave Potion","damage_taken":0,"relics_obtained":["Bag of Marbles"],"max_hp_gain":0,"max_hp_loss":0,"event_name":"WeMeetAgain","floor":37,"gold_loss":0}],"is_beta":false,"boss_relics":[{"not_picked":["Black Blood","Pandora\u0027s Box"],"picked":"Ectoplasm"},{"not_picked":["Fusion Hammer","Busted Crown"],"picked":"Cursed Key"}],"items_purged_floors":[],"is_endless":false,"potions_floor_spawned":[1,7,12,20,21,25,28,29,38,39],"killed_by":"Reptomancer","ascension_level":12}}