{"host":"Cenci","time":1613820083,"event":{"mods":["BaseMod","Bestiary","Downfall","Highlight Path","Minty Spire (QoL Compilation)","StSLib"],"gold_per_floor":[99,114,127,175,175,200,248,264,292,302,202,13,13,0,19,115,165,165,183,196,213,213,213,288,312,331,358,201,235,135,170,188,293,293,193,204,1203,870,889,455,455,455,466,485,485,514,294,294,312,312,312,347,49,49,49,49,49,49],"floor_reached":56,"language":"ENG","playtime":3542,"items_purged":["Slimebound:Strike_Slimebound","Normality","Normality"],"score":1249,"play_id":"92d00be3-1f9a-4abf-8a8a-eca77c127ae9","local_time":"20210220122123","is_ascension_mode":true,"campfire_choices":[{"floor":1.0,"key":"RECALL"},{"data":"Slimebound:TongueLash","floor":11.0,"key":"SMITH"},{"data":"Slimebound:SpikyOuterGoop","floor":18.0,"key":"SMITH"},{"data":"Slimebound:TongueLash","floor":23,"key":"SMITH"},{"floor":30,"key":"REST"},{"data":"Apotheosis","floor":35,"key":"SMITH"},{"data":"Sadistic Nature","floor":42,"key":"SMITH"},{"floor":45,"key":"REST"},{"data":"Slimebound:SpikyOuterGoop","floor":54,"key":"SMITH"}],"circlet_count":0,"master_deck":["Slimebound:Strike_Slimebound","Slimebound:Tackle","Slimebound:Defend_Slimebound","Slimebound:Defend_Slimebound","Slimebound:Defend_Slimebound","Slimebound:Defend_Slimebound","Slimebound:Split","Slimebound:CorrosiveSpit","Dark Shackles","Slimebound:TongueLash+1","Slimebound:SplitSpecialist+1","Slimebound:RejuvenatingLick","Slimebound:Schlurp","Slimebound:SamplingLick","Slimebound:ItLooksTasty","Slimebound:SplitMire","Apotheosis+1","Slimebound:SpikyOuterGoop+1","Slimebound:RejuvenatingLick","Slimebound:SamplingLick","Slimebound:TongueLash+1","Slimebound:LeechEnergy+1","Slimebound:RainOfGoop+1","Slimebound:TongueLash","Slimebound:MegaLick+1","Slimebound:LeechEnergy","Slimebound:SpikyOuterGoop+1","Slimebound:Schlurp+1","Slimebound:Schlurp+1","Slimebound:OozeBath+1","Sadistic Nature+1","Slimebound:MegaLick+1","Slimebound:TongueLash","Slimebound:LeechEnergy","Slimebound:MegaLick+1","Bandage Up+1"],"relics":["Slimebound:AbsorbEndCombat","PreservedInsect","Lantern","Guardian:PocketSentry","Nunchaku","downfall:HeartBlessingRed","Tiny House","Tiny Chest","Toxic Egg 2","Question Card","StrikeDummy","downfall:HeartBlessingBlue","Boot","Busted Crown","downfall:HeartBlessingGreen","Unceasing Top","bronze:DecasWashers","Oddly Smooth Stone","Eternal Feather"],"acts_visited":["Exordium","TheCity","TheBeyond","TheEnding"],"potions_floor_usage":[26,33,49,56,56,56],"damage_taken":[{"damage":4.0,"enemies":"Cultist","floor":2.0,"turns":3.0},{"damage":4.0,"enemies":"2 Louse","floor":3.0,"turns":2.0},{"damage":23.0,"enemies":"3 Sentries","floor":6.0,"turns":6.0},{"damage":2.0,"enemies":"Jaw Worm","floor":8.0,"turns":3.0},{"damage":0.0,"enemies":"Lagavulin","floor":9.0,"turns":4.0},{"damage":3.0,"enemies":"Exordium Wildlife","floor":10.0,"turns":3.0},{"damage":3.0,"enemies":"downfall:FleeingMerchant","floor":12.0,"turns":4.0},{"damage":17.0,"enemies":"downfall:FleeingMerchant","floor":14.0,"turns":4.0},{"damage":15.0,"enemies":"Exordium Thugs","floor":15.0,"turns":4.0},{"damage":13.0,"enemies":"WA_ARCHETYPE_RETAIN","floor":16.0,"turns":6.0},{"damage":23.0,"enemies":"3 Byrds","floor":19.0,"turns":5.0},{"damage":3.0,"enemies":"Chosen","floor":20.0,"turns":2.0},{"damage":8,"enemies":"Snake Plant","floor":21,"turns":3},{"damage":8,"enemies":"3 Cultists","floor":26,"turns":6},{"damage":8,"enemies":"Book of Stabbing","floor":27,"turns":3},{"damage":10,"enemies":"downfall:FleeingMerchant","floor":28,"turns":3},{"damage":36,"enemies":"Gremlin Leader","floor":29,"turns":5},{"damage":0,"enemies":"Book of Stabbing","floor":31,"turns":2},{"damage":0,"enemies":"Snecko","floor":32,"turns":3},{"damage":16,"enemies":"DF_ARCHETYPE_CLAW","floor":33,"turns":6},{"damage":0,"enemies":"3 Shapes","floor":36,"turns":2},{"damage":20,"enemies":"3 Darklings","floor":39,"turns":6},{"damage":53,"enemies":"Sphere and 2 Shapes","floor":43,"turns":4},{"damage":18,"enemies":"4 Shapes","floor":44,"turns":4},{"damage":5,"enemies":"Giant Head","floor":46,"turns":5},{"damage":3,"enemies":"Jaw Worm Horde","floor":49,"turns":3},{"damage":0,"enemies":"IC_BLOCK_ARCHETYPE","floor":50,"turns":6},{"damage":39,"enemies":"downfall:CharBossMerchant","floor":52,"turns":4},{"damage":29,"enemies":"downfall:NeowBoss","floor":55,"turns":13},{"damage":87,"enemies":"downfall:NeowBossFinal","floor":56,"turns":9}],"seed_played":"-431102643479402163","potions_obtained":[{"floor":2.0,"key":"BlessingOfTheForge"},{"floor":3.0,"key":"Fruit Juice"},{"floor":8.0,"key":"SteroidPotion"},{"floor":9.0,"key":"Explosive Potion"},{"floor":16.0,"key":"SmokeBomb"},{"floor":17.0,"key":"LiquidBronze"},{"floor":21,"key":"ColorlessPotion"},{"floor":29,"key":"bronze:BurnAndBuffPotion"},{"floor":33,"key":"Slimebound:SpawnSlimePotion"},{"floor":43,"key":"PowerPotion"},{"floor":49,"key":"Fruit Juice"},{"floor":52,"key":"FearPotion"}],"is_trial":false,"path_per_floor":["R","M","M","T","?","E","T","M","E","M","R","$","?","$","M","B",null,"R","M","M","M","?","R","T","T","M","E","$","E","R","E","M","B",null,"R","M","?","?","M","$","T","R","M","M","R","E","$","T","M","B",null,"E","$","R","B","B"],"character_chosen":"SLIMEBOUND","items_purchased":["Apotheosis","Slimebound:MegaLick+1","Slimebound:LeechEnergy","Slimebound:SpikyOuterGoop","Question Card","Sadistic Nature","Slimebound:MegaLick+1","Slimebound:TongueLash","Bandage Up+1","Eternal Feather","FearPotion"],"campfire_rested":2,"item_purchase_floors":[12,28,28,28,28,40,40,40,47,53,53],"current_hp_per_floor":[59,61,59,59,59,36,36,36,43,46,46,49,49,40,29,24,64,64,49,52,50,50,50,50,50,48,48,42,14,49,55,63,55,78,78,85,85,96,78,78,78,78,31,17,45,48,48,48,58,72,94,62,62,83,68,0,0,0],"gold":49,"neow_bonus":"RANDOM_COLORLESS","is_daily":false,"chose_seed":false,"campfire_upgraded":6,"win_rate":0.0,"timestamp":1613820083,"path_taken":["R","M","M","?","?","E","T","M","E","M","R","$","?","$","M","BOSS","R","M","M","M","?","R","T","?","M","E","?","E","R","E","M","BOSS","R","M","?","?","M","$","T","R","M","M","R","E","$","?","M","BOSS","E","$","R","BOSS","BOSS"],"items_purchased_type":["Card","Card","Card","Card","Relic","Card","Card","Card","Card","Relic","Potion"],"build_version":"2020-11-17","purchased_purges":3,"victory":false,"max_hp_per_floor":[65,65,65,65,65,65,65,65,70,70,70,70,70,70,70,70,75,75,75,75,75,75,75,75,75,75,75,75,75,85,85,85,85,85,85,85,85,96,96,96,96,96,96,96,96,96,96,96,101,101,101,101,101,101,101,101,101,101],"card_choices":[{"not_picked":["Deep Breath","Good Instincts"],"picked":"Dark Shackles","floor":0.0},{"not_picked":["Slimebound:LevelUp","Slimebound:Nibble"],"picked":"Slimebound:TongueLash","floor":2.0},{"not_picked":["Slimebound:LeechingTouch","Slimebound:Equalize"],"picked":"Slimebound:SplitSpecialist","floor":3.0},{"not_picked":["Slimebound:Recollect","Slimebound:ForwardTackle"],"picked":"Slimebound:RejuvenatingLick","floor":6.0},{"not_picked":["Slimebound:FinishingTackle","Slimebound:Replication"],"picked":"Slimebound:Schlurp","floor":8.0},{"not_picked":["Slimebound:PressTheAttack","Slimebound:LivingWall"],"picked":"Slimebound:SamplingLick","floor":9.0},{"not_picked":["Slimebound:LeechingTouch","Slimebound:DisruptingSlam"],"picked":"Slimebound:ItLooksTasty","floor":10.0},{"not_picked":["Slimebound:LeechEnergy","Slimebound:LivingWall"],"picked":"Slimebound:SplitMire","floor":12.0},{"not_picked":["Slimebound:ProtectTheBoss","Slimebound:PressTheAttack","Slimebound:DisruptingSlam"],"picked":"SKIP","floor":14.0},{"not_picked":["Slimebound:LeechingTouch","Slimebound:SlimeSlap"],"picked":"Slimebound:SpikyOuterGoop","floor":15.0},{"not_picked":["Slimebound:DisruptingSlam","Slimebound:DivideAndConquer"],"picked":"Slimebound:RejuvenatingLick","floor":17.0},{"not_picked":["Slimebound:GoopTackle","Slimebound:SlimeSpikes","Slimebound:Recollect"],"picked":"SKIP","floor":19.0},{"not_picked":["Slimebound:ComboTackle","Slimebound:ForwardTackle"],"picked":"Slimebound:SamplingLick","floor":20.0},{"not_picked":["Slimebound:GoopSpray","Slimebound:RollThrough","Slimebound:FinishingTackle"],"picked":"SKIP","floor":21},{"not_picked":["Slimebound:SplitLeeching+1","Slimebound:SplitMire"],"picked":"Slimebound:LeechEnergy+1","floor":26},{"not_picked":["Slimebound:SlimeBarrage+1","Slimebound:DouseInSlime+1"],"picked":"Slimebound:RainOfGoop+1","floor":27},{"not_picked":["Slimebound:LivingWall+1","Slimebound:LeechingTouch"],"picked":"Slimebound:TongueLash","floor":28},{"not_picked":["Slimebound:Chomp","Slimebound:PressTheAttack+1","Slimebound:ServeAndProtect+1","Slimebound:DuplicatedForm"],"picked":"SKIP","floor":29},{"not_picked":["Slimebound:SplitSpecialist+1","Slimebound:BestDefense","Slimebound:LeechEnergy+1"],"picked":"Slimebound:Schlurp+1","floor":31},{"not_picked":["Slimebound:HauntingLick+1","Slimebound:GoopTackle","Slimebound:SlimeSpikes+1"],"picked":"Slimebound:Schlurp+1","floor":32},{"not_picked":["Slimebound:SelfFormingGoo","Slimebound:RallyTheTroops","Slimebound:CheckThePlaybook+1"],"picked":"Slimebound:OozeBath+1","floor":33},{"not_picked":["Slimebound:FinishingTackle+1","Slimebound:SplitSpecialist+1"],"picked":"SKIP","floor":36},{"not_picked":["Slimebound:SplitBruiser+1","Slimebound:HungryTackle"],"picked":"SKIP","floor":39},{"not_picked":["Slimebound:ComboTackle","Slimebound:SplitBruiser+1"],"picked":"SKIP","floor":43},{"not_picked":["Slimebound:SlimeBrawl+1"],"picked":"Slimebound:LeechEnergy","floor":44},{"not_picked":["Slimebound:RainOfGoop+1"],"picked":"Slimebound:MegaLick+1","floor":46},{"not_picked":["Slimebound:Prepare+1","Slimebound:SlimeTap+1"],"picked":"SKIP","floor":49},{"not_picked":["Slimebound:ServeAndProtect+1","Slimebound:SlimeBrawl+1"],"picked":"SKIP","floor":52}],"player_experience":376310,"relics_obtained":[{"floor":4.0,"key":"PreservedInsect"},{"floor":6.0,"key":"Lantern"},{"floor":7.0,"key":"Guardian:PocketSentry"},{"floor":9.0,"key":"Nunchaku"},{"floor":25,"key":"Tiny Chest"},{"floor":27,"key":"Toxic Egg 2"},{"floor":29,"key":"StrikeDummy"},{"floor":31,"key":"Boot"},{"floor":46,"key":"Unceasing Top"},{"floor":48,"key":"bronze:DecasWashers"},{"floor":52,"key":"Oddly Smooth Stone"}],"event_choices":[{"damage_healed":0,"gold_gain":0,"player_choice":"Read","damage_taken":0,"max_hp_gain":0,"max_hp_loss":0,"event_name":"The Library","floor":22,"gold_loss":0,"cards_obtained":["Slimebound:TongueLash"]}],"is_beta":true,"boss_relics":[{"not_picked":["expansioncontent:StudyCardRelic","SlaversCollar"],"picked":"Tiny House"},{"not_picked":["Pandora\u0027s Box","Cursed Key"],"picked":"Busted Crown"}],"items_purged_floors":[28,40,47],"is_endless":false,"potions_floor_spawned":[2,3,8,9,16,21,29,31,33,39,43,49,52],"killed_by":"downfall:NeowBossFinal","ascension_level":6}}