{"host":"bplbr8uekuotory4","time":1613802100,"event":{"mods":["Act Like it!","BaseMod","GungeonMod","Hermit","KinomotoSakuraMod(木之本樱)","Marisa（F雨　魔理沙）","Minty Spire (QoL Compilation)","Prisma Mod","Quick Restart","Reimu（博丽灵梦）","SOS（斯巴达之子）","Spicy Shops","StSLib","TestMod","The Blackbeard","The Cursed","The Mystic","The Saiyan","The Senshi","The Servant 0.9.4","Yuri Mod","[IsaacMod]以撒尖塔"],"gold_per_floor":[210,221,221,231,231,231,263,257,328,342,342,267,290,57,57,54,54],"floor_reached":16,"language":"ZHS","playtime":363,"items_purged":["DemoMod:Strike_Huntress"],"score":320,"play_id":"dd1a6361-7efe-4027-b6ed-2f58adc250a4","local_time":"20210220142140","is_ascension_mode":true,"campfire_choices":[{"data":"DemoMod:ManualReload","floor":6,"key":"SMITH"},{"data":"DemoMod:Behold!","floor":11,"key":"SMITH"},{"data":"DemoMod:CrossBow","floor":15,"key":"SMITH"}],"circlet_count":0,"master_deck":["AscendersBane","DemoMod:Strike_Huntress","DemoMod:Strike_Huntress","DemoMod:Defend_Huntress+1","DemoMod:Defend_Huntress","DemoMod:Defend_Huntress","DemoMod:Defend_Huntress","DemoMod:Roll","DemoMod:ManualReload+1","DemoMod:RustySidearm+1","DemoMod:CrossBow+1","DemoMod:Behold!+1"],"relics":["DemoMod:Dog","testmod-TestBox","HushsDoor","DeadEye","testmod-EqualTreatment","DemoMod:GlassGuonStoneRelic","YidongShenshe:ReiMu","DemoMod:DecoyRelic","Lantern","Toolbox"],"acts_visited":["Exordium"],"potions_floor_usage":[8,10],"damage_taken":[{"damage":6,"enemies":"Cultist","floor":1,"turns":3},{"damage":0,"enemies":"Small Slimes","floor":2,"turns":2},{"damage":0,"enemies":"2 Louse","floor":4,"turns":2},{"damage":0,"enemies":"Lagavulin","floor":7,"turns":1},{"damage":0,"enemies":"Large Slime","floor":8,"turns":3},{"damage":0,"enemies":"3 Louse","floor":10,"turns":1},{"damage":0,"enemies":"3 Sentries","floor":13,"turns":2},{"damage":0,"enemies":"Hexaghost","floor":16,"turns":7}],"seed_played":"-8580077760225589975","potions_obtained":[{"floor":4,"key":"Explosive Potion"},{"floor":7,"key":"testmod-SpacePotion"}],"is_trial":false,"path_per_floor":["M","M","?","M","?","R","E","M","T","M","R","?","E","$","R","B"],"character_chosen":"HUNTRESS","items_purchased":["Toolbox"],"campfire_rested":0,"item_purchase_floors":[14],"current_hp_per_floor":[51,51,32,32,32,32,32,32,32,32,32,32,32,32,32,32,32],"gold":54,"neow_bonus":"HUNDRED_GOLD","is_daily":false,"chose_seed":false,"campfire_upgraded":3,"win_rate":0.0,"timestamp":1613802100,"path_taken":["M","?","?","M","?","R","E","M","T","M","R","?","E","$","R","BOSS"],"items_purchased_type":["Relic"],"build_version":"2020-12-22","purchased_purges":1,"victory":false,"max_hp_per_floor":[63,63,63,63,63,63,63,63,63,63,63,63,63,63,63,63,63],"card_choices":[{"not_picked":["DemoMod:DoubleSwitch","DemoMod:PotionOfGunFriendShip","DemoMod:Casey"],"picked":"SKIP","floor":1},{"not_picked":["DemoMod:ConditionalReflex","DemoMod:TeaPot"],"picked":"DemoMod:Behold!","floor":2},{"not_picked":["DemoMod:DoubleSwitch","DemoMod:CursedBullets","DemoMod:AC15"],"picked":"SKIP","floor":4},{"not_picked":["DemoMod:DoubleSwitch","DemoMod:MachoBrace","DemoMod:MegaHand"],"picked":"SKIP","floor":4},{"not_picked":["DemoMod:Unmoved","DemoMod:DoubleSwitch","DemoMod:HighKaliber"],"picked":"SKIP","floor":7},{"not_picked":["DemoMod:PotionOfGunFriendShip","DemoMod:GunShield","DemoMod:AC15"],"picked":"SKIP","floor":8},{"not_picked":["DemoMod:DirectionalPad","DemoMod:Unity","DemoMod:Polaris"],"picked":"SKIP","floor":10},{"not_picked":["DemoMod:AC15","DemoMod:BoxingGlove","DemoMod:Replace"],"picked":"SKIP","floor":13}],"player_experience":1156931,"relics_obtained":[{"floor":7,"key":"DemoMod:DecoyRelic"},{"floor":13,"key":"Lantern"}],"event_choices":[{"damage_healed":0,"gold_gain":0,"player_choice":"Entered Light","damage_taken":19,"max_hp_gain":0,"max_hp_loss":0,"event_name":"Shining Light","floor":3,"gold_loss":0,"cards_upgraded":["DemoMod:RustySidearm","DemoMod:Defend_Huntress"]},{"damage_healed":0,"gold_gain":0,"player_choice":"带走神社","damage_taken":0,"relics_obtained":["YidongShenshe:ReiMu"],"max_hp_gain":0,"max_hp_loss":0,"event_name":"yidonshenshe","floor":5,"gold_loss":0,"cards_obtained":["Poor:ReiMu"]},{"cards_removed":["Poor:ReiMu"],"damage_healed":0,"gold_gain":0,"player_choice":"Card Removal","damage_taken":0,"max_hp_gain":0,"max_hp_loss":0,"event_name":"The Cleric","floor":12,"gold_loss":75}],"is_beta":false,"boss_relics":[],"items_purged_floors":[14],"is_endless":false,"potions_floor_spawned":[4,7],"killed_by":"Hexaghost","ascension_level":20}}