{"host":"s41rn2jhghpwfrvz","time":1613801404,"event":{"mods":["BaseMod","Minty Spire (QoL Compilation)","Quick Restart","Relic Stats","SuperFastMode"],"gold_per_floor":[114,133,151,165,90,123,48,62,62,391,401,421,449,475,475,475,475],"floor_reached":16,"language":"ENG","playtime":469,"items_purged":["Chill"],"score":318,"play_id":"2fe7f80d-b0c8-44df-8a62-aadf594c9fc2","local_time":"20210220081004","daily_mods":["SealedDeck","Diverse","DeadlyEvents"],"is_ascension_mode":true,"campfire_choices":[{"data":"Seeing Red","floor":15,"key":"SMITH"}],"circlet_count":0,"master_deck":["AscendersBane","Acrobatics","Double Energy","Sword Boomerang","Inflame","Spot Weakness","Seeing Red+1","Backflip","Backflip","Offering"],"relics":["Burning Blood","Blood Vial","Ice Cream","Old Coin","Calipers","Bag of Marbles"],"acts_visited":["Exordium"],"potions_floor_usage":[14,16,16],"damage_taken":[{"damage":0,"enemies":"2 Louse","floor":1,"turns":2},{"damage":10,"enemies":"Jaw Worm","floor":2,"turns":3},{"damage":0,"enemies":"Cultist","floor":3,"turns":3},{"damage":5,"enemies":"3 Louse","floor":4,"turns":2},{"damage":21,"enemies":"Lagavulin","floor":6,"turns":5},{"damage":6,"enemies":"2 Fungi Beasts","floor":8,"turns":1},{"damage":29,"enemies":"3 Sentries","floor":10,"turns":5},{"damage":26,"enemies":"Gremlin Gang","floor":11,"turns":2},{"damage":6,"enemies":"Large Slime","floor":12,"turns":2},{"damage":17,"enemies":"Gremlin Nob","floor":13,"turns":3},{"damage":6,"enemies":"3 Sentries","floor":14,"turns":4},{"damage":27,"enemies":"Slime Boss","floor":16,"turns":3}],"seed_played":"2466766079365925337","potions_obtained":[{"floor":3,"key":"ElixirPotion"},{"floor":4,"key":"Weak Potion"},{"floor":6,"key":"Strength Potion"},{"floor":14,"key":"Explosive Potion"}],"is_trial":true,"path_per_floor":["M","M","M","M","?","E","$","M","T","E","M","M","E","E","R","B"],"character_chosen":"IRONCLAD","items_purchased":[],"campfire_rested":0,"item_purchase_floors":[],"current_hp_per_floor":[74,70,75,75,75,60,60,62,62,41,23,25,16,18,18,0,0],"gold":475,"neow_bonus":"","is_daily":false,"chose_seed":false,"campfire_upgraded":1,"win_rate":0.0,"timestamp":1613801404,"path_taken":["M","M","M","M","?","E","?","M","T","E","?","M","?","E","R","BOSS"],"items_purchased_type":[],"build_version":"2020-12-22","purchased_purges":1,"victory":false,"max_hp_per_floor":[75,75,75,75,75,75,75,75,75,75,75,75,75,75,75,75,75],"relic_stats":{"Blood Vial":14,"counters":[12,35],"obtain_stats":[{"Blood Vial":6,"Ice Cream":9,"Calipers":13,"Bag of Marbles":14,"Burning Blood":0,"Old Coin":10},{"Blood Vial":5,"Ice Cream":6,"Calipers":10,"Bag of Marbles":11,"Burning Blood":0,"Old Coin":7},{"Blood Vial":15,"Ice Cream":16,"Calipers":28,"Bag of Marbles":32,"Burning Blood":0,"Old Coin":21}],"Burning Blood":64},"card_choices":[{"not_picked":["Headbutt","Stack","FlurryOfBlows"],"picked":"SKIP","floor":1},{"not_picked":["Barrage","Poisoned Stab","Beam Cell"],"picked":"SKIP","floor":2},{"not_picked":["Masterful Stab","Streamline","Prostrate"],"picked":"SKIP","floor":3},{"not_picked":["Shrug It Off","Evaluate","Infernal Blade"],"picked":"SKIP","floor":4},{"not_picked":["Halt","Sucker Punch"],"picked":"Offering","floor":6},{"not_picked":["Dagger Throw","Prostrate","Clash"],"picked":"SKIP","floor":8},{"not_picked":["Choke","Evaluate","Bloodletting"],"picked":"SKIP","floor":10},{"not_picked":["Conserve Battery","Machine Learning","SashWhip"],"picked":"SKIP","floor":11},{"not_picked":["Force Field","Anger","Deflect"],"picked":"SKIP","floor":12},{"not_picked":["Hyperbeam","Clash","Seeing Red"],"picked":"SKIP","floor":13},{"not_picked":["Conserve Battery","Sucker Punch","FlyingSleeves"],"picked":"SKIP","floor":14}],"player_experience":1942809,"relics_obtained":[{"floor":6,"key":"Blood Vial"},{"floor":9,"key":"Ice Cream"},{"floor":10,"key":"Old Coin"},{"floor":13,"key":"Calipers"},{"floor":14,"key":"Bag of Marbles"}],"event_choices":[{"cards_removed":["Blizzard"],"damage_healed":0,"gold_gain":0,"player_choice":"Card Removal","damage_taken":0,"max_hp_gain":0,"max_hp_loss":0,"event_name":"The Cleric","floor":5,"gold_loss":75}],"is_beta":false,"boss_relics":[],"items_purged_floors":[7],"is_endless":false,"potions_floor_spawned":[3,4,6,10,11,14],"killed_by":"Slime Boss","ascension_level":20}}