{"host":"pm6tps78s2qrawcb","time":1613784577,"event":{"mods":["BaseMod","BetterRewards","Colored Map","Downfall","Hubris","Infinite Spire","Mimic Mod","Minty Spire (QoL Compilation)","Reliquary","Replay The Spire","Shop Mod","StSLib"],"gold_per_floor":[218,11,186,202,220,245,245,278,314,314,334,345,345,403,403,508,508,521,1,1,1,16,16,34,64,88,88,88,99,99,126,126,222,222,250,250,273,609,175,175,225,225,299,363,407,441,482,523,523,543,543],"floor_reached":50,"language":"ENG","playtime":2872,"items_purged":["Doubt","Replay:Hysterical Blindness"],"score":655,"play_id":"ce42fd31-5ffe-4911-831d-73fbde2cdc5d","local_time":"20210220012937","is_ascension_mode":true,"campfire_choices":[{"floor":7,"key":"REST"},{"data":"Bash","floor":10,"key":"SMITH"},{"floor":15,"key":"REST"},{"data":"Rip and Tear","floor":23,"key":"SMITH"},{"data":"Adrenaline","floor":27,"key":"SMITH"},{"floor":32,"key":"REST"},{"data":"infinitespire:Gouge","floor":40,"key":"SMITH"}],"circlet_count":0,"master_deck":["Strike_R","Strike_R","Strike_R","Strike_R","Strike_R","Defend_R","Defend_R","Defend_R","Bash+1","Anger","Rip and Tear+1","Immolate+1","Adrenaline+1","Consecrate+1","Guardian:MultiBeam+1","infinitespire:Gouge+1","Distraction","Massacre","Swift Strike+1","Seek","Parasite","Reprogram+1"],"relics":["Burning Blood","PrismaticShard","Replay:Rubber Ducky","reliquary:RedPaperclip","Calipers","Lee\u0027s Waffle","Incense Burner","Pantograph","Replay:Mystery Machine","infinitespire:Bottled Soul","SacredBark","reliquary:Aerogel","Replay:Bandana","infinitespire:EmpoweringShard","infinitespire:Magic Flask","Old Coin","MerchantsRug","ReplayFunnel","infinitespire:Beetle Shell","reliquary:PartyBalloon","hubris:CrystalStatue","Tiny Chest"],"acts_visited":["Exordium","TheCity","TheBeyond"],"potions_floor_usage":[11,16,16,31,38,41,46,48],"damage_taken":[{"damage":9,"enemies":"2 Louse","floor":1,"turns":5},{"damage":11,"enemies":"Jaw Worm","floor":4,"turns":4},{"damage":10,"enemies":"Small Slimes","floor":5,"turns":4},{"damage":47,"enemies":"3 Sentries","floor":6,"turns":13},{"damage":11,"enemies":"Replay:BlueRogue","floor":8,"turns":6},{"damage":5,"enemies":"3 Louse","floor":9,"turns":8},{"damage":19,"enemies":"3 Louse","floor":11,"turns":4},{"damage":29,"enemies":"Large Slime","floor":12,"turns":8},{"damage":1,"enemies":"Slime Boss","floor":16,"turns":5},{"damage":13,"enemies":"3 Byrds","floor":18,"turns":5},{"damage":5,"enemies":"Chosen","floor":22,"turns":3},{"damage":9,"enemies":"Centurion and Healer","floor":24,"turns":4},{"damage":34,"enemies":"Slavers","floor":25,"turns":3},{"damage":1,"enemies":"Snecko","floor":29,"turns":3},{"damage":28,"enemies":"Nightmare","floor":31,"turns":6},{"damage":37,"enemies":"Automaton","floor":33,"turns":6},{"damage":15,"enemies":"Orb Walker","floor":35,"turns":3},{"damage":0,"enemies":"3 Shapes","floor":37,"turns":1},{"damage":34,"enemies":"Sphere and 2 Shapes","floor":38,"turns":11},{"damage":35,"enemies":"R_Hoarder","floor":41,"turns":7},{"damage":22,"enemies":"Reptomancer","floor":44,"turns":4},{"damage":13,"enemies":"Sphere and 2 Shapes","floor":45,"turns":3},{"damage":10,"enemies":"Spire Growth","floor":46,"turns":4},{"damage":19,"enemies":"Writhing Mass","floor":47,"turns":5},{"damage":6,"enemies":"Maw","floor":48,"turns":6},{"damage":87,"enemies":"Time Eater","floor":50,"turns":8}],"seed_played":"2697905665784657003","potions_obtained":[{"floor":4,"key":"CultistPotion"},{"floor":8,"key":"LiquidMemories"},{"floor":11,"key":"sneckomod:MuddlingPotion"},{"floor":12,"key":"ColorlessPotion"},{"floor":18,"key":"LifebloodPotion"},{"floor":31,"key":"ElixirPotion"},{"floor":33,"key":"Regen Potion"},{"floor":35,"key":"DistilledChaos"},{"floor":41,"key":"Reflective Coating"},{"floor":44,"key":"ColorlessPotion"}],"is_trial":false,"path_per_floor":["M","$","?","M","M","E","R","E","MIM","R","M","M","?","?","R","B",null,"M","$","?","?","M","R","M","E","T","R","?","M","AVR","NM","R","B",null,"M","?","M","MIM","$","R","E","?","T","E","M","M","M","M","R_BF","B"],"character_chosen":"IRONCLAD","items_purchased":["PrismaticShard","Anger","Calipers","Lee\u0027s Waffle","MerchantsRug","ReplayFunnel","infinitespire:Beetle Shell"],"campfire_rested":3,"item_purchase_floors":[2,2,19,19,39,39,39],"current_hp_per_floor":[77,77,77,72,68,27,51,46,47,47,34,11,11,11,35,40,80,73,87,87,87,87,87,84,56,56,56,39,44,44,22,49,43,92,83,83,89,61,61,61,74,74,74,58,51,47,34,34,60,0,0],"gold":543,"neow_bonus":"HUNDRED_GOLD","is_daily":false,"chose_seed":false,"campfire_upgraded":4,"win_rate":0.0,"timestamp":1613784577,"path_taken":["M","$","?","M","M","E","R","E","MIM","R","M","M","?","?","R","BOSS","M","$","?","?","?","R","M","E","T","R","?","M","AVR","NM","R","BOSS","M","?","?","?","$","R","E","?","T","E","M","M","?","M","R_BF","BOSS"],"items_purchased_type":["Relic","Card","Relic","Relic","Relic","Relic","Relic"],"build_version":"2020-12-22","purchased_purges":2,"victory":false,"max_hp_per_floor":[80,80,80,80,80,80,80,80,80,80,80,80,80,80,80,80,80,80,87,87,87,87,87,87,87,87,87,92,92,92,92,92,92,92,92,92,92,92,92,92,92,89,89,89,89,89,89,89,89,89,89],"card_choices":[{"not_picked":["Perfected Strike","Dark Embrace","Body Slam"],"picked":"SKIP","floor":1},{"not_picked":["Replay:AtTheReady","sneckomod:ImprovisedGuard","Go for the Eyes"],"picked":"SKIP","floor":4},{"not_picked":["Rebound","bronze:Repulsor","Hologram"],"picked":"SKIP","floor":5},{"not_picked":["hexamod:NecessarySacrifice","hexamod:HexaLevel","hexamod:UnleashSpirits"],"picked":"SKIP","floor":6},{"not_picked":["Prepared","BowlingBash","Guardian:PolyBeam"],"picked":"SKIP","floor":8},{"not_picked":["bronze:ShipIt","Replay:ManipulateFuture","Beam Cell"],"picked":"SKIP","floor":11},{"not_picked":["sneckomod:Nope","Heavy Blade"],"picked":"Rip and Tear","floor":12},{"not_picked":["Slimebound:Overexert","champ:GladiatorForm"],"picked":"Adrenaline","floor":16},{"not_picked":["Halt","sneckomod:QuickMove"],"picked":"Consecrate+1","floor":18},{"not_picked":["Guardian:FloatingOrbs","Guardian:Emergency","hexamod:Again"],"picked":"SKIP","floor":22},{"not_picked":["sneckomod:UnknownClassGREEN","Run Through","Flying Knee"],"picked":"SKIP","floor":24},{"not_picked":["Carnage","hexamod:CatchUp","Consecrate"],"picked":"SKIP","floor":25},{"not_picked":["champ:Shatter+1","bronze:FindAndReplace","Eviscerate+1"],"picked":"SKIP","floor":29},{"not_picked":["infinitespire:Punishment","ReplayTheSpireMod:Black Plague"],"picked":"infinitespire:Gouge","floor":31},{"not_picked":["Slimebound:FinishingTackle","Underhanded Strike"],"picked":"Distraction","floor":31},{"not_picked":["ReplayTheSpireMod:Doomed","Voices"],"picked":"Parasite","floor":34},{"not_picked":["hubris:Gluttony","ReplayTheSpireMod:Doomed"],"picked":"CommonCold","floor":34},{"not_picked":["ReplayTheSpireMod:Doomed","ReplayTheSpireMod:Splinters"],"picked":"Replay:Hysterical Blindness","floor":34},{"not_picked":["bronze:OilSpill+1","Guardian:Gem_Red"],"picked":"Massacre","floor":35},{"not_picked":["Slimebound:Equalize","Slimebound:SplitBruiser"],"picked":"Swift Strike+1","floor":37},{"not_picked":["Chill","Slimebound:FinishingTackle+1","Guardian:Gem_Crimson"],"picked":"SKIP","floor":41},{"not_picked":["Backflip","ReplayTheSpireMod:System Scan+1"],"picked":"Seek","floor":44},{"not_picked":["hexamod:BacktrackSmack+1","sneckomod:WideSting+1","bronze:CutThrough"],"picked":"SKIP","floor":45},{"not_picked":["Panic Button","sneckomod:IronFang","Swivel"],"picked":"SKIP","floor":46},{"not_picked":["Guardian:ChargeCore","BootSequence+1","Slimebound:PressTheAttack+1"],"picked":"SKIP","floor":47},{"not_picked":["Guardian:PrismaticBarrier","Flash of Steel"],"picked":"Reprogram+1","floor":48}],"player_experience":331235,"relics_obtained":[{"floor":6,"key":"Blue Candle"},{"floor":8,"key":"reliquary:Spinner"},{"floor":9,"key":"Replay:Rubber Ducky"},{"floor":25,"key":"Pantograph"},{"floor":26,"key":"Replay:Mystery Machine"},{"floor":31,"key":"reliquary:Aerogel"},{"floor":38,"key":"Old Coin"},{"floor":41,"key":"reliquary:PartyBalloon"},{"floor":43,"key":"hubris:CrystalStatue"},{"floor":44,"key":"Tiny Chest"}],"event_choices":[{"damage_healed":0,"gold_gain":175,"player_choice":"AGREE","damage_taken":0,"max_hp_gain":0,"max_hp_loss":0,"event_name":"Liars Game","floor":3,"gold_loss":0,"cards_obtained":["Doubt"]},{"damage_healed":0,"gold_gain":58,"player_choice":"Gained Gold","damage_taken":0,"max_hp_gain":0,"max_hp_loss":0,"event_name":"Golden Wing","floor":14,"gold_loss":0},{"damage_healed":0,"gold_gain":0,"player_choice":"Stole Relic","damage_taken":0,"relics_obtained":["Incense Burner"],"max_hp_gain":0,"max_hp_loss":0,"event_name":"Addict","floor":20,"gold_loss":0,"cards_obtained":["Shame"]},{"damage_healed":0,"gold_gain":0,"player_choice":"Read","damage_taken":0,"max_hp_gain":0,"max_hp_loss":0,"event_name":"The Library","floor":21,"gold_loss":0,"cards_obtained":["Guardian:MultiBeam"]},{"damage_healed":0,"gold_gain":0,"player_choice":"Shed Blood","damage_taken":22,"max_hp_gain":5,"max_hp_loss":0,"event_name":"Forgotten Altar","floor":28,"gold_loss":0},{"damage_healed":0,"gold_gain":0,"player_choice":"0 cards matched","damage_taken":0,"max_hp_gain":0,"max_hp_loss":0,"event_name":"Match and Keep!","floor":36,"gold_loss":0,"cards_obtained":[]},{"cards_removed":["CommonCold","Parasite","Shame"],"damage_healed":0,"gold_gain":0,"player_choice":"Removed Curses","damage_taken":0,"max_hp_gain":0,"max_hp_loss":0,"event_name":"Fountain of Cleansing","floor":42,"gold_loss":0}],"is_beta":false,"boss_relics":[{"not_picked":["reliquary:RustamsPendant","Replay:Wanted Poster"],"picked":"reliquary:RedPaperclip"},{"not_picked":["reliquary:Craggleroot","Replay:Drink Me"],"picked":"Replay:Ancient Bell"},{"not_picked":["Regal Pillow","hubris:TenFootPole"],"picked":"Replay:Bandana"},{"not_picked":["Onion Ring","Self Forming Clay"],"picked":"infinitespire:EmpoweringShard"},{"not_picked":["hubris:GlazedTorus","infinitespire:Lychee Nut"],"picked":"infinitespire:Magic Flask"}],"items_purged_floors":[19,39],"is_endless":true,"potions_floor_spawned":[4,8,11,12,18,31,33,35,41,44,45],"killed_by":"Time Eater","ascension_level":1}}