{"host":"gs0a38e4jr2axiip","time":1613783667,"event":{"mods":["100% Spire Juice","Abigail Mod","Act Like it!","BaseMod","Better Note","BetterRewards","CCEM2","Colored Map","Conspire","Dark Map","Downfall","Exacting","Gensokyo","Hallownest","Highlight Path","Hubris","Infinite Spire","Jedi Mod","Koishi","MarisaÅiñ∂âJÅ@ñÇóùçπÅj","Minty Spire (QoL Compilation)","Permanent Neow","Prisma Mod","Replay The Spire","Ruina","Shop Mod","Spire Arcade","Spire Birthday Party","StSLib","The Gatherer","The Jungle","The Necromancer","The Servant 0.9.4","Unceasing Turn Reminder","Waifu the Spire","Wandering Minibosses","Yuyuko"],"gold_per_floor":[114,114,9,9,25,58,58,70,70,70,87,87,87,122,122,225,105,119,119,119,154,165,165,194,194,194,74,74,91,91,107,107,209,89,106,135,15,63,78,78,89,89,160,160,192,210,237,537,537,537,537],"floor_reached":50,"language":"ENG","playtime":14908,"items_purged":[],"score":628,"play_id":"6a41caf4-e122-4dfa-83d2-98c58824cc43","local_time":"20210219191427","is_ascension_mode":false,"campfire_choices":[{"floor":7,"key":"RECALL"},{"data":"Moonworks:Flamethrower","floor":10,"key":"SMITH"},{"data":"Moonworks:Ambush","floor":15,"key":"SMITH"},{"data":"Moonworks:AccelHyper","floor":23,"key":"SMITH"},{"data":"Moonworks:RocketCannon","floor":25,"key":"SMITH"},{"data":"Moonworks:Heat300Percent","floor":32,"key":"SMITH"},{"data":"Moonworks:ShieldCounter","floor":40,"key":"SMITH"},{"data":"Moonworks:AnotherUltimateWeapon","floor":42,"key":"SMITH"},{"data":"Moonworks:CookingTime","floor":44,"key":"SMITH"},{"data":"Pot Of Greed","floor":49,"key":"SMITH"}],"circlet_count":0,"master_deck":["Moonworks:Strike","Moonworks:Strike","Moonworks:Defend","Moonworks:Defend","Moonworks:Defend","Moonworks:Defend","Moonworks:Ambush+1","Moonworks:LongDistanceShot","Moonworks:Flamethrower+1","Moonworks:AngelHand","Moonworks:AwakeningOfTalent","Moonworks:ForcedRevival","Moonworks:WindyEnchantment","Moonworks:AnotherUltimateWeapon+1","Moonworks:AccelHyper+1","Moonworks:CompletionReward+1","Moonworks:Heat300Percent+1","Moonworks:RocketCannon+1","hubris:DuctTapeCard","Moonworks:Poppoformation","Moonworks:ShieldCounter+1","Moonworks:WindyEnchantment","Moonworks:CookingTime+1","Pot Of Greed+1","Pot Of Greed","Moonworks:CookingTime+1","Pot Of Greed","Moonworks:WindyEnchantment"],"relics":["Moonworks:BrokenBomb","Moonworks:Homemark","PreservedInsect","hubris:Towel","Eternal Feather","hubris:Icosahedron","CCEMRelics:D6","Tiny Chest","Empty Cage","Guardian:PocketSentry","infinitespire:ShieldingShard","conspire:TopHat","hubris:DuctTape","Philosopher\u0027s Stone","wanderingMiniBosses:CarrionFlame","Grinning Jar","CCEMRelics:BundleOfDynamite","infinitespire:FocusingShard","Vajra","jedi:cryingmask"],"acts_visited":["Exordium","TheCity","TheBeyond"],"potions_floor_usage":[6,16,16,21,24,24,40,50],"damage_taken":[{"damage":0,"enemies":"Small Slimes","floor":1,"turns":3},{"damage":15,"enemies":"2 Louse","floor":3,"turns":5},{"damage":0,"enemies":"Cultist","floor":5,"turns":2},{"damage":4,"enemies":"Lagavulin","floor":6,"turns":7},{"damage":0,"enemies":"Blue Slaver","floor":8,"turns":4},{"damage":0,"enemies":"Looter","floor":11,"turns":3},{"damage":3,"enemies":"3 Sentries","floor":14,"turns":4},{"damage":13,"enemies":"Hexaghost","floor":16,"turns":8},{"damage":1,"enemies":"Shell Parasite","floor":18,"turns":5},{"damage":9,"enemies":"2 Thieves","floor":21,"turns":7},{"damage":22,"enemies":"conspire:HollyBat","floor":22,"turns":5},{"damage":17,"enemies":"Book of Stabbing","floor":24,"turns":5},{"damage":7,"enemies":"Snecko","floor":29,"turns":4},{"damage":0,"enemies":"Cultist and Chosen","floor":31,"turns":4},{"damage":28,"enemies":"conspire:MysteriousRune","floor":33,"turns":8},{"damage":0,"enemies":"3 Darklings","floor":35,"turns":4},{"damage":43,"enemies":"conspire:MimicChest","floor":36,"turns":4},{"damage":0,"enemies":"Orb Walker","floor":39,"turns":3},{"damage":0,"enemies":"Sphere and 2 Shapes","floor":41,"turns":3},{"damage":0,"enemies":"R_Hoarder","floor":45,"turns":4},{"damage":0,"enemies":"Spire Growth","floor":46,"turns":4},{"damage":0,"enemies":"Giant Head","floor":47,"turns":5},{"damage":77,"enemies":"conspire:OrnateMirror","floor":50,"turns":6}],"seed_played":"-4014456067710752811","potions_obtained":[{"floor":1,"key":"EssenceOfSteel"},{"floor":3,"key":"Explosive Potion"},{"floor":5,"key":"SkillPotion"},{"floor":14,"key":"GamblersBrew"},{"floor":16,"key":"jedi:mysterypotion"},{"floor":16,"key":"Toxic Potion"},{"floor":22,"key":"ColorlessPotion"},{"floor":24,"key":"Weak Potion"},{"floor":31,"key":"SteroidPotion"},{"floor":35,"key":"jedi:wingpotion"},{"floor":41,"key":"Explosive Potion"},{"floor":46,"key":"PowerPotion"}],"is_trial":false,"path_per_floor":["M","?","M","?","M","E","R","M","T","R","M","?","T","E","R","B",null,"M","?","$","M","M","R","E","R","T","?","T","M","$","M","R","B",null,"M","?","$","T","M","R","M","R","T","R","E","M","E","?","R","B"],"character_chosen":"THE_STARBREAKER","items_purchased":[],"campfire_rested":0,"item_purchase_floors":[],"current_hp_per_floor":[60,60,45,45,45,41,47,52,52,60,60,60,60,60,60,47,60,59,49,49,45,28,37,20,32,32,32,32,25,25,30,42,24,65,65,27,27,27,33,48,53,65,65,65,65,65,65,65,65,0,0],"gold":537,"neow_bonus":"RANDOM_COMMON_RELIC","is_daily":false,"chose_seed":false,"campfire_upgraded":9,"win_rate":0.0,"timestamp":1613783667,"path_taken":["M","?","M","?","M","E","R","M","T","R","?","?","?","E","R","BOSS","M","?","?","M","M","R","E","R","T","?","?","M","?","?","R","BOSS","M","?","$","?","M","R","?","R","T","R","E","?","E","?","R","BOSS"],"items_purchased_type":[],"build_version":"2020-12-22","purchased_purges":0,"victory":false,"max_hp_per_floor":[60,60,60,60,60,60,60,60,60,60,60,60,60,60,60,60,60,60,65,65,65,65,65,65,65,65,65,65,65,65,65,65,65,65,65,65,65,65,65,65,65,65,65,65,65,65,65,65,65,65,65],"card_choices":[{"not_picked":["Moonworks:LulusLuckyEgg","Moonworks:DevilHand"],"picked":"Moonworks:Flamethrower","floor":1},{"not_picked":["Moonworks:JonathanRush","Moonworks:BigMagnum"],"picked":"Moonworks:AngelHand","floor":3},{"not_picked":["Moonworks:Bloodlust","Moonworks:SakisCookie"],"picked":"Moonworks:AwakeningOfTalent","floor":5},{"not_picked":["Moonworks:Assault","Moonworks:ImOnFire"],"picked":"Moonworks:ForcedRevival","floor":6},{"not_picked":["Moonworks:ForcedRevival","Moonworks:EvilSpyWorkPreparation"],"picked":"Moonworks:WindyEnchantment","floor":8},{"not_picked":["Moonworks:ImOnFire","Moonworks:FinalSurgery"],"picked":"Moonworks:AnotherUltimateWeapon","floor":11},{"not_picked":["Moonworks:JonathanRush","Moonworks:ReproductionOfRecords"],"picked":"Moonworks:UnluckyCharm","floor":14},{"not_picked":["Moonworks:SubspaceTunnel","Moonworks:GoAway"],"picked":"Moonworks:AccelHyper","floor":16},{"not_picked":["Moonworks:DeployBits","Moonworks:MiracleRedBeanIceCream+1"],"picked":"Moonworks:CompletionReward+1","floor":18},{"not_picked":["Moonworks:NicePresent","Moonworks:ImOnFire"],"picked":"Moonworks:Heat300Percent","floor":21},{"not_picked":["Moonworks:MiracleRedBeanIceCream+1","Moonworks:BeyondHell","Moonworks:SakisCookie+1"],"picked":"SKIP","floor":22},{"not_picked":["Moonworks:NicePresent","Moonworks:TacticalRetreat"],"picked":"Moonworks:RocketCannon","floor":24},{"not_picked":["Moonworks:Heat300Percent","Moonworks:LulusLuckyEgg","Moonworks:SakisCookie"],"picked":"SKIP","floor":29},{"not_picked":["Moonworks:SakisCookie","Moonworks:JonathanRush"],"picked":"Moonworks:Poppoformation","floor":31},{"not_picked":["Moonworks:AnotherUltimateWeapon","Moonworks:Blazing"],"picked":"Moonworks:ShieldCounter","floor":33},{"not_picked":["Moonworks:Assault+1","Moonworks:SakisCookie"],"picked":"Moonworks:WindyEnchantment","floor":35},{"not_picked":["Moonworks:DeployBits","Moonworks:TreasureThief"],"picked":"Moonworks:CookingTime","floor":36},{"not_picked":["Moonworks:OutOfAmmo","Moonworks:IndiscriminateFireSupport","Moonworks:SakisCookie"],"picked":"SKIP","floor":39},{"not_picked":["Moonworks:JonathanRush","Moonworks:ReproductionOfRecords+1"],"picked":"Moonworks:CookingTime+1","floor":41},{"not_picked":["Moonworks:JonathanRush+1","Moonworks:TreasureThief+1","Moonworks:ImOnFire"],"picked":"SKIP","floor":45},{"not_picked":["Moonworks:EvilSpyWorkPreparation","Moonworks:CloudOfSeagulls+1","Moonworks:ImOnFire+1"],"picked":"SKIP","floor":46},{"not_picked":["Moonworks:CloudOfSeagulls","Moonworks:ForcedRevival"],"picked":"Moonworks:WindyEnchantment","floor":47}],"player_experience":778783,"relics_obtained":[{"floor":6,"key":"Eternal Feather"},{"floor":13,"key":"CCEMRelics:D6"},{"floor":14,"key":"Tiny Chest"},{"floor":24,"key":"Guardian:PocketSentry"},{"floor":26,"key":"infinitespire:ShieldingShard"},{"floor":28,"key":"hubris:DuctTape"},{"floor":36,"key":"wanderingMiniBosses:CarrionFlame"},{"floor":36,"key":"Grinning Jar"},{"floor":38,"key":"CCEMRelics:BundleOfDynamite"},{"floor":43,"key":"infinitespire:FocusingShard"},{"floor":45,"key":"Vajra"},{"floor":47,"key":"jedi:cryingmask"}],"event_choices":[{"cards_removed":["Moonworks:Flamethrower"],"damage_healed":0,"gold_gain":0,"player_choice":"Give","damage_taken":0,"max_hp_gain":0,"max_hp_loss":0,"event_name":"betterNote:BetterNote","floor":4,"gold_loss":0,"cards_obtained":["champ:VampiricStrike"]},{"damage_healed":0,"gold_gain":0,"player_choice":"Shed Blood","damage_taken":15,"max_hp_gain":5,"max_hp_loss":0,"event_name":"Forgotten Altar","floor":19,"gold_loss":0},{"damage_healed":0,"gold_gain":0,"player_choice":"Gave Potion","damage_taken":0,"relics_obtained":["conspire:TopHat"],"max_hp_gain":0,"max_hp_loss":0,"event_name":"WeMeetAgain","floor":27,"gold_loss":0},{"damage_healed":0,"gold_gain":300,"player_choice":"Gold","damage_taken":0,"max_hp_gain":0,"max_hp_loss":0,"event_name":"Wheel of Change","floor":48,"gold_loss":0}],"is_beta":false,"boss_relics":[{"not_picked":["CCEMRelics:TransientCore","Ectoplasm"],"picked":"Empty Cage"},{"not_picked":["hubris:RunicObelisk","conspire:SlowCooker"],"picked":"Philosopher\u0027s Stone"}],"items_purged_floors":[],"is_endless":false,"potions_floor_spawned":[1,3,5,14,16,22,24,31,35,41,46],"killed_by":"conspire:OrnateMirror","ascension_level":0}}