{"host":"9tzam4717zt8ei1o","time":1613837159,"event":{"mods":["BaseMod","Colored Map","Keyboard Shortcuts","Minty Spire (QoL Compilation)","Quick Restart","StSLib","SuperFastMode"],"gold_per_floor":[116,266,106,106,6,39,39,71,71,103,103,103,28,97,97,171,171,188,63,76,89,89,89,108,135,162,12,37,37,37,37,37,113,113,124,141,141,141,62,92,106,435,487,226,226,237,61,75,75,75,75,75,75,48,74,74],"floor_reached":57,"language":"KOR","playtime":1350,"items_purged":["Doubt","Strike_R","Strike_R","Defend_R","Defend_R"],"score":2945,"play_id":"7259c477-9e1c-4ca9-97c1-2e5fda502fdb","local_time":"20210221010559","is_ascension_mode":true,"campfire_choices":[{"data":"Strike_R","floor":12.0,"key":"PURGE"},{"data":"Rampage","floor":15.0,"key":"SMITH"},{"data":"Evolve","floor":23.0,"key":"SMITH"},{"data":"Body Slam","floor":30.0,"key":"SMITH"},{"data":"Limit Break","floor":32.0,"key":"PURGE"},{"data":"Seeing Red","floor":45.0,"key":"SMITH"},{"floor":49.0,"key":"RECALL"},{"data":"Fire Breathing+1","floor":53.0,"key":"PURGE"}],"circlet_count":0,"master_deck":["AscendersBane","Bash","Evolve+1","Rampage+1","Body Slam+1","Shrug It Off","Power Through+1","Reaper","Demon Form+1","Dark Embrace+1","Seeing Red+1","Feel No Pain+1","Second Wind"],"relics":["Burning Blood","NeowsBlessing","Frozen Egg 2","Peace Pipe","Champion Belt","Oddly Smooth Stone","Eternal Feather","SlaversCollar","Shuriken","Anchor","Ice Cream","Busted Crown","Meat on the Bone","Old Coin","Membership Card","Bottled Tornado","Red Skull"],"acts_visited":["Exordium","TheCity","TheBeyond","TheEnding"],"potions_floor_usage":[56,56],"damage_taken":[{"damage":0.0,"enemies":"Jaw Worm","floor":1.0,"turns":1.0},{"damage":0.0,"enemies":"3 Sentries","floor":6.0,"turns":2.0},{"damage":0.0,"enemies":"Lagavulin","floor":8.0,"turns":1.0},{"damage":30.0,"enemies":"3 Sentries","floor":10.0,"turns":8.0},{"damage":50.0,"enemies":"Slime Boss","floor":16.0,"turns":9.0},{"damage":19.0,"enemies":"Chosen","floor":18.0,"turns":5.0},{"damage":24.0,"enemies":"Shell Parasite","floor":20.0,"turns":9.0},{"damage":12.0,"enemies":"Snake Plant","floor":21.0,"turns":6.0},{"damage":10.0,"enemies":"Centurion and Healer","floor":24.0,"turns":10.0},{"damage":22.0,"enemies":"Slavers","floor":25.0,"turns":3.0},{"damage":30.0,"enemies":"Gremlin Leader","floor":28.0,"turns":5.0},{"damage":8.0,"enemies":"Collector","floor":33.0,"turns":6.0},{"damage":0.0,"enemies":"3 Shapes","floor":35.0,"turns":3.0},{"damage":6.0,"enemies":"Orb Walker","floor":36.0,"turns":3.0},{"damage":20.0,"enemies":"Giant Head","floor":40.0,"turns":6.0},{"damage":15.0,"enemies":"Maw","floor":41.0,"turns":6.0},{"damage":19.0,"enemies":"Nemesis","floor":42.0,"turns":5.0},{"damage":17.0,"enemies":"Spire Growth","floor":46.0,"turns":4.0},{"damage":4.0,"enemies":"3 Darklings","floor":48.0,"turns":5.0},{"damage":30.0,"enemies":"Awakened One","floor":50.0,"turns":10.0},{"damage":15.0,"enemies":"Time Eater","floor":51.0,"turns":4.0},{"damage":25.0,"enemies":"Shield and Spear","floor":55.0,"turns":5.0},{"damage":36,"enemies":"The Heart","floor":56,"turns":8}],"seed_played":"-6085674109043924814","potions_obtained":[{"floor":1.0,"key":"BloodPotion"},{"floor":8.0,"key":"DuplicationPotion"},{"floor":10.0,"key":"Fruit Juice"},{"floor":18.0,"key":"DistilledChaos"},{"floor":20.0,"key":"DistilledChaos"},{"floor":24.0,"key":"ElixirPotion"},{"floor":31.0,"key":"Dexterity Potion"}],"is_trial":false,"path_per_floor":["M","?","$","?","$","E","$","E","T","E","$","R","?","T","R","B",null,"M","$","M","M","?","R","M","E","T","$","E","?","R","?","R","B",null,"M","M","$","?","$","E","M","E","T","$","R","M","$","M","R","B","B",null,"R","$","E","B",null],"character_chosen":"IRONCLAD","items_purchased":["Evolve","Dark Embrace+1","Membership Card","Second Wind","Bottled Tornado","PowerPotion"],"campfire_rested":0,"item_purchase_floors":[3,39,44,47,47,54],"current_hp_per_floor":[74,74,74,67,67,73,73,75,75,56,56,56,56,56,62,18,65,52,52,34,28,28,34,32,28,28,28,34,34,40,40,46,44,71,77,80,80,80,80,80,71,58,58,58,64,59,59,79,80,63,54,74,80,80,61,52],"gold":74,"neow_bonus":"THREE_ENEMY_KILL","is_daily":false,"chose_seed":false,"campfire_upgraded":4,"win_rate":0.0,"timestamp":1613837159,"path_taken":["M","?","$","?","$","E","?","E","T","E","$","R","?","?","R","BOSS","M","$","M","M","?","R","M","E","T","$","E","?","R","?","R","BOSS","M","?","?","?","$","E","M","E","T","$","R","M","$","M","R","BOSS","BOSS","R","$","E","BOSS"],"items_purchased_type":["Card","Card","Relic","Card","Relic","Potion"],"build_version":"2020-12-22","purchased_purges":5,"victory":true,"max_hp_per_floor":[75,75,75,75,75,75,75,75,75,80,80,80,80,80,80,80,80,80,80,80,80,80,80,80,80,80,80,80,80,80,80,80,80,80,80,80,80,80,80,80,80,80,80,80,80,80,80,80,80,80,80,80,80,80,80,80],"card_choices":[{"not_picked":["Havoc","Twin Strike"],"picked":"Wild Strike","floor":1.0},{"not_picked":["Cleave","Sever Soul","Warcry"],"picked":"SKIP","floor":6.0},{"not_picked":["Warcry","True Grit"],"picked":"Rampage","floor":8.0},{"not_picked":["Thunderclap","Ghostly Armor"],"picked":"Body Slam","floor":10.0},{"not_picked":["Sword Boomerang","Warcry"],"picked":"Shrug It Off","floor":18.0},{"not_picked":["Anger","Shrug It Off"],"picked":"Power Through+1","floor":20.0},{"not_picked":["Dropkick","Twin Strike+1","Thunderclap"],"picked":"SKIP","floor":21.0},{"not_picked":["Wild Strike","Shrug It Off"],"picked":"Fire Breathing+1","floor":24.0},{"not_picked":["Reaper","Thunderclap","Shrug It Off"],"picked":"SKIP","floor":25.0},{"not_picked":["Dual Wield","Immolate","Uppercut"],"picked":"SKIP","floor":28.0},{"not_picked":["Corruption+1","Double Tap"],"picked":"Demon Form+1","floor":33.0},{"not_picked":["Cleave"],"picked":"SKIP","floor":35.0},{"not_picked":["Body Slam"],"picked":"SKIP","floor":36.0},{"not_picked":["Seeing Red"],"picked":"SKIP","floor":40.0},{"not_picked":[],"picked":"Seeing Red","floor":40.0},{"not_picked":["Power Through"],"picked":"SKIP","floor":41.0},{"not_picked":[],"picked":"Feel No Pain+1","floor":42.0},{"not_picked":["Armaments"],"picked":"SKIP","floor":46.0},{"not_picked":["Havoc+1"],"picked":"SKIP","floor":48.0},{"not_picked":["Wild Strike"],"picked":"SKIP","floor":55.0}],"player_experience":127229,"relics_obtained":[{"floor":6.0,"key":"Frozen Egg 2"},{"floor":8.0,"key":"Peace Pipe"},{"floor":9.0,"key":"Champion Belt"},{"floor":10.0,"key":"Oddly Smooth Stone"},{"floor":14.0,"key":"Eternal Feather"},{"floor":25.0,"key":"Shuriken"},{"floor":26.0,"key":"Anchor"},{"floor":28.0,"key":"Ice Cream"},{"floor":40.0,"key":"Meat on the Bone"},{"floor":42.0,"key":"Old Coin"},{"floor":55.0,"key":"Red Skull"}],"event_choices":[{"damage_healed":0.0,"max_hp_gain":0.0,"max_hp_loss":0.0,"gold_gain":150.0,"event_name":"Liars Game","player_choice":"AGREE","floor":2.0,"gold_loss":0.0,"damage_taken":0.0,"cards_obtained":["Doubt"]},{"cards_removed":["Strike_R"],"damage_healed":0.0,"max_hp_gain":0.0,"max_hp_loss":0.0,"gold_gain":0.0,"event_name":"Golden Wing","player_choice":"Card Removal","floor":4.0,"gold_loss":0.0,"damage_taken":7.0},{"cards_removed":["Strike_R"],"damage_healed":0.0,"max_hp_gain":0.0,"max_hp_loss":0.0,"gold_gain":0.0,"event_name":"The Cleric","player_choice":"Card Removal","floor":13.0,"gold_loss":75.0,"damage_taken":0.0},{"damage_healed":0.0,"max_hp_gain":0.0,"max_hp_loss":0.0,"gold_gain":0.0,"cards_transformed":["Wild Strike","Defend_R"],"event_name":"Drug Dealer","player_choice":"Became Test Subject","floor":22.0,"gold_loss":0.0,"damage_taken":0.0,"cards_obtained":["Limit Break","Reaper"]},{"cards_removed":["Defend_R"],"damage_healed":0.0,"max_hp_gain":0.0,"max_hp_loss":0.0,"gold_gain":0.0,"event_name":"Back to Basics","player_choice":"Elegance","floor":29.0,"gold_loss":0.0,"damage_taken":0.0},{"damage_healed":0.0,"max_hp_gain":0.0,"max_hp_loss":0.0,"gold_gain":0.0,"event_name":"Lab","player_choice":"Got Potions","floor":31.0,"gold_loss":0.0,"damage_taken":0.0},{"damage_healed":0.0,"max_hp_gain":0.0,"max_hp_loss":0.0,"gold_gain":0.0,"event_name":"Tomb of Lord Red Mask","player_choice":"Ignored","floor":38.0,"gold_loss":0.0,"damage_taken":0.0}],"is_beta":false,"boss_relics":[{"not_picked":["Calling Bell","Ectoplasm"],"picked":"SlaversCollar"},{"not_picked":["Runic Pyramid","Snecko Eye"],"picked":"Busted Crown"}],"items_purged_floors":[3,5,19,27,44],"is_endless":false,"potions_floor_spawned":[1,8,10,18,20,24,40,42],"ascension_level":20}}