{"host":"ibckqdmmf9y74ymf","time":1613784272,"event":{"mods":["2.2 Compatiblity","BaseMod","Colored Map","Curses Come First","Highlight Path","Minty Spire (QoL Compilation)","Quick Restart","Rare Cards Sparkle","Relic Stats","StSLib"],"gold_per_floor":[110,120,120,135,152,152,182,182,182,214,56,56,56,71,71,147,147,167,167,167],"floor_reached":19,"language":"ENG","playtime":529,"items_purged":[],"score":354,"play_id":"4a2c123c-9710-480a-9cf9-1b9aba92b788","local_time":"20210220022432","is_ascension_mode":true,"campfire_choices":[{"data":"Carnage","floor":6.0,"key":"SMITH"},{"data":"Inflame","floor":8.0,"key":"SMITH"},{"data":"Clothesline","floor":13.0,"key":"SMITH"},{"data":"Bash","floor":15.0,"key":"SMITH"}],"circlet_count":0,"master_deck":["AscendersBane","Strike_R","Strike_R","Strike_R","Strike_R","Strike_R","Defend_R","Defend_R","Defend_R","Defend_R","Bash+1","Clothesline+1","Carnage+1","Shrug It Off","Evolve","Inflame+1","Battle Trance","Immolate","Uppercut+1"],"relics":["Burning Blood","NeowsBlessing","Happy Flower","Gremlin Horn","StoneCalendar","PreservedInsect","White Beast Statue","Black Star"],"acts_visited":["Exordium","TheCity"],"potions_floor_usage":[16,16,19],"damage_taken":[{"damage":0.0,"enemies":"2 Louse","floor":1.0,"turns":1.0},{"damage":0.0,"enemies":"Jaw Worm","floor":2.0,"turns":1.0},{"damage":0.0,"enemies":"Small Slimes","floor":4.0,"turns":1.0},{"damage":8.0,"enemies":"2 Fungi Beasts","floor":5.0,"turns":4.0},{"damage":17.0,"enemies":"Lagavulin","floor":7.0,"turns":7.0},{"damage":8.0,"enemies":"Gremlin Nob","floor":10.0,"turns":3.0},{"damage":7.0,"enemies":"Exordium Wildlife","floor":14.0,"turns":4.0},{"damage":18,"enemies":"The Guardian","floor":16,"turns":13},{"damage":25,"enemies":"2 Thieves","floor":18,"turns":4},{"damage":27,"enemies":"Shell Parasite","floor":19,"turns":4}],"seed_played":"-2945286894588606190","potions_obtained":[{"floor":5.0,"key":"Swift Potion"},{"floor":14.0,"key":"EssenceOfSteel"},{"floor":16,"key":"Swift Potion"},{"floor":18,"key":"Swift Potion"}],"is_trial":false,"path_per_floor":["M","M","?","M","M","R","E","R","T","E","$","?","R","M","R","B",null,"M","M"],"character_chosen":"IRONCLAD","items_purchased":["PreservedInsect"],"campfire_rested":0,"item_purchase_floors":[11],"current_hp_per_floor":[74,75,75,75,73,73,62,62,62,60,60,25,25,24,24,12,59,40,13,13],"gold":167,"neow_bonus":"THREE_ENEMY_KILL","is_daily":false,"chose_seed":false,"campfire_upgraded":4,"win_rate":0.0,"timestamp":1613784272,"path_taken":["M","M","?","M","M","R","E","R","T","E","$","?","R","M","R","BOSS","M","M"],"items_purchased_type":["Relic"],"build_version":"2020-12-22","purchased_purges":0,"victory":false,"max_hp_per_floor":[75,75,75,75,75,75,75,75,75,75,75,75,75,75,75,75,75,75,75,75],"relic_stats":{"Happy Flower":[9],"Gremlin Horn":[2,2],"counters":[10,42],"StoneCalendar":[32],"PreservedInsect":0,"Black Star":0,"obtain_stats":[{"NeowsBlessing":0,"Happy Flower":7,"Gremlin Horn":9,"StoneCalendar":10,"PreservedInsect":11,"Black Star":17,"Burning Blood":0,"White Beast Statue":12},{"NeowsBlessing":0,"Happy Flower":5,"Gremlin Horn":5,"StoneCalendar":6,"PreservedInsect":6,"Black Star":8,"Burning Blood":0,"White Beast Statue":6},{"NeowsBlessing":0,"Happy Flower":14,"Gremlin Horn":14,"StoneCalendar":17,"PreservedInsect":17,"Black Star":34,"Burning Blood":0,"White Beast Statue":17}],"Burning Blood":43},"card_choices":[{"not_picked":["Clash","Sever Soul"],"picked":"Clothesline","floor":1.0},{"not_picked":["Heavy Blade","True Grit"],"picked":"Carnage","floor":2.0},{"not_picked":["Clash","Iron Wave"],"picked":"Shrug It Off","floor":4.0},{"not_picked":["Flex","Thunderclap"],"picked":"Evolve","floor":5.0},{"not_picked":["Fire Breathing","Clothesline"],"picked":"Inflame","floor":7.0},{"not_picked":["Thunderclap","Carnage","Entrench"],"picked":"SKIP","floor":10.0},{"not_picked":["Warcry","Burning Pact"],"picked":"Battle Trance","floor":14.0},{"not_picked":["Exhume","Offering"],"picked":"Immolate","floor":16},{"not_picked":["Havoc","Clash"],"picked":"Uppercut+1","floor":18}],"player_experience":749663,"relics_obtained":[{"floor":7.0,"key":"Happy Flower"},{"floor":9.0,"key":"Gremlin Horn"},{"floor":10.0,"key":"StoneCalendar"}],"event_choices":[{"damage_healed":0.0,"max_hp_gain":0.0,"max_hp_loss":0.0,"gold_gain":0.0,"event_name":"Liars Game","player_choice":"Ignored","floor":3.0,"gold_loss":0.0,"damage_taken":0.0},{"damage_healed":0.0,"max_hp_gain":0.0,"max_hp_loss":0.0,"gold_gain":0.0,"event_name":"Scrap Ooze","player_choice":"Success","floor":12.0,"gold_loss":0.0,"damage_taken":35.0,"relics_obtained":["White Beast Statue"]}],"is_beta":false,"boss_relics":[{"not_picked":["Black Blood","SlaversCollar"],"picked":"Black Star"}],"items_purged_floors":[],"is_endless":false,"potions_floor_spawned":[5,14,16,18],"killed_by":"Shell Parasite","ascension_level":20}}