{"host":"ndpbn7fqb3wjbd7p","time":1613805650,"event":{"mods":["AchievementEnabler","Act Like it!","AlwaysNeverKeys","BaseMod","Better Vampires","Block Reminder","Colored Powertips","DeckTracker","Defuse TimeMaze Blight","Friendly Minions","Highlight Path","MarisaÅiñ∂âJÅ@ñÇóùçπÅj","Minty Spire (QoL Compilation)","Permanent Neow","StSLib","SuperFastMode","Synergy Search","Unceasing Turn Reminder","Wandering Minibosses"],"gold_per_floor":[110,126,14,14,14,47,47,47,47,47,47,61,91,101,101,175,175,188,188,213,233,133,133,133],"floor_reached":23,"language":"ENG","playtime":1277,"items_purged":["Dualcast","Strike_B"],"score":312,"play_id":"061e561d-b478-4f9a-8e3b-d4001f079a5a","local_time":"20210220082050","is_ascension_mode":true,"campfire_choices":[{"data":"Discovery","floor":7,"key":"SMITH"},{"data":"Zap","floor":11,"key":"SMITH"},{"floor":15,"key":"REST"}],"circlet_count":0,"master_deck":["AscendersBane","Defend_B","Defend_B","Defend_B","Defend_B","Zap+1","Discovery+1","Recycle+1","Skim+1","Gash","Genetic Algorithm","Loop","Creative AI","Hologram"],"relics":["Cracked Core","Sundial","Bronze Scales","InkBottle","Odd Mushroom","Empty Cage","CeramicFish"],"acts_visited":["Exordium","TheCity"],"potions_floor_usage":[12,13,16,18,21],"damage_taken":[{"damage":0,"enemies":"Small Slimes","floor":1,"turns":3},{"damage":7,"enemies":"Jaw Worm","floor":2,"turns":2},{"damage":34,"enemies":"Gremlin Nob","floor":6,"turns":5},{"damage":0,"enemies":"2 Louse","floor":12,"turns":2},{"damage":8,"enemies":"The Mushroom Lair","floor":13,"turns":4},{"damage":16,"enemies":"Lots of Slimes","floor":14,"turns":4},{"damage":9,"enemies":"Hexaghost","floor":16,"turns":8},{"damage":18,"enemies":"2 Thieves","floor":18,"turns":4},{"damage":19,"enemies":"Shell Parasite","floor":20,"turns":5},{"damage":21,"enemies":"Centurion and Healer","floor":21,"turns":6},{"damage":16,"enemies":"Slavers","floor":23,"turns":2}],"seed_played":"-6168226741143585200","potions_obtained":[{"floor":2,"key":"Energy Potion"},{"floor":6,"key":"DistilledChaos"},{"floor":12,"key":"Dexterity Potion"},{"floor":16,"key":"Weak Potion"},{"floor":20,"key":"AttackPotion"}],"is_trial":false,"path_per_floor":["M","M","$","?","?","E","R","?","T","$","R","M","?","M","R","B",null,"M","?","M","M","$","E"],"character_chosen":"DEFECT","items_purchased":["Skim"],"campfire_rested":1,"item_purchase_floors":[3],"current_hp_per_floor":[68,61,61,58,43,16,16,16,16,16,16,23,22,13,35,33,65,54,54,35,14,14,0,0],"gold":133,"neow_bonus":"RANDOM_COLORLESS","is_daily":false,"chose_seed":false,"campfire_upgraded":2,"win_rate":0.0,"timestamp":1613805650,"path_taken":["M","M","$","?","?","E","R","?","T","$","R","?","?","M","R","BOSS","M","?","M","M","$","E"],"items_purchased_type":["Card"],"build_version":"2020-12-22","purchased_purges":2,"victory":false,"max_hp_per_floor":[75,75,75,75,75,75,75,75,75,75,75,75,75,75,75,75,75,75,75,75,75,75,75,75],"card_choices":[{"not_picked":["Madness","Mind Blast"],"picked":"Discovery","floor":0},{"not_picked":["Tempest","Leap"],"picked":"Self Repair","floor":1},{"not_picked":["Beam Cell","Barrage"],"picked":"Recycle","floor":2},{"not_picked":["Heatsinks","Scrape"],"picked":"Gash","floor":6},{"not_picked":["Conserve Battery","Sweeping Beam","Tempest"],"picked":"SKIP","floor":12},{"not_picked":["Auto Shields","Undo"],"picked":"Genetic Algorithm","floor":13},{"not_picked":["Turbo","Consume"],"picked":"Loop","floor":14},{"not_picked":["Meteor Strike","Seek"],"picked":"Creative AI","floor":16},{"not_picked":["Sweeping Beam+1","Ball Lightning","Redo"],"picked":"SKIP","floor":18},{"not_picked":["Beam Cell","Compile Driver+1"],"picked":"Hologram","floor":20},{"not_picked":["Sweeping Beam","Barrage","Consume+1"],"picked":"SKIP","floor":21}],"player_experience":1190317,"relics_obtained":[{"floor":6,"key":"Bronze Scales"},{"floor":9,"key":"InkBottle"},{"floor":13,"key":"Odd Mushroom"}],"event_choices":[{"damage_healed":0,"gold_gain":0,"player_choice":"Success","damage_taken":3,"relics_obtained":["Sundial"],"max_hp_gain":0,"max_hp_loss":0,"event_name":"Scrap Ooze","floor":4,"gold_loss":0},{"damage_healed":0,"gold_gain":0,"player_choice":"Entered Light","damage_taken":15,"max_hp_gain":0,"max_hp_loss":0,"event_name":"Shining Light","floor":5,"gold_loss":0,"cards_upgraded":["Recycle","Skim"]},{"cards_removed":["Strike_B"],"damage_healed":0,"gold_gain":0,"player_choice":"Purged","damage_taken":0,"max_hp_gain":0,"max_hp_loss":0,"event_name":"Purifier","floor":8,"gold_loss":0},{"damage_healed":0,"gold_gain":0,"player_choice":"Fought Mushrooms","damage_taken":0,"max_hp_gain":0,"max_hp_loss":0,"event_name":"Mushrooms","floor":13,"gold_loss":0},{"cards_removed":["Self Repair"],"damage_healed":0,"gold_gain":0,"player_choice":"Gave Card","damage_taken":0,"relics_obtained":["CeramicFish"],"max_hp_gain":0,"max_hp_loss":0,"event_name":"WeMeetAgain","floor":19,"gold_loss":0}],"is_beta":false,"boss_relics":[{"not_picked":["FrozenCore","Tiny House"],"picked":"Empty Cage"}],"items_purged_floors":[3,22],"is_endless":false,"potions_floor_spawned":[2,6,12,16,20],"killed_by":"Slavers","ascension_level":13}}