{"host":"ws4mzzemcqsz5e2k","time":1613804515,"event":{"mods":["Act Like it!","BaseMod","Colored Powertips","Hermit","Minty Spire (QoL Compilation)","Quick Restart","Relic Filter Mod","StSLib"],"gold_per_floor":[116,134,134,134,146,146,221,239,239,239,239,258,258,268,268,346,346,357,357,369,383,403,403,328,253,332,432,457,457,471,471,471,548,548,564,564,123,123,148,148,148,197,197,228,248,248,280,280,280,351,428,428,447,447,462,462,480,480,502,502,502],"floor_reached":60,"language":"ZHS","playtime":3902,"items_purged":["hermit:Strike_Hermit","hermit:Snapshot+1"],"score":2674,"play_id":"dc39fbd1-0d34-46c5-b899-6676878a0f3b","local_time":"20210220150155","daily_mods":["Heirloom"],"is_ascension_mode":true,"campfire_choices":[{"data":"hermit:LoneWolf","floor":6.0,"key":"SMITH"},{"floor":10.0,"key":"REST"},{"data":"hermit:Snapshot","floor":13.0,"key":"SMITH"},{"floor":15.0,"key":"REST"},{"floor":23.0,"key":"REST"},{"data":"hermit:Defend_Hermit","floor":29.0,"key":"PURGE"},{"floor":32.0,"key":"REST"},{"data":"hermit:Strike_Hermit","floor":40.0,"key":"PURGE"},{"data":"hermit:Defend_Hermit","floor":46.0,"key":"PURGE"},{"data":"hermit:LuckOfTheDraw+1","floor":49.0,"key":"PURGE"},{"data":"hermit:Covet","floor":58,"key":"PURGE"}],"circlet_count":0,"master_deck":["AscendersBane","hermit:Strike_Hermit","hermit:Defend_Hermit","hermit:LoneWolf+1","hermit:Maintenance+1","hermit:HighNoon+1","hermit:HighNoon+1","Madness"],"relics":["hermit:Momento","Peace Pipe","Frozen Egg 2","Incense Burner","Potion Belt","Sozu","Darkstone Periapt","CaptainsWheel","Letter Opener","Pear","Philosopher\u0027s Stone","hermit:RedScarf","Lizard Tail","Ginger","Bottled Tornado","Centennial Puzzle","War Paint","Cursed Key","Odd Mushroom"],"acts_visited":["Exordium","TheCity","TheBeyond","Exordium"],"potions_floor_usage":[],"damage_taken":[{"damage":14.0,"enemies":"2 Louse","floor":1.0,"turns":3.0},{"damage":9.0,"enemies":"Small Slimes","floor":2.0,"turns":4.0},{"damage":1.0,"enemies":"Cultist","floor":5.0,"turns":3.0},{"damage":19.0,"enemies":"2 Fungi Beasts","floor":8.0,"turns":5.0},{"damage":11.0,"enemies":"Blue Slaver","floor":12.0,"turns":3.0},{"damage":0.0,"enemies":"Looter","floor":14.0,"turns":2.0},{"damage":14.0,"enemies":"Hexaghost","floor":16.0,"turns":6.0},{"damage":11.0,"enemies":"Shell Parasite","floor":18.0,"turns":4.0},{"damage":7.0,"enemies":"Chosen","floor":20.0,"turns":4.0},{"damage":4.0,"enemies":"Centurion and Healer","floor":21.0,"turns":5.0},{"damage":35.0,"enemies":"Shelled Parasite and Fungi","floor":22.0,"turns":9.0},{"damage":0.0,"enemies":"Colosseum Slavers","floor":27.0,"turns":4.0},{"damage":2.0,"enemies":"Colosseum Nobs","floor":27.0,"turns":2.0},{"damage":0.0,"enemies":"Slavers","floor":28.0,"turns":4.0},{"damage":10.0,"enemies":"Snecko","floor":30.0,"turns":4.0},{"damage":19.0,"enemies":"Automaton","floor":33.0,"turns":4.0},{"damage":1.0,"enemies":"3 Darklings","floor":35.0,"turns":2.0},{"damage":0.0,"enemies":"Mind Bloom Boss Battle","floor":39.0,"turns":3.0},{"damage":19.0,"enemies":"2 Orb Walkers","floor":42.0,"turns":3.0},{"damage":0.0,"enemies":"Reptomancer","floor":44.0,"turns":2.0},{"damage":1.0,"enemies":"3 Shapes","floor":45.0,"turns":2.0},{"damage":0.0,"enemies":"Giant Head","floor":47.0,"turns":1.0},{"damage":0.0,"enemies":"Donu and Deca","floor":50.0,"turns":2.0},{"damage":39,"enemies":"Time Eater","floor":51,"turns":9},{"damage":0,"enemies":"Jaw Worm","floor":53,"turns":2},{"damage":13,"enemies":"Cultist","floor":55,"turns":3},{"damage":5,"enemies":"2 Louse","floor":57,"turns":2},{"damage":51,"enemies":"The Mushroom Lair","floor":59,"turns":4},{"damage":29,"enemies":"Exordium Thugs","floor":60,"turns":1}],"seed_played":"9160490206057953198","potions_obtained":[{"floor":1.0,"key":"GamblersBrew"},{"floor":14.0,"key":"SkillPotion"}],"is_trial":true,"path_per_floor":["M","M","?","?","M","R","?","M","T","R","?","M","R","M","R","B",null,"M","?","M","M","M","R","?","$","T","?","E","R","M","?","R","B",null,"M","?","$","?","?","R","?","?","T","E","M","R","E","?","R","B","B",null,"M","?","M","?","M","R","?","M"],"character_chosen":"HERMIT","items_purchased":["hermit:RedScarf"],"campfire_rested":4,"item_purchase_floors":[37],"current_hp_per_floor":[50,41,36,36,35,35,24,5,5,26,26,15,15,15,36,22,59,48,48,41,37,2,23,23,23,23,21,31,31,21,21,45,26,67,66,66,66,61,61,61,61,42,42,42,41,41,41,41,41,41,2,58,58,51,38,38,33,33,20,0,0],"gold":502,"neow_bonus":"","is_daily":false,"chose_seed":false,"campfire_upgraded":2,"win_rate":0.0,"timestamp":1613804515,"path_taken":["M","M","?","?","?","R","?","M","T","R","?","M","R","M","R","BOSS","M","?","?","M","M","R","?","$","T","?","E","R","M","?","R","BOSS","M","?","$","?","?","R","?","?","T","E","?","R","E","?","R","BOSS","BOSS","M","?","M","?","?","R","?","M"],"items_purchased_type":["Relic"],"build_version":"2020-12-22","purchased_purges":2,"victory":false,"max_hp_per_floor":[71,71,71,71,71,71,71,71,71,71,71,71,71,71,71,71,71,71,71,71,71,71,71,71,71,71,71,81,81,81,81,81,81,81,81,77,77,77,77,77,77,77,77,77,77,77,77,77,77,77,77,77,77,77,77,77,77,77,77,77,77],"card_choices":[{"not_picked":["hermit:Combo","hermit:WideOpen"],"picked":"hermit:LoneWolf","floor":1.0},{"not_picked":["hermit:Misfire","hermit:DeadMansHand","hermit:FullyLoaded"],"picked":"SKIP","floor":2.0},{"not_picked":["hermit:PistolWhip","hermit:TrackingShot","hermit:ItchyTrigger"],"picked":"SKIP","floor":5.0},{"not_picked":["hermit:Horror","hermit:Glare","hermit:Misfire"],"picked":"SKIP","floor":8.0},{"not_picked":["hermit:Spite","hermit:Snipe","hermit:Manifest"],"picked":"SKIP","floor":12.0},{"not_picked":["hermit:Desperado","hermit:CalledShot"],"picked":"hermit:Maintenance","floor":14.0},{"not_picked":["hermit:Purgatory","hermit:FatalDesire+1"],"picked":"hermit:HighNoon+1","floor":16.0},{"not_picked":["hermit:Glare","hermit:Grudge","hermit:Quickdraw"],"picked":"SKIP","floor":18.0},{"not_picked":["hermit:LoneWolf","hermit:Snipe"],"picked":"hermit:GoldenBullet","floor":20.0},{"not_picked":["hermit:PistolWhip","hermit:Grudge","hermit:BigShot+1"],"picked":"SKIP","floor":21.0},{"not_picked":["hermit:Quickdraw","hermit:Grudge","hermit:Malice"],"picked":"SKIP","floor":22.0},{"not_picked":["hermit:Manifest","hermit:Snipe"],"picked":"hermit:LuckOfTheDraw","floor":27.0},{"not_picked":["hermit:Dive","hermit:FlashPowder"],"picked":"hermit:HighNoon+1","floor":28.0},{"not_picked":["hermit:CalledShot+1","hermit:Desperado","hermit:Roulette"],"picked":"SKIP","floor":30.0},{"not_picked":["hermit:Ricochet","hermit:Showdown","hermit:TrackingShot"],"picked":"SKIP","floor":35.0},{"not_picked":["Blind","Mind Blast"],"picked":"Madness","floor":38.0},{"not_picked":["hermit:LowProfile+1","hermit:Maintenance","hermit:Determination+1"],"picked":"SKIP","floor":44.0},{"not_picked":["hermit:Glare","hermit:Coalescence","hermit:Feint"],"picked":"SKIP","floor":45.0},{"not_picked":["hermit:Midnight+1","hermit:Manifest","hermit:Glare"],"picked":"SKIP","floor":47.0},{"not_picked":["hermit:Malice","hermit:Manifest","hermit:TakeAim+1"],"picked":"SKIP","floor":53},{"not_picked":["hermit:Snipe","hermit:Combo+1","hermit:Determination+1"],"picked":"SKIP","floor":55},{"not_picked":["hermit:Snipe","hermit:BigShot+1","hermit:Cheat"],"picked":"SKIP","floor":57}],"player_experience":1600223,"relics_obtained":[{"floor":9.0,"key":"Potion Belt"},{"floor":26.0,"key":"Darkstone Periapt"},{"floor":27.0,"key":"CaptainsWheel"},{"floor":27.0,"key":"Letter Opener"},{"floor":28.0,"key":"Pear"},{"floor":39.0,"key":"Lizard Tail"},{"floor":42.0,"key":"Ginger"},{"floor":43.0,"key":"Bottled Tornado"},{"floor":44.0,"key":"Centennial Puzzle"},{"floor":47.0,"key":"War Paint"},{"floor":59,"key":"Odd Mushroom"}],"event_choices":[{"damage_healed":0.0,"max_hp_gain":0.0,"max_hp_loss":0.0,"gold_gain":0.0,"event_name":"Scrap Ooze","player_choice":"Success","floor":3.0,"gold_loss":0.0,"damage_taken":5.0,"relics_obtained":["Frozen Egg 2"]},{"damage_healed":0.0,"max_hp_gain":0.0,"max_hp_loss":0.0,"gold_gain":0.0,"event_name":"WeMeetAgain","player_choice":"Gave Potion","floor":4.0,"gold_loss":0.0,"damage_taken":0.0,"relics_obtained":["Incense Burner"]},{"damage_healed":0.0,"max_hp_gain":0.0,"max_hp_loss":0.0,"gold_gain":75.0,"event_name":"World of Goop","player_choice":"Gather Gold","floor":7.0,"gold_loss":0.0,"damage_taken":11.0},{"damage_healed":0.0,"max_hp_gain":0.0,"max_hp_loss":0.0,"gold_gain":0.0,"cards_transformed":["hermit:Strike_Hermit"],"event_name":"Living Wall","player_choice":"Change","floor":11.0,"gold_loss":0.0,"damage_taken":0.0,"cards_obtained":["hermit:LuckOfTheDraw"]},{"damage_healed":0.0,"max_hp_gain":0.0,"max_hp_loss":0.0,"gold_gain":0.0,"event_name":"Upgrade Shrine","player_choice":"Upgraded","floor":19.0,"gold_loss":0.0,"damage_taken":0.0,"cards_upgraded":["hermit:Maintenance"]},{"cards_removed":["hermit:Defend_Hermit"],"damage_healed":0.0,"max_hp_gain":0.0,"max_hp_loss":0.0,"gold_gain":0.0,"event_name":"Beggar","player_choice":"Gave Gold","floor":24.0,"gold_loss":75.0,"damage_taken":0.0},{"damage_healed":0.0,"max_hp_gain":0.0,"max_hp_loss":0.0,"gold_gain":0.0,"event_name":"Colosseum","player_choice":"Fight","floor":27.0,"gold_loss":0.0,"damage_taken":0.0},{"damage_healed":0.0,"max_hp_gain":0.0,"max_hp_loss":0.0,"gold_gain":0.0,"event_name":"Colosseum","player_choice":"Fought Nobs","floor":27.0,"gold_loss":0.0,"damage_taken":0.0},{"damage_healed":0.0,"max_hp_gain":0.0,"max_hp_loss":0.0,"gold_gain":0.0,"event_name":"Vampires","player_choice":"Ignored","floor":31.0,"gold_loss":0.0,"damage_taken":0.0},{"damage_healed":0.0,"max_hp_gain":0.0,"max_hp_loss":4.0,"gold_gain":0.0,"event_name":"Winding Halls","player_choice":"Max HP","floor":36.0,"gold_loss":0.0,"damage_taken":0.0},{"damage_healed":0.0,"max_hp_gain":0.0,"max_hp_loss":0.0,"gold_gain":0.0,"event_name":"SensoryStone","player_choice":"Memory 2","floor":38.0,"gold_loss":0.0,"damage_taken":5.0},{"damage_healed":0.0,"max_hp_gain":0.0,"max_hp_loss":0.0,"gold_gain":0.0,"event_name":"MindBloom","player_choice":"Fight","floor":39.0,"gold_loss":0.0,"damage_taken":0.0},{"cards_removed":["hermit:GoldenBullet"],"damage_healed":0.0,"max_hp_gain":0.0,"max_hp_loss":0.0,"gold_gain":0.0,"event_name":"Falling","player_choice":"Removed Attack","floor":41.0,"gold_loss":0.0,"damage_taken":0.0},{"damage_healed":0.0,"max_hp_gain":0.0,"max_hp_loss":0.0,"gold_gain":0.0,"event_name":"Mysterious Sphere","player_choice":"Fight","floor":42.0,"gold_loss":0.0,"damage_taken":0.0},{"damage_healed":0.0,"max_hp_gain":0.0,"max_hp_loss":0.0,"gold_gain":0.0,"event_name":"Match and Keep!","player_choice":"0 cards matched","floor":48.0,"gold_loss":0.0,"damage_taken":0.0,"cards_obtained":[]},{"cards_removed":["hermit:LuckOfTheDraw"],"damage_healed":0,"gold_gain":0,"player_choice":"Card Removal","damage_taken":7,"max_hp_gain":0,"max_hp_loss":0,"event_name":"Golden Wing","floor":54,"gold_loss":0},{"damage_healed":0,"gold_gain":0,"player_choice":"Got Potions","damage_taken":0,"max_hp_gain":0,"max_hp_loss":0,"event_name":"Lab","floor":56,"gold_loss":0},{"damage_healed":0,"gold_gain":0,"player_choice":"Fought Mushrooms","damage_taken":0,"max_hp_gain":0,"max_hp_loss":0,"event_name":"Mushrooms","floor":59,"gold_loss":0}],"is_beta":false,"boss_relics":[{"not_picked":["Black Star","hermit:ClaspedLocket"],"picked":"Sozu"},{"not_picked":["Tiny House","Coffee Dripper"],"picked":"Philosopher\u0027s Stone"},{"not_picked":["Fusion Hammer","hermit:DentedPlate"],"picked":"Cursed Key"}],"items_purged_floors":[25,37],"is_endless":true,"potions_floor_spawned":[1,14,18,20,22,30,42,45,47,57,59],"killed_by":"Exordium Thugs","ascension_level":20}}