{"host":"rg29p8m4aqjozpzt","time":1613823888,"event":{"mods":["100% Spire Juice","Aspiration","Bartender","BaseMod","Beaked The Cultist","Better Altar","Better Match","Better Sensory Stone","Better Skull","Better Third Choice","BetterRewards","Chen","Colored Powertips","Conspire","Downfall","Friendly Minions","Hermit","Hubris","JesterMod","Magitek Elite","Minty Spire (QoL Compilation)","Permanent Neow","Prisma Mod","QueenMod","Quick Restart","Relic Filter","Reorder Act Four","Shade Mod","StSLib","SuperFastMode","The Alterego","The Marked","The Runesmith","Unceasing Turn Reminder"],"gold_per_floor":[110,110,6,18,18,46,46,73,119,147,147,158,178,211,211,310,310,330,7,27,41,41,41,41,41,68,82,96,106,106,135,135,236,286,296,314,37,37,82,82,215,215,263,277,277,304,318,344,344,344,344,17,17,46,46],"floor_reached":56,"language":"ENG","playtime":3307,"items_purged":["Moonworks:Strike","Moonworks:Strike","Moonworks:Strike","Moonworks:Strike"],"score":1403,"play_id":"3ee91aa9-a0a5-4edd-91e1-aba5a25cd2d2","local_time":"20210220132448","is_ascension_mode":true,"campfire_choices":[{"data":"Moonworks:EvilSpyWorkPreparation","floor":11,"key":"SMITH"},{"data":"Moonworks:IndiscriminateFireSupport","floor":15,"key":"SMITH"},{"data":"Moonworks:HolyNight","floor":23,"key":"SMITH"},{"data":"Moonworks:IntelligenceOfficer","floor":25,"key":"SMITH"},{"data":"Moonworks:EvilSpyWorkPreparation","floor":30,"key":"SMITH"},{"data":"Moonworks:EvilSpyWorkPreparation","floor":32,"key":"SMITH"},{"data":"Moonworks:Bloodlust","floor":40,"key":"SMITH"},{"data":"Moonworks:Blazing","floor":42,"key":"SMITH"},{"data":"Moonworks:Blazing+1","floor":45,"key":"SMITH"},{"floor":49,"key":"RECALL"},{"data":"Moonworks:Blazing+2","floor":53,"key":"SMITH"}],"circlet_count":0,"master_deck":["Moonworks:Defend","Moonworks:Defend","Moonworks:Defend","Moonworks:Defend","Moonworks:Ambush","Moonworks:LongDistanceShot+1","Moonworks:MiracleRedBeanIceCream","Moonworks:ScrambledEve","Moonworks:NicePresent","Moonworks:AngelHand","Moonworks:TacticalRetreat+1","Moonworks:NicePresent","Moonworks:CloudOfSeagulls","Moonworks:WindyEnchantment","Moonworks:EvilSpyWorkPreparation+1","Moonworks:IndiscriminateFireSupport+1","Moonworks:NicePresent","Moonworks:HolyNight+1","Moonworks:IntelligenceOfficer+1","Moonworks:Bloodlust+1","Moonworks:EvilSpyWorkPreparation+1","Moonworks:Flamethrower+1","Moonworks:EvilSpyWorkPreparation+1","Moonworks:Blazing+3","Moonworks:StiffCrystal+1","Moonworks:WindyEnchantment+1","Moonworks:NicePresent+1","Dramatic Entrance","Moonworks:NicePresent+1","Moonworks:MiracleWalker","Moonworks:ExtendedPhotonRifle+1","Moonworks:MiracleRedBeanIceCream+1","Moonworks:SakisCookie"],"relics":["Moonworks:BrokenBomb","Moonworks:Homemark","ClockworkSouvenir","hubris:Towel","Toy Ornithopter","conspire:Flyswatter","aspiration:Lifesprig","Smiling Mask","PreservedInsect","conspire:SpecialSausage","Medical Kit","aspiration:RitualStick","Mercury Hourglass","Anchor","MealTicket","Tiny House","Lantern","Blue Candle","conspire:InfiniteJournal","Mercury Hourglass","Guardian:PocketSentry","Regal Pillow","Whetstone","hubris:Potato"],"acts_visited":["Exordium","TheCity","TheBeyond","TheEnding"],"potions_floor_usage":[8,8,8,14,28,36,46,48,54],"damage_taken":[{"damage":4,"enemies":"Jaw Worm","floor":1,"turns":5},{"damage":0,"enemies":"Cultist","floor":3,"turns":2},{"damage":0,"enemies":"2 Louse","floor":4,"turns":2},{"damage":9,"enemies":"3 Sentries","floor":6,"turns":11},{"damage":8,"enemies":"Gremlin Nob","floor":8,"turns":4},{"damage":11,"enemies":"3 Sentries","floor":10,"turns":3},{"damage":3,"enemies":"Looter","floor":12,"turns":3},{"damage":8,"enemies":"Exordium Thugs","floor":13,"turns":3},{"damage":0,"enemies":"Gremlin Nob","floor":14,"turns":4},{"damage":48,"enemies":"Hexaghost","floor":16,"turns":10},{"damage":19,"enemies":"2 Thieves","floor":18,"turns":4},{"damage":0,"enemies":"3 Byrds","floor":20,"turns":1},{"damage":12,"enemies":"Snake Plant","floor":21,"turns":4},{"damage":6,"enemies":"Cultist and Chosen","floor":27,"turns":3},{"damage":30,"enemies":"Snecko","floor":28,"turns":4},{"damage":15,"enemies":"Centurion and Healer","floor":29,"turns":3},{"damage":6,"enemies":"Book of Stabbing","floor":31,"turns":2},{"damage":26,"enemies":"conspire:MysteriousRune","floor":33,"turns":6},{"damage":28,"enemies":"3 Darklings","floor":35,"turns":3},{"damage":5,"enemies":"Orb Walker","floor":36,"turns":3},{"damage":58,"enemies":"2 Orb Walkers","floor":39,"turns":3},{"damage":12,"enemies":"Maw","floor":44,"turns":5},{"damage":16,"enemies":"Nemesis","floor":46,"turns":3},{"damage":4,"enemies":"Jaw Worm Horde","floor":47,"turns":2},{"damage":4,"enemies":"Reptomancer","floor":48,"turns":3},{"damage":21,"enemies":"Donu and Deca","floor":50,"turns":5},{"damage":34,"enemies":"Shield and Spear","floor":54,"turns":3},{"damage":84,"enemies":"The Heart","floor":55,"turns":6}],"seed_played":"1613504766939265941","potions_obtained":[{"floor":1,"key":"Weak Potion"},{"floor":3,"key":"Swift Potion"},{"floor":6,"key":"Explosive Potion"},{"floor":10,"key":"EssenceOfSteel"},{"floor":14,"key":"hexamod:SoulburnPotion"},{"floor":20,"key":"BlessingOfTheForge"},{"floor":28,"key":"Strength Potion"},{"floor":33,"key":"AttackPotion"},{"floor":34,"key":"bronze:BurnAndBuffPotion"},{"floor":36,"key":"bronze:BurnAndBuffPotion"},{"floor":41,"key":"FairyPotion"},{"floor":46,"key":"sneckomod:MuddlingPotion"}],"is_trial":false,"path_per_floor":["M","?","M","M","?","E","?","E","T","E","R","M","M","E","R","B",null,"M","$","M","M","?","R","?","R","T","M","M","M","R","E","R","B",null,"M","M","$","?","?","R","?","R","T","M","R","E","M","E","R","B",null,"$","R","E","B",null],"character_chosen":"THE_STARBREAKER","items_purchased":["Moonworks:MiracleRedBeanIceCream","Moonworks:ScrambledEve","Moonworks:NicePresent","ClockworkSouvenir","Moonworks:BindingChains","Medical Kit","Lantern","Whetstone"],"campfire_rested":0,"item_purchase_floors":[0,0,0,0,0,19,37,52],"current_hp_per_floor":[34,60,60,60,60,51,51,60,60,54,54,56,48,58,58,12,60,41,41,41,34,22,22,22,22,22,35,34,26,26,34,34,27,65,49,58,65,60,21,21,21,21,21,34,34,42,45,57,57,65,65,65,65,40,5],"gold":46,"neow_bonus":"","is_daily":false,"chose_seed":false,"campfire_upgraded":10,"win_rate":0.0,"timestamp":1613823888,"path_taken":["M","?","M","?","?","E","?","E","T","E","R","?","M","E","R","BOSS","M","$","M","M","?","R","?","R","T","M","M","M","R","E","R","BOSS","M","?","$","?","?","R","?","R","T","M","R","E","?","E","R","BOSS","$","R","E","BOSS"],"items_purchased_type":["Card","Card","Card","Relic","Card","Relic","Relic","Relic"],"build_version":"2020-12-22","purchased_purges":4,"victory":true,"max_hp_per_floor":[60,60,60,60,60,60,60,60,60,60,60,60,60,60,60,60,60,60,60,60,60,60,60,60,60,60,60,60,60,60,60,60,60,65,65,65,65,65,65,65,65,65,65,65,65,65,65,65,65,65,65,65,65,65,65],"card_choices":[{"not_picked":["Moonworks:UnpaidWork","Moonworks:CastOff"],"picked":"Moonworks:AngelHand","floor":1},{"not_picked":["Moonworks:Poppoformation","Moonworks:Assault"],"picked":"Moonworks:TacticalRetreat","floor":3},{"not_picked":["Moonworks:MixPhenomenon","Moonworks:CompletionReward"],"picked":"Moonworks:NicePresent","floor":4},{"not_picked":["Moonworks:ImOnFire","Moonworks:CompletionReward"],"picked":"Moonworks:CloudOfSeagulls","floor":6},{"not_picked":["Moonworks:CompletionReward","Moonworks:SakisCookie"],"picked":"Moonworks:WindyEnchantment","floor":8},{"not_picked":["Moonworks:CloudOfSeagulls","Moonworks:JonathanRush"],"picked":"Moonworks:EvilSpyWorkPreparation","floor":10},{"not_picked":["Moonworks:JonathanRush","Moonworks:RedAndBlue"],"picked":"Moonworks:IndiscriminateFireSupport","floor":12},{"not_picked":["Moonworks:DevilHand","Moonworks:Assault","Moonworks:JonathanRush"],"picked":"SKIP","floor":13},{"not_picked":["Moonworks:TacticalRetreat","Moonworks:JonathanRush"],"picked":"Moonworks:NicePresent","floor":14},{"not_picked":["Moonworks:AccelHyper","Moonworks:GoAway"],"picked":"Moonworks:HolyNight","floor":16},{"not_picked":["Moonworks:CastOff+1","Moonworks:ImOnFire"],"picked":"Moonworks:IntelligenceOfficer","floor":18},{"not_picked":["Moonworks:ImOnFire+1","Moonworks:Assault+1","Moonworks:IndiscriminateFireSupport"],"picked":"SKIP","floor":20},{"not_picked":["Moonworks:CloudOfSeagulls","Moonworks:DeployBits"],"picked":"Moonworks:Bloodlust","floor":21},{"not_picked":["Moonworks:BigMagnum","Moonworks:ImOnFire"],"picked":"Moonworks:EvilSpyWorkPreparation","floor":27},{"not_picked":["Moonworks:SakisCookie","Moonworks:LulusLuckyEgg","Moonworks:SelfDestruct"],"picked":"SKIP","floor":28},{"not_picked":["Moonworks:CompletionReward","Moonworks:BigMagnum"],"picked":"Moonworks:Flamethrower+1","floor":29},{"not_picked":["Moonworks:AccelHyper","Moonworks:TreasureThief"],"picked":"Moonworks:EvilSpyWorkPreparation","floor":31},{"not_picked":["Moonworks:WeAreWaruda","Moonworks:EvilMastermind"],"picked":"Moonworks:Blazing","floor":33},{"not_picked":["Moonworks:BigMagnum","Moonworks:ForcedRevival"],"picked":"Moonworks:StiffCrystal+1","floor":34},{"not_picked":["Moonworks:IndiscriminateFireSupport","Moonworks:NicePresent"],"picked":"Moonworks:WindyEnchantment+1","floor":35},{"not_picked":["Moonworks:BigMagnum","Moonworks:ImOnFire+1","Moonworks:CloudOfSeagulls"],"picked":"SKIP","floor":36},{"not_picked":["Moonworks:SakisCookie+1","Moonworks:EvilSpyWorkPreparation"],"picked":"Moonworks:NicePresent+1","floor":39},{"not_picked":["Jack Of All Trades","Enlightenment"],"picked":"Dramatic Entrance","floor":41},{"not_picked":["Moonworks:ImmovableObject+1","Moonworks:BigMagnum"],"picked":"Moonworks:NicePresent+1","floor":44},{"not_picked":["Moonworks:IndiscriminateFireSupport","Moonworks:CloudOfSeagulls+1"],"picked":"Moonworks:MiracleWalker","floor":46},{"not_picked":["Moonworks:EvilSpyWorkPreparation","Moonworks:RagingMadness"],"picked":"Moonworks:ExtendedPhotonRifle","floor":47},{"not_picked":["Moonworks:BigMagnum+1","Moonworks:RedAndBlue+1"],"picked":"Moonworks:MiracleRedBeanIceCream+1","floor":48},{"not_picked":["Moonworks:ExtendedPhotonRifle","Moonworks:CompletionReward+1"],"picked":"Moonworks:SakisCookie","floor":54}],"player_experience":1558574,"relics_obtained":[{"floor":6,"key":"Toy Ornithopter"},{"floor":8,"key":"conspire:Flyswatter"},{"floor":9,"key":"aspiration:Lifesprig"},{"floor":10,"key":"Smiling Mask"},{"floor":14,"key":"PreservedInsect"},{"floor":26,"key":"Anchor"},{"floor":31,"key":"MealTicket"},{"floor":39,"key":"conspire:InfiniteJournal"},{"floor":41,"key":"Mercury Hourglass"},{"floor":46,"key":"Guardian:PocketSentry"},{"floor":48,"key":"Regal Pillow"},{"floor":54,"key":"hubris:Potato"}],"event_choices":[{"cards_removed":["Moonworks:BindingChains"],"damage_healed":26,"gold_gain":0,"player_choice":"Offered Uncommon","damage_taken":0,"max_hp_gain":0,"max_hp_loss":0,"event_name":"Bonfire Elementals","floor":2,"gold_loss":0},{"damage_healed":0,"gold_gain":0,"player_choice":"Gave Potion","damage_taken":0,"relics_obtained":["Mercury Hourglass"],"max_hp_gain":0,"max_hp_loss":0,"event_name":"WeMeetAgain","floor":24,"gold_loss":0},{"damage_healed":0,"gold_gain":0,"player_choice":"Fight","damage_taken":0,"max_hp_gain":0,"max_hp_loss":0,"event_name":"Mysterious Sphere","floor":39,"gold_loss":0},{"damage_healed":0,"gold_gain":0,"player_choice":"Random: Red","damage_taken":0,"max_hp_gain":0,"max_hp_loss":0,"event_name":"betterThird:BetterPortal","floor":41,"gold_loss":0}],"is_beta":false,"boss_relics":[{"not_picked":["conspire:RoyalGoblet","aspiration:PoetsPen_weak"],"picked":"conspire:SpecialSausage"},{"not_picked":["hubris:VirtuousBlindfold","conspire:SeveredTorchhead"],"picked":"Tiny House"}],"items_purged_floors":[0,0,19,52],"is_endless":false,"potions_floor_spawned":[1,3,6,10,14,20,28,33,35,36,46],"ascension_level":2}}