{"host":"z4nt7tdd4gjrinn7","time":1613849699,"event":{"mods":["100% Spire Juice","BaseMod","Minty Spire (QoL Compilation)","StS++","StSLib","The Hierophant"],"gold_per_floor":[361,361,377,82,106,125,125,125,125,125,125,139,163,163,163,282,282,303,55,68,68,68,68,93,192,192,192,213,213,213,232,232,352,352,373,373,221,221,221,221,241,279,351,374,374,120,135,135,135,135,135],"floor_reached":50,"language":"ENG","playtime":3023,"items_purged":[],"score":510,"play_id":"84d5154d-b89a-42e2-b081-248efbd5f716","local_time":"20210220143459","is_ascension_mode":false,"campfire_choices":[{"floor":7,"key":"REST"},{"data":"Storm","floor":11,"key":"SMITH"},{"floor":15,"key":"REST"},{"floor":23,"key":"REST"},{"floor":27,"key":"REST"},{"floor":30,"key":"REST"},{"floor":32,"key":"REST"},{"floor":40,"key":"REST"},{"floor":49,"key":"REST"}],"circlet_count":0,"master_deck":["Strike_B","Strike_B","Strike_B","Strike_B","Defend_B","Defend_B","Defend_B","Zap","Dualcast","Injury","Gash","Injury","Cold Snap","Storm+1","Conserve Battery","Ball Lightning","Static Discharge+1","Doom and Gloom","Thunder Strike","Loop","Redo+1","White Noise","Ball Lightning+1","StSpp:Saturation","White Noise+1","Defragment+1","Writhe","Stack"],"relics":["Cracked Core","Golden Idol","Singing Bowl","Bag of Preparation","Fusion Hammer","Gremlin Horn","Nunchaku","Inserter","Toy Ornithopter","Pantograph","Blue Candle","Bag of Marbles","StSpp:SailorCap"],"acts_visited":["Exordium","TheCity","TheBeyond"],"potions_floor_usage":[16,33,33,33,42,42,42,44,50,50],"damage_taken":[{"damage":1,"enemies":"Cultist","floor":1,"turns":3},{"damage":1,"enemies":"2 Louse","floor":3,"turns":3},{"damage":15,"enemies":"Small Slimes","floor":5,"turns":3},{"damage":8,"enemies":"2 Fungi Beasts","floor":6,"turns":4},{"damage":8,"enemies":"Lots of Slimes","floor":12,"turns":4},{"damage":17,"enemies":"3 Louse","floor":13,"turns":2},{"damage":0,"enemies":"Slime Boss","floor":16,"turns":8},{"damage":15,"enemies":"3 Byrds","floor":18,"turns":2},{"damage":12,"enemies":"Shell Parasite","floor":20,"turns":2},{"damage":22,"enemies":"Chosen and Byrds","floor":24,"turns":4},{"damage":9,"enemies":"Centurion and Healer","floor":28,"turns":6},{"damage":11,"enemies":"Shelled Parasite and Fungi","floor":31,"turns":2},{"damage":42,"enemies":"Champ","floor":33,"turns":9},{"damage":20,"enemies":"3 Shapes","floor":35,"turns":2},{"damage":9,"enemies":"Orb Walker","floor":41,"turns":3},{"damage":71,"enemies":"Giant Head","floor":42,"turns":7},{"damage":13,"enemies":"Maw","floor":44,"turns":6},{"damage":1,"enemies":"Transient","floor":47,"turns":5},{"damage":107,"enemies":"Awakened One","floor":50,"turns":5}],"seed_played":"-4213458846411185399","potions_obtained":[{"floor":5,"key":"Weak Potion"},{"floor":6,"key":"FocusPotion"},{"floor":13,"key":"StSpp:ScatteredWeakPotion"},{"floor":18,"key":"Block Potion"},{"floor":35,"key":"DistilledChaos"},{"floor":42,"key":"FocusPotion"},{"floor":44,"key":"Regen Potion"}],"is_trial":false,"path_per_floor":["M","?","M","$","M","M","R","?","T","?","R","M","M","?","R","B",null,"M","$","M","$","$","R","M","?","T","R","M","?","R","M","R","B",null,"M","?","$","?","?","R","M","E","T","M","?","$","M","T","R","B"],"character_chosen":"DEFECT","items_purchased":["Singing Bowl","Storm","Gremlin Horn","Toy Ornithopter","Bag of Marbles","FocusPotion","Stack"],"campfire_rested":8,"item_purchase_floors":[4,4,19,37,46,46,46],"current_hp_per_floor":[74,74,73,73,58,50,72,72,72,72,72,64,47,47,69,69,75,60,60,48,48,48,70,50,50,50,73,64,64,77,66,77,35,77,59,59,59,61,61,81,74,18,18,10,31,31,32,32,57,0,0],"gold":135,"neow_bonus":"TWO_FIFTY_GOLD","is_daily":false,"chose_seed":false,"campfire_upgraded":1,"win_rate":0.0,"timestamp":1613849699,"path_taken":["M","?","M","$","M","M","R","?","T","?","R","M","M","?","R","BOSS","M","$","M","?","$","R","M","?","T","R","M","?","R","M","R","BOSS","M","?","$","?","?","R","M","E","T","M","?","?","M","?","R","BOSS"],"items_purchased_type":["Relic","Card","Relic","Relic","Relic","Potion","Card"],"build_version":"2020-12-22","purchased_purges":0,"victory":false,"max_hp_per_floor":[75,75,75,75,75,75,75,75,75,75,75,75,75,75,75,75,75,75,75,75,75,75,75,77,77,77,77,77,77,77,77,77,77,77,79,79,79,81,81,81,83,83,83,83,83,83,85,85,85,85,85],"card_choices":[{"not_picked":["Leap","Steam"],"picked":"Gash","floor":1},{"not_picked":["Redo","Beam Cell"],"picked":"Cold Snap","floor":3},{"not_picked":["Compile Driver","Hello World"],"picked":"Conserve Battery","floor":5},{"not_picked":["Aggregate","Coolheaded"],"picked":"Ball Lightning","floor":6},{"not_picked":["StSpp:Converter","Leap"],"picked":"Static Discharge","floor":12},{"not_picked":["Darkness","Turbo"],"picked":"Doom and Gloom","floor":13},{"not_picked":["StSpp:MemoryLeak","Hyperbeam"],"picked":"Thunder Strike","floor":16},{"not_picked":["Coolheaded+1","Leap"],"picked":"Loop","floor":18},{"not_picked":["Streamline","Storm"],"picked":"Redo+1","floor":20},{"not_picked":["Leap","Barrage","Undo"],"picked":"Singing Bowl","floor":24},{"not_picked":["StSpp:CopyPaste","Undo"],"picked":"White Noise","floor":28},{"not_picked":["Aggregate","Go for the Eyes"],"picked":"Ball Lightning+1","floor":31},{"not_picked":["StSpp:MemoryLeak","Reboot"],"picked":"StSpp:Saturation","floor":33},{"not_picked":["Storm+1","Go for the Eyes","Hologram+1"],"picked":"Singing Bowl","floor":35},{"not_picked":["PanicButton","Discovery","HandOfGreed"],"picked":"Singing Bowl","floor":38},{"not_picked":["Go for the Eyes+1","Turbo","Reprogram+1"],"picked":"Singing Bowl","floor":41},{"not_picked":["StSpp:Mask","Cold Snap+1"],"picked":"White Noise+1","floor":42},{"not_picked":["Storm+1","Consume"],"picked":"Defragment+1","floor":44},{"not_picked":["Barrage","Defragment+1","Coolheaded"],"picked":"Singing Bowl","floor":47}],"player_experience":219319,"relics_obtained":[{"floor":9,"key":"Bag of Preparation"},{"floor":26,"key":"Nunchaku"},{"floor":42,"key":"Pantograph"},{"floor":43,"key":"Blue Candle"},{"floor":48,"key":"StSpp:SailorCap"}],"event_choices":[{"damage_healed":0,"gold_gain":0,"player_choice":"Take Wound","damage_taken":0,"relics_obtained":["Golden Idol"],"max_hp_gain":0,"max_hp_loss":0,"event_name":"Golden Idol","floor":2,"gold_loss":0,"cards_obtained":["Injury"]},{"damage_healed":0,"gold_gain":0,"player_choice":"Ignored","damage_taken":0,"max_hp_gain":0,"max_hp_loss":0,"event_name":"Golden Wing","floor":8,"gold_loss":0},{"damage_healed":0,"gold_gain":0,"player_choice":"Ignored","damage_taken":0,"max_hp_gain":0,"max_hp_loss":0,"event_name":"Shining Light","floor":10,"gold_loss":0},{"damage_healed":0,"gold_gain":0,"player_choice":"Upgraded","damage_taken":0,"max_hp_gain":0,"max_hp_loss":0,"event_name":"Upgrade Shrine","floor":14,"gold_loss":0,"cards_upgraded":["Static Discharge"]},{"damage_healed":0,"gold_gain":99,"player_choice":"Stole From Cult","damage_taken":0,"max_hp_gain":0,"max_hp_loss":0,"event_name":"Nest","floor":25,"gold_loss":0},{"damage_healed":0,"gold_gain":0,"player_choice":"Ignored","damage_taken":0,"max_hp_gain":0,"max_hp_loss":0,"event_name":"Cursed Tome","floor":29,"gold_loss":0},{"damage_healed":0,"gold_gain":0,"player_choice":"Ignored","damage_taken":0,"max_hp_gain":0,"max_hp_loss":0,"event_name":"Mysterious Sphere","floor":36,"gold_loss":0},{"damage_healed":0,"gold_gain":0,"player_choice":"Memory 1","damage_taken":0,"max_hp_gain":0,"max_hp_loss":0,"event_name":"SensoryStone","floor":38,"gold_loss":0},{"cards_removed":["Defend_B"],"damage_healed":0,"gold_gain":0,"player_choice":"Removed Skill","damage_taken":0,"max_hp_gain":0,"max_hp_loss":0,"event_name":"Falling","floor":39,"gold_loss":0},{"damage_healed":21,"gold_gain":0,"player_choice":"Writhe","damage_taken":0,"max_hp_gain":0,"max_hp_loss":0,"event_name":"Winding Halls","floor":45,"gold_loss":0,"cards_obtained":["Writhe"]}],"is_beta":false,"boss_relics":[{"not_picked":["Astrolabe","Ectoplasm"],"picked":"Fusion Hammer"},{"not_picked":["Cursed Key","Runic Dome"],"picked":"Inserter"}],"items_purged_floors":[],"is_endless":false,"potions_floor_spawned":[5,6,13,18,31,35,42,44],"killed_by":"Awakened One","ascension_level":0}}