{"host":"ll3bk5uyh699087h","time":1613854421,"event":{"mods":["2.2 Compatiblity","AchievementEnabler","Act Like it!","Ascension Unlocker","Aspiration","BaseMod","Block Reminder","Card Forge","Colored Map","Colored Powertips","Conspire","Dark Map","Energized Spire","GifTheSpireLib","Hubris","Infinite Spire","Marked Mod","Minty Spire (QoL Compilation)","Practice Mode","Rare Cards Sparkle","Reliquary","Remove Card Discount Mod","Replay The Spire","Shop Mod","Spicy Shops","StSLib","Stuff the Spire","The Accelerator","Uncapped"],"gold_per_floor":[109,109,129,33,33,33,62,56,101,101,101,101,50,50,50,62,62,166,166,181,181,194,90,108,140,140,140,211,223,236,236,236,80,80,175,175,200,225,225,73,121,121,154,9,9,25,52,70,70,86,86,188,188,196,212,162,189,216,216,257,255,255,271,302,302,327,434,434,563,563,584,562,609,609,654,654,654,654,727,727,727,785,503,529,529,651,651,711,711,768,783,783,838,838,871,918,597,597,597,635,684,684,809,809,857,857,913,913,913,978,1050,1050,1050,1060,1162,1258,1016,1097,1097,1294,1294,1393,1503,1429,1429,1429,1429,1310,1310,1310,1412,1412,1509,1633,1749,1749,1963,1963,2100,2252,2374,2426,2596,2596,2775,2980,3027,3250,3467,3467,3467,3708,3708,4053,4103,4103,3857,4132,4462],"floor_reached":160,"language":"ENG","playtime":7304,"items_purged":["Defend_B","Defend_B","Strike_B","StuffTheSpire:CuriosityCurse","Strike_B","Defend_B","Defragment","Strike_B","Defend_B+1","Cold Snap","Scrape+1","StuffTheSpire:ShieldGenerator+1","Regret","Pot Of Greed","StuffTheSpire:Coldhearted+1","conspire:Banana","Crow Ritual","ReplayTheSpireMod:Splinters","Zap+1","StuffTheSpire:Synthwave+1","Skim+1","Cold Snap","Coolheaded","Panic Button","Gash+1","Gash+1","StuffTheSpire:Rend","Gash+1","Gash+1","Pot Of Greed","Self Repair+1","Mirror Shield","Conserve Battery","Streamline","StuffTheSpire:CelestialWarden","Delirium","Pot Of Greed+1","Defragment+1","infinitespire:Menacing","Double Energy","Gash+1","infinitespire:Gouge","Capacitor","Pot Of Greed+1","Coolheaded+1","Blizzard+1","Pot Of Greed+1"],"score":4232,"play_id":"5ba56c1d-9559-4779-bfdd-99a6542bef29","local_time":"20210220155341","is_ascension_mode":false,"campfire_choices":[{"data":"Pot Of Greed","floor":6.0,"key":"SMITH"},{"data":"Zap","floor":10.0,"key":"SMITH"},{"floor":17.0,"key":"REST"},{"data":"Dualcast","floor":27.0,"key":"SMITH"},{"floor":32.0,"key":"REST"},{"data":"Defragment","floor":34.0,"key":"SMITH"},{"floor":42.0,"key":"REST"},{"data":"1","floor":49.0,"key":"LIFT"},{"data":"2","floor":51.0,"key":"LIFT"},{"data":"3","floor":59.0,"key":"LIFT"},{"floor":68.0,"key":"REST"},{"data":"Pot Of Greed","floor":77.0,"key":"SMITH"},{"data":"Coolheaded","floor":80.0,"key":"SMITH"},{"data":"infinitespire:FutureSight","floor":85.0,"key":"SMITH"},{"data":"Coolheaded","floor":94,"key":"SMITH"},{"data":"StuffTheSpire:BrainWave","floor":102,"key":"SMITH"},{"floor":112,"key":"REST"},{"data":"Chill","floor":119,"key":"SMITH"},{"data":"infinitespire:Gouge","floor":127,"key":"SMITH"},{"data":"Finesse","floor":129,"key":"SMITH"},{"data":"infinitespire:Collect","floor":136,"key":"SMITH"},{"floor":144,"key":"REST"},{"floor":153,"key":"REST"},{"data":"Adrenaline","floor":156,"key":"SMITH"}],"circlet_count":0,"master_deck":["Pot Of Greed+1","Gash+1","hubris:InfiniteBlow+136","Coolheaded+1","Genetic Algorithm+1","infinitespire:Gouge+1","infinitespire:FutureSight+1","StuffTheSpire:BrainWave+1","Hologram+1","ReplayGash+1","hubris:InfiniteBlow+134","infinitespire:Collect+1","hubris:DuctTapeCard","Chill+1","Adrenaline+1","Panacea+1"],"relics":["FrozenCore","Hammer of Thor","Seething Fire","Anvil of the Gods","NeowsBlessing","Lantern","ClockworkSouvenir","Grinning Jar","reliquary:PorcupineQuills","infinitespire:SolderingIron","hubris:EmptyBottle","reliquary:TridentHead","ReplayTheSpireMod:CursedCoin","reliquary:Stiletto","infinitespire:EvilPickle","Black Star","Bag of Preparation","Girya","Strange Spoon","reliquary:LoveEmittingDiode","Membership Card","hubris:TenFootPole","Meat on the Bone","MerchantsRug","Runic Pyramid","Prayer Wheel","Gremlin Food","Pantograph","Replay:Blank Codex","aspiration:FrozenJewel","StuffTheSpire:Saxophone","reliquary:JackalopeAntler","Replay:Frozen Program","reliquary:SharkskinSheath","infinitespire:EvilPickle","Ice Cream","Blood Vial","StuffTheSpire:HeavyRock","infinitespire:Golems Mask","Ring of Chaos","Bloody Idol","ReplayTheSpireMod:Ring of Challenge","hubris:KleinBottle","StuffTheSpire:MayFlowers","Odd Mushroom","infinitespire:FocusingShard","StuffTheSpire:DarkSteelAnvil","PrismaticShard","Medical Kit","Inserter","reliquary:FingerTrap","StuffTheSpire:ForceGauntlet","Replay:Kaleidoscope","HornCleat","StuffTheSpire:NeowsTribute","infinitespire:EvilPickle","hubris:HollowSoul","Replay:WaspNest","accelerator:LaserPointer","hubris:DuctTape","Bottled Flame","reliquary:TuningFork","aspiration:EnhancedActuators","aspiration:ChemicalBlood","Tiny House","Toxic Egg 2","Bag of Marbles","StuffTheSpire:PointBlank","hubris:Potato"],"acts_visited":["Exordium","TheCity","TheBeyond","Exordium","TheCity","TheBeyond","Exordium","TheCity","TheBeyond","TheEnding"],"potions_floor_usage":[93],"damage_taken":[{"damage":0.0,"enemies":"2 Louse","floor":1.0,"turns":1.0},{"damage":0.0,"enemies":"Jaw Worm","floor":3.0,"turns":1.0},{"damage":0.0,"enemies":"3 Sentries","floor":7.0,"turns":2.0},{"damage":0.0,"enemies":"Small Slimes","floor":16.0,"turns":1.0},{"damage":0.0,"enemies":"The Guardian","floor":18.0,"turns":2.0},{"damage":10.0,"enemies":"3 Byrds","floor":20.0,"turns":2.0},{"damage":31.0,"enemies":"2 Thieves","floor":22.0,"turns":3.0},{"damage":2.0,"enemies":"Shelled Parasite and Fungi","floor":24.0,"turns":2.0},{"damage":0.0,"enemies":"Nightmare","floor":25.0,"turns":6.0},{"damage":0.0,"enemies":"Snake Plant","floor":29.0,"turns":1.0},{"damage":0.0,"enemies":"3 Cultists","floor":30.0,"turns":4.0},{"damage":0.0,"enemies":"Pondfish","floor":35.0,"turns":2.0},{"damage":0.0,"enemies":"3 Shapes","floor":37.0,"turns":1.0},{"damage":0.0,"enemies":"3 Darklings","floor":38.0,"turns":1.0},{"damage":26.0,"enemies":"2 Orb Walkers","floor":41.0,"turns":3.0},{"damage":0.0,"enemies":"Nightmare","floor":43.0,"turns":1.0},{"damage":0.0,"enemies":"Spire Growth","floor":46.0,"turns":1.0},{"damage":14.0,"enemies":"4 Shapes","floor":48.0,"turns":2.0},{"damage":0.0,"enemies":"Jaw Worm Horde","floor":50.0,"turns":1.0},{"damage":0.0,"enemies":"Replay:Hell Engine","floor":52.0,"turns":1.0},{"damage":0.0,"enemies":"Small Slimes","floor":54.0,"turns":2.0},{"damage":0.0,"enemies":"Cultist","floor":55.0,"turns":2.0},{"damage":0.0,"enemies":"2 Louse","floor":57.0,"turns":1.0},{"damage":0.0,"enemies":"Blue Slaver","floor":58.0,"turns":1.0},{"damage":0.0,"enemies":"Gremlin Nob","floor":60.0,"turns":1.0},{"damage":18.0,"enemies":"Exordium Thugs","floor":63.0,"turns":2.0},{"damage":0.0,"enemies":"Lots of Slimes","floor":64.0,"turns":1.0},{"damage":0.0,"enemies":"Looter","floor":66.0,"turns":1.0},{"damage":0.0,"enemies":"Hexaghost","floor":69.0,"turns":1.0},{"damage":2.0,"enemies":"3 Byrds","floor":71.0,"turns":3.0},{"damage":0.0,"enemies":"Spheric Guardian","floor":73.0,"turns":1.0},{"damage":0.0,"enemies":"Snecko","floor":75.0,"turns":2.0},{"damage":0.0,"enemies":"Centurion and Healer","floor":82.0,"turns":1.0},{"damage":5.0,"enemies":"Pondfish","floor":86.0,"turns":3.0},{"damage":0.0,"enemies":"Orb Walker","floor":88.0,"turns":1.0},{"damage":0.0,"enemies":"3 Darklings","floor":90.0,"turns":1.0},{"damage":0,"enemies":"Writhing Mass","floor":91,"turns":4},{"damage":0,"enemies":"R_Hoarder","floor":93,"turns":5},{"damage":36,"enemies":"4 Shapes","floor":95,"turns":4},{"damage":0,"enemies":"Spire Growth","floor":100,"turns":2},{"damage":0,"enemies":"Transient","floor":101,"turns":1},{"damage":0,"enemies":"Replay:Hell Engine","floor":103,"turns":1},{"damage":0,"enemies":"2 Louse","floor":105,"turns":2},{"damage":0,"enemies":"Jaw Worm","floor":107,"turns":1},{"damage":0,"enemies":"Cultist","floor":110,"turns":3},{"damage":0,"enemies":"Lots of Slimes","floor":111,"turns":1},{"damage":0,"enemies":"The Mushroom Lair","floor":114,"turns":2},{"damage":0,"enemies":"Gremlin Nob","floor":115,"turns":1},{"damage":0,"enemies":"Exordium Thugs","floor":116,"turns":1},{"damage":0,"enemies":"Large Slime","floor":118,"turns":1},{"damage":0,"enemies":"Slime Boss","floor":120,"turns":1},{"damage":0,"enemies":"3 Byrds","floor":122,"turns":1},{"damage":0,"enemies":"Spheric Guardian","floor":123,"turns":1},{"damage":0,"enemies":"Cultist and Chosen","floor":131,"turns":1},{"damage":0,"enemies":"Colosseum Slavers","floor":133,"turns":1},{"damage":0,"enemies":"Colosseum Nobs","floor":133,"turns":1},{"damage":0,"enemies":"Nightmare","floor":134,"turns":1},{"damage":0,"enemies":"Shelled Parasite and Fungi","floor":135,"turns":1},{"damage":0,"enemies":"Pondfish","floor":137,"turns":1},{"damage":0,"enemies":"Orb Walker","floor":139,"turns":1},{"damage":0,"enemies":"3 Shapes","floor":140,"turns":1},{"damage":0,"enemies":"2 Orb Walkers","floor":142,"turns":1},{"damage":0,"enemies":"3 Darklings","floor":143,"turns":1},{"damage":0,"enemies":"Sphere and 2 Shapes","floor":145,"turns":1},{"damage":0,"enemies":"Nightmare","floor":146,"turns":1},{"damage":0,"enemies":"Giant Head","floor":148,"turns":1},{"damage":0,"enemies":"4 Shapes","floor":149,"turns":1},{"damage":0,"enemies":"Jaw Worm Horde","floor":152,"turns":1},{"damage":0,"enemies":"infinitespire:LordOfFortification","floor":154,"turns":1},{"damage":0,"enemies":"Shield and Spear","floor":158,"turns":1},{"damage":0,"enemies":"The Heart","floor":159,"turns":5}],"seed_played":"1929424282584896721","potions_obtained":[{"floor":3.0,"key":"Ancient Potion"},{"floor":16.0,"key":"ColorlessPotion"},{"floor":22.0,"key":"Adrenaline Potion"},{"floor":25.0,"key":"LiquidBronze"},{"floor":29.0,"key":"FearPotion"},{"floor":35.0,"key":"Doom Potion"},{"floor":46.0,"key":"Adrenaline Potion"},{"floor":55.0,"key":"Weak Potion"},{"floor":71.0,"key":"Adrenaline Potion"},{"floor":110,"key":"DistilledChaos"},{"floor":155,"key":"EssenceOfDarkness"}],"is_trial":false,"path_per_floor":["M","?","M","$","?","R","E","$","T","R","PTL","PTL","$","?","?","M","R","B",null,"M","?","M","$","M","NM","?","R","T","M","M","AVR","R","$","R","B",null,"M","M","?","$","?","R","NM","$","T","M","$","M","R","M","R_BF","B",null,"M","M","?","M","M","R","E","$","T","M","M","?","M","?","R","B",null,"M","$","M","?","M","?","R","?","T","R","AVR","M","$","T","R","B",null,"M","?","M","M","AVR","E","R","M","T","$","?","?","M","M","R","B",null,"M","?","M","?","$","M","M","R","T","?","E","M","$","M","R","B",null,"M","M","$","?","AVR","R","$","R","T","M","?","?","NM","M","R","B",null,"M","M","$","?","M","R","M","NM","T","E","M","?","T","M","R_BF","B",null,"R","$","E","B",null],"character_chosen":"DEFECT","items_purchased":["Defragment","conspire:Banana","Lantern","ClockworkSouvenir","Cold Snap","BargainBundle","infinitespire:SolderingIron","hubris:EmptyBottle","Block Potion","ReplayTheSpireMod:CursedCoin","infinitespire:BlackPotion","reliquary:Stiletto","Bag of Preparation","Strange Spoon","Membership Card","hubris:TenFootPole","Meat on the Bone","Crow Ritual","MerchantsRug","StuffTheSpire:Saxophone","reliquary:JackalopeAntler","Replay:Frozen Program","Lee\u0027s Waffle","Double Energy","ReplayGash+1","infinitespire:Golems Mask","hubris:KleinBottle","StuffTheSpire:DarkSteelAnvil","PrismaticShard","Medical Kit","reliquary:FingerTrap","Finesse","Replay:WaspNest","Toxic Egg 2","Bag of Marbles","Panacea+1"],"campfire_rested":7,"item_purchase_floors":[4,4,4,4,13,23,23,23,23,33,33,33,40,44,47,47,47,47,47,83,83,83,97,97,97,97,109,117,117,124,128,128,141,157,157,157],"current_hp_per_floor":[75,68,68,68,68,68,69,69,69,69,69,69,69,54,54,55,77,78,78,69,77,47,47,46,47,47,47,47,47,48,48,72,72,72,73,84,85,85,85,85,59,84,84,84,84,84,84,70,70,70,70,70,85,85,85,85,85,85,85,85,85,85,67,67,67,67,67,85,85,85,85,85,85,85,85,85,85,78,78,78,78,78,78,78,78,85,85,85,77,77,77,77,77,77,51,51,84,80,70,72,74,74,80,80,80,70,72,72,53,55,57,80,80,80,80,80,80,80,80,80,80,80,80,80,80,80,80,80,80,80,80,80,80,80,80,80,80,80,80,80,80,80,80,80,80,80,80,80,80,80,80,80,80,80,85,85,85,85,85],"gold":4462,"neow_bonus":"THREE_ENEMY_KILL","is_daily":false,"chose_seed":false,"campfire_upgraded":14,"win_rate":0.0,"timestamp":1613854421,"path_taken":["M","?","M","$","?","R","E","$","T","R","PTL","PTL","$","?","?","M","R","BOSS","M","?","?","?","M","NM","?","R","T","M","M","AVR","R","$","R","BOSS","M","M","?","$","?","R","NM","?","T","?","$","M","R","M","R_BF","BOSS","M","M","?","M","M","R","E","$","T","M","M","?","M","?","R","BOSS","M","$","M","?","M","?","R","?","T","R","AVR","M","$","?","R","BOSS","M","?","M","M","AVR","E","R","M","T","$","?","?","M","M","R","BOSS","M","?","M","?","?","M","M","R","T","?","E","M","$","M","R","BOSS","M","M","$","?","AVR","R","?","R","T","?","?","?","NM","M","R","BOSS","M","M","$","?","M","R","M","NM","T","E","M","?","?","M","R_BF","BOSS","R","$","E","BOSS"],"items_purchased_type":["Card","Card","Relic","Relic","Card","Relic","Relic","Relic","Potion","Relic","Potion","Relic","Relic","Relic","Relic","Relic","Relic","Card","Relic","Relic","Relic","Relic","Relic","Card","Card","Relic","Relic","Relic","Relic","Relic","Relic","Card","Relic","Relic","Relic","Card"],"build_version":"2020-12-22","purchased_purges":47,"victory":true,"max_hp_per_floor":[75,75,75,75,75,75,76,76,76,76,76,76,76,76,76,77,77,78,78,79,79,80,80,81,82,82,82,82,82,83,83,83,83,83,84,84,85,85,85,85,85,85,85,85,85,85,85,85,85,85,85,85,85,85,85,85,85,85,85,85,85,85,85,85,85,85,85,85,85,85,85,85,85,85,85,85,85,85,85,85,85,85,85,85,85,85,85,85,77,77,77,77,77,77,77,77,84,80,80,80,80,80,80,80,80,80,80,80,80,80,80,80,80,80,80,80,80,80,80,80,80,80,80,80,80,80,80,80,80,80,80,80,80,80,80,80,80,80,80,80,80,80,80,80,80,80,80,80,80,80,80,80,80,80,85,85,85,85,85],"card_choices":[{"not_picked":["Steam","Go for the Eyes","StuffTheSpire:LoadUp"],"picked":"SKIP","floor":1.0},{"not_picked":["Steam","Compile Driver"],"picked":"Skim","floor":3.0},{"not_picked":["Tempest","StuffTheSpire:GlassShard"],"picked":"Capacitor","floor":7.0},{"not_picked":["Consume","Sweeping Beam","Tempest"],"picked":"SKIP","floor":16.0},{"not_picked":["Beam Cell","aspiration:Polymerization"],"picked":"StuffTheSpire:ShieldGenerator+1","floor":20.0},{"not_picked":["ReplaySolidLightProjector","Panic Button"],"picked":"Gash+1","floor":22.0},{"not_picked":["Reboot","Leap"],"picked":"Conserve Battery","floor":24.0},{"not_picked":["Hologram","Fission"],"picked":"Scrape+1","floor":25.0},{"not_picked":["infinitespire:UltimateForm","hubris:Rewind"],"picked":"infinitespire:SealOfDarkness+","floor":25.0},{"not_picked":["Force Field","StuffTheSpire:Plugnplay"],"picked":"StuffTheSpire:Coldhearted+1","floor":29.0},{"not_picked":["StuffTheSpire:CleanHardDrive","StuffTheSpire:Plugnplay"],"picked":"Barrage","floor":30.0},{"not_picked":["Reboot","hubris:Prefetch"],"picked":"Electrodynamics","floor":35.0},{"not_picked":["Panic Button+1","Leap","Glacier"],"picked":"SKIP","floor":37.0},{"not_picked":["Ball Lightning+1","Steam+1"],"picked":"Coolheaded","floor":38.0},{"not_picked":["Barrage","Redo"],"picked":"StuffTheSpire:Synthwave+1","floor":41.0},{"not_picked":["Leap","ReplayTheSpireMod:Reroute Power+1","Lockon+1"],"picked":"SKIP","floor":43.0},{"not_picked":["BasicCrystalCard","Compile Driver","Reprogram+1"],"picked":"SKIP","floor":46.0},{"not_picked":["BasicCrystalCard","Time Bomb"],"picked":"Gash+1","floor":48.0},{"not_picked":["Skim+1","Fusion+1"],"picked":"Genetic Algorithm+1","floor":50.0},{"not_picked":["hubris:DoWhile","Multi-Cast"],"picked":"ReplayTheSpireMod:Fabricate Wheel","floor":52.0},{"not_picked":["White Noise","Skim"],"picked":"Gash","floor":54.0},{"not_picked":["Redo","StuffTheSpire:LoadUp"],"picked":"Blizzard","floor":54.0},{"not_picked":["ReplayTheSpireMod:System Scan","Go for the Eyes"],"picked":"Gash","floor":55.0},{"not_picked":["ReplayTheSpireMod:System Scan","conspire:SharedLibrary","Skim"],"picked":"SKIP","floor":55.0},{"not_picked":["Go for the Eyes","StuffTheSpire:SnapShoot","hubris:Ukulele"],"picked":"SKIP","floor":57.0},{"not_picked":["Steam","Leap","Seek"],"picked":"SKIP","floor":57.0},{"not_picked":["Defragment","Compile Driver"],"picked":"Panic Button","floor":58.0},{"not_picked":["Loop","Steam","Stack"],"picked":"SKIP","floor":58.0},{"not_picked":["Loop","Steam","Stack"],"picked":"SKIP","floor":58.0},{"not_picked":["Leap","Time Bomb","StuffTheSpire:CleanHardDrive"],"picked":"SKIP","floor":60.0},{"not_picked":["Beam Cell","StuffTheSpire:ShieldGenerator"],"picked":"Cold Snap","floor":63.0},{"not_picked":["ReplayRNGCard","Go for the Eyes","StuffTheSpire:LoadUp"],"picked":"SKIP","floor":63.0},{"not_picked":["StuffTheSpire:LoadUp","FTL"],"picked":"Gash","floor":64.0},{"not_picked":["Hologram","Electrodynamics","BasicCrystalCard"],"picked":"SKIP","floor":64.0},{"not_picked":["Leap","StuffTheSpire:LoadUp"],"picked":"Coolheaded","floor":66.0},{"not_picked":["StuffTheSpire:LoadUp","Conserve Battery"],"picked":"Gash","floor":66.0},{"not_picked":["BasicCrystalCard","Panic Button"],"picked":"Self Repair","floor":67.0},{"not_picked":["Streamline","Sweeping Beam"],"picked":"Coolheaded","floor":67.0},{"not_picked":["hubris:Rewind","infinitespire:UltimateForm"],"picked":"infinitespire:Gouge","floor":69.0},{"not_picked":["BootSequence","Conserve Battery+1"],"picked":"StuffTheSpire:Rend","floor":71.0},{"not_picked":["Cold Snap","Streamline+1","Panic Button"],"picked":"SKIP","floor":71.0},{"not_picked":["Redo+1","Steam Power","Storm+1"],"picked":"SKIP","floor":73.0},{"not_picked":["Fusion","Time Bomb","Barrage"],"picked":"SKIP","floor":73.0},{"not_picked":["StuffTheSpire:Plugnplay","Skim","Fission"],"picked":"SKIP","floor":75.0},{"not_picked":["StuffTheSpire:Plugnplay","Loop","ReplaySolidLightProjector"],"picked":"SKIP","floor":75.0},{"not_picked":["Lockon","Reinforced Body","Darkness"],"picked":"SKIP","floor":82.0},{"not_picked":["Go for the Eyes","hubris:SpecializedCircuitry","BasicCrystalCard"],"picked":"SKIP","floor":82.0},{"not_picked":["Streamline","StuffTheSpire:LoadUp+1","Leap"],"picked":"SKIP","floor":88.0},{"not_picked":["Aggregate","Sweeping Beam","StuffTheSpire:LoadUp+1"],"picked":"SKIP","floor":88.0},{"not_picked":["Compile Driver","StuffTheSpire:LoadUp+1"],"picked":"Hologram+1","floor":90},{"not_picked":["BasicCrystalCard","Stack"],"picked":"Streamline","floor":90},{"not_picked":["Streamline","Steam","conspire:SharedLibrary+1"],"picked":"SKIP","floor":91},{"not_picked":["StuffTheSpire:Plugnplay","Biased Cognition","Capacitor"],"picked":"SKIP","floor":91},{"not_picked":["ReplaySort+1","Redo","Ball Lightning+1"],"picked":"SKIP","floor":93},{"not_picked":["Time Bomb","Reinforced Body","Beam Cell+1"],"picked":"SKIP","floor":95},{"not_picked":["Consume","Beam Cell","Panic Button"],"picked":"SKIP","floor":95},{"not_picked":["ReplayTheSpireMod:Black Plague","infinitespire:DeathsTouch"],"picked":"infinitespire:Menacing","floor":99},{"not_picked":["Hologram","Skim+1","Defragment"],"picked":"SKIP","floor":100},{"not_picked":["Beam Cell","StuffTheSpire:LoadUp","Static Discharge"],"picked":"SKIP","floor":100},{"not_picked":["StuffTheSpire:LoadUp+1","Gash","StuffTheSpire:ShieldGenerator"],"picked":"SKIP","floor":101},{"not_picked":["Stack","StuffTheSpire:SnapShoot+1","Compile Driver"],"picked":"SKIP","floor":101},{"not_picked":["conspire:SharedLibrary","Hologram","Leap"],"picked":"SKIP","floor":105},{"not_picked":["Auto Shields","Redo","Sweeping Beam"],"picked":"SKIP","floor":105},{"not_picked":["ReplayTheSpireMod:Dual Polarity","Compile Driver","Chaos"],"picked":"SKIP","floor":107},{"not_picked":["Beam Cell","BasicCrystalCard","Defragment"],"picked":"SKIP","floor":107},{"not_picked":["hubris:Rewind","ReplayTheSpireMod:??????????????????????"],"picked":"infinitespire:Gouge","floor":109},{"not_picked":["BasicCrystalCard","Hologram","Redo"],"picked":"SKIP","floor":110},{"not_picked":["Ball Lightning","Melter","Redo"],"picked":"SKIP","floor":110},{"not_picked":["Go for the Eyes","Conserve Battery","Blizzard"],"picked":"SKIP","floor":111},{"not_picked":["Hologram","Hello World","Seek"],"picked":"SKIP","floor":111},{"not_picked":["Compile Driver","Blizzard"],"picked":"Chill","floor":115},{"not_picked":["BasicCrystalCard","Leap","ReplaySort"],"picked":"SKIP","floor":116},{"not_picked":["Coolheaded","Streamline","Beam Cell"],"picked":"SKIP","floor":116},{"not_picked":["BowlingBash","accelerator:Stabilize","Dodge and Roll"],"picked":"SKIP","floor":118},{"not_picked":["Quick Slash","ReplayTheSpireMod:Fabricate Wheel","ReplayTheSpireMod:System Scan"],"picked":"SKIP","floor":118},{"not_picked":["Warcry","Flame Barrier+1","ReplayTheSpireMod:Corrosion Curse"],"picked":"SKIP","floor":122},{"not_picked":["Replay:AtTheReady","FlurryOfBlows+1","BowlingBash"],"picked":"SKIP","floor":122},{"not_picked":["StuffTheSpire:Repulse","Pommel Strike","Consecrate+1"],"picked":"SKIP","floor":123},{"not_picked":["StuffTheSpire:ReptileScales","Power Through","Defy Death+1"],"picked":"SKIP","floor":123},{"not_picked":["JustLucky","Steam","accelerator:IceSandwich"],"picked":"SKIP","floor":131},{"not_picked":["Heatsinks","Ball Lightning","Skim+1"],"picked":"SKIP","floor":131},{"not_picked":["infinitespire:Fortify","ReplayTheSpireMod:??????????????????????"],"picked":"infinitespire:Collect","floor":134},{"not_picked":["conspire:Banana","Crescendo","Underhanded Strike"],"picked":"SKIP","floor":134},{"not_picked":["DeusExMachina","Replay:AtTheReady","Bandage Up"],"picked":"SKIP","floor":135},{"not_picked":["Combust","Hidden Blade+1","Cloak And Dagger"],"picked":"SKIP","floor":135},{"not_picked":["Pommel Strike+1","ReplayTheSpireMod:Dual Polarity+1","Quick Slash+1"],"picked":"SKIP","floor":139},{"not_picked":["Fire Breathing","InnerPeace+1","Outmaneuver+1"],"picked":"SKIP","floor":139},{"not_picked":["ReplayTheSpireMod:Exploit Weakness","Hidden Blade","Sword Boomerang"],"picked":"SKIP","floor":140},{"not_picked":["Crescendo+1","accelerator:Propulsion+1","Chill+1"],"picked":"SKIP","floor":140},{"not_picked":["StuffTheSpire:Resist","accelerator:Superposition","ReplayTheSpireMod:Trickstab"],"picked":"SKIP","floor":143},{"not_picked":["hubris:CleavingFinish+1","BowlingBash","Go for the Eyes+1"],"picked":"SKIP","floor":143},{"not_picked":["Rupture","Forethought+1","FlyingSleeves+1"],"picked":"SKIP","floor":145},{"not_picked":["Doom and Gloom+1","Gash+1","Compile Driver"],"picked":"SKIP","floor":145},{"not_picked":["Crippling Poison+1","Deep Breath+1"],"picked":"Chill+1","floor":146},{"not_picked":["True Grit","hubris:ReadiedAction+1","Impatience"],"picked":"SKIP","floor":148},{"not_picked":["accelerator:Exchange","Distraction","ReplayTheSpireMod:Brewmster"],"picked":"SKIP","floor":149},{"not_picked":["Flash of Steel+1","MarkedMod:Acupuncture+1","Thunderclap"],"picked":"SKIP","floor":149},{"not_picked":["Sword Boomerang","Clash+1","Deadly Poison"],"picked":"SKIP","floor":152},{"not_picked":["CutThroughFate+1","Poisoned Stab","Anger"],"picked":"SKIP","floor":152},{"not_picked":["accelerator:Dynamo","MarkedMod:ChiBlock"],"picked":"Adrenaline","floor":154},{"not_picked":["MarkedMod:FirstStrike+1","accelerator:ClosedSystem+1","Poisoned Stab"],"picked":"SKIP","floor":158}],"player_experience":25962,"relics_obtained":[{"floor":7.0,"key":"reliquary:PorcupineQuills"},{"floor":9.0,"key":"infinitespire:Satchel"},{"floor":28.0,"key":"reliquary:TridentHead"},{"floor":41.0,"key":"Replay:Towering Pillar of Hats"},{"floor":43.0,"key":"Girya"},{"floor":43.0,"key":"conspire:Dentures"},{"floor":45.0,"key":"reliquary:LoveEmittingDiode"},{"floor":60.0,"key":"Gremlin Food"},{"floor":60.0,"key":"Pantograph"},{"floor":62.0,"key":"Replay:Bottled Eggs"},{"floor":78.0,"key":"Replay:Blank Codex"},{"floor":79.0,"key":"aspiration:FrozenJewel"},{"floor":84.0,"key":"reliquary:SharkskinSheath"},{"floor":93,"key":"Ice Cream"},{"floor":93,"key":"Blood Vial"},{"floor":96,"key":"StuffTheSpire:HeavyRock"},{"floor":108,"key":"ReplayTheSpireMod:Ring of Challenge"},{"floor":113,"key":"StuffTheSpire:MayFlowers"},{"floor":114,"key":"Odd Mushroom"},{"floor":115,"key":"infinitespire:FocusingShard"},{"floor":130,"key":"StuffTheSpire:ForceGauntlet"},{"floor":133,"key":"Replay:Kaleidoscope"},{"floor":133,"key":"HornCleat"},{"floor":134,"key":"StuffTheSpire:NeowsTribute"},{"floor":142,"key":"accelerator:LaserPointer"},{"floor":146,"key":"hubris:DuctTape"},{"floor":146,"key":"Bottled Flame"},{"floor":147,"key":"reliquary:TuningFork"},{"floor":148,"key":"aspiration:EnhancedActuators"},{"floor":151,"key":"aspiration:ChemicalBlood"},{"floor":158,"key":"StuffTheSpire:PointBlank"},{"floor":158,"key":"hubris:Potato"}],"event_choices":[{"cards_removed":["Strike_B"],"damage_healed":0.0,"max_hp_gain":0.0,"max_hp_loss":0.0,"gold_gain":0.0,"event_name":"Golden Wing","player_choice":"Card Removal","floor":2.0,"gold_loss":0.0,"damage_taken":7.0},{"damage_healed":0.0,"max_hp_gain":0.0,"max_hp_loss":0.0,"gold_gain":0.0,"event_name":"Shining Light","player_choice":"Entered Light","floor":14.0,"gold_loss":0.0,"damage_taken":15.0,"cards_upgraded":["Defend_B","Skim"]},{"damage_healed":0.0,"max_hp_gain":0.0,"max_hp_loss":0.0,"gold_gain":0.0,"event_name":"NoteForYourself","player_choice":"Ignored","floor":26.0,"gold_loss":0.0,"damage_taken":0.0},{"cards_removed":["Dualcast"],"damage_healed":0.0,"max_hp_gain":0.0,"max_hp_loss":0.0,"gold_gain":0.0,"event_name":"Falling","player_choice":"Removed Skill","floor":39.0,"gold_loss":0.0,"damage_taken":0.0},{"damage_healed":0.0,"max_hp_gain":0.0,"max_hp_loss":0.0,"gold_gain":0.0,"event_name":"Mysterious Sphere","player_choice":"Fight","floor":41.0,"gold_loss":0.0,"damage_taken":0.0},{"cards_removed":["Barrage"],"damage_healed":0.0,"max_hp_gain":0.0,"max_hp_loss":0.0,"gold_gain":0.0,"event_name":"The Cleric","player_choice":"Card Removal","floor":56.0,"gold_loss":50.0,"damage_taken":0.0},{"damage_healed":0.0,"max_hp_gain":0.0,"max_hp_loss":0.0,"gold_gain":0.0,"event_name":"The Library","player_choice":"Read","floor":74.0,"gold_loss":0.0,"damage_taken":0.0,"cards_obtained":["Mirror Shield"]},{"damage_healed":0.0,"max_hp_gain":0.0,"max_hp_loss":0.0,"gold_gain":0.0,"event_name":"conspire:Investor","player_choice":"Leave","floor":76.0,"gold_loss":0.0,"damage_taken":0.0},{"damage_healed":0.0,"max_hp_gain":0.0,"max_hp_loss":0.0,"gold_gain":0.0,"event_name":"Cursed Tome","player_choice":"Obtained Book","floor":78.0,"gold_loss":0.0,"damage_taken":16.0},{"damage_healed":0,"gold_gain":0,"player_choice":"Max HP","damage_taken":0,"max_hp_gain":0,"max_hp_loss":4,"event_name":"Winding Halls","floor":98,"gold_loss":0},{"damage_healed":0,"gold_gain":0,"player_choice":"Take Damage","damage_taken":20,"relics_obtained":["Golden Idol"],"max_hp_gain":0,"max_hp_loss":0,"event_name":"Golden Idol","floor":106,"gold_loss":0},{"damage_healed":0,"gold_gain":0,"player_choice":"Fought Mushrooms","damage_taken":0,"max_hp_gain":0,"max_hp_loss":0,"event_name":"Mushrooms","floor":114,"gold_loss":0},{"damage_healed":0,"gold_gain":0,"player_choice":"Copied","damage_taken":0,"max_hp_gain":0,"max_hp_loss":0,"event_name":"Duplicator","floor":125,"gold_loss":0,"cards_obtained":["hubris:InfiniteBlow"]},{"damage_healed":0,"gold_gain":0,"player_choice":"Gave Idol","damage_taken":0,"relics_obtained":["Bloody Idol"],"max_hp_gain":0,"max_hp_loss":0,"event_name":"Forgotten Altar","floor":132,"relics_lost":["Golden Idol"],"gold_loss":0},{"damage_healed":0,"gold_gain":0,"player_choice":"Fight","damage_taken":0,"max_hp_gain":0,"max_hp_loss":0,"event_name":"Colosseum","floor":133,"gold_loss":0},{"damage_healed":0,"gold_gain":0,"player_choice":"Fought Nobs","damage_taken":0,"max_hp_gain":0,"max_hp_loss":0,"event_name":"Colosseum","floor":133,"gold_loss":0},{"damage_healed":0,"gold_gain":0,"player_choice":"Fight","damage_taken":0,"max_hp_gain":0,"max_hp_loss":0,"event_name":"Mysterious Sphere","floor":142,"gold_loss":0},{"damage_healed":0,"gold_gain":0,"player_choice":"Ignored","damage_taken":0,"max_hp_gain":0,"max_hp_loss":0,"event_name":"Tomb of Lord Red Mask","floor":150,"gold_loss":0}],"is_beta":false,"boss_relics":[{"not_picked":["hubris:TerracottaHorce","hubris:Stopwatch","aspiration:BursterCore"]},{"not_picked":["reliquary:ThirdArm","Runic Dome"],"picked":"Black Star"},{"not_picked":["conspire:RoyalGoblet","Ring of Chaos"],"picked":"Runic Pyramid"},{"not_picked":["aspiration:SilentSkillbook","Velvet Choker","ChewingGum"]},{"not_picked":["energizedSpire:StickyHand","energizedSpire:NeverEndingSparkler"],"picked":"FrozenCore"},{"not_picked":["hubris:HollowSoul","Fusion Hammer"],"picked":"Ring of Chaos"},{"not_picked":["energizedSpire:OgreHead","aspiration:PoetsPen_weak","energizedSpire:HugeHouse"]},{"not_picked":["aspiration:SecretTechniqueScroll","Empty Cage"],"picked":"hubris:HollowSoul"},{"not_picked":["Replay:Grab Bag","Replay:Drink Me"],"picked":"Tiny House"}],"items_purged_floors":[4,4,4,8,8,8,23,23,33,33,33,33,33,40,40,40,61,72,72,72,72,72,72,72,72,72,72,72,83,97,97,97,97,97,117,117,117,117,117,117,117,117,128,141,141,141,157],"is_endless":true,"potions_floor_spawned":[3,16,22,25,29,35,37,46,48,55,63,64,66,71,75,88,93,100,105,110,115,118,120,122,131,133,134,137,139,140,145,148,152,154,159],"ascension_level":0}}