{"host":"8vqkh0x3c7vpgzzm","time":1613850389,"event":{"mods":["AchievementEnabler","BaseMod","Colored Map","Colored Powertips","Curses Come First","DeckTracker","Highlight Path","Minty Spire (QoL Compilation)","Permanent Neow","Quick Restart","Random Character Mod","Rare Cards Sparkle","Relic Sorter","Relic Stats","StSLib","SuperFastMode","Unceasing Turn Reminder","egg","everything is the same but u backflip on backflip"],"gold_per_floor":[109,31,51,62,62,62,95,114,137,152,188,188,188,17,17,115,115,138,152,152,1,51,51,51,51,119,143,18,18,52,66,66,66,66],"floor_reached":33,"language":"ENG","playtime":1118,"items_purged":["Defend_R"],"score":546,"play_id":"87335e91-34ac-40c2-b87e-ed4d7ca91a5e","local_time":"20210220204629","is_ascension_mode":true,"campfire_choices":[{"data":"Bash","floor":6,"key":"SMITH"},{"data":"Armaments","floor":13,"key":"SMITH"},{"floor":15,"key":"REST"},{"data":"Fire Breathing","floor":23,"key":"SMITH"},{"data":"Flame Barrier","floor":24,"key":"SMITH"},{"data":"Flame Barrier","floor":25,"key":"SMITH"},{"floor":32,"key":"REST"}],"circlet_count":0,"master_deck":["AscendersBane","Strike_R","Strike_R","Strike_R","Strike_R","Defend_R","Defend_R","Defend_R","Bash+1","Spot Weakness","Flame Barrier+1","Fire Breathing+1","Reckless Charge","Armaments+1","Wild Strike","Reaper","Disarm","Feed","Evolve","Flame Barrier+1","Shrug It Off","Reckless Charge","Offering","Inflame","Immolate"],"relics":["Burning Blood","WingedGreaves","Golden Idol","MealTicket","Bag of Marbles","Bronze Scales","Membership Card","Runic Dome","Potion Belt","Shuriken","HandDrill","Sundial"],"acts_visited":["Exordium","TheCity"],"potions_floor_usage":[7,7,16,19,27,30,33,33],"damage_taken":[{"damage":2,"enemies":"Cultist","floor":1,"turns":4},{"damage":1,"enemies":"Small Slimes","floor":3,"turns":4},{"damage":14,"enemies":"Jaw Worm","floor":4,"turns":4},{"damage":20,"enemies":"Lagavulin","floor":7,"turns":7},{"damage":6,"enemies":"2 Fungi Beasts","floor":8,"turns":5},{"damage":9,"enemies":"Red Slaver","floor":10,"turns":5},{"damage":35,"enemies":"3 Sentries","floor":11,"turns":6},{"damage":34,"enemies":"Slime Boss","floor":16,"turns":9},{"damage":33,"enemies":"2 Thieves","floor":18,"turns":5},{"damage":49,"enemies":"Spheric Guardian","floor":19,"turns":5},{"damage":27,"enemies":"Snecko","floor":27,"turns":6},{"damage":15,"enemies":"Gremlin Leader","floor":30,"turns":6},{"damage":47,"enemies":"Sentry and Sphere","floor":31,"turns":6},{"damage":78,"enemies":"Automaton","floor":33,"turns":6}],"seed_played":"-6868409611168554749","potions_obtained":[{"floor":1,"key":"Energy Potion"},{"floor":4,"key":"AttackPotion"},{"floor":8,"key":"BloodPotion"},{"floor":11,"key":"Block Potion"},{"floor":19,"key":"SkillPotion"},{"floor":30,"key":"Strength Potion"},{"floor":31,"key":"PowerPotion"}],"is_trial":false,"path_per_floor":["M","$","M","M","?","R","E","M","T","M","E","?","R","$","R","B",null,"M","M","?","$","?","R","R","R","T","M","$","?","E","M","R","B"],"character_chosen":"IRONCLAD","items_purchased":["Flame Barrier","Membership Card","Potion Belt","Fire Potion","Shrug It Off","Reckless Charge","HandDrill"],"campfire_rested":2,"item_purchase_floors":[2,14,21,21,28,28,28],"current_hp_per_floor":[54,54,59,51,51,51,37,37,37,34,16,16,16,31,51,23,57,36,16,16,31,31,31,31,31,31,16,31,31,52,14,35,0,0],"gold":66,"neow_bonus":"ONE_RARE_RELIC","is_daily":false,"chose_seed":false,"campfire_upgraded":5,"win_rate":0.0,"timestamp":1613850389,"path_taken":["M","$","M","M","?","R","E","M","T","M","E","?","R","$","R","BOSS","M","M","?","$","?","R","R","R","T","?","$","?","E","?","R","BOSS"],"items_purchased_type":["Card","Relic","Relic","Potion","Card","Card","Relic"],"build_version":"2020-12-22","purchased_purges":1,"victory":false,"max_hp_per_floor":[75,75,75,75,68,68,68,68,68,68,68,68,68,68,68,68,68,68,68,68,68,68,68,68,68,68,68,68,68,68,71,71,71,71],"relic_stats":{"counters":[14,78],"Golden Idol":64,"Shuriken":[5],"Sundial":[0],"Bronze Scales":[69],"MealTicket":45,"HandDrill":[6],"obtain_stats":[{"Potion Belt":21,"Runic Dome":17,"Golden Idol":5,"Shuriken":26,"Sundial":30,"Bronze Scales":11,"MealTicket":7,"WingedGreaves":0,"Bag of Marbles":9,"HandDrill":28,"Membership Card":14,"Burning Blood":0},{"Potion Belt":10,"Runic Dome":8,"Golden Idol":3,"Shuriken":10,"Sundial":12,"Bronze Scales":7,"MealTicket":4,"WingedGreaves":0,"Bag of Marbles":5,"HandDrill":11,"Membership Card":7,"Burning Blood":0},{"Potion Belt":54,"Runic Dome":44,"Golden Idol":12,"Shuriken":54,"Sundial":66,"Bronze Scales":35,"MealTicket":19,"WingedGreaves":0,"Bag of Marbles":24,"HandDrill":60,"Membership Card":35,"Burning Blood":0}],"Burning Blood":78},"card_choices":[{"not_picked":["Second Wind","Pummel"],"picked":"Spot Weakness","floor":1},{"not_picked":["Sword Boomerang","Flex"],"picked":"Fire Breathing","floor":3},{"not_picked":["Sever Soul","Combust"],"picked":"Reckless Charge","floor":4},{"not_picked":["Armaments","Intimidate","Blood for Blood"],"picked":"SKIP","floor":7},{"not_picked":["Intimidate","Blood for Blood"],"picked":"Armaments","floor":7},{"not_picked":["Pommel Strike","Anger"],"picked":"Wild Strike","floor":8},{"not_picked":["Shrug It Off","Evolve"],"picked":"Reaper","floor":10},{"not_picked":["Shrug It Off","Intimidate"],"picked":"Disarm","floor":11},{"not_picked":["Fiend Fire","Impervious"],"picked":"Feed","floor":16},{"not_picked":["Body Slam","Clash"],"picked":"Evolve","floor":18},{"not_picked":["Body Slam","Armaments"],"picked":"Flame Barrier","floor":19},{"not_picked":["Anger","Perfected Strike+1","Clothesline"],"picked":"SKIP","floor":27},{"not_picked":["Wild Strike","Evolve"],"picked":"Inflame","floor":30},{"not_picked":["Anger","Rampage"],"picked":"Immolate","floor":31}],"player_experience":592632,"relics_obtained":[{"floor":7,"key":"MealTicket"},{"floor":9,"key":"Bag of Marbles"},{"floor":11,"key":"Bronze Scales"},{"floor":26,"key":"Shuriken"},{"floor":30,"key":"Sundial"}],"event_choices":[{"damage_healed":0,"gold_gain":0,"player_choice":"Lose Max HP","damage_taken":0,"relics_obtained":["Golden Idol"],"max_hp_gain":0,"max_hp_loss":7,"event_name":"Golden Idol","floor":5,"gold_loss":0},{"cards_removed":["Strike_R"],"damage_healed":0,"gold_gain":0,"player_choice":"Forget","damage_taken":0,"max_hp_gain":0,"max_hp_loss":0,"event_name":"Living Wall","floor":12,"gold_loss":0},{"damage_healed":0,"gold_gain":0,"player_choice":"Ignored","damage_taken":0,"max_hp_gain":0,"max_hp_loss":0,"event_name":"Beggar","floor":20,"gold_loss":0},{"damage_healed":0,"gold_gain":50,"player_choice":"Pray","damage_taken":0,"max_hp_gain":0,"max_hp_loss":0,"event_name":"Golden Shrine","floor":22,"gold_loss":0},{"damage_healed":0,"gold_gain":0,"player_choice":"1 cards matched","damage_taken":0,"max_hp_gain":0,"max_hp_loss":0,"event_name":"Match and Keep!","floor":29,"gold_loss":0,"cards_obtained":["Offering"]}],"is_beta":false,"boss_relics":[{"not_picked":["Coffee Dripper","Ectoplasm"],"picked":"Runic Dome"}],"items_purged_floors":[21],"is_endless":false,"potions_floor_spawned":[1,4,8,11,19,30,31],"killed_by":"Automaton","ascension_level":20}}