{"host":"se54kqb5s2qquozl","time":1613861380,"event":{"mods":["BaseMod","Colored Powertips","Downfall","Hermit","Minty Spire (QoL Compilation)","Replay The Spire","StSLib"],"gold_per_floor":[99,119,132,132,143,176,176,208,220,245,245,2,2,0,20,124,124,124,134,154,7,17,17,96,96,96,96,108,125,156,174,188,283,383,383,399,384,403,403,434,459,459,459,459],"floor_reached":42,"language":"ENG","playtime":2976,"items_purged":[],"score":647,"play_id":"5beaa56f-c023-45d8-a520-be2973d2def8","local_time":"20210220164940","is_ascension_mode":true,"campfire_choices":[{"data":"hexamod:Sear","floor":1.0,"key":"SMITH"},{"data":"hexamod:UnlimitedPower","floor":11.0,"key":"SMITH"},{"data":"hexamod:Float","floor":13.0,"key":"SMITH"},{"data":"hexamod:FlamesFromBeyond","floor":18.0,"key":"SMITH"},{"data":"hexamod:GhostShield","floor":23.0,"key":"SMITH"},{"data":"hexamod:GhostShield","floor":26.0,"key":"SMITH"},{"data":"hexamod:Hexaguard","floor":35.0,"key":"SMITH"}],"circlet_count":0,"master_deck":["hexamod:Strike","hexamod:Strike+1","hexamod:Strike+1","hexamod:Strike","hexamod:Defend","hexamod:Defend","hexamod:Defend","hexamod:Defend+1","hexamod:Sear+1","hexamod:Float+1","hexamod:GhostOfSpirePast+1","hexamod:ChargedBarrage","hexamod:FlamesFromBeyond+1","hexamod:GhostLash","hexamod:RadiantFlame+1","hexamod:InspiringFlames","hexamod:UnlimitedPower+1","hexamod:NightmareStrike","hexamod:PhantomCloak+1","hexamod:GhostOfSpireFuture+1","hexamod:PhantomCloak+1","hexamod:ApocalypticArmor+1","hexamod:Hexaguard","hexamod:PhantomCloak+1","hexamod:EtherealExpedition","hexamod:GhostShield+1","hexamod:GhostShield+1","hexamod:BurningTouch","hexamod:ThermalTransfer","hexamod:Hexaguard+1","hexamod:ApocalypticArmor+1","hexamod:PhantomCloak+1","hexamod:EmpoweredFlame+1","hexamod:SixthSeal","hexamod:ExtraCrispy+1"],"relics":["hexamod:SpiritBrand","Gremlin Food","Chameleon Ring","Gremlin Horn","Frozen Egg 2","Matryoshka","Dream Catcher","Replay:Rubber Ducky","Black Star","Toy Ornithopter","Bottled Lightning","Replay:Bottled Steam","PreservedInsect","Replay:Wanted Poster","Counterbalance","Ginger","Boot","Vajra"],"acts_visited":["Exordium","TheCity","TheBeyond"],"potions_floor_usage":[40],"damage_taken":[{"damage":0.0,"enemies":"2 Louse","floor":2.0,"turns":3.0},{"damage":2.0,"enemies":"Jaw Worm","floor":3.0,"turns":4.0},{"damage":0.0,"enemies":"Small Slimes","floor":5.0,"turns":3.0},{"damage":0.0,"enemies":"3 Sentries","floor":6.0,"turns":6.0},{"damage":11.0,"enemies":"Gremlin Nob","floor":8.0,"turns":3.0},{"damage":4.0,"enemies":"Red Slaver","floor":9.0,"turns":3.0},{"damage":5.0,"enemies":"Lagavulin","floor":10.0,"turns":6.0},{"damage":5.0,"enemies":"downfall:FleeingMerchant","floor":12.0,"turns":4.0},{"damage":0.0,"enemies":"downfall:FleeingMerchant","floor":14.0,"turns":4.0},{"damage":1.0,"enemies":"2 Fungi Beasts","floor":15.0,"turns":5.0},{"damage":0.0,"enemies":"SI_SHIV_ARCHETYPE","floor":16.0,"turns":7.0},{"damage":8.0,"enemies":"3 Byrds","floor":19.0,"turns":5.0},{"damage":4.0,"enemies":"Shell Parasite","floor":20.0,"turns":7.0},{"damage":3.0,"enemies":"downfall:FleeingMerchant","floor":21.0,"turns":4.0},{"damage":20.0,"enemies":"Cultist and Chosen","floor":22.0,"turns":10.0},{"damage":0.0,"enemies":"Snake Plant","floor":28.0,"turns":5.0},{"damage":4.0,"enemies":"Snecko","floor":29.0,"turns":7.0},{"damage":14.0,"enemies":"Slavers","floor":30.0,"turns":9.0},{"damage":6.0,"enemies":"Centurion and Healer","floor":31.0,"turns":16.0},{"damage":14.0,"enemies":"Snake Plant","floor":32.0,"turns":5.0},{"damage":12.0,"enemies":"DF_ARCHETYPE_CLAW","floor":33.0,"turns":18.0},{"damage":1.0,"enemies":"3 Darklings","floor":36.0,"turns":6.0},{"damage":0.0,"enemies":"downfall:FleeingMerchant","floor":37.0,"turns":4.0},{"damage":1.0,"enemies":"3 Shapes","floor":38.0,"turns":6.0},{"damage":64,"enemies":"Nemesis","floor":40,"turns":7},{"damage":20,"enemies":"Reptomancer","floor":42,"turns":2}],"seed_played":"-2165681037678214594","potions_obtained":[{"floor":2.0,"key":"Fire Potion"},{"floor":6.0,"key":"hexamod:EctoCoolerPotion"},{"floor":9.0,"key":"Cursed Concoction"},{"floor":10.0,"key":"LiquidMemories"},{"floor":15.0,"key":"PowerPotion"},{"floor":19.0,"key":"Fruit Juice"},{"floor":22.0,"key":"PowerPotion"},{"floor":31.0,"key":"bronze:BurnAndBuffPotion"},{"floor":33.0,"key":"GamblersBrew"},{"floor":40,"key":"SteroidPotion"}],"is_trial":false,"path_per_floor":["R","M","M","?","M","E","T","E","M","E","R","$","R","$","M","B",null,"R","M","M","$","M","R","T","?","R","?","M","M","E","M","M","B",null,"R","M","$","M","?","E","T","E"],"character_chosen":"THE_SPIRIT","items_purchased":["Replay:Rubber Ducky","hexamod:PhantomCloak+1","hexamod:GhostShield","hexamod:BurningTouch","hexamod:ThermalTransfer"],"campfire_rested":0,"item_purchase_floors":[12,12,21,21,21],"current_hp_per_floor":[70,70,68,56,56,56,56,45,41,36,36,31,31,31,30,30,70,70,62,65,62,42,42,42,42,42,42,42,38,29,23,14,7,77,77,76,77,76,76,13,13,0,0,0],"gold":459,"neow_bonus":"RANDOM_COMMON_RELIC","is_daily":false,"chose_seed":false,"campfire_upgraded":7,"win_rate":0.0,"timestamp":1613861380,"path_taken":["R","M","M","?","M","E","T","E","M","E","R","$","R","$","M","BOSS","R","M","M","$","M","R","T","?","R","?","?","M","E","M","M","BOSS","R","M","$","M","?","E","T","E"],"items_purchased_type":["Relic","Card","Card","Card","Card"],"build_version":"2020-12-22","purchased_purges":0,"victory":false,"max_hp_per_floor":[70,70,70,70,70,70,70,70,70,70,70,70,70,70,70,70,70,70,70,77,77,77,77,77,77,77,77,77,77,77,77,77,77,77,77,77,77,77,77,77,77,77,77,77],"card_choices":[{"not_picked":["hexamod:RainOfEmbers","hexamod:Firestarter"],"picked":"hexamod:GhostOfSpirePast","floor":2.0},{"not_picked":["hexamod:Again","hexamod:GhostLash"],"picked":"hexamod:ChargedBarrage","floor":3.0},{"not_picked":["hexamod:DynamicBlow","hexamod:NightmareGuise"],"picked":"hexamod:FlamesFromBeyond","floor":5.0},{"not_picked":["hexamod:HeatMetal","hexamod:FastForward"],"picked":"hexamod:GhostLash","floor":6.0},{"not_picked":["hexamod:Again","hexamod:HauntingEcho"],"picked":"hexamod:RadiantFlame+1","floor":8.0},{"not_picked":["hexamod:GhostLash","hexamod:ThirdSeal"],"picked":"hexamod:InspiringFlames","floor":9.0},{"not_picked":["hexamod:SpectersWail","hexamod:PhantomFireball"],"picked":"hexamod:UnlimitedPower","floor":10.0},{"not_picked":["hexamod:SwordOfDarkness","hexamod:ShieldOfDarkness"],"picked":"hexamod:NightmareStrike","floor":12.0},{"not_picked":["hexamod:InspiringFlames","hexamod:Firestarter"],"picked":"hexamod:GhostOfSpireFuture+1","floor":14.0},{"not_picked":["hexamod:PowerFromBeyond","hexamod:NightmareStrike"],"picked":"hexamod:PhantomCloak+1","floor":15.0},{"not_picked":["hexamod:ApocalypseNow","hexamod:ForkedFlame"],"picked":"hexamod:ApocalypticArmor+1","floor":16.0},{"not_picked":["hexamod:BacktrackSmack","hexamod:SwordOfDarkness"],"picked":"hexamod:Hexaguard","floor":19.0},{"not_picked":["hexamod:SpectralAdrenaline","hexamod:AdvancingGuard"],"picked":"hexamod:PhantomCloak+1","floor":20.0},{"not_picked":["hexamod:FlamesFromBeyond","hexamod:RecurringNightmare"],"picked":"hexamod:EtherealExpedition","floor":21.0},{"not_picked":["hexamod:RainOfEmbers","hexamod:HauntingEcho"],"picked":"hexamod:Hexaguard","floor":22.0},{"not_picked":["hexamod:AdvancingGuard","hexamod:ShieldOfDarkness+1"],"picked":"hexamod:PhantomCloak+1","floor":28.0},{"not_picked":["hexamod:FastForward+1","hexamod:NecessarySacrifice","hexamod:PhantomFireball+1"],"picked":"SKIP","floor":29.0},{"not_picked":["hexamod:NecessarySacrifice","hexamod:Again+1","hexamod:FastForward"],"picked":"SKIP","floor":30.0},{"not_picked":["hexamod:SpectersWail","hexamod:NightmareStrike","hexamod:Hexaguard"],"picked":"SKIP","floor":31.0},{"not_picked":["hexamod:HeatMetal","hexamod:CatchUp"],"picked":"hexamod:EmpoweredFlame+1","floor":32.0},{"not_picked":["hexamod:TimeWarp","hexamod:Toasty"],"picked":"hexamod:SixthSeal","floor":33.0},{"not_picked":["hexamod:Hexaguard","hexamod:SpectersWail","hexamod:SkipABeat+1"],"picked":"SKIP","floor":36.0},{"not_picked":["hexamod:BacktrackSmack","hexamod:SecondSeal"],"picked":"hexamod:ExtraCrispy+1","floor":37.0},{"not_picked":["hexamod:GhostLash+1","hexamod:HeatMetal+1","hexamod:DynamicBlow"],"picked":"SKIP","floor":38.0},{"not_picked":["hexamod:NightmareGuise","hexamod:SpectralSpark","hexamod:GhostOfSpirePast+1"],"picked":"SKIP","floor":40}],"player_experience":76833,"relics_obtained":[{"floor":6.0,"key":"Gremlin Horn"},{"floor":7.0,"key":"Frozen Egg 2"},{"floor":8.0,"key":"Matryoshka"},{"floor":10.0,"key":"Dream Catcher"},{"floor":24.0,"key":"Toy Ornithopter"},{"floor":24.0,"key":"Bottled Lightning"},{"floor":30.0,"key":"Replay:Bottled Steam"},{"floor":30.0,"key":"PreservedInsect"},{"floor":40,"key":"Counterbalance"},{"floor":40,"key":"Ginger"},{"floor":41,"key":"Boot"},{"floor":41,"key":"Vajra"}],"event_choices":[{"damage_healed":0.0,"max_hp_gain":0.0,"max_hp_loss":0.0,"gold_gain":0.0,"event_name":"Scrap Ooze","player_choice":"Success","floor":4.0,"gold_loss":0.0,"damage_taken":12.0,"relics_obtained":["Chameleon Ring"]}],"is_beta":false,"boss_relics":[{"not_picked":["Replay:Ancient Bell","hexamod:UnbrokenSoul"],"picked":"Black Star"},{"not_picked":["Empty Cage","Busted Crown"],"picked":"Replay:Wanted Poster"}],"items_purged_floors":[],"is_endless":false,"potions_floor_spawned":[2,6,9,10,15,19,22,29,31,33,40],"killed_by":"Reptomancer","ascension_level":2}}