{"host":"p5axfb00mxhraew6","time":1613830755,"event":{"mods":["100% Spire Juice","Abigail Mod","Act Like it!","BaseMod","CapriCore","Friendly Minions","GifTheSpireLib","Jedi Mod","KomeijiMod","MarisaÅiñ∂âJÅ@ñÇóùçπÅj","Minty Spire (QoL Compilation)","Prisma Mod","ReimuÅiîé??öÎÅj","RemiliaÅiÂQïƒ‰ª?Åj","SOSÅiézîb?îVéqÅj","StSLib","Td1madao Mod","The Alterego","The Immortal","The Problem Sleuth","Yakumo Yukari mod"],"gold_per_floor":[159,178,178,44,9,9,89,89,89,139,167,167,210,239,239,315,315,353,358,358],"floor_reached":19,"language":"ENG","playtime":829,"items_purged":["Shoot"],"score":504,"play_id":"a8890343-4c3f-418f-ada7-213081dcb19e","local_time":"20210220231915","is_ascension_mode":true,"campfire_choices":[{"data":"Gilgamesh","floor":6.0,"key":"SMITH"},{"data":"Kick13","floor":8,"key":"SMITH"},{"data":"Shock","floor":15,"key":"SMITH"}],"circlet_count":0,"master_deck":["AscendersBane","Attack_a","Attack_a","Attack_b","Provocation","Defend_Dante","Defend_Dante","Defend_Dante","Defend_Dante+1","Redorb","Royaldefend+1","Gilgamesh+1","Kick13+1","Royaldefend","Swordmaster","Shock+1","Demonreform"],"relics":["SSS","Combocheck","Orichalcum","PreservedInsect","Tiny Chest","SlaversCollar"],"acts_visited":["Exordium","TheCity"],"potions_floor_usage":[7,16,19],"damage_taken":[{"damage":1.0,"enemies":"Small Slimes","floor":1.0,"turns":3.0},{"damage":2.0,"enemies":"2 Louse","floor":2.0,"turns":3.0},{"damage":20,"enemies":"3 Sentries","floor":7,"turns":6},{"damage":0,"enemies":"Cultist","floor":10,"turns":3},{"damage":0,"enemies":"Blue Slaver","floor":11,"turns":2},{"damage":0,"enemies":"Lagavulin","floor":13,"turns":4},{"damage":0,"enemies":"2 Fungi Beasts","floor":14,"turns":2},{"damage":0,"enemies":"Slime Boss","floor":16,"turns":6},{"damage":8,"enemies":"Spheric Guardian","floor":18,"turns":5},{"damage":13,"enemies":"Masked Bandits","floor":19,"turns":3}],"seed_played":"5872916780139221563","potions_obtained":[{"floor":2.0,"key":"Fire Potion"},{"floor":13,"key":"SteroidPotion"},{"floor":14,"key":"CalmPotion"},{"floor":18,"key":"JyouchiReiPotion"}],"is_trial":false,"path_per_floor":["M","M","?","$","?","R","E","R","T","M","M","?","E","M","R","B",null,"M","?"],"character_chosen":"DANTE","items_purchased":["Kick13"],"campfire_rested":0,"item_purchase_floors":[4],"current_hp_per_floor":[67,65,42,42,60,60,40,40,40,40,40,33,33,33,33,33,65,60,47,47],"gold":358,"neow_bonus":"TRANSFORM_CARD","is_daily":false,"chose_seed":false,"campfire_upgraded":3,"win_rate":0.0,"timestamp":1613830755,"path_taken":["M","M","?","$","?","R","E","R","T","M","M","?","E","M","R","BOSS","M","?"],"items_purchased_type":["Card"],"build_version":"2020-12-22","purchased_purges":1,"victory":false,"max_hp_per_floor":[75,75,75,75,75,75,75,75,75,75,75,75,75,75,75,75,75,75,75,75],"card_choices":[{"not_picked":["GilgameshcomboA","Chargeshoot"],"picked":"LucifercomboB","floor":1.0},{"not_picked":["Weaponchange","Straight"],"picked":"Gilgamesh","floor":2.0},{"not_picked":["Honeycombofire","Rebellion"],"picked":"Royaldefend","floor":7},{"not_picked":["Airhike","Honeycombofire","LucifercomboB"],"picked":"SKIP","floor":10},{"not_picked":["Gunstinger","Kick13"],"picked":"Swordmaster","floor":11},{"not_picked":["Chargeshoot2","Fullhouse","LucifercomboD"],"picked":"SKIP","floor":13},{"not_picked":["Chargeshoot","Lucifer"],"picked":"Shock","floor":14},{"not_picked":["Stylechange","Swordcombo"],"picked":"Demonreform","floor":16},{"not_picked":["Gunslinger","Holywater+1","Chargeshoot"],"picked":"SKIP","floor":18}],"player_experience":1239001,"relics_obtained":[{"floor":7,"key":"Orichalcum"},{"floor":9,"key":"PreservedInsect"},{"floor":13,"key":"Tiny Chest"}],"event_choices":[{"damage_healed":0.0,"max_hp_gain":0.0,"max_hp_loss":0.0,"gold_gain":0.0,"event_name":"Shining Light","player_choice":"Entered Light","floor":3.0,"gold_loss":0.0,"damage_taken":23.0,"cards_upgraded":["Royaldefend","Defend_Dante"]},{"damage_healed":18.0,"max_hp_gain":0.0,"max_hp_loss":0.0,"gold_gain":0.0,"event_name":"The Cleric","player_choice":"Healed","floor":5.0,"gold_loss":35.0,"damage_taken":0.0},{"cards_removed":["LucifercomboB"],"damage_healed":0,"gold_gain":0,"player_choice":"Card Removal","damage_taken":7,"max_hp_gain":0,"max_hp_loss":0,"event_name":"Golden Wing","floor":12,"gold_loss":0},{"damage_healed":0,"gold_gain":0,"player_choice":"Fought Bandits","damage_taken":0,"max_hp_gain":0,"max_hp_loss":0,"event_name":"Masked Bandits","floor":19,"gold_loss":0}],"is_beta":false,"boss_relics":[{"not_picked":["Cursed Key","Black Star"],"picked":"SlaversCollar"}],"items_purged_floors":[4],"is_endless":false,"potions_floor_spawned":[2,13,14,18],"killed_by":"Masked Bandits","ascension_level":20}}