{"host":"b1k9tvirjqaexfiq","time":1613797613,"event":{"mods":["AchievementEnabler","Act Like it!","BaseMod","Bestiary","Better Third Choice","BetterRewards","Bossed Relics","CapriCore","Colored Powertips","Conspire","Curses Come First","Energized Spire","Filter the Spire","Highlight Path","Hubris","Infinite Spire","Luminous","Marisa????????","Marked Mod","Minty Spire (QoL Compilation)","Permanent Neow","Quick Restart","Rare Cards Sparkle","Reliquary","Replay The Spire","Ruina","Shop Mod","StSLib","The Animator","The Bug Knight","The Cursed","The Immortal","The Marked","The Servant 0.9.4","Together in Spire","Waifu the Spire","??????REMEMod"],"gold_per_floor":[118,0,0,0,13,13,28,48,48,83,83,103,129,145,145,242,242,261,3,3,0,0,10,10,22,22,22,48,67,96,96,96,198,198,208,221,221,266,292,292,292],"floor_reached":40,"language":"ENG","playtime":2981,"items_purged":["SuperPerseids"],"score":710,"play_id":"339505b6-9c07-4de3-b741-5526a9602957","local_time":"20210219230653","is_ascension_mode":true,"campfire_choices":[{"data":"Metallicize","floor":6.0,"key":"SMITH"},{"data":"Body Slam","floor":11.0,"key":"SMITH"},{"data":"Combust","floor":15.0,"key":"SMITH"},{"data":"Brutality","floor":27.0,"key":"SMITH"},{"floor":32.0,"key":"REST"}],"circlet_count":0,"master_deck":["Strike_R","Strike_R","Strike_R","Strike_R","Strike_R","Defend_R","Defend_R","Defend_R","Defend_R","Bash","Metallicize+1","Shrug It Off","Armaments","Body Slam+1","True Grit","Enlightenment","Metallicize+1","Feel No Pain","Combust+1","Double Tap","Shrug It Off","Shrug It Off","Armaments","Brutality+1","Spot Weakness","Finesse+1","hubris:EnhanceAbility+1","Iron Wave+1","Body Slam+1","Armaments","ReplayTheSpireMod:Stacked","Life Link+1","Body Slam","Bludgeon","Seeing Red","Intimidate+1","Body Slam"],"relics":["Burning Blood","REME_ComplimentaryCards","conspire:DeflatedDodgeball","HollowMod:StagPassRelic","Mercury Hourglass","hubris:MysteriousPyramids","Odd Mushroom","Tiny House","Boot","Blood Vial","infinitespire:Golems Mask","reliquary:BigHammer","hubris:Icosahedron","infinitespire:Magic Flask"],"acts_visited":["Exordium","TheCity","TheBeyond"],"potions_floor_usage":[],"damage_taken":[{"damage":0.0,"enemies":"2 Louse","floor":1.0,"turns":4.0},{"damage":0.0,"enemies":"Small Slimes","floor":5.0,"turns":9.0},{"damage":0.0,"enemies":"Jaw Worm","floor":7.0,"turns":7.0},{"damage":11.0,"enemies":"Lots of Slimes","floor":8.0,"turns":9.0},{"damage":16.0,"enemies":"3 Sentries","floor":10.0,"turns":5.0},{"damage":11.0,"enemies":"Large Slime","floor":12.0,"turns":7.0},{"damage":16.0,"enemies":"The Mushroom Lair","floor":13.0,"turns":4.0},{"damage":1.0,"enemies":"Exordium Thugs","floor":14.0,"turns":5.0},{"damage":7.0,"enemies":"Slime Boss","floor":16.0,"turns":10.0},{"damage":7.0,"enemies":"Chosen","floor":18.0,"turns":10.0},{"damage":18.0,"enemies":"2 Thieves","floor":21.0,"turns":4.0},{"damage":10.0,"enemies":"Snake Plant","floor":23.0,"turns":7.0},{"damage":15.0,"enemies":"Snecko","floor":25.0,"turns":9.0},{"damage":8.0,"enemies":"Book of Stabbing","floor":28.0,"turns":6.0},{"damage":20.0,"enemies":"Centurion and Healer","floor":29.0,"turns":9.0},{"damage":25.0,"enemies":"Slavers","floor":30.0,"turns":8.0},{"damage":27.0,"enemies":"Automaton","floor":33.0,"turns":12.0},{"damage":13.0,"enemies":"3 Darklings","floor":35.0,"turns":6.0},{"damage":6.0,"enemies":"Orb Walker","floor":36.0,"turns":7.0},{"damage":30.0,"enemies":"2 Orb Walkers","floor":38.0,"turns":7.0},{"damage":63,"enemies":"Reptomancer","floor":40,"turns":2}],"seed_played":"3792372742457398016","potions_obtained":[{"floor":5.0,"key":"BloodPotion"},{"floor":7.0,"key":"HeartOfIron"},{"floor":13.0,"key":"Fire Potion"},{"floor":33.0,"key":"Swift Potion"},{"floor":38.0,"key":"Energy Potion"}],"is_trial":false,"path_per_floor":["M","?","$","?","M","R","M","M","T","E","R","M","?","M","R","B",null,"M","$","?","M","$","M","?","M","T","R","E","M","E","?","R","B",null,"M","M","?","?","T","E"],"character_chosen":"IRONCLAD","items_purchased":["conspire:DeflatedDodgeball","HollowMod:StagPassRelic","Metallicize","Shrug It Off","Armaments","Body Slam","Finesse","hubris:EnhanceAbility"],"campfire_rested":1,"item_purchase_floors":[0,0,0,0,0,0,19,19],"current_hp_per_floor":[70,76,76,76,82,82,86,81,81,71,71,66,56,61,61,60,86,85,85,85,73,73,69,86,77,77,77,75,63,46,46,71,52,86,79,81,81,59,59,0,0],"gold":292,"neow_bonus":"","is_daily":false,"chose_seed":false,"campfire_upgraded":4,"win_rate":0.0,"timestamp":1613797613,"path_taken":["M","?","$","?","M","R","M","M","T","E","R","M","?","M","R","BOSS","M","$","?","M","$","M","?","?","T","R","E","M","E","?","R","BOSS","M","M","?","?","?","E"],"items_purchased_type":["Relic","Relic","Card","Card","Card","Card","Card","Card"],"build_version":"2020-12-22","purchased_purges":1,"victory":false,"max_hp_per_floor":[80,86,86,86,86,86,86,86,86,86,86,86,86,86,86,86,86,86,86,86,86,86,86,86,86,86,86,86,86,86,86,86,86,86,86,86,86,86,86,86,86],"card_choices":[{"not_picked":["Havoc","Wild Strike"],"picked":"True Grit","floor":1.0},{"not_picked":["ReplayTheSpireMod:Muscle Training","Twin Strike"],"picked":"Feel No Pain","floor":5.0},{"not_picked":["Cleave","Headbutt","Sword Boomerang"],"picked":"SKIP","floor":7.0},{"not_picked":["Hemokinesis","Warcry"],"picked":"Combust","floor":8.0},{"not_picked":["Carnage","Double Tap","Clash"],"picked":"SKIP","floor":10.0},{"not_picked":["Carnage","Clash"],"picked":"Double Tap","floor":10.0},{"not_picked":["Anger","True Grit"],"picked":"Shrug It Off","floor":12.0},{"not_picked":["ReplayTheSpireMod:Limb From Limb","True Grit"],"picked":"Shrug It Off","floor":13.0},{"not_picked":["Dropkick","Rage"],"picked":"Armaments","floor":14.0},{"not_picked":["Demonic Infusion","Fiend Fire"],"picked":"Brutality","floor":16.0},{"not_picked":["Sword Boomerang","ReplayTheSpireMod:Strike From Hell"],"picked":"Spot Weakness","floor":18.0},{"not_picked":["Heavy Blade","Uppercut"],"picked":"Iron Wave+1","floor":21.0},{"not_picked":["Dropkick","Replay:Undeath\u0027s Touch"],"picked":"Body Slam+1","floor":23.0},{"not_picked":["Evolve+1","Clash"],"picked":"Armaments","floor":25.0},{"not_picked":["Blood for Blood","Armaments+1"],"picked":"ReplayTheSpireMod:Stacked","floor":28.0},{"not_picked":["Cleave","Flex+1"],"picked":"Life Link","floor":29.0},{"not_picked":["Corruption","Clothesline"],"picked":"Body Slam","floor":30.0},{"not_picked":["conspire:HitWhereItHurts","Eclipse"],"picked":"Bludgeon","floor":33.0},{"not_picked":["Clash","Anger+1"],"picked":"Seeing Red","floor":35.0},{"not_picked":["Cleave+1","hubris:ReadiedAction+1"],"picked":"Intimidate+1","floor":36.0},{"not_picked":["hubris:ReadiedAction+1","Feel No Pain+1"],"picked":"Body Slam","floor":38.0}],"player_experience":84515,"relics_obtained":[{"floor":9.0,"key":"Mercury Hourglass"},{"floor":10.0,"key":"hubris:MysteriousPyramids"},{"floor":13.0,"key":"Odd Mushroom"},{"floor":26.0,"key":"Boot"},{"floor":28.0,"key":"Blood Vial"},{"floor":30.0,"key":"infinitespire:Golems Mask"},{"floor":38.0,"key":"infinitespire:Magic Flask"}],"event_choices":[{"damage_healed":0.0,"max_hp_gain":0.0,"max_hp_loss":0.0,"gold_gain":0.0,"event_name":"betterThird:BetterSerpent","player_choice":"RENOUNCE","floor":2.0,"gold_loss":118.0,"damage_taken":118.0,"cards_obtained":["Enlightenment"]},{"damage_healed":0.0,"max_hp_gain":0.0,"max_hp_loss":0.0,"gold_gain":0.0,"event_name":"Mushrooms","player_choice":"Fought Mushrooms","floor":13.0,"gold_loss":0.0,"damage_taken":0.0},{"damage_healed":17.0,"max_hp_gain":0.0,"max_hp_loss":0.0,"gold_gain":0.0,"event_name":"Wheel of Change","player_choice":"Full Heal","floor":24.0,"gold_loss":0.0,"damage_taken":0.0},{"damage_healed":0.0,"max_hp_gain":0.0,"max_hp_loss":0.0,"gold_gain":0.0,"event_name":"Upgrade Shrine","player_choice":"Upgraded","floor":31.0,"gold_loss":0.0,"damage_taken":0.0,"cards_upgraded":["Life Link"]},{"damage_healed":0.0,"max_hp_gain":0.0,"max_hp_loss":0.0,"gold_gain":0.0,"event_name":"Mysterious Sphere","player_choice":"Fight","floor":38.0,"gold_loss":0.0,"damage_taken":0.0}],"is_beta":false,"boss_relics":[{"not_picked":["Replay:Grab Bag","energizedSpire:StickyHand"],"picked":"Tiny House"},{"not_picked":["Abe\u0027s Treasure","hubris:ScarierMask"],"picked":"reliquary:BigHammer"}],"items_purged_floors":[0],"is_endless":false,"potions_floor_spawned":[5,7,13,14,18,29,30,33,38],"killed_by":"Reptomancer","ascension_level":3}}