{"host":"gfxjwtol062e9znw","time":1613806547,"event":{"mods":["BaseMod","Colored Map","Minty Spire (QoL Compilation)","Rare Cards Sparkle","StSLib"],"gold_per_floor":[119,138,154,154,105,131,131,157,157,190,209,76,41,96,96,200,200,211,223,223,69,87,87,87,87],"floor_reached":24,"language":"ENG","playtime":1695,"items_purged":["Defend_R"],"score":367,"play_id":"4f1511e1-227f-4e2b-a2c3-4868d3c37181","local_time":"20210220183547","is_ascension_mode":true,"campfire_choices":[{"floor":7.0,"key":"REST"},{"floor":15.0,"key":"REST"},{"floor":23,"key":"REST"}],"circlet_count":0,"master_deck":["AscendersBane","Strike_R","Strike_R","Defend_R","Defend_R","Bash","Wild Strike","Offering","Wild Strike","Shrug It Off","Shrug It Off","Clothesline","Battle Trance","Intimidate","Iron Wave","Demon Form","Hemokinesis+1","Sword Boomerang+1","Burning Pact+1","Headbutt"],"relics":["Burning Blood","Self Forming Clay","Strawberry","The Courier","Pen Nib","White Beast Statue","Astrolabe","Lantern","Tiny Chest"],"acts_visited":["Exordium","TheCity"],"potions_floor_usage":[24,24],"damage_taken":[{"damage":6.0,"enemies":"Jaw Worm","floor":1.0,"turns":5.0},{"damage":6.0,"enemies":"Cultist","floor":2.0,"turns":3.0},{"damage":6.0,"enemies":"2 Louse","floor":3.0,"turns":2.0},{"damage":33.0,"enemies":"Lagavulin","floor":6.0,"turns":7.0},{"damage":33.0,"enemies":"Gremlin Nob","floor":8.0,"turns":4.0},{"damage":32.0,"enemies":"3 Sentries","floor":10.0,"turns":10.0},{"damage":18.0,"enemies":"Exordium Thugs","floor":11.0,"turns":5.0},{"damage":21.0,"enemies":"Gremlin Nob","floor":14.0,"turns":3.0},{"damage":71.0,"enemies":"The Guardian","floor":16.0,"turns":17.0},{"damage":35,"enemies":"Spheric Guardian","floor":18,"turns":6},{"damage":22,"enemies":"Shell Parasite","floor":19,"turns":7},{"damage":23,"enemies":"Snecko","floor":22,"turns":5},{"damage":45,"enemies":"Book of Stabbing","floor":24,"turns":5}],"seed_played":"-3646834595704471819","potions_obtained":[{"floor":2.0,"key":"Fire Potion"},{"floor":3.0,"key":"ElixirPotion"},{"floor":11.0,"key":"FairyPotion"},{"floor":16.0,"key":"Energy Potion"},{"floor":18,"key":"ColorlessPotion"}],"is_trial":false,"path_per_floor":["M","M","M","?","$","E","R","E","T","E","M","$","?","?","R","B",null,"M","M","?","$","M","R","E"],"character_chosen":"IRONCLAD","items_purchased":["Shrug It Off","Intimidate","AttackPotion","Tiny Chest","AttackPotion"],"campfire_rested":3,"item_purchase_floors":[5,12,12,21,21],"current_hp_per_floor":[80,80,80,80,80,53,79,59,59,33,21,21,44,29,57,20,76,47,31,31,31,14,42,0,0],"gold":87,"neow_bonus":"TEN_PERCENT_HP_BONUS","is_daily":false,"chose_seed":false,"campfire_upgraded":0,"win_rate":0.0,"timestamp":1613806547,"path_taken":["M","M","M","?","$","E","R","E","T","E","?","$","?","?","R","BOSS","M","M","?","$","M","R","E"],"items_purchased_type":["Card","Card","Potion","Relic","Potion"],"build_version":"2020-12-22","purchased_purges":1,"victory":false,"max_hp_per_floor":[88,88,88,88,88,88,88,95,95,95,95,95,95,95,95,95,95,95,95,95,95,95,95,95,95],"card_choices":[{"not_picked":["True Grit","Cleave"],"picked":"Wild Strike","floor":1.0},{"not_picked":["Second Wind","Whirlwind"],"picked":"Offering","floor":2.0},{"not_picked":["Armaments","Rampage"],"picked":"Wild Strike","floor":3.0},{"not_picked":["Evolve","Metallicize"],"picked":"Disarm","floor":6.0},{"not_picked":["Cleave","Armaments"],"picked":"Shrug It Off","floor":8.0},{"not_picked":["Body Slam","Cleave"],"picked":"Clothesline","floor":10.0},{"not_picked":["Shrug It Off","True Grit"],"picked":"Battle Trance","floor":11.0},{"not_picked":["Offering","Combust"],"picked":"Iron Wave","floor":14.0},{"not_picked":["Impervious","Bludgeon"],"picked":"Demon Form","floor":16.0},{"not_picked":["Iron Wave","Anger","Clothesline"],"picked":"SKIP","floor":18},{"not_picked":["Reaper","Clothesline"],"picked":"Headbutt","floor":19},{"not_picked":["Wild Strike","Battle Trance","Iron Wave"],"picked":"SKIP","floor":22}],"player_experience":199630,"relics_obtained":[{"floor":6.0,"key":"Self Forming Clay"},{"floor":8.0,"key":"Strawberry"},{"floor":9.0,"key":"The Courier"},{"floor":10.0,"key":"Pen Nib"},{"floor":14.0,"key":"White Beast Statue"}],"event_choices":[{"cards_removed":["Strike_R"],"damage_healed":0.0,"max_hp_gain":0.0,"max_hp_loss":0.0,"gold_gain":0.0,"event_name":"Bonfire Elementals","player_choice":"Offered Basic","floor":4.0,"gold_loss":0.0,"damage_taken":0.0},{"damage_healed":23.0,"max_hp_gain":0.0,"max_hp_loss":0.0,"gold_gain":0.0,"event_name":"The Cleric","player_choice":"Healed","floor":13.0,"gold_loss":35.0,"damage_taken":0.0},{"damage_healed":0.0,"max_hp_gain":0.0,"max_hp_loss":0.0,"gold_gain":0.0,"event_name":"Dead Adventurer","player_choice":"Searched \u00271\u0027 times","floor":14.0,"gold_loss":0.0,"damage_taken":0.0},{"cards_removed":["Disarm"],"damage_healed":0,"gold_gain":0,"player_choice":"Gave Card","damage_taken":0,"relics_obtained":["Lantern"],"max_hp_gain":0,"max_hp_loss":0,"event_name":"WeMeetAgain","floor":20,"gold_loss":0}],"is_beta":false,"boss_relics":[{"not_picked":["Velvet Choker","Philosopher\u0027s Stone"],"picked":"Astrolabe"}],"items_purged_floors":[12],"is_endless":false,"potions_floor_spawned":[2,3,11,16,18,19,22],"killed_by":"Book of Stabbing","ascension_level":12}}