{"host":"7tncuco8wmu6m2y5","time":1613860284,"event":{"mods":["AchievementEnabler","BaseMod","Better Note","Card Forge","Colored Map","Colored Powertips","Minty Spire (QoL Compilation)","Permanent Neow","Quick Restart","Rare Cards Sparkle","Remove Card Discount Mod","Spire Birthday Party","StSLib","SuperFastMode","The IronCluck","everything is the same but u backflip on backflip"],"gold_per_floor":[118,131,131,145,145,175,187,205,205,232,247,279,279,38,38,134,184,203,51,63,80,80,80,113,113,113,139,159,170,195,195,195,298,298,315,15,0,100,111,111,131,162,162,179,229,249,264,277,277,277,277,277,26,51,51],"floor_reached":56,"language":"ENG","playtime":2561,"items_purged":[],"score":1586,"play_id":"95310701-0b58-4298-af1c-8a6af1c5f7b2","local_time":"20210220223124","is_ascension_mode":false,"campfire_choices":[{"floor":15,"key":"RECALL"},{"floor":23,"key":"REST"},{"floor":25,"key":"REST"},{"floor":32,"key":"REST"},{"floor":40,"key":"REST"},{"floor":49,"key":"REST"},{"floor":52,"key":"REST"}],"circlet_count":0,"master_deck":["Adrenaline+1","Venomology+1","Devotion+1","EmptyBody+1","EmptyFist+1","Impervious+1","InnerPeace+1","Prostrate+1","Discovery+1","Finesse+1","Insight+1","Master of Strategy+1","ThroughViolence+1","Vigilance+1","Impervious+1","Adrenaline+1","Discovery+1","Finesse+1","Insight+1","Miracle+1","ThroughViolence+1","Prostrate+1","Backstab+1","Prostrate+1","Omega+1","Worship+1","Brilliance+1","ForeignInfluence+1","Prostrate+1","Self Repair+1","Bandage Up+1","Self Repair+1","Bandage Up+1"],"relics":["PureWater","Hammer of Thor","Seething Fire","Anvil of the Gods","NeowsBlessing","Bag of Marbles","Matryoshka","Kunai","Mummified Hand","Tiny House","Lee\u0027s Waffle","Mercury Hourglass","Bag of Preparation","Meat on the Bone","Pantograph","Bottled Flame","SlaversCollar","Turnip","Red Mask","Regal Pillow","Akabeko","Yang","TungstenRod","Ornamental Fan","InkBottle"],"acts_visited":["Exordium","TheCity","TheBeyond","TheEnding"],"potions_floor_usage":[11,12,17,45,55,55,55,55,55],"damage_taken":[{"damage":0,"enemies":"Cultist","floor":1,"turns":1},{"damage":0,"enemies":"Small Slimes","floor":2,"turns":1},{"damage":0,"enemies":"Jaw Worm","floor":4,"turns":1},{"damage":0,"enemies":"Lagavulin","floor":6,"turns":2},{"damage":0,"enemies":"Exordium Thugs","floor":7,"turns":2},{"damage":0,"enemies":"Looter","floor":8,"turns":2},{"damage":0,"enemies":"Gremlin Nob","floor":10,"turns":2},{"damage":0,"enemies":"Exordium Wildlife","floor":11,"turns":1},{"damage":0,"enemies":"3 Sentries","floor":12,"turns":2},{"damage":0,"enemies":"Slime Boss","floor":16,"turns":2},{"damage":10,"enemies":"Shell Parasite","floor":18,"turns":3},{"damage":0,"enemies":"Chosen","floor":20,"turns":2},{"damage":30,"enemies":"Snake Plant","floor":21,"turns":3},{"damage":23,"enemies":"Gremlin Leader","floor":24,"turns":3},{"damage":7,"enemies":"Slavers","floor":27,"turns":3},{"damage":0,"enemies":"Centurion and Healer","floor":28,"turns":3},{"damage":0,"enemies":"3 Cultists","floor":29,"turns":1},{"damage":0,"enemies":"Gremlin Leader","floor":30,"turns":2},{"damage":6,"enemies":"Champ","floor":33,"turns":3},{"damage":3,"enemies":"3 Shapes","floor":35,"turns":2},{"damage":0,"enemies":"3 Darklings","floor":39,"turns":1},{"damage":0,"enemies":"Writhing Mass","floor":41,"turns":2},{"damage":0,"enemies":"Nemesis","floor":42,"turns":3},{"damage":0,"enemies":"Maw","floor":44,"turns":4},{"damage":0,"enemies":"Mind Bloom Boss Battle","floor":45,"turns":2},{"damage":0,"enemies":"3 Darklings","floor":46,"turns":1},{"damage":0,"enemies":"Sphere and 2 Shapes","floor":47,"turns":1},{"damage":0,"enemies":"Spire Growth","floor":48,"turns":1},{"damage":46,"enemies":"Time Eater","floor":50,"turns":6},{"damage":0,"enemies":"Shield and Spear","floor":54,"turns":5},{"damage":43,"enemies":"The Heart","floor":55,"turns":6}],"seed_played":"6742000927901226728","potions_obtained":[{"floor":2,"key":"SteroidPotion"},{"floor":7,"key":"LiquidBronze"},{"floor":16,"key":"Dexterity Potion"},{"floor":17,"key":"Fruit Juice"},{"floor":20,"key":"Strength Potion"},{"floor":28,"key":"BottledMiracle"},{"floor":47,"key":"Regen Potion"}],"is_trial":false,"path_per_floor":["M","M","?","M","?","E","M","M","T","E","M","E","?","$","R","B",null,"M","$","M","M","?","R","E","R","T","E","M","M","E","?","R","B",null,"M","$","?","?","M","R","M","E","T","M","?","M","M","M","R","B",null,"R","$","E","B",null],"character_chosen":"WATCHER","items_purchased":["Mummified Hand","Lee\u0027s Waffle","Turnip","Ornamental Fan"],"campfire_rested":6,"item_purchase_floors":[14,19,36,53],"current_hp_per_floor":[72,72,72,72,72,72,72,72,72,72,72,72,72,72,72,72,82,72,89,89,89,89,89,86,89,89,89,89,89,89,89,89,89,89,86,86,86,86,89,89,89,89,89,89,89,89,89,89,89,75,89,89,89,89,87],"gold":51,"neow_bonus":"THREE_ENEMY_KILL","is_daily":false,"chose_seed":false,"campfire_upgraded":0,"win_rate":0.0,"timestamp":1613860284,"path_taken":["M","?","?","M","?","E","?","M","T","E","M","E","?","$","R","BOSS","M","$","M","M","?","R","E","R","T","E","M","M","E","?","R","BOSS","M","$","?","?","M","R","?","E","T","?","?","M","M","M","R","BOSS","R","$","E","BOSS"],"items_purchased_type":["Relic","Relic","Relic","Relic"],"build_version":"2020-12-22","purchased_purges":0,"victory":true,"max_hp_per_floor":[72,72,72,72,72,72,72,72,72,72,72,72,72,72,72,72,82,82,89,89,89,89,89,89,89,89,89,89,89,89,89,89,89,89,89,89,89,89,89,89,89,89,89,89,89,89,89,89,89,89,89,89,89,89,89],"card_choices":[{"not_picked":["Evaluate","JustLucky","FollowUp"],"picked":"SKIP","floor":1},{"not_picked":["Conclude","ClearTheMind"],"picked":"Prostrate","floor":2},{"not_picked":["Tantrum","FlyingSleeves","Crescendo"],"picked":"SKIP","floor":4},{"not_picked":["CrushJoints","Wireheading"],"picked":"Worship","floor":6},{"not_picked":["DeceiveReality","Consecrate","FlyingSleeves"],"picked":"SKIP","floor":7},{"not_picked":["JustLucky","Fasting2","FlurryOfBlows"],"picked":"SKIP","floor":8},{"not_picked":["ClearTheMind","Devotion"],"picked":"Prostrate","floor":10},{"not_picked":["Crescendo","Meditate","DeceiveReality"],"picked":"SKIP","floor":11},{"not_picked":["Omniscience","CarveReality","EmptyBody"],"picked":"SKIP","floor":12},{"not_picked":["ClearTheMind","FollowUp","Prostrate+1"],"picked":"SKIP","floor":18},{"not_picked":["CrushJoints","Wireheading","JustLucky+1"],"picked":"SKIP","floor":20},{"not_picked":["Perseverance+1","FollowUp","SashWhip"],"picked":"SKIP","floor":21},{"not_picked":["Study","Wallop","WreathOfFlame"],"picked":"SKIP","floor":24},{"not_picked":["Omniscience","Scrawl","Crescendo+1"],"picked":"SKIP","floor":27},{"not_picked":["PathToVictory","Indignation","SandsOfTime+1"],"picked":"SKIP","floor":28},{"not_picked":["FlurryOfBlows","EmptyBody","Worship"],"picked":"SKIP","floor":29},{"not_picked":["Indignation","Fasting2+1","Prostrate"],"picked":"SKIP","floor":30},{"not_picked":["ClearTheMind+1","Wireheading+1","Crescendo+1"],"picked":"SKIP","floor":35},{"not_picked":["CrushJoints","Sanctity+1","EmptyMind"],"picked":"SKIP","floor":39},{"not_picked":["CrushJoints+1","Conclude","ClearTheMind"],"picked":"SKIP","floor":41},{"not_picked":["Vengeance","WheelKick","Indignation+1"],"picked":"SKIP","floor":42},{"not_picked":["ThirdEye","CrushJoints+1","WindmillStrike+1"],"picked":"SKIP","floor":44},{"not_picked":["FlyingSleeves+1","DevaForm","EmptyFist"],"picked":"SKIP","floor":46},{"not_picked":["SignatureMove+1","ClearTheMind+1","FlyingSleeves"],"picked":"SKIP","floor":47},{"not_picked":["EmptyFist","Devotion","CutThroughFate+1"],"picked":"SKIP","floor":48},{"not_picked":["PathToVictory","CrushJoints","Conclude"],"picked":"SKIP","floor":54}],"player_experience":295470,"relics_obtained":[{"floor":6,"key":"Bag of Marbles"},{"floor":10,"key":"Matryoshka"},{"floor":12,"key":"Kunai"},{"floor":24,"key":"Mercury Hourglass"},{"floor":26,"key":"Bag of Preparation"},{"floor":26,"key":"Meat on the Bone"},{"floor":27,"key":"Pantograph"},{"floor":30,"key":"Bottled Flame"},{"floor":42,"key":"Regal Pillow"},{"floor":43,"key":"Akabeko"},{"floor":43,"key":"Yang"},{"floor":45,"key":"TungstenRod"},{"floor":54,"key":"InkBottle"}],"event_choices":[{"damage_healed":0,"gold_gain":0,"player_choice":"Leave","damage_taken":0,"max_hp_gain":0,"max_hp_loss":0,"event_name":"The Cleric","floor":3,"gold_loss":0},{"cards_removed":["Omega"],"damage_healed":5,"gold_gain":0,"player_choice":"Offered Special","damage_taken":0,"max_hp_gain":0,"max_hp_loss":0,"event_name":"Bonfire Elementals","floor":5,"gold_loss":0},{"damage_healed":0,"gold_gain":0,"player_choice":"Ignored","damage_taken":0,"max_hp_gain":0,"max_hp_loss":0,"event_name":"Shining Light","floor":13,"gold_loss":0},{"damage_healed":0,"gold_gain":0,"player_choice":"1 cards matched","damage_taken":0,"max_hp_gain":0,"max_hp_loss":0,"event_name":"Match and Keep!","floor":22,"gold_loss":0,"cards_obtained":["ThirdEye"]},{"damage_healed":0,"gold_gain":0,"player_choice":"Ignored","damage_taken":0,"max_hp_gain":0,"max_hp_loss":0,"event_name":"betterNote:BetterNote","floor":31,"gold_loss":0,"cards_obtained":["Prepared"]},{"damage_healed":0,"gold_gain":0,"player_choice":"Paid","damage_taken":0,"relics_obtained":["Red Mask"],"max_hp_gain":0,"max_hp_loss":0,"event_name":"Tomb of Lord Red Mask","floor":37,"gold_loss":15},{"damage_healed":0,"gold_gain":100,"player_choice":"Pray","damage_taken":0,"max_hp_gain":0,"max_hp_loss":0,"event_name":"Golden Shrine","floor":38,"gold_loss":0},{"damage_healed":0,"gold_gain":0,"player_choice":"Fight","damage_taken":0,"max_hp_gain":0,"max_hp_loss":0,"event_name":"MindBloom","floor":45,"gold_loss":0}],"is_beta":false,"boss_relics":[{"not_picked":["Empty Cage","Pandora\u0027s Box"],"picked":"Tiny House"},{"not_picked":["Snecko Eye","Astrolabe"],"picked":"SlaversCollar"}],"items_purged_floors":[],"is_endless":false,"potions_floor_spawned":[2,7,8,16,20,24,28,29,35,39,44,47,54],"ascension_level":0}}