{"host":"qxeepl7ydvsgmfdb","time":1613834527,"event":{"mods":["AchievementEnabler","BaseMod","Colored Powertips","Minty Spire (QoL Compilation)","Quick Restart","slay the spire mod where everything is the same but ironclad has a cowboy hat"],"gold_per_floor":[117,117,117,4,20,20,59,73,73,73,73,87,106,146,146,242,242,261,261,168,168,168,168,168],"floor_reached":23,"language":"ENG","playtime":751,"items_purged":[],"score":411,"play_id":"ed2b9ff2-803b-4c0d-abe4-d893fdb044c6","local_time":"20210220102207","is_ascension_mode":true,"campfire_choices":[{"floor":6,"key":"REST"},{"floor":15,"key":"REST"}],"circlet_count":0,"master_deck":["AscendersBane","Strike_G","Strike_G","Defend_G","Defend_G","Defend_G","Defend_G","Survivor","Neutralize","Deflect","Poisoned Stab","Blade Dance","Corpse Explosion","Accuracy","Poisoned Stab","Writhe"],"relics":["Ring of the Snake","NeowsBlessing","Golden Idol","Vajra","Sundial","Question Card","Tough Bandages","Empty Cage","MutagenicStrength","Matryoshka"],"acts_visited":["Exordium","TheCity"],"potions_floor_usage":[4,8,14,16,23],"damage_taken":[{"damage":0,"enemies":"Small Slimes","floor":1,"turns":1},{"damage":0,"enemies":"2 Louse","floor":5,"turns":1},{"damage":0,"enemies":"Lagavulin","floor":7,"turns":1},{"damage":3,"enemies":"Jaw Worm","floor":8,"turns":9},{"damage":5,"enemies":"Blue Slaver","floor":12,"turns":5},{"damage":11,"enemies":"Exordium Wildlife","floor":13,"turns":5},{"damage":23,"enemies":"Gremlin Nob","floor":14,"turns":5},{"damage":17,"enemies":"The Guardian","floor":16,"turns":17},{"damage":32,"enemies":"Shell Parasite","floor":18,"turns":7},{"damage":28,"enemies":"Book of Stabbing","floor":23,"turns":5}],"seed_played":"5730322251335282830","potions_obtained":[{"floor":5,"key":"Block Potion"},{"floor":8,"key":"Ancient Potion"},{"floor":13,"key":"AttackPotion"},{"floor":14,"key":"Dexterity Potion"},{"floor":18,"key":"Weak Potion"}],"is_trial":false,"path_per_floor":["M","?","?","$","M","R","E","M","T","T","$","M","M","E","R","B",null,"M","?","$","?","?","E"],"character_chosen":"THE_SILENT","items_purchased":["Fruit Juice","Accuracy","Poisoned Stab"],"campfire_rested":2,"item_purchase_floors":[4,20,20],"current_hp_per_floor":[59,36,29,34,34,55,55,52,52,52,52,47,36,13,34,17,58,26,26,26,26,26,0,0],"gold":168,"neow_bonus":"THREE_ENEMY_KILL","is_daily":false,"chose_seed":false,"campfire_upgraded":0,"win_rate":0.0,"timestamp":1613834527,"path_taken":["M","?","?","?","M","R","E","M","T","?","$","M","M","E","R","BOSS","M","?","$","?","?","E"],"items_purchased_type":["Potion","Card","Card"],"build_version":"2020-12-22","purchased_purges":0,"victory":false,"max_hp_per_floor":[66,66,66,71,71,71,71,71,71,71,71,71,71,71,71,71,71,71,71,71,71,71,71,71],"card_choices":[{"not_picked":["PiercingWail","Flying Knee"],"picked":"Deflect","floor":1},{"not_picked":["Dodge and Roll","Dagger Throw","Underhanded Strike"],"picked":"SKIP","floor":5},{"not_picked":["Bane","Calculated Gamble","Concentrate"],"picked":"SKIP","floor":7},{"not_picked":["Quick Slash","Prepared"],"picked":"Poisoned Stab","floor":8},{"not_picked":["Malaise","Cloak And Dagger","Blur","Underhanded Strike"],"picked":"SKIP","floor":12},{"not_picked":["Flechettes","Underhanded Strike","PiercingWail","Backflip"],"picked":"SKIP","floor":13},{"not_picked":["Burst","Acrobatics","Infinite Blades"],"picked":"Blade Dance","floor":14},{"not_picked":["Bullet Time","Wraith Form v2","Venomology"],"picked":"Corpse Explosion","floor":16},{"not_picked":["Well Laid Plans","Caltrops","Bane","Underhanded Strike"],"picked":"SKIP","floor":18}],"player_experience":185562,"relics_obtained":[{"floor":7,"key":"Vajra"},{"floor":9,"key":"Sundial"},{"floor":10,"key":"Question Card"},{"floor":14,"key":"Tough Bandages"}],"event_choices":[{"damage_healed":0,"gold_gain":0,"player_choice":"Take Damage","damage_taken":23,"relics_obtained":["Golden Idol"],"max_hp_gain":0,"max_hp_loss":0,"event_name":"Golden Idol","floor":2,"gold_loss":0},{"cards_removed":["Strike_G"],"damage_healed":0,"gold_gain":0,"player_choice":"Card Removal","damage_taken":7,"max_hp_gain":0,"max_hp_loss":0,"event_name":"Golden Wing","floor":3,"gold_loss":0},{"damage_healed":0,"gold_gain":0,"player_choice":"Inject Mutagens","damage_taken":0,"relics_obtained":["MutagenicStrength"],"max_hp_gain":0,"max_hp_loss":0,"event_name":"Drug Dealer","floor":19,"gold_loss":0},{"cards_removed":["Strike_G"],"damage_healed":0,"gold_gain":0,"player_choice":"Elegance","damage_taken":0,"max_hp_gain":0,"max_hp_loss":0,"event_name":"Back to Basics","floor":21,"gold_loss":0},{"damage_healed":0,"gold_gain":0,"player_choice":"Opened","damage_taken":0,"relics_obtained":["Matryoshka"],"max_hp_gain":0,"max_hp_loss":0,"event_name":"The Mausoleum","floor":22,"gold_loss":0,"cards_obtained":["Writhe"]}],"is_beta":false,"boss_relics":[{"not_picked":["Cursed Key","Velvet Choker"],"picked":"Empty Cage"}],"items_purged_floors":[],"is_endless":false,"potions_floor_spawned":[5,8,13,14,18],"killed_by":"Book of Stabbing","ascension_level":17}}