{"host":"9vecvdjkx64cw9bo","time":1613850135,"event":{"mods":["Ascension Unlocker","BaseMod","Custom Start","Keyboard Shortcuts","Minty Spire (QoL Compilation)","Quick Restart","StSLib","SuperFastMode"],"gold_per_floor":[110,35,110,110,161,161,191,211,211,211,221,254,95,107,107,181,181,194,194,194,35,35,70,70,90,90,90,117,137,237,248,248,325,325,340,340,104,122,132,132,167,167,167,167,200,90,105,136,136,136,136,136,121,150,150,150],"floor_reached":55,"language":"KOR","playtime":2099,"items_purged":["Strike_P","Strike_P+1","Defend_P","Vigilance"],"score":1198,"play_id":"55803418-82fb-4714-9fea-90f635e284c5","local_time":"20210221044215","is_ascension_mode":true,"campfire_choices":[{"data":"Eruption","floor":6.0,"key":"SMITH"},{"data":"Swivel","floor":10.0,"key":"SMITH"},{"data":"InnerPeace","floor":15.0,"key":"SMITH"},{"floor":24.0,"key":"REST"},{"data":"Worship","floor":27.0,"key":"SMITH"},{"data":"Prostrate","floor":32.0,"key":"SMITH"},{"data":"BattleHymn","floor":40.0,"key":"SMITH"},{"data":"Vault","floor":42.0,"key":"SMITH"},{"data":"Establishment","floor":44.0,"key":"SMITH"},{"data":"Pray","floor":49.0,"key":"SMITH"},{"data":"MentalFortress","floor":52.0,"key":"SMITH"}],"circlet_count":0,"master_deck":["AscendersBane","Strike_P+1","Defend_P","Eruption+1","MentalFortress+1","BattleHymn+1","InnerPeace+1","Worship+1","DeusExMachina","Prostrate+1","MentalFortress+1","Evaluate+1","Establishment+1","CurseOfTheBell","InnerPeace+1","Vault+1","Pray+1","Sanctity","Prostrate"],"relics":["PureWater","NeowsBlessing","Whetstone","Damaru","MealTicket","Bag of Preparation","Empty Cage","CaptainsWheel","Enchiridion","Blue Candle","Bird Faced Urn","Happy Flower","Turnip","Gremlin Horn","Calling Bell","Pen Nib","Shuriken","Pocketwatch","Membership Card","Anchor","Eternal Feather","The Courier","Mercury Hourglass","Lizard Tail"],"acts_visited":["Exordium","TheCity","TheBeyond","Exordium","TheEnding"],"potions_floor_usage":[55],"damage_taken":[{"damage":0.0,"enemies":"Jaw Worm","floor":1.0,"turns":1.0},{"damage":0.0,"enemies":"3 Sentries","floor":7.0,"turns":2.0},{"damage":0.0,"enemies":"Small Slimes","floor":8.0,"turns":1.0},{"damage":1.0,"enemies":"2 Louse","floor":11.0,"turns":3.0},{"damage":0.0,"enemies":"Gremlin Nob","floor":12.0,"turns":2.0},{"damage":13.0,"enemies":"Red Slaver","floor":14.0,"turns":3.0},{"damage":41.0,"enemies":"The Guardian","floor":16.0,"turns":10.0},{"damage":16.0,"enemies":"Shell Parasite","floor":18.0,"turns":6.0},{"damage":4.0,"enemies":"Book of Stabbing","floor":23.0,"turns":6.0},{"damage":7.0,"enemies":"2 Thieves","floor":25.0,"turns":4.0},{"damage":43.0,"enemies":"Gremlin Leader","floor":28.0,"turns":5.0},{"damage":10.0,"enemies":"Snake Plant","floor":29.0,"turns":3.0},{"damage":0.0,"enemies":"Colosseum Slavers","floor":30.0,"turns":1.0},{"damage":0.0,"enemies":"Colosseum Nobs","floor":30.0,"turns":1.0},{"damage":12.0,"enemies":"Cultist and Chosen","floor":31.0,"turns":6.0},{"damage":1.0,"enemies":"Automaton","floor":33.0,"turns":7.0},{"damage":2.0,"enemies":"3 Darklings","floor":35.0,"turns":6.0},{"damage":0.0,"enemies":"Orb Walker","floor":38.0,"turns":2.0},{"damage":1.0,"enemies":"Writhing Mass","floor":39.0,"turns":6.0},{"damage":0.0,"enemies":"Reptomancer","floor":41.0,"turns":5.0},{"damage":1.0,"enemies":"Giant Head","floor":45.0,"turns":4.0},{"damage":0.0,"enemies":"Transient","floor":47.0,"turns":1.0},{"damage":0.0,"enemies":"Reptomancer","floor":48.0,"turns":2.0},{"damage":53.0,"enemies":"Awakened One","floor":50.0,"turns":10.0},{"damage":15.0,"enemies":"Donu and Deca","floor":51.0,"turns":8.0},{"damage":36.0,"enemies":"Shield and Spear","floor":54.0,"turns":7.0},{"damage":87,"enemies":"The Heart","floor":55,"turns":6}],"seed_played":"-3826576419834270904","potions_obtained":[{"floor":1.0,"key":"SteroidPotion"},{"floor":8.0,"key":"FearPotion"},{"floor":16.0,"key":"ColorlessPotion"},{"floor":25.0,"key":"Weak Potion"},{"floor":30.0,"key":"Energy Potion"},{"floor":35.0,"key":"Dexterity Potion"},{"floor":48.0,"key":"Energy Potion"},{"floor":54.0,"key":"SkillPotion"}],"is_trial":false,"path_per_floor":["M","?","?","?","T","R","E","M","T","R","M","E","$","M","R","B",null,"M","T","?","$","?","E","R","M","T","R","E","M","?","M","R","B",null,"M","?","$","M","M","R","E","R","T","R","E","$","M","E","R","B","B","R","$","E","B"],"character_chosen":"WATCHER","items_purchased":["Worship","Prostrate","Membership Card","Pray","Sanctity"],"campfire_rested":1,"item_purchase_floors":[13,21,37,46,53],"current_hp_per_floor":[61,61,50,55,55,55,55,55,55,55,54,54,69,56,56,15,59,43,43,22,37,37,33,54,47,47,47,10,8,8,4,4,11,58,66,73,73,73,73,73,73,73,73,73,73,73,73,73,73,22,70,73,73,39,0,0],"gold":150,"neow_bonus":"THREE_ENEMY_KILL","is_daily":false,"chose_seed":false,"campfire_upgraded":10,"win_rate":0.0,"timestamp":1613850135,"path_taken":["M","?","?","?","?","R","E","M","T","R","M","E","$","M","R","BOSS","M","?","?","?","?","E","R","M","T","R","E","M","?","M","R","BOSS","M","?","$","?","M","R","E","R","T","R","E","$","M","E","R","BOSS","BOSS","R","$","E","BOSS"],"items_purchased_type":["Card","Card","Relic","Card","Card"],"build_version":"2020-12-22","purchased_purges":4,"victory":false,"max_hp_per_floor":[68,68,68,73,73,73,73,73,73,73,73,73,73,73,73,73,73,73,73,73,73,73,73,73,73,73,73,73,73,73,73,73,73,73,73,73,73,73,73,73,73,73,73,73,73,73,73,73,73,73,73,73,73,73,73,73],"card_choices":[{"not_picked":["Nirvana","Consecrate"],"picked":"MentalFortress","floor":1.0},{"not_picked":["BowlingBash","Halt"],"picked":"BattleHymn","floor":7.0},{"not_picked":["FlurryOfBlows","FlyingSleeves"],"picked":"Swivel","floor":8.0},{"not_picked":["FlurryOfBlows","SignatureMove","BowlingBash"],"picked":"SKIP","floor":11.0},{"not_picked":["EmptyFist","BowlingBash"],"picked":"InnerPeace","floor":12.0},{"not_picked":["MentalFortress","EmptyFist","CrushJoints"],"picked":"SKIP","floor":14.0},{"not_picked":["Devotion","SpiritShield"],"picked":"DeusExMachina","floor":16.0},{"not_picked":["ClearTheMind","WreathOfFlame+1","PathToVictory"],"picked":"SKIP","floor":18.0},{"not_picked":["EmptyMind","ReachHeaven","PathToVictory"],"picked":"SKIP","floor":23.0},{"not_picked":["JustLucky","BattleHymn","CrushJoints"],"picked":"SKIP","floor":25.0},{"not_picked":["LikeWater","Meditate"],"picked":"MentalFortress+1","floor":28.0},{"not_picked":["Meditate","Swivel","Halt"],"picked":"SKIP","floor":29.0},{"not_picked":["ClearTheMind","Crescendo"],"picked":"Evaluate+1","floor":31.0},{"not_picked":["Alpha","ConjureBlade"],"picked":"Establishment","floor":33.0},{"not_picked":["SashWhip","Meditate","Protect"],"picked":"SKIP","floor":35.0},{"not_picked":["ClearTheMind","Swivel"],"picked":"InnerPeace+1","floor":38.0},{"not_picked":["CutThroughFate","Prostrate","FlurryOfBlows"],"picked":"SKIP","floor":39.0},{"not_picked":["EmptyFist","Evaluate"],"picked":"Vault","floor":41.0},{"not_picked":["Fasting2+1","FlurryOfBlows","FearNoEvil+1"],"picked":"SKIP","floor":45.0},{"not_picked":["PathToVictory","Swivel+1","ClearTheMind"],"picked":"SKIP","floor":47.0},{"not_picked":["Halt","FollowUp+1","Protect"],"picked":"SKIP","floor":48.0},{"not_picked":["DeusExMachina","ClearTheMind"],"picked":"Prostrate","floor":54.0}],"player_experience":792080,"relics_obtained":[{"floor":5.0,"key":"Whetstone"},{"floor":7.0,"key":"Damaru"},{"floor":9.0,"key":"MealTicket"},{"floor":12.0,"key":"Bag of Preparation"},{"floor":19.0,"key":"CaptainsWheel"},{"floor":20.0,"key":"Enchiridion"},{"floor":23.0,"key":"Blue Candle"},{"floor":26.0,"key":"Bird Faced Urn"},{"floor":28.0,"key":"Happy Flower"},{"floor":30.0,"key":"Turnip"},{"floor":30.0,"key":"Gremlin Horn"},{"floor":34.0,"key":"Pen Nib"},{"floor":34.0,"key":"Shuriken"},{"floor":34.0,"key":"Pocketwatch"},{"floor":41.0,"key":"Anchor"},{"floor":43.0,"key":"Eternal Feather"},{"floor":45.0,"key":"The Courier"},{"floor":48.0,"key":"Mercury Hourglass"},{"floor":54.0,"key":"Lizard Tail"}],"event_choices":[{"cards_removed":["Defend_P"],"damage_healed":0.0,"max_hp_gain":0.0,"max_hp_loss":0.0,"gold_gain":0.0,"event_name":"The Cleric","player_choice":"Card Removal","floor":2.0,"gold_loss":75.0,"damage_taken":0.0},{"damage_healed":0.0,"max_hp_gain":0.0,"max_hp_loss":0.0,"gold_gain":75.0,"event_name":"World of Goop","player_choice":"Gather Gold","floor":3.0,"gold_loss":0.0,"damage_taken":11.0},{"damage_healed":0.0,"max_hp_gain":5.0,"max_hp_loss":0.0,"gold_gain":0.0,"event_name":"Big Fish","player_choice":"Donut","floor":4.0,"gold_loss":0.0,"damage_taken":0.0},{"damage_healed":0.0,"max_hp_gain":0.0,"max_hp_loss":0.0,"gold_gain":0.0,"event_name":"Cursed Tome","player_choice":"Obtained Book","floor":20.0,"gold_loss":0.0,"damage_taken":21.0},{"damage_healed":0.0,"max_hp_gain":0.0,"max_hp_loss":0.0,"gold_gain":0.0,"event_name":"Colosseum","player_choice":"Fight","floor":30.0,"gold_loss":0.0,"damage_taken":0.0},{"damage_healed":0.0,"max_hp_gain":0.0,"max_hp_loss":0.0,"gold_gain":0.0,"event_name":"Colosseum","player_choice":"Fought Nobs","floor":30.0,"gold_loss":0.0,"damage_taken":0.0},{"cards_removed":["Swivel"],"damage_healed":7.0,"max_hp_gain":0.0,"max_hp_loss":0.0,"gold_gain":0.0,"event_name":"Bonfire Elementals","player_choice":"Offered Uncommon","floor":36.0,"gold_loss":0.0,"damage_taken":0.0}],"is_beta":false,"boss_relics":[{"not_picked":["Cursed Key","Runic Pyramid"],"picked":"Empty Cage"},{"not_picked":["Pandora\u0027s Box","Runic Dome"],"picked":"Calling Bell"}],"items_purged_floors":[13,21,37,46],"is_endless":false,"potions_floor_spawned":[1,8,16,25,30,30,35,48,54],"killed_by":"The Heart","ascension_level":20}}