{"host":"we8ay8el3o9pwc2d","time":1613839082,"event":{"mods":["Act Like it!","Aspiration","BaseMod","BetterRewards","Colored Map","Conspire","Elementarium","GungeonMod","Minty Spire (QoL Compilation)","Robot Space Explorer","StSLib","The Jungle","The Marked","Waifu the Spire"],"gold_per_floor":[119,154,154,154,154,182,202,235,258,258,275,275,286,304,304,408,408,419,419,438,438,438,438,463,473,473,573,593,593,593],"floor_reached":29,"language":"ENG","playtime":2176,"items_purged":[],"score":428,"play_id":"2959d98a-b071-4523-9bb8-ede99ce8b302","local_time":"20210220093802","is_ascension_mode":false,"campfire_choices":[{"floor":10,"key":"REST"},{"floor":12,"key":"RECALL"},{"floor":15,"key":"REST"},{"data":"RobotSpaceExplorer:StarDust","floor":23,"key":"SMITH"}],"circlet_count":0,"master_deck":["conspire:GhostlyStrike","conspire:GhostlyStrike","conspire:GhostlyStrike","conspire:GhostlyStrike","conspire:GhostlyDefend","conspire:GhostlyDefend","conspire:GhostlyDefend","conspire:GhostlyDefend","RobotSpaceExplorer:Scan","RobotSpaceExplorer:MiniLasers","RobotSpaceExplorer:StarDust+1","RobotSpaceExplorer:SurgingStrike","RobotSpaceExplorer:PlasmaMissile","RobotSpaceExplorer:PowerGlove","RobotSpaceExplorer:MiniDrones","RobotSpaceExplorer:StarLightning","RobotSpaceExplorer:Multitool","Decay","RobotSpaceExplorer:Pulsar+1","RobotSpaceExplorer:ScrapMissile","RobotSpaceExplorer:GearShield"],"relics":["RobotSpaceExplorer:RoboCore","DemoMod:RingOfEthereal","Orichalcum","RobotSpaceExplorer:SlideRule","Vajra","Strawberry","RobotSpaceExplorer:ToughPlating","DemoMod:MonsterBlood","Sozu","DemoMod:DecoyRelic","Mango"],"acts_visited":["Exordium","theJungle:Jungle"],"potions_floor_usage":[8,8,14],"damage_taken":[{"damage":0,"enemies":"2 Louse","floor":1,"turns":2},{"damage":16,"enemies":"conspire:MimicChest","floor":2,"turns":4},{"damage":17,"enemies":"Gremlin Nob","floor":6,"turns":4},{"damage":1,"enemies":"Small Slimes","floor":7,"turns":3},{"damage":15,"enemies":"Lagavulin","floor":8,"turns":4},{"damage":8,"enemies":"Jaw Worm","floor":11,"turns":2},{"damage":12,"enemies":"3 Louse","floor":13,"turns":2},{"damage":8,"enemies":"Red Slaver","floor":14,"turns":3},{"damage":26,"enemies":"Hexaghost","floor":16,"turns":6},{"damage":22,"enemies":"theJungle:Flameango_and_Byrd","floor":18,"turns":5},{"damage":18,"enemies":"theJungle:GiantWrat","floor":20,"turns":4},{"damage":26,"enemies":"theJungle:Cassacara","floor":24,"turns":7},{"damage":2,"enemies":"Snake Plant","floor":25,"turns":4},{"damage":18,"enemies":"theJungle:2_Snecko_Cultists","floor":28,"turns":4},{"damage":10,"enemies":"theJungle:JungleHuntersEncounter","floor":29,"turns":2}],"seed_played":"6068657040228602142","potions_obtained":[{"floor":1,"key":"SneckoOil"},{"floor":7,"key":"GamblersBrew"},{"floor":8,"key":"ColorlessPotion"},{"floor":14,"key":"Ancient Potion"}],"is_trial":false,"path_per_floor":["M","?","?","?","$","E","M","E","T","R","M","R","M","M","R","B",null,"M","?","M","?","$","R","E","M","T","?","M","M"],"character_chosen":"RobotSpaceExplorer","items_purchased":["Orichalcum","RobotSpaceExplorer:SlideRule","RobotSpaceExplorer:StarDust","RobotSpaceExplorer:SurgingStrike"],"campfire_rested":2,"item_purchase_floors":[0,0,0,0],"current_hp_per_floor":[68,52,52,52,52,42,41,26,33,59,51,51,39,31,57,31,89,67,67,49,49,49,49,23,21,35,28,10,0,0],"gold":593,"neow_bonus":"","is_daily":false,"chose_seed":false,"campfire_upgraded":1,"win_rate":0.0,"timestamp":1613839082,"path_taken":["M","?","?","?","$","E","M","E","T","R","M","R","?","M","R","BOSS","M","?","?","?","?","R","E","M","T","?","M","?"],"items_purchased_type":["Relic","Relic","Card","Card"],"build_version":"2020-12-22","purchased_purges":0,"victory":false,"max_hp_per_floor":[75,75,75,75,75,82,82,82,89,89,89,89,89,89,89,89,89,89,89,89,89,89,89,89,89,103,103,103,103,103],"card_choices":[{"not_picked":["RobotSpaceExplorer:GlueShot","RobotSpaceExplorer:SelfCleaning"],"picked":"RobotSpaceExplorer:PlasmaMissile","floor":1},{"not_picked":["RobotSpaceExplorer:SwiftStep","RobotSpaceExplorer:SurgingShield"],"picked":"RobotSpaceExplorer:PowerGlove","floor":6},{"not_picked":["RobotSpaceExplorer:FrostMissile","RobotSpaceExplorer:ImprovisedAttack"],"picked":"RobotSpaceExplorer:MiniDrones","floor":7},{"not_picked":["RobotSpaceExplorer:FranticSearch","RobotSpaceExplorer:SwiftStep","RobotSpaceExplorer:MakeshiftVolley"],"picked":"SKIP","floor":8},{"not_picked":["RobotSpaceExplorer:FreezingShield","RobotSpaceExplorer:DoubleFind","RobotSpaceExplorer:FrostMissile"],"picked":"SKIP","floor":11},{"not_picked":["RobotSpaceExplorer:Pulsar","RobotSpaceExplorer:SurgingStrike"],"picked":"RobotSpaceExplorer:StarLightning","floor":13},{"not_picked":["RobotSpaceExplorer:ShockKick","RobotSpaceExplorer:GlueShot","RobotSpaceExplorer:SurgingStrike"],"picked":"SKIP","floor":14},{"not_picked":["RobotSpaceExplorer:HighVoltage","RobotSpaceExplorer:Wormhole"],"picked":"RobotSpaceExplorer:Multitool","floor":16},{"not_picked":["RobotSpaceExplorer:MetalStrike","RobotSpaceExplorer:SlimeMissile","RobotSpaceExplorer:ImprovisedAttack"],"picked":"SKIP","floor":18},{"not_picked":["RobotSpaceExplorer:Jetpack","RobotSpaceExplorer:SurgingStrike+1"],"picked":"RobotSpaceExplorer:Pulsar+1","floor":20},{"not_picked":["RobotSpaceExplorer:GlueSpray","RobotSpaceExplorer:BlastShield"],"picked":"RobotSpaceExplorer:ScrapMissile","floor":24},{"not_picked":["RobotSpaceExplorer:SurgingStrike+1","RobotSpaceExplorer:Pulsar","RobotSpaceExplorer:FrostMissile+1"],"picked":"SKIP","floor":25},{"not_picked":["RobotSpaceExplorer:Counterblock","RobotSpaceExplorer:ShockKick"],"picked":"RobotSpaceExplorer:GearShield","floor":28}],"player_experience":1818853,"relics_obtained":[{"floor":2,"key":"Vajra"},{"floor":6,"key":"Strawberry"},{"floor":8,"key":"RobotSpaceExplorer:ToughPlating"},{"floor":9,"key":"DemoMod:MonsterBlood"},{"floor":24,"key":"DemoMod:DecoyRelic"},{"floor":26,"key":"Mango"}],"event_choices":[{"damage_healed":0,"gold_gain":0,"player_choice":"Agree","damage_taken":0,"max_hp_gain":0,"max_hp_loss":0,"event_name":"conspire:LoneGhost","floor":3,"gold_loss":0},{"damage_healed":0,"gold_gain":0,"player_choice":"Leave","damage_taken":0,"max_hp_gain":0,"max_hp_loss":0,"event_name":"The Cleric","floor":4,"gold_loss":0},{"damage_healed":0,"gold_gain":0,"player_choice":"Cursed","damage_taken":0,"max_hp_gain":0,"max_hp_loss":0,"event_name":"Wheel of Change","floor":19,"gold_loss":0,"cards_obtained":["Decay"]}],"is_beta":false,"boss_relics":[{"not_picked":["Tiny House","Runic Dome"],"picked":"Sozu"}],"items_purged_floors":[],"is_endless":false,"potions_floor_spawned":[1,7,8,14,20,25,28],"killed_by":"theJungle:JungleHuntersEncounter","ascension_level":0}}