{"host":"oehe2dxjvdgux73m","time":1612541150,"event":{"mods":["AchievementEnabler","BaseMod","Colored Map","Colored Powertips","DeckTracker","Keyboard Shortcuts","Minty Spire (QoL Compilation)","Permanent Neow","Quick Restart","StSLib","SuperFastMode"],"gold_per_floor":[110,110,123,123,135,135,169,169,169,186,186,203,217,217,217,294,294,267,3,53,71,82,113,113,126,149,149,149,149],"floor_reached":28,"language":"KOR","playtime":890,"items_purged":["Strike_G"],"score":480,"play_id":"692930b8-9456-4331-a40e-18500d217ee1","local_time":"20210206010550","is_ascension_mode":true,"campfire_choices":[{"data":"Underhanded Strike","floor":6.0,"key":"SMITH"},{"floor":8.0,"key":"REST"},{"data":"Terror","floor":11.0,"key":"SMITH"},{"floor":15.0,"key":"REST"},{"floor":24.0,"key":"REST"},{"floor":27.0,"key":"REST"}],"circlet_count":0,"master_deck":["AscendersBane","Defend_G","Defend_G","Defend_G","Defend_G","Defend_G","Survivor","Neutralize","Underhanded Strike+1","Dagger Throw","Dash","Terror+1","Concentrate","Slice","Venomology","Predator+1","Underhanded Strike","Underhanded Strike","PiercingWail","Acrobatics"],"relics":["Ring of the Snake","Shuriken","Nunchaku","Philosopher\u0027s Stone","Sling","Gremlin Horn","Art of War"],"acts_visited":["Exordium","TheCity"],"potions_floor_usage":[],"damage_taken":[{"damage":8.0,"enemies":"Jaw Worm","floor":1.0,"turns":6.0},{"damage":1.0,"enemies":"Small Slimes","floor":3.0,"turns":4.0},{"damage":6.0,"enemies":"Cultist","floor":5.0,"turns":3.0},{"damage":32.0,"enemies":"3 Sentries","floor":7.0,"turns":14.0},{"damage":0.0,"enemies":"3 Louse","floor":10.0,"turns":2.0},{"damage":6.0,"enemies":"Exordium Wildlife","floor":12.0,"turns":4.0},{"damage":6.0,"enemies":"Blue Slaver","floor":13.0,"turns":3.0},{"damage":8.0,"enemies":"Hexaghost","floor":16.0,"turns":7.0},{"damage":13.0,"enemies":"2 Thieves","floor":18.0,"turns":4.0},{"damage":3.0,"enemies":"Chosen","floor":21.0,"turns":3.0},{"damage":24.0,"enemies":"Snecko","floor":22.0,"turns":5.0},{"damage":7.0,"enemies":"Book of Stabbing","floor":23.0,"turns":4.0},{"damage":15.0,"enemies":"Cultist and Chosen","floor":25.0,"turns":4.0},{"damage":35,"enemies":"Chosen and Byrds","floor":28,"turns":3}],"seed_played":"-4431946602724331818","potions_obtained":[{"floor":1.0,"key":"PowerPotion"},{"floor":7.0,"key":"Strength Potion"},{"floor":13.0,"key":"Strength Potion"},{"floor":18.0,"key":"Dexterity Potion"},{"floor":21.0,"key":"SteroidPotion"}],"is_trial":false,"path_per_floor":["M","?","M","?","M","R","E","R","T","M","R","M","M","?","R","B",null,"M","$","?","M","M","E","R","M","T","R","M"],"character_chosen":"THE_SILENT","items_purchased":["Underhanded Strike","Sling"],"campfire_rested":4,"item_purchase_floors":[19,19],"current_hp_per_floor":[51,44,43,43,37,37,5,23,23,23,23,17,11,11,29,21,50,37,37,37,34,10,3,21,6,6,24,0,0],"gold":149,"neow_bonus":"REMOVE_TWO","is_daily":false,"chose_seed":false,"campfire_upgraded":2,"win_rate":0.0,"timestamp":1612541150,"path_taken":["M","?","M","?","M","R","E","R","T","M","R","M","?","?","R","BOSS","M","$","?","M","M","E","R","M","T","R","M"],"items_purchased_type":["Card","Relic"],"build_version":"2020-12-22","purchased_purges":1,"victory":false,"max_hp_per_floor":[60,60,60,60,60,60,60,60,60,60,60,60,60,60,60,60,60,60,60,60,60,60,60,60,60,60,60,60,60],"card_choices":[{"not_picked":["Concentrate","All Out Attack"],"picked":"Underhanded Strike","floor":1.0},{"not_picked":["Slice","Skewer"],"picked":"Dagger Throw","floor":3.0},{"not_picked":["Outmaneuver","Choke","Dagger Throw"],"picked":"SKIP","floor":5.0},{"not_picked":["Flying Knee","Accuracy"],"picked":"Dash","floor":7.0},{"not_picked":["Backstab","Accuracy"],"picked":"Terror","floor":10.0},{"not_picked":["Deadly Poison","Bouncing Flask"],"picked":"Concentrate","floor":12.0},{"not_picked":["Dodge and Roll","Cloak And Dagger"],"picked":"Slice","floor":13.0},{"not_picked":["Burst","Envenom"],"picked":"Venomology","floor":16.0},{"not_picked":["Deadly Poison","Skewer"],"picked":"Predator+1","floor":18.0},{"not_picked":["Outmaneuver","Deflect"],"picked":"Underhanded Strike","floor":21.0},{"not_picked":["Underhanded Strike","Prepared"],"picked":"PiercingWail","floor":22.0},{"not_picked":["Well Laid Plans","All Out Attack","Quick Slash"],"picked":"SKIP","floor":23.0},{"not_picked":["Well Laid Plans","Catalyst"],"picked":"Acrobatics","floor":25.0}],"player_experience":380968,"relics_obtained":[{"floor":7.0,"key":"Shuriken"},{"floor":9.0,"key":"Nunchaku"},{"floor":23.0,"key":"Gremlin Horn"},{"floor":26.0,"key":"Art of War"}],"event_choices":[{"cards_removed":["Strike_G"],"damage_healed":0.0,"max_hp_gain":0.0,"max_hp_loss":0.0,"gold_gain":0.0,"event_name":"Golden Wing","player_choice":"Card Removal","floor":2.0,"gold_loss":0.0,"damage_taken":7.0},{"cards_removed":["Strike_G"],"damage_healed":0.0,"max_hp_gain":0.0,"max_hp_loss":0.0,"gold_gain":0.0,"event_name":"Bonfire Elementals","player_choice":"Offered Basic","floor":4.0,"gold_loss":0.0,"damage_taken":0.0},{"damage_healed":0.0,"max_hp_gain":0.0,"max_hp_loss":0.0,"gold_gain":0.0,"event_name":"Liars Game","player_choice":"Ignored","floor":14.0,"gold_loss":0.0,"damage_taken":0.0},{"damage_healed":0.0,"max_hp_gain":0.0,"max_hp_loss":0.0,"gold_gain":50.0,"event_name":"Nest","player_choice":"Stole From Cult","floor":20.0,"gold_loss":0.0,"damage_taken":0.0}],"is_beta":false,"boss_relics":[{"not_picked":["Ring of the Serpent","Velvet Choker"],"picked":"Philosopher\u0027s Stone"}],"items_purged_floors":[19],"is_endless":false,"potions_floor_spawned":[1,7,13,18,21,22],"killed_by":"Chosen and Byrds","ascension_level":20}}