{"host":"ttzdpsscxkem3xrs","time":1612495825,"event":{"mods":["BaseMod","Colored Map","Downfall","Minty Spire (QoL Compilation)","Replay The Spire","StSLib","The Cursed","The Hierophant"],"gold_per_floor":[105,107,112,122,122,122,158,158,185,185,185],"floor_reached":10,"language":"ENG","playtime":360,"items_purged":[],"score":71,"play_id":"c0014be7-a5ef-4c9b-bb69-8e2c51d3573b","local_time":"20210204193025","is_ascension_mode":true,"campfire_choices":[{"floor":6,"key":"REST"},{"floor":8,"key":"REST"}],"circlet_count":0,"master_deck":["hierophant:Strike_Hierophant","hierophant:Strike_Hierophant","hierophant:Strike_Hierophant","hierophant:Strike_Hierophant","hierophant:Punish","hierophant:Defend_Hierophant","hierophant:Defend_Hierophant","hierophant:Defend_Hierophant","hierophant:Defend_Hierophant","hierophant:ChurchCoffers","hierophant:FieryStrike","hierophant:Upheaval","hierophant:FieryStrike","hierophant:Repentance","hierophant:Repentance"],"relics":["hierophant:PropheticMaskRelic","MealTicket","Golden Idol","Smiling Mask","Akabeko"],"acts_visited":["Exordium"],"potions_floor_usage":[10],"damage_taken":[{"damage":1,"enemies":"Cultist","floor":1,"turns":3},{"damage":1,"enemies":"Jaw Worm","floor":2,"turns":3},{"damage":0,"enemies":"Small Slimes","floor":3,"turns":2},{"damage":9,"enemies":"Blue Slaver","floor":4,"turns":3},{"damage":49,"enemies":"3 Sentries","floor":7,"turns":9},{"damage":49,"enemies":"Lagavulin","floor":10,"turns":5}],"seed_played":"-1102961443159175428","potions_obtained":[{"floor":7,"key":"sneckomod:MuddlingPotion"}],"is_trial":false,"path_per_floor":["M","M","M","M","?","R","E","R","T","E"],"character_chosen":"HIEROPHANT","items_purchased":[],"campfire_rested":2,"item_purchase_floors":[],"current_hp_per_floor":[74,73,73,64,46,68,19,41,41,0,0],"gold":185,"neow_bonus":"RANDOM_COMMON_RELIC","is_daily":false,"chose_seed":false,"campfire_upgraded":0,"win_rate":0.0,"timestamp":1612495825,"path_taken":["M","M","M","?","?","R","E","R","T","E"],"items_purchased_type":[],"build_version":"2020-12-22","purchased_purges":0,"victory":false,"max_hp_per_floor":[75,75,75,75,75,75,75,75,75,75,75],"card_choices":[{"not_picked":["hierophant:SealAway","hierophant:Doomsaying"],"picked":"hierophant:FieryStrike","floor":1},{"not_picked":["hierophant:HammerAndAnvil","hierophant:FlamingChariot"],"picked":"hierophant:Upheaval","floor":2},{"not_picked":["hierophant:RustyCrate","hierophant:DisplayOfPower"],"picked":"hierophant:FieryStrike","floor":3},{"not_picked":["hierophant:Empathy","hierophant:BulkyChest"],"picked":"hierophant:Repentance","floor":4},{"not_picked":["hierophant:RustyCrate","hierophant:DivineIntervention"],"picked":"hierophant:Repentance","floor":7}],"player_experience":1381353,"relics_obtained":[{"floor":7,"key":"Smiling Mask"},{"floor":9,"key":"Akabeko"}],"event_choices":[{"damage_healed":0,"gold_gain":0,"player_choice":"Take Damage","damage_taken":18,"relics_obtained":["Golden Idol"],"max_hp_gain":0,"max_hp_loss":0,"event_name":"Golden Idol","floor":5,"gold_loss":0}],"is_beta":false,"boss_relics":[],"items_purged_floors":[],"is_endless":false,"potions_floor_spawned":[7],"killed_by":"Lagavulin","ascension_level":1}}