{"host":"ttx8tv95o5vka1nm","time":1612513298,"event":{"mods":["AchievementEnabler","BaseMod","Colored Map","Evolution","Infinite Spire","Minty Spire (QoL Compilation)","Relic Filter Mod","Reliquary","Robot Space Explorer","Shop Mod","Spicy Shops","StSLib","The Bug Knight","The Cursed","The Forsaken","The Hierophant","The Runesmith","TheBandit"],"gold_per_floor":[118,137,151,76,88,88,98,98,151,176,48,48,83,83,83,182,182,198,198,198,198,20,20,30,30,30,56,71,86,116,116,116],"floor_reached":31,"language":"ENG","playtime":3805,"items_purged":["HollowMod:NailStrikeStart","Decay"],"score":283,"play_id":"7b1f63b0-fee4-4668-854b-a53c7b91c6aa","local_time":"20210205182138","is_ascension_mode":false,"campfire_choices":[{"data":"HollowMod:InfectedCysts","floor":6,"key":"SMITH"},{"data":"HollowMod:ChannelNail","floor":8,"key":"SMITH"},{"data":"HollowMod:MonarchWings","floor":12,"key":"SMITH"},{"data":"HollowMod:FocusHealStart","floor":15,"key":"SMITH"},{"data":"HollowMod:LifebloodCore","floor":23,"key":"SMITH"},{"data":"HollowMod:HeavyBlow","floor":25,"key":"SMITH"}],"circlet_count":0,"master_deck":["HollowMod:NailStrikeStart","HollowMod:QuickDashStart","HollowMod:QuickDashStart","HollowMod:FocusHealStart+1","HollowMod:PogoStrike","HollowMod:MonarchWings+1","HollowMod:SoulShaman","HollowMod:DashSlash+1","HollowMod:InfectedCysts+1","HollowMod:ChannelNail+1","HollowMod:InfectedAttack","HollowMod:MantisMark+1","HollowMod:SoulStrike","HollowMod:LifebloodCore+1","HollowMod:DungDefenderAura+1","HollowMod:HuntersJournal+1","HollowMod:VengefulVoid+1","HollowMod:HowlingWraiths","HollowMod:CornifersMapStart","HollowMod:HeavyBlow+1","HollowMod:GoodIntentions","HollowMod:CycloneSlash+1","HollowMod:BlackTendrils+1"],"relics":["HollowMod:VesselMask","EVO:Axolotl","reliquary:RosewoodLute","HollowMod:StagPassRelic","infinitespire:Bottled Soul","reliquary:SharkskinSheath","Enchiridion","infinitespire:WardingShard","MerchantsRug","reliquary:PorcupineQuills","infinitespire:Satchel","reliquary:Buckler"],"acts_visited":["Exordium","TheCity"],"potions_floor_usage":[10,28,29],"damage_taken":[{"damage":0,"enemies":"Cultist","floor":1,"turns":4},{"damage":0,"enemies":"2 Louse","floor":2,"turns":2},{"damage":0,"enemies":"Small Slimes","floor":3,"turns":3},{"damage":0,"enemies":"Blue Slaver","floor":5,"turns":5},{"damage":5,"enemies":"Exordium Wildlife","floor":7,"turns":3},{"damage":11,"enemies":"Lagavulin","floor":10,"turns":8},{"damage":11,"enemies":"3 Sentries","floor":13,"turns":11},{"damage":31,"enemies":"The Guardian","floor":16,"turns":11},{"damage":0,"enemies":"Chosen","floor":18,"turns":4},{"damage":24,"enemies":"Spheric Guardian","floor":24,"turns":7},{"damage":34,"enemies":"Nightmare","floor":27,"turns":8},{"damage":9,"enemies":"Centurion and Healer","floor":28,"turns":6},{"damage":5,"enemies":"Snecko","floor":29,"turns":5},{"damage":24,"enemies":"Slavers","floor":30,"turns":4},{"damage":14,"enemies":"Shelled Parasite and Fungi","floor":31,"turns":3}],"seed_played":"6738872795792173946","potions_obtained":[{"floor":3,"key":"BlessingOfTheForge"},{"floor":7,"key":"SpeedPotion"},{"floor":13,"key":"Swift Potion"},{"floor":16,"key":"SteroidPotion"},{"floor":24,"key":"SpeedPotion"},{"floor":27,"key":"Energy Potion"}],"is_trial":false,"path_per_floor":["M","M","M","$","M","R","M","R","T","E","$","R","E","?","R","B",null,"M","?","?","T","$","R","M","R","T","NM","M","M","E","M"],"character_chosen":"THE_BUGKNIGHT","items_purchased":["infinitespire:Bottled Soul","HollowMod:MantisMark","MerchantsRug"],"campfire_rested":0,"item_purchase_floors":[11,11,22],"current_hp_per_floor":[82,82,82,82,82,82,82,82,82,79,79,79,78,71,71,52,82,82,82,66,66,66,66,52,52,52,24,25,26,8,0,0],"gold":116,"neow_bonus":"TEN_PERCENT_HP_BONUS","is_daily":false,"chose_seed":false,"campfire_upgraded":6,"win_rate":0.0,"timestamp":1612513298,"path_taken":["M","M","M","?","M","R","M","R","T","E","$","R","E","?","R","BOSS","M","?","?","?","$","R","M","R","T","NM","M","M","E","M"],"items_purchased_type":["Relic","Card","Relic"],"build_version":"2020-12-22","purchased_purges":2,"victory":false,"max_hp_per_floor":[82,82,82,82,82,82,82,82,82,82,82,82,82,82,82,82,82,82,82,82,82,82,82,82,82,82,82,82,82,82,82,82],"card_choices":[{"not_picked":["HollowMod:SoulStrike","HollowMod:SharpenedNail"],"picked":"HollowMod:MonarchWings","floor":1},{"not_picked":["HollowMod:BaldurShell","HollowMod:SoulStrike"],"picked":"HollowMod:SoulShaman","floor":2},{"not_picked":["HollowMod:HuntersJournal","HollowMod:ShapeofUnn"],"picked":"HollowMod:DashSlash","floor":3},{"not_picked":["HollowMod:PerfectDash","HollowMod:CloakDash"],"picked":"HollowMod:InfectedCysts","floor":5},{"not_picked":["HollowMod:SiblingsSouls","HollowMod:Weaversong"],"picked":"HollowMod:ChannelNail","floor":7},{"not_picked":["HollowMod:TaintedHusks","HollowMod:SiblingsSouls"],"picked":"HollowMod:InfectedAttack","floor":10},{"not_picked":["HollowMod:ShadowDash","HollowMod:DescendingDark"],"picked":"HollowMod:SoulStrike","floor":13},{"not_picked":["HollowMod:ElderbugsWisdom","HollowMod:ZotesMagnificence"],"picked":"HollowMod:LifebloodCore","floor":16},{"not_picked":["HollowMod:SiblingsSouls","HollowMod:DescendingDark"],"picked":"HollowMod:HowlingWraiths","floor":18},{"not_picked":["HollowMod:DescendingDark","HollowMod:SharpenedNail"],"picked":"HollowMod:HeavyBlow","floor":24},{"not_picked":["HollowMod:CornifersMapStart","HollowMod:TaintedHusks"],"picked":"HollowMod:GoodIntentions","floor":27},{"not_picked":["HollowMod:InfectedCysts","HollowMod:DoubleDash"],"picked":"HollowMod:CycloneSlash+1","floor":28},{"not_picked":["HollowMod:InfectedAttack+1","HollowMod:SiblingsShadow","HollowMod:GoodIntentions"],"picked":"SKIP","floor":29},{"not_picked":["HollowMod:SoulStrike+1","HollowMod:SiblingsSouls"],"picked":"HollowMod:BlackTendrils","floor":30}],"player_experience":748776,"relics_obtained":[{"floor":9,"key":"reliquary:RosewoodLute"},{"floor":10,"key":"HollowMod:StagPassRelic"},{"floor":13,"key":"reliquary:SharkskinSheath"},{"floor":20,"key":"Enchiridion"},{"floor":21,"key":"infinitespire:WardingShard"},{"floor":26,"key":"reliquary:PorcupineQuills"},{"floor":27,"key":"infinitespire:Satchel"},{"floor":30,"key":"reliquary:Buckler"}],"event_choices":[{"cards_removed":["HollowMod:QuickDashStart"],"damage_healed":0,"gold_gain":0,"player_choice":"Card Removal","damage_taken":7,"max_hp_gain":0,"max_hp_loss":0,"event_name":"Golden Wing","floor":14,"gold_loss":0},{"damage_healed":0,"gold_gain":0,"player_choice":"Read","damage_taken":0,"max_hp_gain":0,"max_hp_loss":0,"event_name":"The Library","floor":19,"gold_loss":0,"cards_obtained":["HollowMod:CornifersMapStart"]},{"damage_healed":0,"gold_gain":0,"player_choice":"Obtained Book","damage_taken":16,"max_hp_gain":0,"max_hp_loss":0,"event_name":"Cursed Tome","floor":20,"gold_loss":0}],"is_beta":false,"boss_relics":[{"not_picked":["Runic Dome","Sozu"],"picked":"Astrolabe"}],"items_purged_floors":[4,22],"is_endless":true,"potions_floor_spawned":[3,7,13,16,24,27],"killed_by":"Shelled Parasite and Fungi","ascension_level":0}}