{"host":"0s8kyghz8ihx2r41","time":1612493597,"event":{"mods":["100% Spire Juice","2.2 Compatiblity","Act Like it!","Bard","BaseMod","CapriCore","Chen","Conspire","Downfall","Friendly Minions","GungeonMod","Hermit","HololiveMod","Hubris","Koishi","Lobotomy","LobotomyExtend","Marisa（霧雨　魔理沙）","Minty Spire (QoL Compilation)","Monster B Gone","Morshu Shopkeeper","Prisma Mod","Reimu（博??梦）","Reliquary","Replay The Spire","Spire Birthday Party","StSLib","The Administrix","The Alterego","The Clintock","The Construct","The Cursed","The Disciple","The Edgeheg","The Gatherer","The Immortal","The Marked","The Mystic","The Servant 0.9.4","TheBandit","TheSwordswoman","TheVacant","Waifu the Spire","Yakumo Yukari mod","Yuyuko","everything is the same but u backflip on backflip","slay the spire mod where everything is the same but ironclad has a cowboy hat"],"gold_per_floor":[82,82,96,21,21,21,21,54,66,78,104,116,182,213,225,335,447,475,487,514,553,565,577,599,621,658,682,723,754,796,808,820,929,941,967,1029,1061,1093,1117,1129,1176,1188,1271,1335,1365,1388,1400,1412,1424,1436],"floor_reached":51,"language":"ENG","playtime":2318,"items_purged":["downfall:Haunted"],"score":967,"play_id":"6b115444-acce-4ba2-a522-80c777502d5f","local_time":"20210204215317","is_ascension_mode":false,"campfire_choices":[{"data":"Hololive_CallOkamiMio","floor":6,"key":"SMITH"},{"data":"Hololive_CallCivia","floor":10,"key":"SMITH"},{"data":"Hololive_CallInugamiKorone","floor":15,"key":"SMITH"},{"data":"Hololive_CallTokinoSora","floor":23,"key":"SMITH"},{"data":"Hololive_CallMomosuzuNene+1","floor":32,"key":"SMITH"},{"data":"Hololive_SummonFox","floor":40,"key":"SMITH"},{"data":"Hololive_CallYuzukiChoco","floor":42,"key":"SMITH"},{"data":"Hololive_Spy","floor":47,"key":"SMITH"},{"data":"Hololive_CallMomosuzuNene+9","floor":49,"key":"SMITH"}],"circlet_count":0,"master_deck":["Hololive_Strike","Hololive_Strike","Hololive_Defend","Hololive_Defend","Hololive_DevilCharm","Hololive_CallCivia+1","Hololive_CallShirakamiFubuki","Hololive_CallYuzukiChoco+1","Hololive_CallTokinoSora+1","Hololive_CallFriendA","Hololive_CallOkamiMio+1","hubris:Compulsion","Hololive_ScarfAndHalo","Hololive_CallYogiri","Hololive_Trident","Hololive_CallOmaruPolka","Hololive_CallInugamiKorone+1","Hololive_Rebirth","Hololive_Spy+1","Hololive_CallManoAloe+1","Hololive_CallOzoraSubaru+1","Hololive_Psychosis","Hololive_StrengthChampion+2","Hololive_CallMomosuzuNene+11","Hololive_WolfAndLamb","Hololive_Breathe","Hololive_CallNekomataOkayu+1","Hololive_SummonFox+1","Hololive_Rebound+1"],"relics":["Hololive_TheStar","LetterFromLob","Du-Vu Doll","MawBank","Nunchaku","Hololive_FriedShrimpLion","Replay:Wanted Poster","DemoMod:LamentConfigurum","Bronze Scales","reliquary:Buckler","Peace Pipe","Philosopher\u0027s Stone","DemoMod:Orange","reliquary:Sideboard","InkBottle","CatCart"],"acts_visited":["Exordium","TheCity","TheBeyond"],"potions_floor_usage":[30,30,50],"damage_taken":[{"damage":0,"enemies":"2 Louse","floor":1,"turns":4},{"damage":0,"enemies":"Cultist","floor":3,"turns":3},{"damage":0,"enemies":"Lagavulin","floor":8,"turns":3},{"damage":0,"enemies":"Jaw Worm","floor":11,"turns":2},{"damage":0,"enemies":"3 Louse","floor":14,"turns":3},{"damage":0,"enemies":"The Guardian","floor":16,"turns":6},{"damage":0,"enemies":"3 Byrds","floor":18,"turns":3},{"damage":0,"enemies":"2 Thieves","floor":20,"turns":3},{"damage":0,"enemies":"Cultist and Chosen","floor":24,"turns":4},{"damage":0,"enemies":"Snecko","floor":25,"turns":4},{"damage":0,"enemies":"Centurion and Healer","floor":27,"turns":4},{"damage":0,"enemies":"Replay:Snechameleon","floor":28,"turns":4},{"damage":0,"enemies":"Shelled Parasite and Fungi","floor":29,"turns":3},{"damage":0,"enemies":"Book of Stabbing","floor":30,"turns":4},{"damage":0,"enemies":"conspire:MysteriousRune","floor":33,"turns":6},{"damage":0,"enemies":"3 Shapes","floor":35,"turns":4},{"damage":0,"enemies":"Mind Bloom Boss Battle","floor":36,"turns":5},{"damage":0,"enemies":"3 Darklings","floor":37,"turns":4},{"damage":0,"enemies":"Writhing Mass","floor":38,"turns":3},{"damage":0,"enemies":"Spire Growth","floor":39,"turns":4},{"damage":4,"enemies":"Nemesis","floor":41,"turns":5},{"damage":0,"enemies":"Orin","floor":44,"turns":8},{"damage":0,"enemies":"4 Shapes","floor":45,"turns":2},{"damage":0,"enemies":"Maw","floor":46,"turns":5},{"damage":40,"enemies":"conspire:OrnateMirror","floor":50,"turns":6}],"seed_played":"-2365558506639243005","potions_obtained":[{"floor":1,"key":"SkillPotion"},{"floor":11,"key":"SpeedPotion"},{"floor":14,"key":"AttackPotion"},{"floor":33,"key":"SteroidPotion"},{"floor":35,"key":"Swift Potion"}],"is_trial":false,"path_per_floor":["M","?","M","$","?","R","$","E","T","R","M","E","T","M","R","B",null,"M","?","M","T","?","R","M","M","T","M","E","M","E","$","R","B",null,"M","?","M","M","M","R","E","R","T","?","M","M","R","?","R","B",null],"character_chosen":"Hololive_HololiveCharacter","items_purchased":[],"campfire_rested":0,"item_purchase_floors":[],"current_hp_per_floor":[38,38,38,38,38,38,38,38,38,38,38,38,38,38,38,38,38,38,38,38,38,38,38,38,38,38,38,38,38,38,38,38,38,38,38,50,50,50,50,50,46,46,46,46,46,46,46,46,46,6],"gold":1448,"neow_bonus":"TEN_PERCENT_HP_BONUS","is_daily":false,"chose_seed":false,"campfire_upgraded":9,"win_rate":0.0,"timestamp":1612493597,"path_taken":["M","?","M","$","?","R","$","E","T","R","?","E","?","M","R","BOSS","M","?","M","?","?","R","M","M","T","M","E","M","E","?","R","BOSS","M","?","M","M","M","R","E","R","T","?","M","M","R","?","R","BOSS"],"items_purchased_type":[],"build_version":"2020-12-22","purchased_purges":1,"victory":true,"max_hp_per_floor":[38,38,38,38,38,38,38,38,38,38,38,38,38,38,38,38,38,38,38,38,38,38,38,38,38,38,38,38,38,38,38,38,38,38,38,50,50,50,50,50,50,50,50,50,50,50,50,50,50,50],"card_choices":[{"not_picked":["Hololive_CallYukihanaLamy","Hololive_CallShiroganeNoel","Hololive_CallOzoraSubaru"],"picked":"Hololive_CallOkamiMio","floor":1},{"not_picked":["Hololive_CallOkamiMio","Hololive_ILoveYou","Hololive_LuckPotion"],"picked":"Hololive_CallYogiri","floor":3},{"not_picked":["Hololive_CallAyundaRisu","Hololive_LuckPotion","Hololive_HuntDinosaur"],"picked":"Hololive_Trident","floor":8},{"not_picked":["Hololive_Breathe","Hololive_Psychosis","Hololive_LuckPotion"],"picked":"Hololive_CallOmaruPolka","floor":11},{"not_picked":["Hololive_Yoholoon","Hololive_CallNatsuiroMatsuri","Hololive_CocoNews"],"picked":"Hololive_CallInugamiKorone","floor":14},{"not_picked":["Hololive_AWSL","Hololive_BeCareful","Hololive_Recruit"],"picked":"Hololive_Rebirth","floor":16},{"not_picked":["Hololive_CallUsadaPekora","Hololive_CallMoonaHoshinova","Hololive_CallYuzukiChoco"],"picked":"Hololive_Spy","floor":18},{"not_picked":["Hololive_Rebound+1","Hololive_Breathe","Hololive_CallAmaneKanata"],"picked":"Hololive_CallManoAloe+1","floor":20},{"not_picked":["Hololive_StrengthChampion","Hololive_Sequa","Hololive_DevilCharm"],"picked":"Hololive_CallOzoraSubaru","floor":24},{"not_picked":["Hololive_CallAyundaRisu","Hololive_Trident","Hololive_Drill"],"picked":"Hololive_Psychosis","floor":25},{"not_picked":["Hololive_Nanodesu","Hololive_HuntDinosaur","Hololive_CallArtia"],"picked":"Hololive_StrengthChampion+1","floor":27},{"not_picked":["Hololive_FlyingPonyTail","Hololive_CallOzoraSubaru","Hololive_Trident","Hololive_Sequa"],"picked":"SKIP","floor":28},{"not_picked":["Hololive_CocoNews","Hololive_CallInugamiKorone","Hololive_CallOkamiMio","Hololive_FlyingPonyTail"],"picked":"SKIP","floor":29},{"not_picked":["Hololive_CallCivia","Hololive_Breathe","Hololive_Drill+1"],"picked":"Hololive_CallMomosuzuNene+1","floor":30},{"not_picked":["Hololive_Rebirth","Hololive_AWSL","Hololive_BeCareful"],"picked":"Hololive_WolfAndLamb","floor":33},{"not_picked":["Hololive_HuntDinosaur","Hololive_StrengthChampion","Hololive_CallKiryuuCoco+1"],"picked":"Hololive_Breathe","floor":35},{"not_picked":["Hololive_CallUsadaPekora+1","Hololive_Watashimo","Hololive_Trident+1"],"picked":"Hololive_CallNekomataOkayu+1","floor":36},{"not_picked":["Hololive_LuckPotion+1","Hololive_Sequa+1","Hololive_Rebound+1"],"picked":"Hololive_SummonFox","floor":37},{"not_picked":["Hololive_OvertimeWork+1","Hololive_Breathe+1","Hololive_CallYogiri+1"],"picked":"Hololive_Rebound+1","floor":38},{"not_picked":["Hololive_ManjiGathering","Hololive_RevenueBasedLive+1","Hololive_LuckPotion+1","Hololive_Breathe"],"picked":"SKIP","floor":39},{"not_picked":["Hololive_Breathe+1","Hololive_RevenueBasedLive","Hololive_CocoNews+1","Hololive_OvertimeWork"],"picked":"SKIP","floor":41},{"not_picked":["Hololive_CocoNews","Hololive_CallHoshimachiSuisei","Hololive_FlyingPonyTail+1"],"picked":"Hololive_LuckPotion+1","floor":44},{"not_picked":["Hololive_AWSL","Hololive_SummonFox+1","Hololive_CocoNews","Hololive_Sequa+1"],"picked":"SKIP","floor":45},{"not_picked":["Hololive_Sequa+1","Hololive_Psychosis+1","Hololive_CallDoris","Hololive_LuckPotion"],"picked":"SKIP","floor":46}],"player_experience":351438,"relics_obtained":[{"floor":1,"key":"LetterFromLob"},{"floor":8,"key":"MawBank"},{"floor":9,"key":"Nunchaku"},{"floor":13,"key":"Hololive_FriedShrimpLion"},{"floor":21,"key":"DemoMod:LamentConfigurum"},{"floor":26,"key":"Bronze Scales"},{"floor":28,"key":"reliquary:Buckler"},{"floor":30,"key":"Peace Pipe"},{"floor":36,"key":"DemoMod:Orange"},{"floor":41,"key":"reliquary:Sideboard"},{"floor":43,"key":"InkBottle"},{"floor":44,"key":"CatCart"}],"event_choices":[{"cards_removed":["downfall:Haunted"],"damage_healed":0,"gold_gain":0,"player_choice":"Purged","damage_taken":0,"max_hp_gain":0,"max_hp_loss":0,"event_name":"Purifier","floor":5,"gold_loss":0},{"damage_healed":0,"gold_gain":0,"player_choice":"Fight","damage_taken":0,"max_hp_gain":0,"max_hp_loss":0,"event_name":"MindBloom","floor":36,"gold_loss":0},{"damage_healed":0,"gold_gain":0,"player_choice":"Fight","damage_taken":0,"max_hp_gain":0,"max_hp_loss":0,"event_name":"OrinTheCat","floor":44,"gold_loss":0},{"damage_healed":0,"gold_gain":0,"player_choice":"Ignored","damage_taken":0,"max_hp_gain":0,"max_hp_loss":0,"event_name":"NoteForYourself","floor":48,"gold_loss":0}],"is_beta":false,"boss_relics":[{"not_picked":["reliquary:KinkedSpring","Hololive_ChaosS"],"picked":"Replay:Wanted Poster"},{"not_picked":["conspire:RunicOctahedron","Astrolabe"],"picked":"Philosopher\u0027s Stone"}],"items_purged_floors":[4],"is_endless":false,"potions_floor_spawned":[1,11,14,24,27,33,35,38,46],"ascension_level":0}}