{"host":"vld99k9l4elccfy8","time":1612490991,"event":{"mods":["AchievementEnabler","BaseMod","Bestiary","Block Reminder","Colored Map","Colored Powertips","Custom Start","Highlight Path","Minty Spire (QoL Compilation)","Permanent Neow","Rare Cards Sparkle"],"gold_per_floor":[211,211,286,301,319,352,372,372,372,372,372,372,386,301,301,401,451,464,482,482,295,314,314,46,81,81,6,6,26,26,40,40,139,139,156,156,172,66,66,66,76,103,103,103,103,103,103,113,113,113,113],"floor_reached":50,"language":"ENG","playtime":4171,"items_purged":[],"score":538,"play_id":"a5f985f9-8015-4240-ae9c-bcc3ba846873","local_time":"20210204190951","is_ascension_mode":false,"campfire_choices":[{"floor":8.0,"key":"REST"},{"floor":10.0,"key":"RECALL"},{"data":"Neutralize","floor":12.0,"key":"SMITH"},{"floor":15.0,"key":"REST"},{"floor":23.0,"key":"REST"},{"floor":28.0,"key":"REST"},{"floor":32.0,"key":"REST"},{"floor":40.0,"key":"REST"},{"floor":45,"key":"REST"},{"floor":47,"key":"REST"},{"floor":49,"key":"REST"}],"circlet_count":0,"master_deck":["Strike_G","Strike_G","Strike_G","Strike_G","Strike_G","Defend_G","Defend_G+1","Defend_G","Defend_G","Survivor","Neutralize+1","Slice","Choke","Deadly Poison","Sucker Punch","Blade Dance+1","Adrenaline","Infinite Blades","PiercingWail+1","Malaise","Accuracy","Deflect+1","Blade Dance","Calculated Gamble","Terror","Bane","Slice","Catalyst","Doppelganger","Quick Slash+1","Phantasmal Killer","Flying Knee+1","Poisoned Stab+1","Catalyst","Blade Dance","Madness","Madness","Dash+1","Deadly Poison+1","Bandage Up","Deadly Poison+1"],"relics":["Ring of the Snake","Meat on the Bone","Tiny House","Regal Pillow","Mummified Hand","White Beast Statue","Ninja Scroll","Runic Pyramid","Oddly Smooth Stone","Pear","Juzu Bracelet"],"acts_visited":["Exordium","TheCity","TheBeyond"],"potions_floor_usage":[42,42,42],"damage_taken":[{"damage":2.0,"enemies":"Jaw Worm","floor":1.0,"turns":4.0},{"damage":0.0,"enemies":"2 Louse","floor":4.0,"turns":3.0},{"damage":1.0,"enemies":"Cultist","floor":5.0,"turns":4.0},{"damage":26.0,"enemies":"Gremlin Nob","floor":6.0,"turns":5.0},{"damage":4.0,"enemies":"Red Slaver","floor":7.0,"turns":4.0},{"damage":3.0,"enemies":"Exordium Wildlife","floor":13.0,"turns":4.0},{"damage":33.0,"enemies":"Hexaghost","floor":16.0,"turns":11.0},{"damage":10.0,"enemies":"2 Thieves","floor":18.0,"turns":3.0},{"damage":0.0,"enemies":"Chosen","floor":19.0,"turns":4.0},{"damage":16.0,"enemies":"Snake Plant","floor":22.0,"turns":6.0},{"damage":42.0,"enemies":"Gremlin Leader","floor":25.0,"turns":8.0},{"damage":7.0,"enemies":"3 Cultists","floor":29.0,"turns":5.0},{"damage":27.0,"enemies":"Centurion and Healer","floor":31.0,"turns":5.0},{"damage":76.0,"enemies":"Champ","floor":33.0,"turns":13.0},{"damage":12.0,"enemies":"Orb Walker","floor":35.0,"turns":4.0},{"damage":13.0,"enemies":"3 Darklings","floor":37.0,"turns":5.0},{"damage":47.0,"enemies":"4 Shapes","floor":41.0,"turns":8.0},{"damage":35,"enemies":"Giant Head","floor":42,"turns":6},{"damage":16,"enemies":"Maw","floor":48,"turns":6},{"damage":90,"enemies":"Awakened One","floor":50,"turns":3}],"seed_played":"438722450421191312","potions_obtained":[{"floor":1.0,"key":"Fire Potion"},{"floor":5.0,"key":"Weak Potion"},{"floor":16.0,"key":"Dexterity Potion"},{"floor":17.0,"key":"FearPotion"},{"floor":19.0,"key":"BlessingOfTheForge"},{"floor":22.0,"key":"Poison Potion"},{"floor":31.0,"key":"Energy Potion"},{"floor":33.0,"key":"Block Potion"},{"floor":37.0,"key":"BlessingOfTheForge"},{"floor":41.0,"key":"Fire Potion"},{"floor":42,"key":"SneckoOil"},{"floor":48,"key":"SkillPotion"}],"is_trial":false,"path_per_floor":["M","?","?","M","M","E","M","R","T","R","?","R","M","$","R","B",null,"M","M","?","$","M","R","$","E","T","$","R","M","$","M","R","B",null,"M","$","M","$","?","R","M","E","T","?","R","?","R","M","R","B"],"character_chosen":"THE_SILENT","items_purchased":["Infinite Blades","PiercingWail","Regal Pillow","Calculated Gamble","Mummified Hand","Bane","Catalyst","Catalyst","Blade Dance"],"campfire_rested":9,"item_purchase_floors":[14,14,21,21,24,24,27,38,38],"current_hp_per_floor":[68,73,62,62,61,35,43,65,65,65,50,50,47,47,69,48,80,70,70,70,70,54,80,80,50,50,50,80,73,73,46,80,16,80,68,68,55,55,45,80,45,22,32,32,74,74,90,74,90,0,0],"gold":113,"neow_bonus":"HUNDRED_GOLD","is_daily":false,"chose_seed":false,"campfire_upgraded":1,"win_rate":0.0,"timestamp":1612490991,"path_taken":["M","?","?","M","M","E","M","R","T","R","?","R","M","$","R","BOSS","M","M","?","$","?","R","$","E","T","$","R","M","?","M","R","BOSS","M","$","M","$","?","R","M","E","T","?","R","?","R","M","R","BOSS"],"items_purchased_type":["Card","Card","Relic","Card","Relic","Card","Card","Card","Card"],"build_version":"2020-12-22","purchased_purges":0,"victory":false,"max_hp_per_floor":[70,75,75,75,75,75,75,75,75,75,75,75,75,75,75,75,80,80,80,80,80,80,80,80,80,80,80,80,80,80,80,80,80,80,80,80,80,80,80,80,80,80,90,90,90,90,90,90,90,90,90],"card_choices":[{"not_picked":["Bouncing Flask","Bane"],"picked":"Slice","floor":1.0},{"not_picked":["Dagger Spray","Backflip"],"picked":"Choke","floor":4.0},{"not_picked":["Quick Slash","PiercingWail"],"picked":"Deadly Poison","floor":5.0},{"not_picked":["Well Laid Plans","Dodge and Roll"],"picked":"Sucker Punch","floor":6.0},{"not_picked":["Accuracy","Dagger Spray"],"picked":"Blade Dance","floor":7.0},{"not_picked":["Underhanded Strike","Deadly Poison"],"picked":"Adrenaline","floor":13.0},{"not_picked":["Die Die Die","Doppelganger"],"picked":"Malaise","floor":16.0},{"not_picked":["Acrobatics","PiercingWail"],"picked":"Accuracy","floor":17.0},{"not_picked":["Underhanded Strike","Prepared"],"picked":"Deflect+1","floor":18.0},{"not_picked":["PiercingWail","Acrobatics"],"picked":"Blade Dance","floor":19.0},{"not_picked":["Flying Knee","Deflect"],"picked":"Terror","floor":22.0},{"not_picked":["Dagger Throw","Riddle With Holes"],"picked":"Slice","floor":25.0},{"not_picked":["Endless Agony","Caltrops+1"],"picked":"Doppelganger","floor":29.0},{"not_picked":["Slice","Flying Knee"],"picked":"Quick Slash+1","floor":31.0},{"not_picked":["Malaise","Venomology"],"picked":"Phantasmal Killer","floor":33.0},{"not_picked":["Dagger Throw+1","Quick Slash+1"],"picked":"Flying Knee+1","floor":35.0},{"not_picked":["Underhanded Strike+1","Reflex"],"picked":"Poisoned Stab+1","floor":37.0},{"not_picked":["Flying Knee","Prepared+1"],"picked":"Dash+1","floor":41.0},{"not_picked":["Slice+1","Die Die Die"],"picked":"Deadly Poison+1","floor":42},{"not_picked":["Blind","Discovery"],"picked":"Bandage Up","floor":44},{"not_picked":["Endless Agony","Bane+1"],"picked":"Deadly Poison+1","floor":48}],"player_experience":379579,"relics_obtained":[{"floor":6.0,"key":"Meat on the Bone"},{"floor":25.0,"key":"White Beast Statue"},{"floor":26.0,"key":"Ninja Scroll"},{"floor":42,"key":"Oddly Smooth Stone"},{"floor":43,"key":"Pear"}],"event_choices":[{"damage_healed":0.0,"max_hp_gain":5.0,"max_hp_loss":0.0,"gold_gain":0.0,"event_name":"Big Fish","player_choice":"Donut","floor":2.0,"gold_loss":0.0,"damage_taken":0.0},{"damage_healed":0.0,"max_hp_gain":0.0,"max_hp_loss":0.0,"gold_gain":75.0,"event_name":"World of Goop","player_choice":"Gather Gold","floor":3.0,"gold_loss":0.0,"damage_taken":11.0},{"damage_healed":0.0,"max_hp_gain":0.0,"max_hp_loss":0.0,"gold_gain":0.0,"event_name":"Shining Light","player_choice":"Entered Light","floor":11.0,"gold_loss":0.0,"damage_taken":15.0,"cards_upgraded":["Defend_G","Blade Dance"]},{"cards_removed":["Defend_G"],"damage_healed":0.0,"max_hp_gain":0.0,"max_hp_loss":0.0,"gold_gain":0.0,"event_name":"Bonfire Elementals","player_choice":"Offered Basic","floor":20.0,"gold_loss":0.0,"damage_taken":0.0},{"damage_healed":0.0,"max_hp_gain":0.0,"max_hp_loss":0.0,"gold_gain":0.0,"event_name":"Winding Halls","player_choice":"Embrace Madness","floor":39.0,"gold_loss":0.0,"damage_taken":10.0,"cards_obtained":["Madness","Madness"]},{"damage_healed":0,"gold_gain":0,"player_choice":"Memory 1","damage_taken":0,"max_hp_gain":0,"max_hp_loss":0,"event_name":"SensoryStone","floor":44,"gold_loss":0},{"damage_healed":0,"gold_gain":0,"player_choice":"Gave Potion","damage_taken":0,"relics_obtained":["Juzu Bracelet"],"max_hp_gain":0,"max_hp_loss":0,"event_name":"WeMeetAgain","floor":46,"gold_loss":0}],"is_beta":false,"boss_relics":[{"not_picked":["Fusion Hammer","Coffee Dripper"],"picked":"Tiny House"},{"not_picked":["Black Star","Cursed Key"],"picked":"Runic Pyramid"}],"items_purged_floors":[],"is_endless":false,"potions_floor_spawned":[1,5,16,19,22,29,31,33,35,37,41,42,48],"killed_by":"Awakened One","ascension_level":0}}