{"host":"jt4xaqerixsfdsye","time":1612569471,"event":{"mods":["BaseMod","Downfall","Minty Spire (QoL Compilation)","StSLib"],"gold_per_floor":[99,114,126,126,143,143,143,51,226,26,38,488,10,27,40,140,140,140,151,161,233,26,40,67,80,100,100,111,111,111,111,126,225,225,225,244,322,337,10,30,55,55,75,8,21,21,21,41,55,55,55,55],"floor_reached":50,"language":"ENG","playtime":6199,"items_purged":["downfall:Icky"],"score":515,"play_id":"5563fe79-66d8-44a1-b725-dd8227a4ba85","local_time":"20210206005751","is_ascension_mode":false,"campfire_choices":[{"floor":1,"key":"RECALL"},{"data":"Guardian:SpikerProtocol","floor":10,"key":"SMITH"},{"data":"expansioncontent:DashGenerateEvil","floor":18,"key":"SMITH"},{"floor":27,"key":"REST"},{"data":"Guardian:PiercingHide","floor":30,"key":"SMITH"},{"data":"Guardian:ChargeCore","floor":35,"key":"SMITH"},{"data":"Guardian:RevengeProtocol","floor":42,"key":"SMITH"},{"floor":46,"key":"REST"}],"circlet_count":0,"master_deck":["Guardian:Strike_Guardian","Guardian:Strike_Guardian","Guardian:Strike_Guardian","Guardian:Strike_Guardian","Guardian:Defend_Guardian","Guardian:Defend_Guardian","Guardian:Defend_Guardian","Guardian:Defend_Guardian","Guardian:CurlUp","Guardian:TwinSlam","Guardian:Incinerate","Guardian:SpikerProtocol+1","Guardian:RevengeProtocol+1","Guardian:ChargeCore+1","Guardian:Reroute","Doubt","downfall:Icky","downfall:Icky","expansioncontent:DashGenerateEvil+1","Guardian:ChargeCore","Guardian:FloatingOrbs","Guardian:TemporalShield","Guardian:FloatingOrbs","Guardian:ShieldCharger","Guardian:PiercingHide+1","Guardian:TimeBomb+1","Guardian:EvasiveProtocol+1","Guardian:WalkerClaw","Guardian:VentSteam","Guardian:PrimingBeam","Guardian:PiercingHide","Guardian:PrimingBeam+1","Guardian:PiercingHide","Guardian:AncientConstruct+1","CurseOfTheBell","Guardian:RollAttack+1","Guardian:TemporalShield+1","Guardian:BronzeOrb+1","Guardian:RevengeProtocol+1","Guardian:PrimingBeam+1","Guardian:BronzeOrb+1","Guardian:Clone+1","Guardian:Incinerate","Guardian:Suspension+1","Guardian:RevengeProtocol+1"],"relics":["Guardian:ModeShifter","Oddly Smooth Stone","downfall:HeartBlessingRed","downfall:HeartBlessingBlue","SlaversCollar","Frozen Egg 2","Vajra","Calling Bell","Omamori","Eternal Feather","Bird Faced Urn","Pantograph","Lee\u0027s Waffle","Blood Vial","Guardian:StasisEgg"],"acts_visited":["Exordium","TheCity","TheBeyond"],"potions_floor_usage":[32,39,44,50,50],"damage_taken":[{"damage":10,"enemies":"Jaw Worm","floor":2,"turns":6},{"damage":15,"enemies":"Small Slimes","floor":3,"turns":3},{"damage":0,"enemies":"Cultist","floor":5,"turns":3},{"damage":0,"enemies":"downfall:FleeingMerchant","floor":8,"turns":4},{"damage":3,"enemies":"Exordium Wildlife","floor":11,"turns":6},{"damage":15,"enemies":"downfall:FleeingMerchant","floor":13,"turns":4},{"damage":5,"enemies":"3 Louse","floor":14,"turns":3},{"damage":6,"enemies":"Red Slaver","floor":15,"turns":4},{"damage":6,"enemies":"SI_SHIV_ARCHETYPE","floor":16,"turns":6},{"damage":4,"enemies":"3 Byrds","floor":19,"turns":6},{"damage":17,"enemies":"Snake Plant","floor":20,"turns":5},{"damage":4,"enemies":"downfall:FleeingMerchant","floor":22,"turns":4},{"damage":10,"enemies":"Cultist and Chosen","floor":23,"turns":5},{"damage":2,"enemies":"Snecko","floor":25,"turns":3},{"damage":26,"enemies":"Snake Plant","floor":26,"turns":4},{"damage":20,"enemies":"Shelled Parasite and Fungi","floor":28,"turns":7},{"damage":0,"enemies":"3 Cultists","floor":32,"turns":4},{"damage":37,"enemies":"WA_ARCHETYPE_CALM","floor":33,"turns":11},{"damage":47,"enemies":"3 Darklings","floor":36,"turns":7},{"damage":25,"enemies":"3 Shapes","floor":38,"turns":4},{"damage":0,"enemies":"downfall:FleeingMerchant","floor":39,"turns":4},{"damage":23,"enemies":"Transient","floor":40,"turns":5},{"damage":24,"enemies":"Maw","floor":43,"turns":8},{"damage":3,"enemies":"downfall:FleeingMerchant","floor":44,"turns":4},{"damage":26,"enemies":"4 Shapes","floor":45,"turns":6},{"damage":22,"enemies":"Spire Growth","floor":48,"turns":5},{"damage":14,"enemies":"Jaw Worm Horde","floor":49,"turns":5},{"damage":123,"enemies":"IC_BLOCK_ARCHETYPE","floor":50,"turns":15}],"seed_played":"-7044951376073920862","potions_obtained":[{"floor":3,"key":"Guardian:BlockOnCardUsePotion"},{"floor":11,"key":"Guardian:AcceleratePotion"},{"floor":14,"key":"Guardian:BlockOnCardUsePotion"},{"floor":20,"key":"Explosive Potion"},{"floor":28,"key":"Guardian:AcceleratePotion"},{"floor":31,"key":"Regen Potion"},{"floor":33,"key":"EssenceOfSteel"},{"floor":38,"key":"SneckoOil"},{"floor":43,"key":"LiquidBronze"}],"is_trial":false,"path_per_floor":["R","M","M","?","M","?","T","$","?","R","M","?","$","M","M","B",null,"R","M","M","T","$","M","T","M","M","R","M","?","R","?","M","B",null,"R","M","T","M","$","M","T","R","M","$","M","R","?","M","M","B"],"character_chosen":"GUARDIAN","items_purchased":["Guardian:ChargeCore","Guardian:Reroute","expansioncontent:DashGenerateEvil","Guardian:Gem_Lightblue","Guardian:ChargeCore","Guardian:FloatingOrbs","Guardian:TemporalShield","Guardian:EvasiveProtocol+1","Guardian:Gem_Red","Guardian:WalkerClaw","Guardian:VentSteam","Lee\u0027s Waffle","Guardian:RevengeProtocol+1","champ:CounterPotion"],"campfire_rested":2,"item_purchase_floors":[8,8,13,13,13,13,13,22,22,22,22,39,39,44],"current_hp_per_floor":[88,78,63,56,56,85,85,85,85,95,92,92,77,72,66,60,98,98,94,77,77,73,63,63,61,35,64,44,44,44,44,44,7,98,98,55,55,32,105,87,87,105,81,86,68,105,105,91,87,0,0,0],"gold":55,"neow_bonus":"TEN_PERCENT_HP_BONUS","is_daily":false,"chose_seed":false,"campfire_upgraded":5,"win_rate":0.0,"timestamp":1612569471,"path_taken":["R","M","M","?","M","?","T","$","?","R","?","?","?","M","M","BOSS","R","M","M","?","$","M","T","M","M","R","M","?","R","?","M","BOSS","R","M","?","M","$","M","T","R","M","$","M","R","?","M","M","BOSS"],"items_purchased_type":["Card","Card","Card","Card","Card","Card","Card","Card","Card","Card","Card","Relic","Card","Potion"],"build_version":"2020-12-22","purchased_purges":1,"victory":false,"max_hp_per_floor":[88,88,88,88,88,88,88,88,88,98,98,98,98,98,98,98,98,98,98,98,98,98,98,98,98,98,98,98,98,98,98,98,98,98,98,98,98,98,105,105,105,105,105,105,105,105,105,105,105,105,105,105],"card_choices":[{"not_picked":["Guardian:Gem_Green","Guardian:PrimingBeam"],"picked":"Guardian:Incinerate","floor":2},{"not_picked":["Guardian:Gem_Red","Guardian:PiercingHide"],"picked":"Guardian:SpikerProtocol","floor":3},{"not_picked":["Guardian:CrystalBeam","Guardian:TemporalStrike"],"picked":"Guardian:Gem_Blue","floor":5},{"not_picked":["Guardian:TemporalShield","Guardian:StasisField"],"picked":"Guardian:RevengeProtocol","floor":8},{"not_picked":["Guardian:CrystalBeam","Guardian:Suspension"],"picked":"Guardian:Gem_Red","floor":11},{"not_picked":["Guardian:Clone","Guardian:Recover"],"picked":"Guardian:Gem_Green","floor":13},{"not_picked":["Guardian:VentSteam","Guardian:ChargeCore"],"picked":"Guardian:FloatingOrbs","floor":14},{"not_picked":["Guardian:Recover","Guardian:RollAttack"],"picked":"Guardian:ShieldCharger","floor":15},{"not_picked":["Guardian:FastForward","Guardian:StasisField"],"picked":"Guardian:Gem_Orange","floor":16},{"not_picked":["Guardian:DecasProtection","Guardian:Repulse"],"picked":"Guardian:PiercingHide","floor":19},{"not_picked":["Guardian:Emergency+1","Guardian:Incinerate"],"picked":"Guardian:Gem_Yellow","floor":20},{"not_picked":["Guardian:RollAttack","Guardian:Gem_Lightblue"],"picked":"Guardian:TimeBomb+1","floor":22},{"not_picked":["Guardian:WalkerClaw","Guardian:Clone"],"picked":"Guardian:PrimingBeam","floor":23},{"not_picked":["Guardian:Incinerate","Guardian:RefractedBeam"],"picked":"Guardian:PiercingHide","floor":25},{"not_picked":["Guardian:PiercingHide","Guardian:TemporalStrike"],"picked":"Guardian:Gem_Yellow","floor":26},{"not_picked":["Guardian:Reroute","Guardian:TemporalStrike+1"],"picked":"Guardian:PrimingBeam+1","floor":28},{"not_picked":["Guardian:Suspension+1","Guardian:Harden"],"picked":"Guardian:PiercingHide","floor":32},{"not_picked":["Guardian:StasisStrike","Guardian:ExploitGems"],"picked":"Guardian:AncientConstruct+1","floor":33},{"not_picked":["Guardian:TimeCapacitor+1","Guardian:Gem_White"],"picked":"Guardian:RollAttack+1","floor":36},{"not_picked":["Guardian:TemporalStrike","Guardian:DecasProtection+1"],"picked":"Guardian:TemporalShield+1","floor":38},{"not_picked":["Guardian:Suspension","Guardian:Gem_Yellow"],"picked":"Guardian:BronzeOrb+1","floor":39},{"not_picked":["Guardian:Gem_Lightblue","Guardian:WalkerClaw"],"picked":"Guardian:PrimingBeam+1","floor":40},{"not_picked":["Guardian:SphericShield","Guardian:VentSteam"],"picked":"Guardian:BronzeOrb+1","floor":43},{"not_picked":["Guardian:RollAttack","Guardian:TemporalStrike+1"],"picked":"Guardian:Clone+1","floor":44},{"not_picked":["Guardian:RollAttack","Guardian:TimeCapacitor+1"],"picked":"Guardian:Incinerate","floor":45},{"not_picked":["Guardian:Gem_Lightblue","Guardian:Gem_Purple"],"picked":"Guardian:Suspension+1","floor":48},{"not_picked":["Guardian:PrismaticBarrier","Guardian:SpikerProtocol+1"],"picked":"Guardian:RevengeProtocol+1","floor":49}],"player_experience":158428,"relics_obtained":[{"floor":21,"key":"Frozen Egg 2"},{"floor":24,"key":"Vajra"},{"floor":34,"key":"Omamori"},{"floor":34,"key":"Eternal Feather"},{"floor":34,"key":"Bird Faced Urn"},{"floor":37,"key":"Pantograph"},{"floor":41,"key":"Blood Vial"}],"event_choices":[{"damage_healed":0,"gold_gain":0,"player_choice":"Success","damage_taken":7,"relics_obtained":["Oddly Smooth Stone"],"max_hp_gain":0,"max_hp_loss":0,"event_name":"Scrap Ooze","floor":4,"gold_loss":0},{"damage_healed":29,"gold_gain":0,"player_choice":"Banana","damage_taken":0,"max_hp_gain":0,"max_hp_loss":0,"event_name":"Big Fish","floor":6,"gold_loss":0},{"damage_healed":0,"gold_gain":0,"player_choice":"Got Potions","damage_taken":0,"max_hp_gain":0,"max_hp_loss":0,"event_name":"Lab","floor":31,"gold_loss":0}],"is_beta":false,"boss_relics":[{"not_picked":["SacredBark","Runic Dome"],"picked":"SlaversCollar"},{"not_picked":["Black Star","Empty Cage"],"picked":"Calling Bell"}],"items_purged_floors":[13],"is_endless":false,"potions_floor_spawned":[3,11,14,20,28,33,38,43,48,49],"killed_by":"IC_BLOCK_ARCHETYPE","ascension_level":0}}