{"host":"3jjxuhjpio8e4zkv","time":1612555699,"event":{"mods":["BaseMod","Colored Map","Highlight Path","Minty Spire (QoL Compilation)","Permanent Neow","Relic Stats","StSLib"],"gold_per_floor":[110,123,140,151,16,16,33,60,60,92,92,92,120,132,132,207,207,223,242,258,11,30,30,57,57,134,166,166,166,166],"floor_reached":29,"language":"ENG","playtime":1040,"items_purged":[],"score":720,"play_id":"db900e95-2711-4756-9548-3c9df7bb981f","local_time":"20210205150819","is_ascension_mode":true,"campfire_choices":[{"data":"Bouncing Flask","floor":6.0,"key":"SMITH"},{"data":"Catalyst","floor":11.0,"key":"SMITH"},{"data":"Catalyst","floor":15.0,"key":"SMITH"},{"floor":23.0,"key":"REST"},{"data":"Phantasmal Killer","floor":25.0,"key":"SMITH"},{"data":"Footwork","floor":28,"key":"SMITH"}],"circlet_count":0,"master_deck":["AscendersBane","Strike_G","Strike_G","Strike_G","Strike_G","Strike_G","Defend_G","Defend_G","Defend_G+1","Defend_G+1","Defend_G","Survivor","Neutralize","Quick Slash","Bouncing Flask+1","Slice","Masterful Stab","PanicButton","Dash","Deadly Poison","Catalyst+1","Phantasmal Killer+1","Well Laid Plans","Catalyst+1","Sucker Punch+1","Bouncing Flask","Footwork+1","Cloak And Dagger+1","Backflip+1"],"relics":["Ring of the Snake","Anchor","Omamori","Shuriken","Meat on the Bone","War Paint","Velvet Choker","Sling","Blue Candle","Pantograph","Nunchaku"],"acts_visited":["Exordium","TheCity"],"potions_floor_usage":[27,27],"damage_taken":[{"damage":0.0,"enemies":"Cultist","floor":1.0,"turns":4.0},{"damage":0.0,"enemies":"2 Louse","floor":2.0,"turns":3.0},{"damage":0.0,"enemies":"Small Slimes","floor":3.0,"turns":4.0},{"damage":0.0,"enemies":"2 Fungi Beasts","floor":4.0,"turns":3.0},{"damage":0.0,"enemies":"Exordium Wildlife","floor":7.0,"turns":3.0},{"damage":22.0,"enemies":"3 Sentries","floor":8.0,"turns":10.0},{"damage":2.0,"enemies":"Lagavulin","floor":10.0,"turns":5.0},{"damage":9.0,"enemies":"3 Sentries","floor":13.0,"turns":7.0},{"damage":0.0,"enemies":"3 Louse","floor":14.0,"turns":2.0},{"damage":0.0,"enemies":"Slime Boss","floor":16.0,"turns":2.0},{"damage":0.0,"enemies":"Spheric Guardian","floor":18.0,"turns":3.0},{"damage":6.0,"enemies":"Shell Parasite","floor":19.0,"turns":4.0},{"damage":24.0,"enemies":"3 Cultists","floor":20.0,"turns":5.0},{"damage":30.0,"enemies":"Chosen and Byrds","floor":22.0,"turns":5.0},{"damage":24.0,"enemies":"Book of Stabbing","floor":24.0,"turns":5.0},{"damage":6,"enemies":"Slavers","floor":27,"turns":5},{"damage":46,"enemies":"Gremlin Leader","floor":29,"turns":5}],"seed_played":"-6293251333844223752","potions_obtained":[{"floor":4.0,"key":"Ancient Potion"},{"floor":8.0,"key":"Strength Potion"},{"floor":13.0,"key":"Explosive Potion"},{"floor":19.0,"key":"SteroidPotion"},{"floor":20.0,"key":"Weak Potion"},{"floor":22.0,"key":"SkillPotion"}],"is_trial":false,"path_per_floor":["M","M","M","M","$","R","M","E","T","E","R","?","E","M","R","B",null,"M","M","M","$","M","R","E","R","T","E","R","E"],"character_chosen":"THE_SILENT","items_purchased":["PanicButton","Dash","Sling","Footwork"],"campfire_rested":1,"item_purchase_floors":[5,5,21,21],"current_hp_per_floor":[59,59,59,59,59,59,59,37,37,35,35,35,38,38,38,38,59,59,53,41,41,23,42,30,30,30,36,36,0,0],"gold":166,"neow_bonus":"RANDOM_COMMON_RELIC","is_daily":false,"chose_seed":false,"campfire_upgraded":5,"win_rate":0.0,"timestamp":1612555699,"path_taken":["M","M","M","M","$","R","M","E","T","E","R","?","E","M","R","BOSS","M","M","M","$","M","R","E","R","T","E","R","E"],"items_purchased_type":["Card","Card","Relic","Card"],"build_version":"2020-12-22","purchased_purges":0,"victory":false,"max_hp_per_floor":[66,66,66,66,66,66,66,66,66,66,66,66,66,66,66,66,66,66,66,66,66,66,66,66,66,66,66,66,66,66],"relic_stats":{"Nunchaku":[1],"counters":[17,75],"Shuriken":[16],"Blue Candle":[0],"Pantograph":0,"War Paint":["Defend_G","Defend_G"],"obtain_stats":[{"Anchor":0,"Nunchaku":27,"Shuriken":9,"Blue Candle":24,"Pantograph":26,"Velvet Choker":17,"Omamori":8,"War Paint":13,"Sling":21,"Ring of the Snake":0,"Meat on the Bone":10},{"Anchor":0,"Nunchaku":16,"Shuriken":6,"Blue Candle":15,"Pantograph":15,"Velvet Choker":10,"Omamori":6,"War Paint":8,"Sling":13,"Ring of the Snake":0,"Meat on the Bone":7},{"Anchor":0,"Nunchaku":70,"Shuriken":27,"Blue Candle":65,"Pantograph":65,"Velvet Choker":43,"Omamori":27,"War Paint":39,"Sling":55,"Ring of the Snake":0,"Meat on the Bone":32}],"Ring of the Snake":[34],"Meat on the Bone":60},"card_choices":[{"not_picked":["Outmaneuver","Catalyst"],"picked":"Quick Slash","floor":1.0},{"not_picked":["Sucker Punch","Flying Knee"],"picked":"Bouncing Flask","floor":2.0},{"not_picked":["Quick Slash","Catalyst"],"picked":"Slice","floor":3.0},{"not_picked":["Sucker Punch","Poisoned Stab"],"picked":"Masterful Stab","floor":4.0},{"not_picked":["Flechettes","Finisher","Cloak And Dagger"],"picked":"SKIP","floor":7.0},{"not_picked":["Flechettes","Finisher","Cloak And Dagger"],"picked":"SKIP","floor":7.0},{"not_picked":["Doppelganger","Slice"],"picked":"Deadly Poison","floor":8.0},{"not_picked":["Masterful Stab","Backflip"],"picked":"Catalyst","floor":10.0},{"not_picked":["Tactician","Dagger Spray"],"picked":"Well Laid Plans","floor":13.0},{"not_picked":["Dodge and Roll","PiercingWail"],"picked":"Catalyst","floor":14.0},{"not_picked":["Heel Hook+1","Acrobatics"],"picked":"Sucker Punch+1","floor":18.0},{"not_picked":["Outmaneuver","Expertise"],"picked":"Bouncing Flask","floor":19.0},{"not_picked":["Caltrops","Deflect","Skewer"],"picked":"SKIP","floor":20.0},{"not_picked":["Crippling Poison","Flying Knee"],"picked":"Cloak And Dagger+1","floor":22.0},{"not_picked":["Underhanded Strike","Finisher","Cloak And Dagger"],"picked":"SKIP","floor":24.0},{"not_picked":["Dagger Spray","After Image"],"picked":"Backflip+1","floor":27}],"player_experience":1257996,"relics_obtained":[{"floor":8.0,"key":"Omamori"},{"floor":9.0,"key":"Shuriken"},{"floor":10.0,"key":"Meat on the Bone"},{"floor":13.0,"key":"War Paint"},{"floor":24.0,"key":"Blue Candle"},{"floor":26.0,"key":"Pantograph"},{"floor":27,"key":"Nunchaku"}],"event_choices":[{"damage_healed":0.0,"max_hp_gain":0.0,"max_hp_loss":0.0,"gold_gain":0.0,"event_name":"Match and Keep!","player_choice":"1 cards matched","floor":12.0,"gold_loss":0.0,"damage_taken":0.0,"cards_obtained":["Phantasmal Killer"]}],"is_beta":false,"boss_relics":[{"not_picked":["WristBlade","Tiny House"],"picked":"Velvet Choker"}],"items_purged_floors":[],"is_endless":false,"potions_floor_spawned":[4,8,13,19,20,22,24],"killed_by":"Gremlin Leader","ascension_level":20}}