{"host":"2g68u5ewu4bp0ui7","time":1612545699,"event":{"mods":["AchievementEnabler","BaseMod","Best Route Mod","Block Reminder","Colored Map","Colored Powertips","Highlight Path","Minty Spire (QoL Compilation)","Quick Restart","Shop Mod","SuperFastMode","everything is the same but u backflip on backflip","slay the spire mod where everything is the same but ironclad has a cowboy hat"],"gold_per_floor":[119,119,119,138,158,158,184,184,184,236,252,271,196,209,209,311,311,323,223,223,223,235,261,261,261],"floor_reached":24,"language":"ENG","playtime":641,"items_purged":["Strike_R","Strike_R"],"score":216,"play_id":"90b11900-3622-4905-ac17-30d4d5f095ad","local_time":"20210205192139","is_ascension_mode":false,"campfire_choices":[{"data":"Infernal Blade","floor":6.0,"key":"SMITH"},{"floor":15,"key":"REST"}],"circlet_count":0,"master_deck":["Strike_R","Strike_R","Strike_R","Defend_R","Defend_R","Defend_R","Defend_R","Bash","Flame Barrier","Cleave","Battle Trance","Infernal Blade+1","Spot Weakness","Shrug It Off","Feed","Twin Strike+1"],"relics":["Burning Blood","Pantograph","Bag of Marbles","Anchor","SlaversCollar","MutagenicStrength","Question Card"],"acts_visited":["Exordium","TheCity"],"potions_floor_usage":[16,16,23],"damage_taken":[{"damage":12.0,"enemies":"Small Slimes","floor":1.0,"turns":4.0},{"damage":15.0,"enemies":"Cultist","floor":4.0,"turns":4.0},{"damage":3.0,"enemies":"Jaw Worm","floor":5.0,"turns":5.0},{"damage":17.0,"enemies":"3 Sentries","floor":7.0,"turns":6.0},{"damage":9,"enemies":"Exordium Wildlife","floor":11,"turns":6},{"damage":4,"enemies":"Red Slaver","floor":12,"turns":4},{"damage":12,"enemies":"Large Slime","floor":14,"turns":7},{"damage":23,"enemies":"Hexaghost","floor":16,"turns":7},{"damage":31,"enemies":"Shell Parasite","floor":18,"turns":8},{"damage":0,"enemies":"Chosen","floor":22,"turns":3},{"damage":34,"enemies":"Gremlin Leader","floor":23,"turns":4},{"damage":33,"enemies":"Centurion and Healer","floor":24,"turns":3}],"seed_played":"-3687325376193312453","potions_obtained":[{"floor":0.0,"key":"Weak Potion"},{"floor":0.0,"key":"Swift Potion"},{"floor":0.0,"key":"EntropicBrew"},{"floor":4.0,"key":"ElixirPotion"},{"floor":16,"key":"PowerPotion"},{"floor":23,"key":"DuplicationPotion"}],"is_trial":false,"path_per_floor":["M","?","?","M","M","R","E","?","T","T","M","M","$","M","R","B",null,"M","$","?","?","M","E","M"],"character_chosen":"IRONCLAD","items_purchased":[],"campfire_rested":1,"item_purchase_floors":[],"current_hp_per_floor":[74,74,74,65,68,68,57,57,57,57,54,56,56,50,73,60,77,52,52,52,52,61,33,0,0],"gold":261,"neow_bonus":"THREE_SMALL_POTIONS","is_daily":false,"chose_seed":false,"campfire_upgraded":1,"win_rate":0.0,"timestamp":1612545699,"path_taken":["M","?","?","?","M","R","E","?","T","?","?","M","?","M","R","BOSS","M","$","?","?","M","E","M"],"items_purchased_type":[],"build_version":"2020-12-22","purchased_purges":2,"victory":false,"max_hp_per_floor":[80,80,80,80,80,80,80,77,77,77,77,77,77,77,77,77,77,77,77,77,77,80,80,80,80],"card_choices":[{"not_picked":["Sword Boomerang","Combust"],"picked":"Flame Barrier","floor":1.0},{"not_picked":["Havoc","Rage"],"picked":"Battle Trance","floor":4.0},{"not_picked":["Heavy Blade","Havoc"],"picked":"Infernal Blade","floor":5.0},{"not_picked":["Reaper","Power Through"],"picked":"Spot Weakness","floor":7.0},{"not_picked":["Wild Strike","Shockwave"],"picked":"Shrug It Off","floor":11},{"not_picked":["Dual Wield","Anger","Clash"],"picked":"SKIP","floor":12},{"not_picked":["Metallicize","Dual Wield","Evolve"],"picked":"SKIP","floor":14},{"not_picked":["Reaper","Corruption"],"picked":"Feed","floor":16},{"not_picked":["Anger","Hemokinesis+1"],"picked":"Twin Strike+1","floor":18},{"not_picked":["Burning Pact","Searing Blow+1","Body Slam"],"picked":"SKIP","floor":22},{"not_picked":["Dark Embrace","Iron Wave+1","Anger+1"],"picked":"SKIP","floor":23}],"player_experience":76804,"relics_obtained":[{"floor":7.0,"key":"Pantograph"},{"floor":9,"key":"Bag of Marbles"},{"floor":10,"key":"Anchor"},{"floor":23,"key":"Question Card"}],"event_choices":[{"damage_healed":0.0,"max_hp_gain":0.0,"max_hp_loss":0.0,"gold_gain":0.0,"event_name":"Liars Game","player_choice":"Ignored","floor":2.0,"gold_loss":0.0,"damage_taken":0.0},{"damage_healed":0.0,"max_hp_gain":0.0,"max_hp_loss":0.0,"gold_gain":0.0,"event_name":"Match and Keep!","player_choice":"2 cards matched","floor":3.0,"gold_loss":0.0,"damage_taken":0.0,"cards_obtained":["Cleave","Parasite"]},{"cards_removed":["Parasite"],"damage_healed":0,"gold_gain":0,"player_choice":"Forget","damage_taken":0,"max_hp_gain":0,"max_hp_loss":0,"event_name":"Living Wall","floor":8,"gold_loss":0},{"damage_healed":0,"gold_gain":0,"player_choice":"Inject Mutagens","damage_taken":0,"relics_obtained":["MutagenicStrength"],"max_hp_gain":0,"max_hp_loss":0,"event_name":"Drug Dealer","floor":20,"gold_loss":0},{"damage_healed":0,"gold_gain":0,"player_choice":"Ignored","damage_taken":0,"max_hp_gain":0,"max_hp_loss":0,"event_name":"The Mausoleum","floor":21,"gold_loss":0}],"is_beta":false,"boss_relics":[{"not_picked":["Calling Bell","Ectoplasm"],"picked":"SlaversCollar"}],"items_purged_floors":[13,19],"is_endless":false,"potions_floor_spawned":[4,7,16,23],"killed_by":"Centurion and Healer","ascension_level":0}}