{"host":"rng0zyo66qdcpyr0","time":1612523175,"event":{"mods":["Ascension Reborn","BaseMod","Lobotomy","LobotomyExtend","Minty Spire (QoL Compilation)","Nova Terra(诺娃・泰拉)","Reimu（博丽灵梦）","Remilia（蕾米莉亚）","RumiaBox-露米娅的神秘盒子","StSLib","TestMod","WarShipGirlsR/战舰少女R mod","Yakumo Yukari mod","[GremlinLeader]The Maniac","【功能Mod】混沌之环修复补丁","【遗物卡牌】REMEMod"],"gold_per_floor":[128,203,278,297,313,313,343,356,383,383,399,443,458,4,4,114,114,114,336,356,586,602,652,652,685,685,125,125,347,93,124,124,248,248,291,553,953,990,930,983,1011,1038,1038,1038,1038,1062,492,492,492,542,542,542,542,47,98,118],"floor_reached":57,"language":"ZHS","playtime":4370,"items_purged":["Strike_Lin:ReiMu+1","Regret"],"score":1409,"play_id":"3d24bb0a-3ce7-4b93-bf16-8c7252168eae","local_time":"20210205190615","is_ascension_mode":false,"campfire_choices":[{"data":"CareerPray:ReiMu","floor":6.0,"key":"SMITH"},{"floor":10.0,"key":"RECALL"},{"data":"CardOfSanctity:ReiMu","floor":15.0,"key":"SMITH"},{"data":"SubcavityFantasy:ReiMu","floor":28.0,"key":"SMITH"},{"data":"InherentArray:ReiMu","floor":32.0,"key":"SMITH"},{"data":"Authority:ReiMu","floor":45.0,"key":"SMITH"},{"data":"CleanRite:ReiMu","floor":49,"key":"SMITH"},{"data":"YinYang:ReiMu","floor":53,"key":"SMITH"}],"circlet_count":0,"master_deck":["Strike_Lin:ReiMu+1","Strike_Lin:ReiMu+1","Strike_Lin:ReiMu+1","Defend_Lin:ReiMu+1","Defend_Lin:ReiMu+1","Defend_Lin:ReiMu+1","Defend_Lin:ReiMu+1","NB:ReiMu+1","Stagnation:ReiMu+1","Mirror_Drifter_purple","RainPray2:ReiMu","SpreadBorder2:ReiMu","CareerPray:ReiMu+1","Meditation:ReiMu","SpringWay:ReiMu","CleanRite:ReiMu+1","SpreadBorder2:ReiMu","RainPray2:ReiMu","CardOfSanctity:ReiMu+1","Authority:ReiMu+1","Revelation:ReiMu+1","Writhe","Amulet:ReiMu+1","Intuition:ReiMu","PassingAway:ReiMu","SubcavityFantasy:ReiMu+1","InherentArray:ReiMu+1","Decay","BlastKick2:ReiMu","YinYang:ReiMu+1","Amulet:ReiMu","Shame","RainPray2:ReiMu+1","ManaGlint:ReiMu+1","AlertArray:ReiMu+1","testmod-FightingIntention+1","testmod-DeathImprint"],"relics":["ShineYinYang:ReiMu","testmod-TestBox","testmod-GiftOfSatan","LetterFromLob","REME_PuzzleBoxRelic","testmod-Acrobat","SSSystem","Vajra","REME_DemonsWealth","MagicDraw2","Pantograph","Frozen Egg 2","HandDrill","Mummified Hand","testmod-Antiphasic","testmod-Fortitude","Tea:ReiMu","Juzu Bracelet","GodSword3","Anchor","TheAbacus","ShedSkin_r","testmod-AssaultLearning","CheatingSign:ReiMu","Ornamental Fan"],"acts_visited":["Exordium","TheCity","TheBeyond","TheEnding"],"potions_floor_usage":[50,50],"damage_taken":[{"damage":0.0,"enemies":"Small Slimes","floor":1.0,"turns":4.0},{"damage":0.0,"enemies":"2 Louse","floor":4.0,"turns":3.0},{"damage":4.0,"enemies":"Cultist","floor":5.0,"turns":4.0},{"damage":6.0,"enemies":"3 Sentries","floor":7.0,"turns":7.0},{"damage":0.0,"enemies":"2 Fungi Beasts","floor":8.0,"turns":1.0},{"damage":0.0,"enemies":"Exordium Thugs","floor":11.0,"turns":3.0},{"damage":8.0,"enemies":"Gremlin Nob","floor":12.0,"turns":3.0},{"damage":0.0,"enemies":"3 Louse","floor":13.0,"turns":3.0},{"damage":0.0,"enemies":"Hexaghost","floor":16.0,"turns":6.0},{"damage":1.0,"enemies":"3 Byrds","floor":19.0,"turns":4.0},{"damage":0.0,"enemies":"Chosen","floor":20.0,"turns":3.0},{"damage":34.0,"enemies":"Snake Plant","floor":21.0,"turns":6.0},{"damage":20.0,"enemies":"Shelled Parasite and Fungi","floor":22.0,"turns":3.0},{"damage":16.0,"enemies":"Slavers","floor":23.0,"turns":3.0},{"damage":9.0,"enemies":"Cultist and Chosen","floor":25.0,"turns":6.0},{"damage":20.0,"enemies":"Centurion and Healer","floor":29.0,"turns":4.0},{"damage":13.0,"enemies":"Book of Stabbing","floor":31.0,"turns":4.0},{"damage":40.0,"enemies":"Collector","floor":33.0,"turns":6.0},{"damage":35.0,"enemies":"3 Darklings","floor":35.0,"turns":15.0},{"damage":7.0,"enemies":"2 Orb Walkers","floor":36.0,"turns":5.0},{"damage":0.0,"enemies":"Orb Walker","floor":38.0,"turns":4.0},{"damage":46.0,"enemies":"Reptomancer","floor":40.0,"turns":5.0},{"damage":10.0,"enemies":"Transient","floor":41.0,"turns":5.0},{"damage":40.0,"enemies":"3 Darklings","floor":42.0,"turns":4.0},{"damage":15,"enemies":"4 Shapes","floor":46,"turns":3},{"damage":18,"enemies":"Awakened One","floor":50,"turns":11},{"damage":42,"enemies":"Shield and Spear","floor":55,"turns":5},{"damage":22,"enemies":"The Heart","floor":56,"turns":9}],"seed_played":"7663576164369439988","potions_obtained":[{"floor":4.0,"key":"LiquidMemories"},{"floor":11.0,"key":"DistilledChaos"},{"floor":12.0,"key":"FairyPotion"},{"floor":16.0,"key":"ColorlessPotion"},{"floor":23.0,"key":"Dexterity Potion"},{"floor":24.0,"key":"CultistPotion"},{"floor":24.0,"key":"ColorlessPotion"},{"floor":25.0,"key":"testmod-TimePotion"},{"floor":42.0,"key":"ColorlessPotion"},{"floor":55,"key":"Swift Potion"}],"is_trial":false,"path_per_floor":["M","?","?","M","M","R","E","M","T","R","M","E","M","$","R","B",null,"M","M","M","M","M","E","?","M","T","$","R","M","$","E","R","B",null,"M","?","?","M","?","E","M","M","T","?","R","M","$","?","R","B",null,null,"R","$","E","B",null],"character_chosen":"REIMU","items_purchased":["SSSystem","Vajra","CardOfSanctity:ReiMu","SubcavityFantasy:ReiMu","InherentArray:ReiMu","Frozen Egg 2","HandDrill","Mummified Hand","Anchor","TheAbacus","testmod-FightingIntention+1","testmod-AssaultLearning","testmod-DeathImprint","CheatingSign:ReiMu","testmod-TimePotion"],"campfire_rested":0,"item_purchase_floors":[14,14,14,27,27,27,27,30,47,47,47,54,54,54,54],"current_hp_per_floor":[70,59,52,52,55,55,67,67,67,67,86,78,96,96,96,105,105,105,110,110,94,103,106,106,106,106,106,106,107,107,108,108,117,137,120,113,113,113,113,79,69,29,29,126,126,121,121,90,90,135,135,136,136,136,111,114],"gold":118,"neow_bonus":"ONE_RANDOM_RARE_CARD","is_daily":false,"chose_seed":false,"campfire_upgraded":7,"win_rate":0.0,"timestamp":1612523175,"path_taken":["M","?","?","M","M","R","E","?","T","R","M","E","M","$","R","BOSS","M","M","M","M","M","E","?","M","T","$","R","M","?","E","R","BOSS","M","?","?","M","?","E","M","M","T","?","R","M","$","?","R","BOSS","R","$","E","BOSS"],"items_purchased_type":["Relic","Relic","Card","Card","Card","Relic","Relic","Relic","Relic","Relic","Card","Relic","Card","Relic","Potion"],"build_version":"2020-12-22","purchased_purges":2,"victory":true,"max_hp_per_floor":[70,70,70,70,75,75,85,85,85,85,95,95,105,105,105,105,105,105,110,110,115,120,125,125,132,132,132,132,137,137,137,137,137,137,144,144,144,144,144,144,144,144,144,126,126,136,136,136,136,136,136,136,136,136,141,141],"card_choices":[{"not_picked":["YinYangSign:ReiMu","SubcavityInstant:ReiMu"],"picked":"RainPray2:ReiMu","floor":1.0},{"not_picked":["LovePray:ReiMu","OrbThrow:ReiMu"],"picked":"SpreadBorder2:ReiMu","floor":4.0},{"not_picked":["YinYangSign:ReiMu","Conquer:ReiMu"],"picked":"CareerPray:ReiMu","floor":5.0},{"not_picked":["MikOfLucky:ReiMu","SubcavityInstant:ReiMu"],"picked":"Meditation:ReiMu","floor":7.0},{"not_picked":["LovePray:ReiMu","AirStrike:ReiMu"],"picked":"SpringWay:ReiMu","floor":8.0},{"not_picked":["SpreadBorder2:ReiMu","AirStrike:ReiMu"],"picked":"CleanRite:ReiMu","floor":11.0},{"not_picked":["SafetyPray:ReiMu","SpringWay:ReiMu"],"picked":"SpreadBorder2:ReiMu","floor":12.0},{"not_picked":["BarrageOfMoneybags:ReiMu","AirStrike:ReiMu"],"picked":"RainPray2:ReiMu","floor":13.0},{"not_picked":["CleanRite:ReiMu","Shading:ReiMu"],"picked":"Authority:ReiMu","floor":16.0},{"not_picked":["SafetyPray:ReiMu","CareerPray:ReiMu+1","Amulet:ReiMu"],"picked":"Regret","floor":19.0},{"not_picked":["PrepareRite:ReiMu","MountainWay:ReiMu","Normality"],"picked":"Revelation:ReiMu+1","floor":20.0},{"not_picked":["Enchanting:ReiMu","CollectionFlower2:ReiMu","Meditation:ReiMu"],"picked":"Writhe","floor":21.0},{"not_picked":["UpKicking:ReiMu","LearningPray:ReiMu","Decay"],"picked":"Amulet:ReiMu+1","floor":22.0},{"not_picked":["CareerPray:ReiMu","Amulet:ReiMu+1","Doubt"],"picked":"Intuition:ReiMu","floor":23.0},{"not_picked":["Crusade:ReiMu","CareerPray:ReiMu","maniac:Guilty"],"picked":"PassingAway:ReiMu","floor":25.0},{"not_picked":["SubcavityInstant:ReiMu+1","WonderfulDomain:ReiMu+1","EmergencyTakeOff:ReiMu+1"],"picked":"Decay","floor":29.0},{"not_picked":["Meditation:ReiMu","AirStrike:ReiMu+1","Shame"],"picked":"BlastKick2:ReiMu","floor":31.0},{"not_picked":["SubcavityFantasy:ReiMu","BlastKick2:ReiMu","maniac:Humiliation"],"picked":"YinYang:ReiMu","floor":33.0},{"not_picked":["SafetyPray:ReiMu","EmergencyTakeOff:ReiMu+1","maniac:Humiliation"],"picked":"Amulet:ReiMu","floor":35.0},{"not_picked":["OctopathBindingBorder2:ReiMu+1","LearningPray:ReiMu+1","AirStrike:ReiMu+1"],"picked":"Shame","floor":36.0},{"not_picked":["WonderfulDomain:ReiMu","SubAcupoint:ReiMu+1","Parasite"],"picked":"RainPray2:ReiMu+1","floor":38.0},{"not_picked":["TightArray:ReiMu","WonderfulDomain:ReiMu","Shame"],"picked":"ManaGlint:ReiMu+1","floor":40.0},{"not_picked":["RunawayExorcism:ReiMu","AirManeuver:ReiMu","WonderfulDomain:ReiMu","maniac:Guilty"],"picked":"SKIP","floor":41.0},{"not_picked":["EmergencyTakeOff:ReiMu+1","CareerPray:ReiMu","Decay"],"picked":"AlertArray:ReiMu+1","floor":42.0},{"not_picked":["SafetyPray:ReiMu","Enchanting:ReiMu","AirStrike:ReiMu+1","Pain"],"picked":"SKIP","floor":46},{"not_picked":["Crusade:ReiMu+1","SubcavityInstant:ReiMu+1","SpiritualOutbreak2:ReiMu","Writhe"],"picked":"SKIP","floor":55}],"player_experience":118601,"relics_obtained":[{"floor":1.0,"key":"LetterFromLob"},{"floor":7.0,"key":"REME_PuzzleBoxRelic"},{"floor":12.0,"key":"testmod-Acrobat"},{"floor":23.0,"key":"MagicDraw2"},{"floor":26.0,"key":"Pantograph"},{"floor":31.0,"key":"testmod-Antiphasic"},{"floor":36.0,"key":"testmod-Fortitude"},{"floor":40.0,"key":"Juzu Bracelet"},{"floor":43.0,"key":"GodSword3"},{"floor":55,"key":"Ornamental Fan"}],"event_choices":[{"damage_healed":0.0,"max_hp_gain":0.0,"max_hp_loss":0.0,"gold_gain":75.0,"event_name":"World of Goop","player_choice":"Gather Gold","floor":2.0,"gold_loss":0.0,"damage_taken":11.0},{"damage_healed":0.0,"max_hp_gain":0.0,"max_hp_loss":0.0,"gold_gain":75.0,"event_name":"FaceTrader","player_choice":"Touch","floor":3.0,"gold_loss":0.0,"damage_taken":7.0},{"damage_healed":0.0,"max_hp_gain":0.0,"max_hp_loss":0.0,"gold_gain":0.0,"event_name":"Lab","player_choice":"Got Potions","floor":24.0,"gold_loss":0.0,"damage_taken":0.0},{"damage_healed":0.0,"max_hp_gain":0.0,"max_hp_loss":0.0,"gold_gain":0.0,"event_name":"Mysterious Sphere","player_choice":"Fight","floor":36.0,"gold_loss":0.0,"damage_taken":0.0},{"damage_healed":0.0,"max_hp_gain":0.0,"max_hp_loss":0.0,"gold_gain":400.0,"event_name":"恩洛斯的盘子","player_choice":"Sell","floor":37.0,"relics_lost":["REME_ComplimentaryCards"],"gold_loss":0.0,"damage_taken":0.0},{"damage_healed":0.0,"max_hp_gain":0.0,"max_hp_loss":0.0,"gold_gain":0.0,"event_name":"WeMeetAgain","player_choice":"Paid Gold","floor":39.0,"gold_loss":60.0,"damage_taken":0.0,"relics_obtained":["Tea:ReiMu"]},{"damage_healed":126.0,"max_hp_gain":0.0,"max_hp_loss":18.0,"gold_gain":0.0,"event_name":"The Moai Head","player_choice":"Heal","floor":44.0,"gold_loss":0.0,"damage_taken":0.0}],"is_beta":false,"boss_relics":[{"not_picked":["testmod-BloodSacrificeSpiritualization","testmod-DreamHouse"],"picked":"REME_DemonsWealth"},{"not_picked":["testmod-CardMagician","testmod-BatchProcessingSystem"],"picked":"ShineYinYang:ReiMu"}],"items_purged_floors":[14,47],"is_endless":false,"potions_floor_spawned":[4,11,12,16,23,25,31,38,42,46,55],"ascension_level":0}}