{"host":"0s8kyghz8ihx2r41","time":1612483572,"event":{"mods":["2.2 Compatiblity","Act Like it!","Bard","BaseMod","CapriCore","Chen","Conspire","Downfall","Friendly Minions","GungeonMod","Hermit","HololiveMod","Hubris","Koishi","Lobotomy","LobotomyExtend","Marisa（霧雨　魔理沙）","Minty Spire (QoL Compilation)","Monster B Gone","Morshu Shopkeeper","Onozuka Komachi Mod","Prisma Mod","READ ME - Snecko Mod","Reimu（博??梦）","Reliquary","Replay The Spire","Spire Birthday Party","StSLib","The Administrix","The Alterego","The Clintock","The Construct","The Cursed","The Disciple","The Druid","The Edgeheg","The Gatherer","The Immortal","The Marked","The Mystic","The Servant 0.9.4","TheVacant","Waifu the Spire","Yakumo Yukari mod","Yuyuko","everything is the same but u backflip on backflip","slay the spire mod where everything is the same but ironclad has a cowboy hat"],"gold_per_floor":[12,112,124,224,244,257,257,53,78,95,121,43,43,62,62,160,160,176,176,189,202,79,79,90,90,90,90,40,52,65,81,81,81,81],"floor_reached":33,"language":"ENG","playtime":2004,"items_purged":[],"score":276,"play_id":"a20560ff-a726-44b3-a98d-b4811e12d065","local_time":"20210204190612","is_ascension_mode":false,"campfire_choices":[{"floor":7,"key":"REST"},{"data":"alterego_mod:RocketPunch","floor":15,"key":"SMITH"},{"floor":23,"key":"REST"},{"floor":25,"key":"REST"},{"floor":27,"key":"REST"},{"floor":32,"key":"REST"}],"circlet_count":0,"master_deck":["alterego_mod:Strike","alterego_mod:Strike","alterego_mod:Strike","alterego_mod:Defend","alterego_mod:Defend","alterego_mod:Defend","alterego_mod:Defend","alterego_mod:Impale","alterego_mod:BigMeatyClaws","alterego_mod:BrynhildrsRune","alterego_mod:DeftHands","alterego_mod:Swimsuit","alterego_mod:Cycle","alterego_mod:Pet","alterego_mod:RocketPunch+1","alterego_mod:Valentines","alterego_mod:RingBreak","alterego_mod:BustOut","alterego_mod:IndependentAction","alterego_mod:Pet","alterego_mod:MaintainEyeContact","alterego_mod:GoddessCore","alterego_mod:Belts+1","alterego_mod:Undulate","alterego_mod:Cooking+1"],"relics":["alterego_mod:MasochisticConstitution","Replay:Kaleidoscope","HandDrill","PreservedInsect","LetterFromLob","ReplayTheSpireMod:TigerMarble","Replay:WaspNest","Black Star","Matryoshka"],"acts_visited":["Exordium","TheCity"],"potions_floor_usage":[16,21,29,33,33],"damage_taken":[{"damage":25,"enemies":"Jaw Worm","floor":1,"turns":7},{"damage":4,"enemies":"Cultist","floor":3,"turns":4},{"damage":7,"enemies":"Small Slimes","floor":5,"turns":4},{"damage":10,"enemies":"Exordium Wildlife","floor":6,"turns":8},{"damage":12,"enemies":"Blue Slaver","floor":10,"turns":5},{"damage":25,"enemies":"3 Sentries","floor":11,"turns":9},{"damage":4,"enemies":"Large Slime","floor":14,"turns":5},{"damage":18,"enemies":"Hexaghost","floor":16,"turns":9},{"damage":27,"enemies":"Spheric Guardian","floor":18,"turns":10},{"damage":8,"enemies":"3 Byrds","floor":20,"turns":3},{"damage":43,"enemies":"Cultist and Chosen","floor":21,"turns":10},{"damage":43,"enemies":"Snake Plant","floor":24,"turns":5},{"damage":53,"enemies":"Chosen and Byrds","floor":29,"turns":9},{"damage":25,"enemies":"3 Cultists","floor":30,"turns":8},{"damage":13,"enemies":"Snecko","floor":31,"turns":10},{"damage":135,"enemies":"Automaton","floor":33,"turns":12}],"seed_played":"-8153800484753304667","potions_obtained":[{"floor":5,"key":"Toxic Potion"},{"floor":10,"key":"Elixir"},{"floor":11,"key":"Weak Potion"},{"floor":16,"key":"GamblersBrew"},{"floor":21,"key":"EssenceOfSteel"},{"floor":30,"key":"LifebloodPotion"}],"is_trial":false,"path_per_floor":["M","?","M","?","M","M","R","$","T","M","E","$","T","M","R","B",null,"M","?","M","M","$","R","M","R","T","R","$","M","M","M","R","B"],"character_chosen":"The_Alterego","items_purchased":["HandDrill","alterego_mod:Pet","alterego_mod:Valentines","alterego_mod:MaintainEyeContact","alterego_mod:GoddessCore","alterego_mod:Undulate"],"campfire_rested":5,"item_purchase_floors":[8,8,12,22,22,28],"current_hp_per_floor":[46,46,43,43,37,42,64,64,64,60,43,43,43,61,61,51,78,59,59,66,38,38,62,27,51,51,75,75,37,34,36,61,0,0],"gold":81,"neow_bonus":"ONE_RARE_RELIC","is_daily":false,"chose_seed":false,"campfire_upgraded":1,"win_rate":0.0,"timestamp":1612483572,"path_taken":["M","?","?","?","M","M","R","$","T","M","E","$","?","?","R","BOSS","M","?","M","M","$","R","M","R","T","R","$","?","M","?","R","BOSS"],"items_purchased_type":["Relic","Card","Card","Card","Card","Card"],"build_version":"2020-12-22","purchased_purges":0,"victory":false,"max_hp_per_floor":[71,71,72,72,73,74,74,74,74,75,76,76,76,77,77,78,78,79,79,80,81,81,81,82,82,82,82,82,83,84,85,85,85,85],"card_choices":[{"not_picked":["alterego_mod:DiscoLights","alterego_mod:DustData","alterego_mod:Stockings"],"picked":"SKIP","floor":1},{"not_picked":["alterego_mod:PresenceConcealment","alterego_mod:Complex"],"picked":"alterego_mod:DeftHands","floor":3},{"not_picked":["alterego_mod:ChallengeComplete","alterego_mod:TrashNCrash"],"picked":"alterego_mod:Swimsuit","floor":5},{"not_picked":["alterego_mod:BiFurious","alterego_mod:PerceptionDisorder"],"picked":"alterego_mod:Cycle","floor":6},{"not_picked":["alterego_mod:BoobPocket","alterego_mod:Lingerie"],"picked":"alterego_mod:RocketPunch","floor":10},{"not_picked":["alterego_mod:ChallengeComplete","alterego_mod:Clap","alterego_mod:Valkyrie"],"picked":"SKIP","floor":11},{"not_picked":["alterego_mod:DustData","alterego_mod:PerceptionDisorder","alterego_mod:Mirror"],"picked":"SKIP","floor":14},{"not_picked":["alterego_mod:Rake","alterego_mod:InsideBaseball"],"picked":"alterego_mod:RingBreak","floor":16},{"not_picked":["alterego_mod:DiscoLights+1","alterego_mod:Santa+1"],"picked":"alterego_mod:BustOut","floor":18},{"not_picked":["alterego_mod:DeftHands","alterego_mod:ChallengeComplete"],"picked":"alterego_mod:IndependentAction","floor":20},{"not_picked":["alterego_mod:PerceptionDisorder","alterego_mod:Punishment"],"picked":"alterego_mod:Pet","floor":21},{"not_picked":["alterego_mod:Schoolgirl","alterego_mod:1TonWallop"],"picked":"alterego_mod:Belts+1","floor":24},{"not_picked":["alterego_mod:Clap","alterego_mod:Undulate","alterego_mod:MagicResistance"],"picked":"SKIP","floor":29},{"not_picked":["alterego_mod:Lingerie","alterego_mod:Punishment"],"picked":"alterego_mod:Cooking+1","floor":30},{"not_picked":["alterego_mod:HighServant","alterego_mod:ChallengeComplete","alterego_mod:Valentines"],"picked":"SKIP","floor":31}],"player_experience":344401,"relics_obtained":[{"floor":9,"key":"PreservedInsect"},{"floor":10,"key":"LetterFromLob"},{"floor":11,"key":"ReplayTheSpireMod:TigerMarble"},{"floor":13,"key":"Replay:WaspNest"},{"floor":26,"key":"Matryoshka"}],"event_choices":[{"damage_healed":0,"gold_gain":100,"player_choice":"Pray","damage_taken":0,"max_hp_gain":0,"max_hp_loss":0,"event_name":"Golden Shrine","floor":2,"gold_loss":0},{"damage_healed":0,"gold_gain":100,"player_choice":"Gold","damage_taken":0,"max_hp_gain":0,"max_hp_loss":0,"event_name":"Wheel of Change","floor":4,"gold_loss":0},{"cards_removed":["alterego_mod:Strike"],"damage_healed":0,"gold_gain":0,"player_choice":"Purged","damage_taken":0,"max_hp_gain":0,"max_hp_loss":0,"event_name":"Purifier","floor":19,"gold_loss":0}],"is_beta":false,"boss_relics":[{"not_picked":["Honey Jar","reliquary:Craggleroot"],"picked":"Black Star"}],"items_purged_floors":[],"is_endless":false,"potions_floor_spawned":[5,10,11,14,16,21,24,30],"killed_by":"Automaton","ascension_level":0}}