{"host":"188xoqjicp18t4sg","time":1612500280,"event":{"mods":["BaseMod","Highlight Path","Minty Spire (QoL Compilation)","Quick Restart","Shop Mod"],"gold_per_floor":[115,131,56,56,69,69,103,103,103,52,66,82,101,112,112,189,189,208,208,220,240,256,256,30,30,55,55,35,35,52,62,62,62,62],"floor_reached":33,"language":"ZHS","playtime":2052,"items_purged":["Defend_P"],"score":439,"play_id":"1a397ef1-c058-4903-96b9-c7a9c1dd9294","local_time":"20210205124440","is_ascension_mode":true,"campfire_choices":[{"floor":6.0,"key":"REST"},{"data":"EmptyFist","floor":8.0,"key":"SMITH"},{"floor":15.0,"key":"REST"},{"floor":23,"key":"DIG"},{"floor":25,"key":"DIG"},{"floor":27,"key":"DIG"},{"floor":29,"key":"DIG"},{"floor":32,"key":"DIG"}],"circlet_count":0,"master_deck":["AscendersBane","Strike_P","Strike_P","Strike_P","Defend_P+1","Defend_P","Defend_P","Eruption+1","Vigilance","EmptyFist+1","FollowUp","Halt+1","FlurryOfBlows","InnerPeace+1","Protect+1","Scrawl+1","CurseOfTheBell","Crescendo+1","Crescendo+1","EmptyMind+1"],"relics":["VioletLotus","Toxic Egg 2","Calling Bell","Dream Catcher","Mummified Hand","Shovel","Nloth\u0027s Gift","StrikeDummy","Medical Kit","Centennial Puzzle","Bag of Marbles","Question Card","Potion Belt","Anchor"],"acts_visited":["Exordium","TheCity"],"potions_floor_usage":[18,33],"damage_taken":[{"damage":2.0,"enemies":"Cultist","floor":1.0,"turns":3.0},{"damage":1.0,"enemies":"2 Louse","floor":2.0,"turns":4.0},{"damage":0.0,"enemies":"Jaw Worm","floor":5.0,"turns":2.0},{"damage":17.0,"enemies":"3 Sentries","floor":7.0,"turns":10.0},{"damage":15.0,"enemies":"Gremlin Gang","floor":11.0,"turns":5.0},{"damage":9.0,"enemies":"Large Slime","floor":12.0,"turns":3.0},{"damage":6.0,"enemies":"Red Slaver","floor":13.0,"turns":5.0},{"damage":0.0,"enemies":"Looter","floor":14.0,"turns":3.0},{"damage":28.0,"enemies":"Slime Boss","floor":16.0,"turns":10.0},{"damage":5,"enemies":"Shell Parasite","floor":18,"turns":5},{"damage":0,"enemies":"Spheric Guardian","floor":20,"turns":3},{"damage":2,"enemies":"Snecko","floor":21,"turns":4},{"damage":2,"enemies":"Shelled Parasite and Fungi","floor":22,"turns":6},{"damage":0,"enemies":"3 Cultists","floor":30,"turns":5},{"damage":0,"enemies":"Snecko","floor":31,"turns":4},{"damage":59,"enemies":"Collector","floor":33,"turns":7}],"seed_played":"324727794319441730","potions_obtained":[{"floor":2.0,"key":"Strength Potion"},{"floor":11.0,"key":"EntropicBrew"},{"floor":18,"key":"FearPotion"},{"floor":28,"key":"Ancient Potion"},{"floor":30,"key":"Explosive Potion"}],"is_trial":false,"path_per_floor":["M","M","?","?","M","R","E","R","T","$","M","M","M","M","R","B",null,"M","?","M","M","M","R","$","R","T","R","?","R","M","M","R","B"],"character_chosen":"WATCHER","items_purchased":["Halt+1","Medical Kit"],"campfire_rested":2,"item_purchase_floors":[10,24],"current_hp_per_floor":[59,58,58,38,38,58,41,41,41,41,26,17,11,11,31,3,52,47,47,47,45,43,43,43,43,43,43,43,43,43,43,43,0,0],"gold":62,"neow_bonus":"BOSS_RELIC","is_daily":false,"chose_seed":false,"campfire_upgraded":1,"win_rate":0.0,"timestamp":1612500280,"path_taken":["M","?","?","?","?","R","E","R","T","$","?","M","M","M","R","BOSS","M","?","?","M","?","R","?","R","T","R","?","R","M","M","R","BOSS"],"items_purchased_type":["Card","Relic"],"build_version":"2020-12-22","purchased_purges":1,"victory":false,"max_hp_per_floor":[68,68,68,68,68,68,68,68,68,68,68,68,68,68,68,68,68,68,68,68,68,68,68,68,68,68,68,68,68,68,68,68,68,68],"card_choices":[{"not_picked":["CrushJoints","ReachHeaven","JustLucky"],"picked":"SKIP","floor":1.0},{"not_picked":["ReachHeaven","WindmillStrike"],"picked":"EmptyFist","floor":2.0},{"not_picked":["BowlingBash","Protect","SashWhip"],"picked":"SKIP","floor":5.0},{"not_picked":["Wallop","CutThroughFate"],"picked":"FollowUp","floor":7.0},{"not_picked":["WreathOfFlame+1","ForeignInfluence+1"],"picked":"FlurryOfBlows","floor":11.0},{"not_picked":["Ragnarok","CrushJoints"],"picked":"InnerPeace+1","floor":12.0},{"not_picked":["SashWhip","JustLucky"],"picked":"Protect+1","floor":13.0},{"not_picked":["Nirvana","Adaptation","BowlingBash"],"picked":"SKIP","floor":14.0},{"not_picked":["Ragnarok","Establishment"],"picked":"Scrawl+1","floor":16.0},{"not_picked":["ForeignInfluence+1","WaveOfTheHand+1","Prostrate+1"],"picked":"SKIP","floor":18},{"not_picked":["SashWhip","Consecrate","BowlingBash"],"picked":"SKIP","floor":20},{"not_picked":["FlurryOfBlows","WreathOfFlame+1"],"picked":"Crescendo+1","floor":21},{"not_picked":["Nirvana","Ragnarok","FollowUp"],"picked":"SKIP","floor":22},{"not_picked":["Prostrate+1","BattleHymn","FlyingSleeves"],"picked":"Crescendo+1","floor":30},{"not_picked":["Consecrate","Devotion","Crescendo+1"],"picked":"EmptyMind+1","floor":31}],"player_experience":211222,"relics_obtained":[{"floor":7.0,"key":"Sundial"},{"floor":9.0,"key":"Toxic Egg 2"},{"floor":17.0,"key":"Dream Catcher"},{"floor":17.0,"key":"Mummified Hand"},{"floor":17.0,"key":"Shovel"},{"floor":23,"key":"StrikeDummy"},{"floor":25,"key":"Centennial Puzzle"},{"floor":26,"key":"Bag of Marbles"},{"floor":27,"key":"Question Card"},{"floor":29,"key":"Potion Belt"},{"floor":32,"key":"Anchor"}],"event_choices":[{"cards_removed":["Strike_P"],"damage_healed":0.0,"max_hp_gain":0.0,"max_hp_loss":0.0,"gold_gain":0.0,"event_name":"The Cleric","player_choice":"Card Removal","floor":3.0,"gold_loss":75.0,"damage_taken":0.0},{"damage_healed":0.0,"max_hp_gain":0.0,"max_hp_loss":0.0,"gold_gain":0.0,"event_name":"Shining Light","player_choice":"Entered Light","floor":4.0,"gold_loss":0.0,"damage_taken":20.0,"cards_upgraded":["Defend_P","Eruption"]},{"damage_healed":0,"gold_gain":0,"player_choice":"Traded Relic","damage_taken":0,"relics_obtained":["Nloth\u0027s Gift"],"max_hp_gain":0,"max_hp_loss":0,"event_name":"N\u0027loth","floor":19,"relics_lost":["Sundial"],"gold_loss":0},{"damage_healed":0,"gold_gain":0,"player_choice":"Bought 1 Potion","damage_taken":0,"max_hp_gain":0,"max_hp_loss":0,"event_name":"The Woman in Blue","floor":28,"gold_loss":0}],"is_beta":false,"boss_relics":[{"not_picked":["Tiny House","Snecko Eye"],"picked":"Calling Bell"}],"items_purged_floors":[24],"is_endless":false,"potions_floor_spawned":[2,11,18,22,30],"killed_by":"Collector","ascension_level":15}}