{"host":"jpcy2bclvs7juczu","time":1612569349,"event":{"mods":["Alarm Clock","BaseMod","Bestiary","Block Reminder","Colored Map","Colored Powertips","Curses Come First","Dark Map","Filter the Spire","Minty Spire (QoL Compilation)","Quick Restart","RNG Fix","Relic Stats","Slay the Relics Exporter","Smile Girya","StSLib","everything is the same but u backflip on backflip","ojb\u0027s Better Paths Mod","ojb\u0027s Info Mod","slay the spire mod where everything is the same but ironclad has a cowboy hat"],"gold_per_floor":[112,129,138,7,26,70,35,59,83,83,158,75,75,75,75],"floor_reached":14,"language":"ENG","playtime":835,"items_purged":["Regret"],"score":176,"play_id":"70b17c5b-8eb4-4c88-989c-56302646b7a2","local_time":"20210205185549","is_ascension_mode":true,"campfire_choices":[{"data":"Wild Strike","floor":10,"key":"SMITH"}],"circlet_count":0,"master_deck":["AscendersBane","Strike_R","Strike_R","Strike_R","Strike_R","Strike_R","Defend_R","Defend_R","Defend_R","Defend_R","Bash","Headbutt","Second Wind","Twin Strike","Feel No Pain","Wild Strike+1"],"relics":["Burning Blood","Bag of Preparation","CeramicFish","Ice Cream","Smiling Mask"],"acts_visited":["Exordium"],"potions_floor_usage":[6,6,14],"damage_taken":[{"damage":5,"enemies":"2 Louse","floor":1,"turns":4},{"damage":4,"enemies":"Small Slimes","floor":2,"turns":3},{"damage":7,"enemies":"Jaw Worm","floor":5,"turns":4},{"damage":31,"enemies":"Gremlin Nob","floor":6,"turns":4},{"damage":37,"enemies":"Large Slime","floor":8,"turns":8},{"damage":21,"enemies":"3 Sentries","floor":14,"turns":9}],"seed_played":"-5806713387587399804","potions_obtained":[{"floor":5,"key":"Energy Potion"},{"floor":8,"key":"Ancient Potion"}],"is_trial":false,"path_per_floor":["M","M","?","$","M","E","?","M","T","R","?","$","?","E"],"character_chosen":"IRONCLAD","items_purchased":["ColorlessPotion","DistilledChaos"],"campfire_rested":0,"item_purchase_floors":[4,12],"current_hp_per_floor":[69,71,71,71,70,45,63,32,32,32,21,21,21,0,0],"gold":75,"neow_bonus":"RANDOM_COMMON_RELIC","is_daily":false,"chose_seed":false,"campfire_upgraded":1,"win_rate":0.0,"timestamp":1612569349,"path_taken":["M","M","?","$","M","E","?","M","T","R","?","$","?","E"],"items_purchased_type":["Potion","Potion"],"build_version":"2020-12-22","purchased_purges":1,"victory":false,"max_hp_per_floor":[75,75,75,75,75,75,75,75,75,75,75,75,75,75,75],"relic_stats":{"counters":[6,32],"CeramicFish":36,"Bag of Preparation":[12],"Smiling Mask":0,"obtain_stats":[{"Ice Cream":6,"CeramicFish":3,"Bag of Preparation":0,"Smiling Mask":9,"Burning Blood":0},{"Ice Cream":4,"CeramicFish":2,"Bag of Preparation":0,"Smiling Mask":5,"Burning Blood":0},{"Ice Cream":15,"CeramicFish":7,"Bag of Preparation":0,"Smiling Mask":23,"Burning Blood":0}],"Burning Blood":30},"card_choices":[{"not_picked":["Shrug It Off","Warcry"],"picked":"Headbutt","floor":1},{"not_picked":["Sentinel","Sword Boomerang"],"picked":"Second Wind","floor":2},{"not_picked":["Body Slam","True Grit"],"picked":"Twin Strike","floor":5},{"not_picked":["Body Slam","Disarm"],"picked":"Feel No Pain","floor":6},{"not_picked":["Infernal Blade","Havoc"],"picked":"Wild Strike","floor":8}],"player_experience":1582428,"relics_obtained":[{"floor":6,"key":"Ice Cream"},{"floor":9,"key":"Smiling Mask"}],"event_choices":[{"damage_healed":0,"gold_gain":0,"player_choice":"Box","damage_taken":0,"relics_obtained":["CeramicFish"],"max_hp_gain":0,"max_hp_loss":0,"event_name":"Big Fish","floor":3,"gold_loss":0,"cards_obtained":["Regret"]},{"damage_healed":18,"gold_gain":0,"player_choice":"Healed","damage_taken":0,"max_hp_gain":0,"max_hp_loss":0,"event_name":"The Cleric","floor":7,"gold_loss":35},{"damage_healed":0,"gold_gain":75,"player_choice":"Gather Gold","damage_taken":11,"max_hp_gain":0,"max_hp_loss":0,"event_name":"World of Goop","floor":11,"gold_loss":0},{"damage_healed":0,"gold_gain":0,"player_choice":"Ignored","damage_taken":0,"max_hp_gain":0,"max_hp_loss":0,"event_name":"Shining Light","floor":13,"gold_loss":0}],"is_beta":false,"boss_relics":[],"items_purged_floors":[4],"is_endless":false,"potions_floor_spawned":[5,8],"killed_by":"3 Sentries","ascension_level":20}}