{"host":"zr590xw2unlz0wv7","time":1612502725,"event":{"mods":["BaseMod","Minty Spire (QoL Compilation)","READ ME - Guardian Mod","StSLib"],"gold_per_floor":[117,117,117,132,57,57,67,78,125,135,135,155,178,197,197,293,293,305,325,338,38,54,54,54,67,67,67,67,166,180,180,180,276,276,295,345,365,380,394,394,419,694,694,694,721,721,721],"floor_reached":46,"language":"ZHS","playtime":1650,"items_purged":["Strike_B","Strike_B"],"score":668,"play_id":"ddcaaa24-56f8-490c-b2ed-6b086dc3262a","local_time":"20210205132525","is_ascension_mode":true,"campfire_choices":[{"data":"Dramatic Entrance","floor":6,"key":"SMITH"},{"floor":11,"key":"REST"},{"floor":15,"key":"REST"},{"floor":23,"key":"REST"},{"floor":27,"key":"RECALL"},{"floor":32,"key":"REST"},{"floor":40,"key":"REST"},{"floor":44,"key":"REST"}],"circlet_count":0,"master_deck":["Defend_B","Defend_B","Defend_B","Zap","Dualcast","Dramatic Entrance+1","Capacitor","Conserve Battery","Conserve Battery","Ball Lightning","Gash","Echo Form","Gash","Consume+1","Gash+1","Static Discharge","Conserve Battery","Bandage Up","Ball Lightning","Capacitor","Gash","Ghostly","Ghostly","Ghostly","Ghostly","Ghostly","Amplify","Scrape+1","Beam Cell","Gash+1","Regret"],"relics":["Cracked Core","Centennial Puzzle","Bag of Marbles","Fusion Hammer","Empty Cage","Mango","Regal Pillow","Ice Cream","Akabeko"],"acts_visited":["Exordium","TheCity","TheBeyond"],"potions_floor_usage":[16,16,18,20,25,33,36,36,39,39,46],"damage_taken":[{"damage":1,"enemies":"2 Louse","floor":1,"turns":2},{"damage":5,"enemies":"Small Slimes","floor":4,"turns":2},{"damage":2,"enemies":"Jaw Worm","floor":7,"turns":2},{"damage":27,"enemies":"Exordium Thugs","floor":8,"turns":5},{"damage":0,"enemies":"Lots of Slimes","floor":10,"turns":1},{"damage":0,"enemies":"Looter","floor":12,"turns":3},{"damage":7,"enemies":"Red Slaver","floor":14,"turns":2},{"damage":50,"enemies":"Hexaghost","floor":16,"turns":10},{"damage":13,"enemies":"Shell Parasite","floor":18,"turns":7},{"damage":22,"enemies":"2 Thieves","floor":19,"turns":3},{"damage":19,"enemies":"Snake Plant","floor":20,"turns":4},{"damage":10,"enemies":"Shelled Parasite and Fungi","floor":22,"turns":6},{"damage":0,"enemies":"Cultist and Chosen","floor":25,"turns":5},{"damage":22,"enemies":"Centurion and Healer","floor":30,"turns":4},{"damage":32,"enemies":"Automaton","floor":33,"turns":10},{"damage":7,"enemies":"3 Shapes","floor":35,"turns":4},{"damage":0,"enemies":"2 Orb Walkers","floor":36,"turns":7},{"damage":10,"enemies":"Orb Walker","floor":37,"turns":4},{"damage":9,"enemies":"4 Shapes","floor":38,"turns":6},{"damage":1,"enemies":"Sphere and 2 Shapes","floor":39,"turns":5},{"damage":49,"enemies":"Nemesis","floor":41,"turns":7},{"damage":3,"enemies":"Reptomancer","floor":45,"turns":8},{"damage":64,"enemies":"Spire Growth","floor":46,"turns":3}],"seed_played":"-4404228148153004164","potions_obtained":[{"floor":1,"key":"LiquidBronze"},{"floor":4,"key":"Swift Potion"},{"floor":10,"key":"ColorlessPotion"},{"floor":12,"key":"Regen Potion"},{"floor":14,"key":"FairyPotion"},{"floor":16,"key":"SpeedPotion"},{"floor":18,"key":"Fruit Juice"},{"floor":22,"key":"Regen Potion"},{"floor":30,"key":"DistilledChaos"},{"floor":33,"key":"EssenceOfSteel"},{"floor":35,"key":"CultistPotion"},{"floor":36,"key":"Block Potion"},{"floor":37,"key":"Regen Potion"},{"floor":45,"key":"FearPotion"}],"is_trial":false,"path_per_floor":["M","?","?","M","$","R","M","M","T","M","R","M","T","M","R","B",null,"M","M","M","$","M","R","?","M","T","R","$","?","M","?","R","B",null,"M","?","M","M","M","R","E","?","T","R","E","M"],"character_chosen":"DEFECT","items_purchased":["Static Discharge","Conserve Battery","Bandage Up"],"campfire_rested":6,"item_purchase_floors":[21,21,21],"current_hp_per_floor":[74,67,67,62,62,62,60,33,33,33,55,55,55,48,70,35,65,57,35,16,16,14,38,38,54,54,54,54,54,36,36,40,12,33,34,52,46,41,54,54,5,5,5,36,37,0,0],"gold":721,"neow_bonus":"RANDOM_COLORLESS","is_daily":false,"chose_seed":false,"campfire_upgraded":1,"win_rate":0.0,"timestamp":1612502725,"path_taken":["M","?","?","M","$","R","M","M","T","?","R","M","?","M","R","BOSS","M","M","?","$","M","R","?","?","T","R","$","?","M","?","R","BOSS","M","?","M","M","M","R","E","?","T","R","E","M"],"items_purchased_type":["Card","Card","Card"],"build_version":"2020-12-22","purchased_purges":2,"victory":false,"max_hp_per_floor":[75,75,75,75,75,75,75,75,75,75,75,75,75,75,75,75,75,80,80,80,80,80,80,80,80,80,80,80,80,80,40,40,40,40,40,54,54,54,54,54,54,54,54,54,54,54,54],"card_choices":[{"not_picked":["Madness","Dark Shackles"],"picked":"Dramatic Entrance","floor":0},{"not_picked":["Rip and Tear","Hello World"],"picked":"Capacitor","floor":1},{"not_picked":["Stack","Skim","Steam"],"picked":"SKIP","floor":4},{"not_picked":["Turbo","Stack"],"picked":"Conserve Battery","floor":7},{"not_picked":["Compile Driver","Redo"],"picked":"Conserve Battery","floor":8},{"not_picked":["Reboot","FTL","Barrage"],"picked":"SKIP","floor":10},{"not_picked":["Coolheaded","Conserve Battery"],"picked":"Ball Lightning","floor":12},{"not_picked":["Turbo","Leap"],"picked":"Gash","floor":14},{"not_picked":["Electrodynamics","Machine Learning"],"picked":"Echo Form","floor":16},{"not_picked":["Barrage+1","Streamline"],"picked":"Gash","floor":18},{"not_picked":["Barrage","Redo+1"],"picked":"Consume+1","floor":19},{"not_picked":["Rebound","Beam Cell+1"],"picked":"Gash+1","floor":20},{"not_picked":["Rebound","Cold Snap+1"],"picked":"Ball Lightning","floor":22},{"not_picked":["Hologram","Cold Snap"],"picked":"Gash","floor":25},{"not_picked":["Doom and Gloom","Glacier+1","Redo"],"picked":"SKIP","floor":30},{"not_picked":["Thunder Strike","Reboot"],"picked":"Amplify","floor":33},{"not_picked":["Steam Power","BootSequence+1"],"picked":"Scrape+1","floor":35},{"not_picked":["Steam+1","Redo+1"],"picked":"Beam Cell","floor":36},{"not_picked":["Streamline+1","Sweeping Beam"],"picked":"Gash+1","floor":37},{"not_picked":["Redo","Sunder","Rebound"],"picked":"SKIP","floor":38},{"not_picked":["Go for the Eyes","Self Repair","Sweeping Beam+1"],"picked":"SKIP","floor":39},{"not_picked":["Blizzard","Compile Driver","Turbo"],"picked":"SKIP","floor":41},{"not_picked":["Ball Lightning+1","Go for the Eyes","Lockon+1"],"picked":"SKIP","floor":45}],"player_experience":549862,"relics_obtained":[{"floor":9,"key":"Centennial Puzzle"},{"floor":13,"key":"Bag of Marbles"},{"floor":36,"key":"Mango"},{"floor":41,"key":"Regal Pillow"},{"floor":43,"key":"Ice Cream"},{"floor":45,"key":"Akabeko"}],"event_choices":[{"cards_removed":["Strike_B"],"damage_healed":0,"gold_gain":0,"player_choice":"Card Removal","damage_taken":7,"max_hp_gain":0,"max_hp_loss":0,"event_name":"Golden Wing","floor":2,"gold_loss":0},{"damage_healed":0,"gold_gain":0,"player_choice":"Ignored","damage_taken":0,"max_hp_gain":0,"max_hp_loss":0,"event_name":"Shining Light","floor":3,"gold_loss":0},{"damage_healed":0,"gold_gain":0,"player_choice":"Copied","damage_taken":0,"max_hp_gain":0,"max_hp_loss":0,"event_name":"Duplicator","floor":24,"gold_loss":0,"cards_obtained":["Capacitor"]},{"damage_healed":0,"gold_gain":99,"player_choice":"Stole From Cult","damage_taken":0,"max_hp_gain":0,"max_hp_loss":0,"event_name":"Nest","floor":29,"gold_loss":0},{"damage_healed":0,"gold_gain":0,"player_choice":"Became a Ghost","damage_taken":0,"max_hp_gain":0,"max_hp_loss":40,"event_name":"Ghosts","floor":31,"gold_loss":0,"cards_obtained":["Ghostly","Ghostly","Ghostly","Ghostly","Ghostly"]},{"damage_healed":0,"gold_gain":0,"player_choice":"Fight","damage_taken":0,"max_hp_gain":0,"max_hp_loss":0,"event_name":"Mysterious Sphere","floor":36,"gold_loss":0},{"damage_healed":0,"gold_gain":275,"player_choice":"Desecrate","damage_taken":0,"max_hp_gain":0,"max_hp_loss":0,"event_name":"Golden Shrine","floor":42,"gold_loss":0,"cards_obtained":["Regret"]}],"is_beta":false,"boss_relics":[{"not_picked":["Snecko Eye","Velvet Choker"],"picked":"Fusion Hammer"},{"not_picked":["Astrolabe","Philosopher\u0027s Stone"],"picked":"Empty Cage"}],"items_purged_floors":[5,21],"is_endless":false,"potions_floor_spawned":[1,4,10,12,14,16,18,22,30,33,35,36,37,45],"killed_by":"Spire Growth","ascension_level":5}}