{"host":"oehe2dxjvdgux73m","time":1612524725,"event":{"mods":["AchievementEnabler","BaseMod","Colored Map","Colored Powertips","DeckTracker","Keyboard Shortcuts","Minty Spire (QoL Compilation)","Permanent Neow","Quick Restart","StSLib","SuperFastMode"],"gold_per_floor":[112,1,21,32,82,96,96,110,110,440,440,452,452,470,470,541,541,561,486,506,519,534,534,565,585,636,285,299,299,299,328,328,406,406,418,418,437,407,422,422,441,76,76,108,108,108,123,139,139,139,139],"floor_reached":50,"language":"KOR","playtime":1923,"items_purged":["Strike_G","Strike_G"],"score":1086,"play_id":"8eb4f8fb-f8f8-4c0d-8122-92d86e718336","local_time":"20210205203205","is_ascension_mode":true,"campfire_choices":[{"data":"Cloak And Dagger","floor":7.0,"key":"SMITH"},{"data":"Terror","floor":13.0,"key":"SMITH"},{"data":"Neutralize","floor":15.0,"key":"SMITH"},{"data":"Blade Dance","floor":23.0,"key":"SMITH"},{"data":"Blade Dance","floor":30.0,"key":"SMITH"},{"data":"Crippling Poison","floor":32.0,"key":"SMITH"},{"data":"After Image","floor":40.0,"key":"SMITH"},{"data":"Calculated Gamble","floor":46.0,"key":"SMITH"},{"floor":49,"key":"RECALL"}],"circlet_count":0,"master_deck":["AscendersBane","Defend_G","Defend_G","Defend_G","Defend_G","Survivor","Neutralize+1","Cloak And Dagger+1","Blade Dance+1","Backflip","Blade Dance+1","Well Laid Plans","Terror+1","Acrobatics","Adrenaline","PiercingWail","Finesse","PiercingWail","Crippling Poison+1","Escape Plan","After Image+1","Glass Knife+1","Glass Knife+1","Dagger Throw+1","Concentrate+1","Accuracy","Calculated Gamble+1","Parasite","Tactician"],"relics":["Ring of the Snake","Turnip","Old Coin","Bronze Scales","WristBlade","Lizard Tail","Strawberry","Vajra","Dream Catcher","Astrolabe","Pantograph","Orichalcum"],"acts_visited":["Exordium","TheCity","TheBeyond"],"potions_floor_usage":[50,50],"damage_taken":[{"damage":4.0,"enemies":"Jaw Worm","floor":1.0,"turns":7.0},{"damage":0.0,"enemies":"Cultist","floor":3.0,"turns":3.0},{"damage":5.0,"enemies":"Small Slimes","floor":4.0,"turns":3.0},{"damage":7.0,"enemies":"3 Louse","floor":6.0,"turns":3.0},{"damage":0.0,"enemies":"2 Fungi Beasts","floor":8.0,"turns":2.0},{"damage":6.0,"enemies":"Gremlin Nob","floor":10.0,"turns":3.0},{"damage":7.0,"enemies":"Lots of Slimes","floor":12.0,"turns":3.0},{"damage":2.0,"enemies":"Exordium Thugs","floor":14.0,"turns":4.0},{"damage":14.0,"enemies":"Hexaghost","floor":16.0,"turns":9.0},{"damage":0.0,"enemies":"Chosen","floor":18.0,"turns":3.0},{"damage":4.0,"enemies":"Shell Parasite","floor":20.0,"turns":2.0},{"damage":3.0,"enemies":"Centurion and Healer","floor":21.0,"turns":5.0},{"damage":4.0,"enemies":"Snecko","floor":22.0,"turns":4.0},{"damage":5.0,"enemies":"Gremlin Leader","floor":24.0,"turns":3.0},{"damage":0.0,"enemies":"Snake Plant","floor":25.0,"turns":2.0},{"damage":0.0,"enemies":"Shelled Parasite and Fungi","floor":28.0,"turns":2.0},{"damage":11.0,"enemies":"Book of Stabbing","floor":31.0,"turns":4.0},{"damage":9.0,"enemies":"Collector","floor":33.0,"turns":5.0},{"damage":0.0,"enemies":"3 Shapes","floor":35.0,"turns":3.0},{"damage":0.0,"enemies":"Orb Walker","floor":37.0,"turns":2.0},{"damage":0.0,"enemies":"3 Darklings","floor":39.0,"turns":2.0},{"damage":0.0,"enemies":"Transient","floor":41.0,"turns":6.0},{"damage":0.0,"enemies":"Reptomancer","floor":44.0,"turns":2.0},{"damage":16,"enemies":"Writhing Mass","floor":47,"turns":4},{"damage":15,"enemies":"Jaw Worm Horde","floor":48,"turns":3},{"damage":124,"enemies":"Donu and Deca","floor":50,"turns":10}],"seed_played":"-7102919504788781485","potions_obtained":[{"floor":3.0,"key":"DistilledChaos"},{"floor":6.0,"key":"DuplicationPotion"},{"floor":8.0,"key":"DuplicationPotion"},{"floor":12.0,"key":"Explosive Potion"},{"floor":16.0,"key":"GamblersBrew"},{"floor":18.0,"key":"LiquidMemories"},{"floor":22.0,"key":"CultistPotion"},{"floor":36.0,"key":"SteroidPotion"},{"floor":36.0,"key":"Fruit Juice"},{"floor":38.0,"key":"Ancient Potion"},{"floor":39.0,"key":"Energy Potion"},{"floor":47,"key":"Fire Potion"},{"floor":48,"key":"SteroidPotion"}],"is_trial":false,"path_per_floor":["M","$","M","M","?","M","R","M","T","E","T","M","R","M","R","B",null,"M","?","M","M","M","R","E","M","T","$","M","?","R","E","R","B",null,"M","?","M","?","M","R","M","$","T","E","$","R","M","M","R","B"],"character_chosen":"THE_SILENT","items_purchased":["Predator","Vajra","Finesse","Accuracy","Pantograph"],"campfire_rested":0,"item_purchase_floors":[2,27,27,42,42],"current_hp_per_floor":[55,55,55,50,50,43,43,43,43,37,37,30,30,28,28,14,53,53,53,49,46,42,42,37,37,44,44,44,44,44,33,33,24,61,61,61,61,66,66,66,66,66,66,66,66,66,50,35,35,0,0],"gold":139,"neow_bonus":"REMOVE_CARD","is_daily":false,"chose_seed":false,"campfire_upgraded":8,"win_rate":0.0,"timestamp":1612524725,"path_taken":["M","$","M","M","?","?","R","?","T","E","?","M","R","M","R","BOSS","M","?","M","M","M","R","E","M","T","$","M","?","R","E","R","BOSS","M","?","?","?","M","R","M","?","T","E","$","R","M","M","R","BOSS"],"items_purchased_type":["Card","Relic","Card","Card","Relic"],"build_version":"2020-12-22","purchased_purges":2,"victory":false,"max_hp_per_floor":[66,66,66,66,66,66,66,66,66,66,66,66,66,66,66,66,66,66,66,66,66,66,66,66,66,73,73,73,73,73,73,73,73,73,73,73,73,78,78,78,78,78,78,78,78,78,78,78,78,78,78],"card_choices":[{"not_picked":["Poisoned Stab","Terror"],"picked":"Cloak And Dagger","floor":1.0},{"not_picked":["All Out Attack","Quick Slash"],"picked":"Blade Dance","floor":3.0},{"not_picked":["Caltrops","Dodge and Roll"],"picked":"Backflip","floor":4.0},{"not_picked":["Dagger Throw","Distraction"],"picked":"Blade Dance","floor":6.0},{"not_picked":["Flechettes","Endless Agony"],"picked":"Well Laid Plans","floor":8.0},{"not_picked":["Underhanded Strike","Bane","Prepared"],"picked":"SKIP","floor":10.0},{"not_picked":["Underhanded Strike","Eviscerate"],"picked":"Terror","floor":12.0},{"not_picked":["Dodge and Roll","Poisoned Stab"],"picked":"Acrobatics","floor":14.0},{"not_picked":["Unload","Die Die Die"],"picked":"Adrenaline","floor":16.0},{"not_picked":["Underhanded Strike","Cloak And Dagger"],"picked":"PiercingWail","floor":18.0},{"not_picked":["Blade Dance+1","Skewer","Setup"],"picked":"SKIP","floor":20.0},{"not_picked":["Acrobatics","Deadly Poison","Noxious Fumes"],"picked":"SKIP","floor":21.0},{"not_picked":["Well Laid Plans","Underhanded Strike","Acrobatics"],"picked":"SKIP","floor":22.0},{"not_picked":["Dodge and Roll","Eviscerate","Underhanded Strike"],"picked":"SKIP","floor":24.0},{"not_picked":["Underhanded Strike","Deadly Poison","Dodge and Roll"],"picked":"SKIP","floor":25.0},{"not_picked":["Bouncing Flask","Flying Knee+1"],"picked":"PiercingWail","floor":28.0},{"not_picked":["Backflip","Poisoned Stab+1"],"picked":"Escape Plan","floor":31.0},{"not_picked":["Die Die Die","Tools of the Trade"],"picked":"After Image","floor":33.0},{"not_picked":["Poisoned Stab","Acrobatics","Crippling Poison"],"picked":"SKIP","floor":35.0},{"not_picked":["Flechettes","Heel Hook+1","Noxious Fumes"],"picked":"SKIP","floor":37.0},{"not_picked":["Endless Agony","Predator+1"],"picked":"Concentrate+1","floor":39.0},{"not_picked":["Blade Dance","Sucker Punch+1","Choke"],"picked":"SKIP","floor":41.0},{"not_picked":["Setup+1","Cloak And Dagger"],"picked":"Calculated Gamble","floor":44.0},{"not_picked":["Flying Knee+1","Choke","Acrobatics+1"],"picked":"SKIP","floor":47},{"not_picked":["Poisoned Stab","Flying Knee+1"],"picked":"Tactician","floor":48}],"player_experience":367439,"relics_obtained":[{"floor":9.0,"key":"Turnip"},{"floor":10.0,"key":"Old Coin"},{"floor":11.0,"key":"Bronze Scales"},{"floor":24.0,"key":"Lizard Tail"},{"floor":26.0,"key":"Strawberry"},{"floor":31.0,"key":"Dream Catcher"},{"floor":44.0,"key":"Orichalcum"}],"event_choices":[{"damage_healed":0.0,"max_hp_gain":0.0,"max_hp_loss":0.0,"gold_gain":50.0,"event_name":"Golden Shrine","player_choice":"Pray","floor":5.0,"gold_loss":0.0,"damage_taken":0.0},{"cards_removed":["Strike_G"],"damage_healed":0.0,"max_hp_gain":0.0,"max_hp_loss":0.0,"gold_gain":0.0,"event_name":"Beggar","player_choice":"Gave Gold","floor":19.0,"gold_loss":75.0,"damage_taken":0.0},{"damage_healed":0.0,"max_hp_gain":0.0,"max_hp_loss":0.0,"gold_gain":0.0,"event_name":"The Library","player_choice":"Read","floor":29.0,"gold_loss":0.0,"damage_taken":0.0,"cards_obtained":["Crippling Poison"]},{"damage_healed":0.0,"max_hp_gain":0.0,"max_hp_loss":0.0,"gold_gain":0.0,"event_name":"Lab","player_choice":"Got Potions","floor":36.0,"gold_loss":0.0,"damage_taken":0.0},{"damage_healed":0.0,"max_hp_gain":0.0,"max_hp_loss":0.0,"gold_gain":0.0,"event_name":"The Woman in Blue","player_choice":"Bought 2 Potions","floor":38.0,"gold_loss":0.0,"damage_taken":0.0}],"is_beta":false,"boss_relics":[{"not_picked":["HoveringKite","Velvet Choker"],"picked":"WristBlade"},{"not_picked":["Runic Pyramid","Fusion Hammer"],"picked":"Astrolabe"}],"items_purged_floors":[2,27],"is_endless":false,"potions_floor_spawned":[3,6,8,12,16,18,22,39,47,48],"killed_by":"Donu and Deca","ascension_level":20}}