{"host":"5jdby9iqu3ct6557","time":1612505652,"event":{"mods":["BaseMod","DeckTracker","Highlight Path","Minty Spire (QoL Compilation)","Relic Stats","StSLib"],"gold_per_floor":[16,16,40,58,58,58,34,65,65,10,35,35,61,104,104,200,200,215,230,245,245,3,3,34,7,7,7,7,7],"floor_reached":28,"language":"ENG","playtime":3782,"items_purged":[],"score":492,"play_id":"154edb1e-87f4-409e-9859-c7fca3569ce4","local_time":"20210205011412","is_ascension_mode":true,"campfire_choices":[{"data":"1","floor":6.0,"key":"LIFT"},{"floor":12.0,"key":"REST"},{"floor":15.0,"key":"REST"},{"data":"Wraith Form v2","floor":23,"key":"SMITH"}],"circlet_count":0,"master_deck":["AscendersBane","Strike_G","Strike_G","Strike_G","Strike_G","Defend_G","Defend_G","Defend_G","Defend_G","Defend_G","Survivor","Neutralize","Deadly Poison","Leg Sweep","Terror","Bane","Skewer","Dagger Spray","Well Laid Plans","Wraith Form v2+1","PiercingWail","RitualDagger","Adrenaline","PiercingWail"],"relics":["Ring of the Snake","Girya","Golden Idol","Happy Flower","Mummified Hand","Odd Mushroom","Meat on the Bone","Velvet Choker","Membership Card","Bag of Preparation"],"acts_visited":["Exordium","TheCity"],"potions_floor_usage":[24,24,28,28],"damage_taken":[{"damage":1.0,"enemies":"Small Slimes","floor":1.0,"turns":5.0},{"damage":0.0,"enemies":"Cultist","floor":3.0,"turns":4.0},{"damage":0.0,"enemies":"Jaw Worm","floor":4.0,"turns":6.0},{"damage":3.0,"enemies":"Exordium Thugs","floor":7.0,"turns":4.0},{"damage":16.0,"enemies":"Gremlin Nob","floor":8.0,"turns":4.0},{"damage":3.0,"enemies":"Blue Slaver","floor":11.0,"turns":4.0},{"damage":16.0,"enemies":"The Mushroom Lair","floor":13.0,"turns":4.0},{"damage":20.0,"enemies":"3 Sentries","floor":14.0,"turns":9.0},{"damage":19.0,"enemies":"Hexaghost","floor":16.0,"turns":9.0},{"damage":16.0,"enemies":"Shell Parasite","floor":18.0,"turns":5.0},{"damage":6.0,"enemies":"Spheric Guardian","floor":19.0,"turns":6.0},{"damage":5.0,"enemies":"Shelled Parasite and Fungi","floor":20.0,"turns":6.0},{"damage":24,"enemies":"Slavers","floor":24,"turns":6},{"damage":19,"enemies":"Gremlin Leader","floor":28,"turns":6}],"seed_played":"6746562685604146955","potions_obtained":[{"floor":7.0,"key":"DuplicationPotion"},{"floor":13.0,"key":"Ancient Potion"},{"floor":14.0,"key":"SteroidPotion"},{"floor":16.0,"key":"DuplicationPotion"},{"floor":20.0,"key":"Strength Potion"},{"floor":24,"key":"Dexterity Potion"}],"is_trial":false,"path_per_floor":["M","?","M","M","?","R","M","E","T","$","M","R","?","E","R","B",null,"M","M","M","?","$","R","E","$","T","?","E"],"character_chosen":"THE_SILENT","items_purchased":["Poison Potion","Membership Card","Adrenaline","AttackPotion"],"campfire_rested":2,"item_purchase_floors":[10,22,22,25],"current_hp_per_floor":[58,58,58,58,58,58,55,39,39,39,36,54,38,18,36,29,52,36,42,37,31,31,31,19,19,19,19,0,0],"gold":7,"neow_bonus":"ONE_RARE_RELIC","is_daily":false,"chose_seed":false,"campfire_upgraded":1,"win_rate":0.0,"timestamp":1612505652,"path_taken":["M","?","M","M","?","R","M","E","T","$","?","R","?","E","R","BOSS","M","M","M","?","$","R","E","$","T","?","E"],"items_purchased_type":["Potion","Relic","Card","Potion"],"build_version":"2020-12-22","purchased_purges":0,"victory":false,"max_hp_per_floor":[66,60,60,60,60,60,60,60,60,60,60,60,60,60,60,60,60,60,60,60,60,60,60,60,60,60,60,60,60],"relic_stats":{"Happy Flower":[18],"counters":[14,78],"Golden Idol":71,"Mummified Hand":[11],"Bag of Preparation":[2],"obtain_stats":[{"Girya":0,"Happy Flower":8,"Golden Idol":2,"Mummified Hand":9,"Velvet Choker":17,"Bag of Preparation":24,"Membership Card":22,"Odd Mushroom":13,"Ring of the Snake":0,"Meat on the Bone":14},{"Girya":0,"Happy Flower":5,"Golden Idol":1,"Mummified Hand":5,"Velvet Choker":9,"Bag of Preparation":13,"Membership Card":12,"Odd Mushroom":7,"Ring of the Snake":0,"Meat on the Bone":8},{"Girya":0,"Happy Flower":23,"Golden Idol":5,"Mummified Hand":23,"Velvet Choker":49,"Bag of Preparation":72,"Membership Card":66,"Odd Mushroom":31,"Ring of the Snake":0,"Meat on the Bone":40}],"Ring of the Snake":[28],"Meat on the Bone":36},"card_choices":[{"not_picked":["Deflect","PiercingWail"],"picked":"Deadly Poison","floor":1.0},{"not_picked":["Catalyst","PiercingWail"],"picked":"Leg Sweep","floor":3.0},{"not_picked":["Underhanded Strike","Sucker Punch"],"picked":"Terror","floor":4.0},{"not_picked":["Slice","Terror"],"picked":"Skewer","floor":7.0},{"not_picked":["Dodge and Roll","Prepared"],"picked":"Dagger Spray","floor":11.0},{"not_picked":["Slice","Quick Slash"],"picked":"Well Laid Plans","floor":13.0},{"not_picked":["Doppelganger","Adrenaline"],"picked":"Wraith Form v2","floor":16.0},{"not_picked":["Slice","Cloak And Dagger"],"picked":"PiercingWail","floor":20.0},{"not_picked":["Escape Plan","Flechettes"],"picked":"PiercingWail","floor":24}],"player_experience":2526523,"relics_obtained":[{"floor":8.0,"key":"Happy Flower"},{"floor":9.0,"key":"Mummified Hand"},{"floor":13.0,"key":"Odd Mushroom"},{"floor":14.0,"key":"Meat on the Bone"},{"floor":24,"key":"Bag of Preparation"}],"event_choices":[{"damage_healed":0.0,"max_hp_gain":0.0,"max_hp_loss":6.0,"gold_gain":0.0,"event_name":"Golden Idol","player_choice":"Lose Max HP","floor":2.0,"gold_loss":0.0,"damage_taken":0.0,"relics_obtained":["Golden Idol"]},{"damage_healed":0.0,"max_hp_gain":0.0,"max_hp_loss":0.0,"gold_gain":0.0,"cards_transformed":["Strike_G"],"event_name":"Transmorgrifier","player_choice":"Transformed","floor":5.0,"gold_loss":0.0,"damage_taken":0.0,"cards_obtained":["Bane"]},{"damage_healed":0.0,"max_hp_gain":0.0,"max_hp_loss":0.0,"gold_gain":0.0,"event_name":"Mushrooms","player_choice":"Fought Mushrooms","floor":13.0,"gold_loss":0.0,"damage_taken":0.0},{"damage_healed":0.0,"max_hp_gain":0.0,"max_hp_loss":0.0,"gold_gain":0.0,"event_name":"Nest","player_choice":"Joined the Cult","floor":21.0,"gold_loss":0.0,"damage_taken":6.0,"cards_obtained":["RitualDagger"]},{"damage_healed":0,"gold_gain":0,"player_choice":"Ignored","damage_taken":0,"max_hp_gain":0,"max_hp_loss":0,"event_name":"Vampires","floor":27,"gold_loss":0}],"is_beta":false,"boss_relics":[{"not_picked":["Snecko Eye","Fusion Hammer"],"picked":"Velvet Choker"}],"items_purged_floors":[],"is_endless":false,"potions_floor_spawned":[7,13,14,16,20,24],"killed_by":"Gremlin Leader","ascension_level":20}}