{"host":"188xoqjicp18t4sg","time":1612511612,"event":{"mods":["BaseMod","Good Game Mod","Highlight Path","Minty Spire (QoL Compilation)","Quick Restart","Relic Filter Mod","Shop Mod","óô»ðÖ¸ÄÏ"],"gold_per_floor":[10,10,21,38,54,54,9174,9201,9201,8190,8204,7357,7412,7430,6527,6599,6599,6609,5997,5997,5997,5997,5656,5656,5353,5353,5353,5353,5379,4930,4945,4945,5018,5018,5029,4673,4690,4500,4318,4134,4162,4181,4181,4198,4099,4099,4099,4149,3881,3881],"floor_reached":51,"language":"ZHS","playtime":2157,"items_purged":["Strike_P","Defend_P","Strike_P","Defend_P","Defend_P","Wish","Weave","Weave","Omniscience","CutThroughFate","Halt","Vigilance","FollowUp+1","Finesse+1"],"score":1586,"play_id":"b7c7324f-babc-476f-8c4c-c0b00982733c","local_time":"20210205155332","is_ascension_mode":true,"campfire_choices":[{"data":"Eruption","floor":6,"key":"SMITH"},{"data":"Apotheosis","floor":32,"key":"SMITH"}],"circlet_count":0,"master_deck":["AscendersBane","Eruption+1","Finesse+1","SignatureMove+1","EmptyMind+1","Apotheosis+1","Finesse+1","Master of Strategy+1","Impatience+1","ConjureBlade+1","Finesse+1","Halt+1","Trip"],"relics":["PureWater","REME:ComplimentaryCards","MerchantsRug","Ice Cream","Toy Ornithopter","Bronze Scales","Gremlin Horn","HornCleat","TheAbacus","Mummified Hand","DollysMirror","Damaru","Potion Belt","CloakClasp","TeardropLocket","Peace Pipe","Sling","VioletLotus","Membership Card","InkBottle","White Beast Statue","Yang","Ancient Tea Set","Blood Vial","Medical Kit","HandDrill","Smiling Mask","War Paint","PreservedInsect","Meat on the Bone","Art of War","Chemical X","Question Card","Shuriken","Sozu","Kunai","Oddly Smooth Stone","ClockworkSouvenir","Frozen Egg 2","Bottled Lightning","Bottled Flame","Strawberry","Mercury Hourglass","Mark of the Bloom","Mango"],"acts_visited":["Exordium","TheCity","TheBeyond"],"potions_floor_usage":[8,50,50],"damage_taken":[{"damage":11,"enemies":"Small Slimes","floor":1,"turns":3},{"damage":0,"enemies":"Cultist","floor":3,"turns":4},{"damage":7,"enemies":"Jaw Worm","floor":4,"turns":6},{"damage":27,"enemies":"3 Louse","floor":5,"turns":3},{"damage":33,"enemies":"3 Sentries","floor":8,"turns":14},{"damage":0,"enemies":"Exordium Wildlife","floor":11,"turns":3},{"damage":0,"enemies":"Gremlin Nob","floor":13,"turns":1},{"damage":0,"enemies":"Looter","floor":14,"turns":2},{"damage":0,"enemies":"Hexaghost","floor":16,"turns":4},{"damage":0,"enemies":"2 Thieves","floor":18,"turns":2},{"damage":0,"enemies":"Spheric Guardian","floor":31,"turns":2},{"damage":0,"enemies":"Automaton","floor":33,"turns":2},{"damage":0,"enemies":"Orb Walker","floor":35,"turns":1},{"damage":0,"enemies":"3 Darklings","floor":37,"turns":1},{"damage":10,"enemies":"Reptomancer","floor":41,"turns":2},{"damage":0,"enemies":"Maw","floor":42,"turns":2},{"damage":0,"enemies":"Jaw Worm Horde","floor":44,"turns":1},{"damage":21,"enemies":"Donu and Deca","floor":50,"turns":2}],"seed_played":"1340202718169260903","potions_obtained":[{"floor":1,"key":"Regen Potion"},{"floor":4,"key":"Dexterity Potion"},{"floor":5,"key":"SteroidPotion"},{"floor":11,"key":"Strength Potion"},{"floor":18,"key":"Swift Potion"},{"floor":31,"key":"ColorlessPotion"}],"is_trial":false,"path_per_floor":["M","?","M","M","M","R","$","E","T","$","M","R","?","M","R","B",null,"M","$","?","T","?","R","?","R","T","?","?","T","$","M","R","B",null,"M","$","M","$","$","R","E","M","T","M","R","?","?","?","R","B",null],"character_chosen":"WATCHER","items_purchased":["Weave","MerchantsRug","Ice Cream","Toy Ornithopter","SignatureMove","Apotheosis","HornCleat","TheAbacus","Mummified Hand","DollysMirror","Damaru","Potion Belt","Master of Strategy","TeardropLocket","Peace Pipe","Sling","Membership Card","InkBottle","White Beast Statue","Impatience","CutThroughFate","Ancient Tea Set","Blood Vial","Medical Kit","HandDrill","Smiling Mask","War Paint","Chemical X","Question Card","Shuriken","Finesse","Kunai","Oddly Smooth Stone","ClockworkSouvenir","Frozen Egg 2","Bottled Lightning","Bottled Flame","Finesse","Mango","Trip"],"campfire_rested":0,"item_purchase_floors":[7,7,7,7,7,10,10,10,10,12,12,12,12,15,15,15,19,19,19,19,19,23,23,23,25,25,25,30,30,30,30,36,36,36,38,39,40,45,49,49],"current_hp_per_floor":[50,68,68,61,34,34,34,21,21,21,21,21,21,21,21,21,56,56,56,56,56,56,56,56,56,56,56,56,56,56,58,58,60,66,68,68,68,68,68,68,65,67,67,69,69,69,69,69,69,48],"gold":3881,"neow_bonus":"TRANSFORM_TWO_CARDS","is_daily":false,"chose_seed":false,"campfire_upgraded":2,"win_rate":0.0,"timestamp":1612511612,"path_taken":["M","?","M","M","M","R","$","E","T","$","?","R","?","M","R","BOSS","M","$","?","?","?","R","?","R","T","?","?","?","$","M","R","BOSS","M","?","M","?","$","R","E","M","T","M","R","?","?","?","R","BOSS"],"items_purchased_type":["Card","Relic","Relic","Relic","Card","Card","Relic","Relic","Relic","Relic","Relic","Relic","Card","Relic","Relic","Relic","Relic","Relic","Relic","Card","Card","Relic","Relic","Relic","Relic","Relic","Relic","Relic","Relic","Relic","Card","Relic","Relic","Relic","Relic","Relic","Relic","Card","Relic","Card"],"build_version":"2020-12-22","purchased_purges":14,"victory":true,"max_hp_per_floor":[68,68,68,68,68,68,68,68,68,68,68,68,68,68,68,68,68,68,68,68,68,68,68,68,68,68,68,68,68,68,68,68,68,68,68,68,68,68,68,68,75,75,75,75,75,75,71,71,85,85],"card_choices":[{"not_picked":["Consecrate","BattleHymn","TalkToTheHand"],"picked":"SKIP","floor":1},{"not_picked":["FlyingSleeves","Vengeance","JustLucky"],"picked":"SKIP","floor":3},{"not_picked":["CrushJoints","PathToVictory","WreathOfFlame"],"picked":"SKIP","floor":4},{"not_picked":["SashWhip","EmptyFist","ThirdEye"],"picked":"SKIP","floor":5},{"not_picked":["BowlingBash","ThirdEye"],"picked":"EmptyMind","floor":8},{"not_picked":["Consecrate","Vengeance","Protect"],"picked":"SKIP","floor":11},{"not_picked":["CutThroughFate","WaveOfTheHand"],"picked":"Halt","floor":13},{"not_picked":["EmptyBody","EmptyFist"],"picked":"Weave","floor":14},{"not_picked":["Wireheading","BattleHymn"],"picked":"FollowUp+1","floor":18},{"not_picked":["SandsOfTime","ClearTheMind","EmptyBody","Sanctity"],"picked":"SKIP","floor":31},{"not_picked":["Wish","Judgement","Ragnarok"],"picked":"Omniscience","floor":33},{"not_picked":["PathToVictory","Perseverance","CrushJoints"],"picked":"Halt+1","floor":35},{"not_picked":["Prostrate+1","EmptyFist","ClearTheMind","InnerPeace"],"picked":"SKIP","floor":37},{"not_picked":["SashWhip","EmptyFist","EmptyBody","Brilliance"],"picked":"SKIP","floor":41},{"not_picked":["MentalFortress+1","Protect","Evaluate+1","Meditate"],"picked":"SKIP","floor":42},{"not_picked":["EmptyBody","InnerPeace","SignatureMove","ReachHeaven"],"picked":"SKIP","floor":44}],"player_experience":222530,"relics_obtained":[{"floor":8,"key":"Bronze Scales"},{"floor":9,"key":"Gremlin Horn"},{"floor":13,"key":"CloakClasp"},{"floor":21,"key":"Yang"},{"floor":26,"key":"PreservedInsect"},{"floor":29,"key":"Art of War"},{"floor":41,"key":"Strawberry"},{"floor":43,"key":"Mercury Hourglass"}],"event_choices":[{"cards_removed":["Tantrum"],"damage_healed":18,"gold_gain":0,"player_choice":"Offered Uncommon","damage_taken":0,"max_hp_gain":0,"max_hp_loss":0,"event_name":"Bonfire Elementals","floor":2,"gold_loss":0},{"damage_healed":0,"gold_gain":0,"player_choice":"Searched \u00271\u0027 times","damage_taken":0,"max_hp_gain":0,"max_hp_loss":0,"event_name":"Dead Adventurer","floor":13,"gold_loss":0},{"damage_healed":0,"gold_gain":0,"player_choice":"Ignored","damage_taken":0,"max_hp_gain":0,"max_hp_loss":0,"event_name":"Vampires","floor":20,"gold_loss":0},{"damage_healed":0,"gold_gain":0,"cards_transformed":["Defend_P","Swivel"],"player_choice":"Became Test Subject","damage_taken":0,"max_hp_gain":0,"max_hp_loss":0,"event_name":"Drug Dealer","floor":22,"gold_loss":0,"cards_obtained":["Wish","ConjureBlade"]},{"damage_healed":0,"gold_gain":0,"player_choice":"Ignored","damage_taken":0,"max_hp_gain":0,"max_hp_loss":0,"event_name":"Cursed Tome","floor":24,"gold_loss":0},{"damage_healed":0,"gold_gain":0,"player_choice":"Opened","damage_taken":0,"relics_obtained":["Meat on the Bone"],"max_hp_gain":0,"max_hp_loss":0,"event_name":"The Mausoleum","floor":27,"gold_loss":0,"cards_obtained":["Writhe"]},{"cards_removed":["Writhe"],"damage_healed":0,"gold_gain":0,"player_choice":"Elegance","damage_taken":0,"max_hp_gain":0,"max_hp_loss":0,"event_name":"Back to Basics","floor":28,"gold_loss":0},{"damage_healed":0,"gold_gain":0,"player_choice":"Upgrade","damage_taken":0,"relics_obtained":["Mark of the Bloom"],"max_hp_gain":0,"max_hp_loss":0,"event_name":"MindBloom","floor":46,"gold_loss":0,"cards_upgraded":["Finesse","SignatureMove","EmptyMind","Finesse","Master of Strategy","Finesse","Finesse"]},{"damage_healed":0,"gold_gain":0,"player_choice":"Max HP","damage_taken":0,"max_hp_gain":0,"max_hp_loss":4,"event_name":"Winding Halls","floor":47,"gold_loss":0},{"damage_healed":0,"gold_gain":50,"player_choice":"Pray","damage_taken":0,"max_hp_gain":0,"max_hp_loss":0,"event_name":"Golden Shrine","floor":48,"gold_loss":0}],"is_beta":false,"boss_relics":[{"not_picked":["Ectoplasm","Calling Bell"],"picked":"VioletLotus"},{"not_picked":["SacredBark","Black Star"],"picked":"Sozu"}],"items_purged_floors":[7,10,12,15,19,23,25,30,36,38,39,40,45,49],"is_endless":false,"potions_floor_spawned":[1,4,5,11,18,31,33,35,37,41,42,44],"ascension_level":18}}