{"host":"gop1q6bv59twswbp","time":1612503829,"event":{"mods":["AlwaysNeverKeys","BaseMod","Downfall","Hermit","Minty Spire (QoL Compilation)","Permanent Neow","Rare Cards Sparkle","StSLib","The Cursed"],"gold_per_floor":[99,119,119,130,130,150,150,166,177,56,72,72,100,10,23,126,126,26,44,54,80,94,94,94,94,194,209,9,34,48,48,62,164,164,164,176,189,189,66,101,149,173,223,235,247,285,351,363,390,402,414,454,21,21,21,21,21,21],"floor_reached":56,"language":"ENG","playtime":5911,"items_purged":["hexamod:Strike","hexamod:Strike"],"score":932,"play_id":"9638fe27-47f2-4cab-a0b2-2a9707eb0c4e","local_time":"20210205004349","is_ascension_mode":false,"campfire_choices":[{"data":"hexamod:Float","floor":1.0,"key":"SMITH"},{"data":"hexamod:FastForward","floor":12.0,"key":"SMITH"},{"data":"hexamod:Incineration","floor":18.0,"key":"SMITH"},{"data":"hexamod:RadiantFlame","floor":28.0,"key":"SMITH"},{"data":"hexamod:Haunt","floor":35.0,"key":"SMITH"},{"data":"hexamod:FastForward","floor":44,"key":"SMITH"},{"floor":45,"key":"DIG"},{"data":"hexamod:ParanormalForm","floor":54,"key":"SMITH"}],"circlet_count":0,"master_deck":["hexamod:Strike","hexamod:Defend","hexamod:Defend","hexamod:Defend","hexamod:Sear","hexamod:Float+1","hexamod:HauntingEcho","hexamod:PowerFromBeyond","hexamod:EtherealExpedition","hexamod:AdvancingGuard","hexamod:ExtraCrispy","hexamod:Hexaguard","hexamod:BurningTouch","hexamod:FastForward+1","hexamod:Haunt+1","hexamod:CatchUp","hexamod:Incineration+1","hexamod:BacktrackSmack","hexamod:ShieldOfDarkness","hexamod:TimeWarp","hexamod:SoulSteal+1","hexamod:SwordOfDarkness","hexamod:Hexaguard","hexamod:RadiantFlame+1","hexamod:PhantomFireball","hexamod:ThermalTransfer+1","hexamod:InspiringFlames","hexamod:PhantomCloak+1","hexamod:GhostflameBarrier","hexamod:ChargedBarrage","hexamod:HeatCrush","hexamod:UnleashSpirits","hexamod:StepThrough","hexamod:FastForward+1","hexamod:GhostLash","hexamod:SuperheatedStrike","hexamod:ParanormalForm+1","hexamod:RadiantFlame","hexamod:EtherealExpedition"],"relics":["hexamod:SpiritBrand","downfall:ShatteredFragment","InkBottle","Shovel","sneckomod:SneckoTalon","downfall:HeartBlessingBlue","Red Mask","The Courier","WingedGreaves","Sundial","downfall:HeartBlessingRed","downfall:HeartBlessingGreen","Guardian:PocketSentry","ClockworkSouvenir","Busted Crown","bronze:DecasWashers","Pen Nib","Incense Burner","MawBank","CeramicFish","Bag of Preparation","hexamod:MatchstickCase","Turnip","Nunchaku","Lantern","Guardian:GemstoneGun"],"acts_visited":["Exordium","TheCity","TheBeyond","TheEnding"],"potions_floor_usage":[52,56,56],"damage_taken":[{"damage":1.0,"enemies":"Jaw Worm","floor":2.0,"turns":3.0},{"damage":0.0,"enemies":"Small Slimes","floor":4.0,"turns":3.0},{"damage":0.0,"enemies":"Cultist","floor":6.0,"turns":3.0},{"damage":0.0,"enemies":"Exordium Thugs","floor":8.0,"turns":5.0},{"damage":0.0,"enemies":"Large Slime","floor":9.0,"turns":3.0},{"damage":0.0,"enemies":"downfall:FleeingMerchant","floor":10.0,"turns":4.0},{"damage":0.0,"enemies":"2 Fungi Beasts","floor":11.0,"turns":4.0},{"damage":0.0,"enemies":"3 Sentries","floor":13.0,"turns":5.0},{"damage":0.0,"enemies":"downfall:FleeingMerchant","floor":14.0,"turns":4.0},{"damage":0.0,"enemies":"Blue Slaver","floor":15.0,"turns":2.0},{"damage":15.0,"enemies":"IC_STATUS_ARCHETYPE","floor":16.0,"turns":6.0},{"damage":0.0,"enemies":"Spheric Guardian","floor":19.0,"turns":4.0},{"damage":0.0,"enemies":"Chosen","floor":20.0,"turns":3.0},{"damage":11.0,"enemies":"Masked Bandits","floor":21.0,"turns":4.0},{"damage":0.0,"enemies":"3 Cultists","floor":22.0,"turns":4.0},{"damage":2.0,"enemies":"Colosseum Nobs","floor":26.0,"turns":3.0},{"damage":5.0,"enemies":"Sentry and Sphere","floor":27.0,"turns":4.0},{"damage":25.0,"enemies":"Gremlin Leader","floor":29.0,"turns":6.0},{"damage":0.0,"enemies":"downfall:FleeingMerchant","floor":30.0,"turns":4.0},{"damage":0.0,"enemies":"Centurion and Healer","floor":32.0,"turns":3.0},{"damage":9.0,"enemies":"SI_MIRROR_ARCHETYPE","floor":33.0,"turns":8.0},{"damage":0.0,"enemies":"Orb Walker","floor":36.0,"turns":2.0},{"damage":1.0,"enemies":"3 Shapes","floor":37.0,"turns":2.0},{"damage":0.0,"enemies":"Giant Head","floor":40.0,"turns":7.0},{"damage":3.0,"enemies":"Jaw Worm Horde","floor":42.0,"turns":3.0},{"damage":0,"enemies":"Nemesis","floor":43,"turns":5},{"damage":28,"enemies":"Reptomancer","floor":46,"turns":5},{"damage":0,"enemies":"2 Orb Walkers","floor":47,"turns":3},{"damage":14,"enemies":"Sphere and 2 Shapes","floor":49,"turns":4},{"damage":8,"enemies":"DF_ARCHETYPE_ORBS","floor":50,"turns":5},{"damage":18,"enemies":"downfall:CharBossMerchant","floor":52,"turns":6},{"damage":55,"enemies":"downfall:NeowBoss","floor":55,"turns":15},{"damage":9,"enemies":"downfall:NeowBossFinal","floor":56,"turns":5}],"seed_played":"-1602644232556625045","potions_obtained":[{"floor":4.0,"key":"SpeedPotion"},{"floor":6.0,"key":"Energy Potion"},{"floor":9.0,"key":"FearPotion"},{"floor":15.0,"key":"Slimebound:ThreeZeroPotion"},{"floor":20.0,"key":"Guardian:BlockOnCardUsePotion"},{"floor":36.0,"key":"Ancient Potion"},{"floor":40.0,"key":"BlessingOfTheForge"},{"floor":47,"key":"SkillPotion"}],"is_trial":false,"path_per_floor":["R","M","?","M","?","M","T","M","M","$","M","R","E","$","M","B",null,"R","M","M","?","M","?","T","?","?","M","R","E","$","?","M","B",null,"R","M","M","T","$","E","T","M","E","R","R","E","?","T","M","B",null,"E","$","R","B","B"],"character_chosen":"THE_SPIRIT","items_purchased":["hexamod:FastForward","hexamod:Haunt","ClockworkSouvenir","hexamod:GhostflameBarrier","hexamod:ChargedBarrage","Pen Nib","hexamod:SuperheatedStrike","Guardian:GemstoneGun","hexamod:ParanormalForm","hexamod:RadiantFlame","hexamod:EtherealExpedition"],"campfire_rested":0,"item_purchase_floors":[10,10,30,30,30,39,53,53,53,53,53],"current_hp_per_floor":[70,69,48,48,48,48,48,48,48,48,48,48,48,48,48,33,70,80,80,80,69,69,69,69,69,67,62,62,37,37,37,37,28,80,80,80,79,79,79,79,79,76,76,76,76,48,48,48,34,26,80,62,62,62,7,0,0,0],"gold":21,"neow_bonus":"THREE_CARDS","is_daily":false,"chose_seed":false,"campfire_upgraded":7,"win_rate":0.0,"timestamp":1612503829,"path_taken":["R","M","?","M","?","M","T","M","?","$","M","R","E","$","M","BOSS","R","M","M","?","M","?","T","?","?","?","R","E","$","?","M","BOSS","R","?","M","?","?","E","T","M","E","R","R","E","?","?","M","BOSS","E","$","R","BOSS","BOSS"],"items_purchased_type":["Card","Card","Relic","Card","Card","Relic","Card","Relic","Card","Card","Card"],"build_version":"2020-12-22","purchased_purges":2,"victory":false,"max_hp_per_floor":[70,70,70,70,70,70,70,70,70,70,70,70,70,70,70,70,70,80,80,80,80,80,80,80,80,80,80,80,80,80,80,80,80,80,80,80,80,80,80,80,80,80,80,80,80,80,80,80,80,80,80,80,80,80,80,80,80,80],"card_choices":[{"not_picked":["hexamod:SuperheatedStrike","hexamod:HeatShield"],"picked":"hexamod:HauntingEcho","floor":0.0},{"not_picked":["hexamod:GhostShield","hexamod:NightmareStrike"],"picked":"hexamod:PowerFromBeyond","floor":2.0},{"not_picked":["hexamod:NightmareGuise","hexamod:Haunt"],"picked":"hexamod:EtherealExpedition","floor":4.0},{"not_picked":["hexamod:NightmareStrike","hexamod:GhostShield"],"picked":"hexamod:AdvancingGuard","floor":6.0},{"not_picked":["hexamod:RecurringNightmare","hexamod:SpectersWail"],"picked":"hexamod:ExtraCrispy","floor":8.0},{"not_picked":["hexamod:FastForward","hexamod:SpectersWail"],"picked":"hexamod:Hexaguard","floor":9.0},{"not_picked":["hexamod:GhostShield","hexamod:HeatCrush"],"picked":"hexamod:BurningTouch","floor":10.0},{"not_picked":["hexamod:NightmareGuise","hexamod:FastForward"],"picked":"hexamod:CatchUp","floor":11.0},{"not_picked":["hexamod:CatchUp","hexamod:ApocalypticArmor"],"picked":"hexamod:Incineration","floor":13.0},{"not_picked":["hexamod:GhostShield","hexamod:GhostOfSpirePast"],"picked":"hexamod:BacktrackSmack","floor":14.0},{"not_picked":["hexamod:ThirdSeal","hexamod:BurningTouch"],"picked":"hexamod:ShieldOfDarkness","floor":15.0},{"not_picked":["hexamod:GhostOfSpirePresent","hexamod:GhostflameInferno"],"picked":"hexamod:TimeWarp","floor":16.0},{"not_picked":["hexamod:ShieldOfDarkness","hexamod:FastForward"],"picked":"hexamod:SoulSteal+1","floor":19.0},{"not_picked":["hexamod:ShieldOfDarkness","hexamod:SpectersWail"],"picked":"hexamod:SwordOfDarkness","floor":20.0},{"not_picked":["hexamod:NightmareGuise","hexamod:HeatCrush"],"picked":"hexamod:Hexaguard","floor":21.0},{"not_picked":["hexamod:SuperheatedStrike","hexamod:RainOfEmbers"],"picked":"hexamod:RadiantFlame","floor":22.0},{"not_picked":["hexamod:Toasty","hexamod:ShieldOfDarkness+1"],"picked":"hexamod:PhantomFireball","floor":26.0},{"not_picked":["hexamod:GhostShield","hexamod:BurningTouch"],"picked":"hexamod:ThermalTransfer+1","floor":27.0},{"not_picked":["hexamod:ChargedBarrage","hexamod:BurningTouch"],"picked":"hexamod:InspiringFlames","floor":29.0},{"not_picked":["hexamod:FlamesFromBeyond","hexamod:StepThrough"],"picked":"hexamod:PhantomCloak+1","floor":30.0},{"not_picked":["hexamod:HauntingEcho","hexamod:SwordOfDarkness"],"picked":"hexamod:HeatCrush","floor":32.0},{"not_picked":["hexamod:ForkedFlame","hexamod:ApocalypticArmor"],"picked":"hexamod:UnleashSpirits","floor":33.0},{"not_picked":[],"picked":"hexamod:StepThrough","floor":36.0},{"not_picked":["hexamod:InspiringFlames"],"picked":"SKIP","floor":37.0},{"not_picked":[],"picked":"hexamod:FastForward","floor":40.0},{"not_picked":["hexamod:ShieldOfDarkness+1"],"picked":"SKIP","floor":42.0},{"not_picked":[],"picked":"hexamod:GhostLash","floor":43},{"not_picked":["hexamod:ApocalypseNow"],"picked":"SKIP","floor":46},{"not_picked":["hexamod:HauntingEcho"],"picked":"SKIP","floor":49},{"not_picked":["hexamod:Hexaguard+1"],"picked":"SKIP","floor":52}],"player_experience":872362,"relics_obtained":[{"floor":7.0,"key":"InkBottle"},{"floor":13.0,"key":"Shovel"},{"floor":21.0,"key":"Red Mask"},{"floor":24.0,"key":"The Courier"},{"floor":26.0,"key":"WingedGreaves"},{"floor":26.0,"key":"Sundial"},{"floor":29.0,"key":"Guardian:PocketSentry"},{"floor":38.0,"key":"bronze:DecasWashers"},{"floor":40.0,"key":"Incense Burner"},{"floor":41.0,"key":"MawBank"},{"floor":43,"key":"CeramicFish"},{"floor":45,"key":"Bag of Preparation"},{"floor":46,"key":"hexamod:MatchstickCase"},{"floor":47,"key":"Turnip"},{"floor":48,"key":"Nunchaku"},{"floor":52,"key":"Lantern"}],"event_choices":[{"cards_removed":["hexamod:Strike"],"damage_healed":0.0,"max_hp_gain":0.0,"max_hp_loss":0.0,"gold_gain":0.0,"event_name":"Bonfire Elementals","player_choice":"Offered Basic","floor":5.0,"gold_loss":0.0,"damage_taken":0.0},{"damage_healed":0.0,"max_hp_gain":0.0,"max_hp_loss":0.0,"gold_gain":0.0,"event_name":"Masked Bandits","player_choice":"Fought Bandits","floor":21.0,"gold_loss":0.0,"damage_taken":0.0},{"damage_healed":0,"gold_gain":0,"player_choice":"Fight","damage_taken":0,"max_hp_gain":0,"max_hp_loss":0,"event_name":"Mysterious Sphere","floor":47,"gold_loss":0}],"is_beta":false,"boss_relics":[{"not_picked":["Velvet Choker","Tiny House"],"picked":"sneckomod:SneckoTalon"},{"not_picked":["Black Star","bronze:MakeshiftBattery"],"picked":"Busted Crown"}],"items_purged_floors":[14,30],"is_endless":false,"potions_floor_spawned":[4,6,9,11,15,16,19,20,21,26,36,40,47],"killed_by":"downfall:NeowBossFinal","ascension_level":0}}