{"host":"6qo42zgaknezulyg","time":1612507684,"event":{"mods":["2.2 Compatiblity","BaseMod","Faster Ascension Climbing","Keyboard Shortcuts","Minty Spire (QoL Compilation)","Permanent Neow","Quick Restart","StSLib","SuperFastMode","The Construct"],"gold_per_floor":[118,129,129,139,64,64,83,83,109,259,259,294,27,27,27,118,118,134,134,147,147,170,190,190,190,190],"floor_reached":25,"language":"ENG","playtime":751,"items_purged":[],"score":452,"play_id":"00e762fe-29e5-470c-b772-42a7106d3a33","local_time":"20210205154804","is_ascension_mode":true,"campfire_choices":[{"data":"construct:ShieldBurst","floor":6.0,"key":"SMITH"},{"data":"construct:ShieldBurst+1","floor":8.0,"key":"SMITH"},{"data":"construct:DefenseMode+1","floor":11.0,"key":"SMITH"},{"data":"construct:Defend_Gold","floor":15.0,"key":"SMITH"},{"data":"construct:ClockworkEgg","floor":24.0,"key":"SMITH"}],"circlet_count":0,"master_deck":["AscendersBane","construct:Strike_Gold","construct:Strike_Gold","construct:Strike_Gold","construct:Strike_Gold","construct:Defend_Gold+1","construct:Defend_Gold","construct:Defend_Gold","construct:Defend_Gold","construct:Defend_Gold","construct:AttackMode","construct:DefenseMode+2","construct:ShieldBurst+2","Doubt","construct:ClockworkEgg+1","construct:Backup"],"relics":["construct:ClockworkPhoenix","Happy Flower","Juzu Bracelet","construct:FoamFinger","Golden Idol","Coffee Dripper"],"acts_visited":["Exordium","TheCity"],"potions_floor_usage":[25],"damage_taken":[{"damage":2.0,"enemies":"Jaw Worm","floor":1.0,"turns":6.0},{"damage":19.0,"enemies":"Small Slimes","floor":2.0,"turns":5.0},{"damage":7.0,"enemies":"2 Louse","floor":4.0,"turns":4.0},{"damage":5.0,"enemies":"Exordium Thugs","floor":7.0,"turns":4.0},{"damage":21.0,"enemies":"3 Sentries","floor":12.0,"turns":7.0},{"damage":17.0,"enemies":"The Guardian","floor":16.0,"turns":9.0},{"damage":10.0,"enemies":"Chosen","floor":18.0,"turns":6.0},{"damage":8.0,"enemies":"3 Byrds","floor":20.0,"turns":3.0},{"damage":12.0,"enemies":"Snake Plant","floor":22.0,"turns":6.0},{"damage":6.0,"enemies":"Sentry and Sphere","floor":23.0,"turns":9.0},{"damage":11,"enemies":"Chosen and Byrds","floor":25,"turns":7}],"seed_played":"52999348158363203","potions_obtained":[{"floor":2.0,"key":"EssenceOfSteel"},{"floor":4.0,"key":"DistilledChaos"},{"floor":7.0,"key":"Fire Potion"},{"floor":18.0,"key":"Dexterity Potion"},{"floor":23.0,"key":"DuplicationPotion"}],"is_trial":false,"path_per_floor":["M","M","?","M","?","R","M","R","T","?","R","E","$","?","R","B",null,"M","?","M","?","M","M","R","M"],"character_chosen":"THE_CONSTRUCT_MOD","items_purchased":["construct:FoamFinger"],"campfire_rested":0,"item_purchase_floors":[13],"current_hp_per_floor":[70,51,51,44,44,44,39,39,39,39,39,18,18,18,18,1,54,44,44,36,36,24,18,18,7,7],"gold":190,"neow_bonus":"ONE_RANDOM_RARE_CARD","is_daily":false,"chose_seed":true,"campfire_upgraded":5,"win_rate":0.0,"timestamp":1612507684,"path_taken":["M","M","?","M","?","R","M","R","T","?","R","E","$","?","R","BOSS","M","?","M","?","M","M","R","M"],"items_purchased_type":["Relic"],"build_version":"2020-12-22","purchased_purges":0,"victory":false,"max_hp_per_floor":[80,80,80,80,80,80,80,80,80,80,80,80,80,72,72,72,72,72,72,72,72,72,72,72,72,72],"card_choices":[{"not_picked":["construct:ModeShift","construct:SweepLaser","construct:Accumulate"],"picked":"SKIP","floor":1.0},{"not_picked":["construct:SweepLaser","construct:OmegaCannon","construct:SaveState"],"picked":"SKIP","floor":2.0},{"not_picked":["construct:FierceBash","construct:Failsafe","construct:SyphonStrike"],"picked":"SKIP","floor":4.0},{"not_picked":["construct:ReactiveShield","construct:Accumulate","construct:ModeShift"],"picked":"SKIP","floor":7.0},{"not_picked":["construct:ShiftStrike","construct:HeavyBolt","construct:SweepLaser"],"picked":"SKIP","floor":12.0},{"not_picked":["construct:SpinDrive","construct:MemoryTap"],"picked":"construct:ClockworkEgg","floor":16.0},{"not_picked":["construct:VentSteam","construct:Autoturret","construct:HeavyBolt"],"picked":"SKIP","floor":18.0},{"not_picked":["construct:SuppressiveFire","construct:Accumulate","construct:ClusterMines"],"picked":"SKIP","floor":20.0},{"not_picked":["construct:SweepLaser","construct:VentSteam","construct:Anticipate+1"],"picked":"SKIP","floor":22.0},{"not_picked":["construct:Boost","construct:Antimatter"],"picked":"construct:Backup","floor":23.0}],"player_experience":732677,"relics_obtained":[{"floor":9.0,"key":"Happy Flower"},{"floor":12.0,"key":"Juzu Bracelet"}],"event_choices":[{"damage_healed":0.0,"max_hp_gain":0.0,"max_hp_loss":0.0,"gold_gain":0.0,"event_name":"Living Wall","player_choice":"Grow","floor":3.0,"gold_loss":0.0,"damage_taken":0.0,"cards_upgraded":["construct:DefenseMode"]},{"cards_removed":["construct:Strike_Gold"],"damage_healed":0.0,"max_hp_gain":0.0,"max_hp_loss":0.0,"gold_gain":0.0,"event_name":"The Cleric","player_choice":"Card Removal","floor":5.0,"gold_loss":75.0,"damage_taken":0.0},{"damage_healed":0.0,"max_hp_gain":0.0,"max_hp_loss":0.0,"gold_gain":150.0,"event_name":"Liars Game","player_choice":"AGREE","floor":10.0,"gold_loss":0.0,"damage_taken":0.0,"cards_obtained":["Doubt"]},{"damage_healed":0.0,"max_hp_gain":0.0,"max_hp_loss":8.0,"gold_gain":0.0,"event_name":"Golden Idol","player_choice":"Lose Max HP","floor":14.0,"gold_loss":0.0,"damage_taken":0.0,"relics_obtained":["Golden Idol"]},{"damage_healed":0.0,"max_hp_gain":0.0,"max_hp_loss":0.0,"gold_gain":0.0,"event_name":"Ghosts","player_choice":"Ignored","floor":19.0,"gold_loss":0.0,"damage_taken":0.0},{"damage_healed":0.0,"max_hp_gain":0.0,"max_hp_loss":0.0,"gold_gain":0.0,"event_name":"Vampires","player_choice":"Ignored","floor":21.0,"gold_loss":0.0,"damage_taken":0.0}],"is_beta":false,"boss_relics":[{"not_picked":["Pandora\u0027s Box","SlaversCollar"],"picked":"Coffee Dripper"}],"items_purged_floors":[],"is_endless":false,"potions_floor_spawned":[2,4,7,18,23],"killed_by":"Chosen and Byrds","ascension_level":20}}