{"host":"4jj9j1v1tx707ann","time":1612535356,"event":{"mods":["AchievementEnabler","BaseMod","Colored Map","Keyboard Shortcuts","Minty Spire (QoL Compilation)","Permanent Neow","Quick Restart","Rare Cards Sparkle","StSLib","SuperFastMode","everything is the same but u backflip on backflip"],"gold_per_floor":[111,36,36,55,73,114,114,132,132,132,307,17,17,41,41,169,169,188,202,202,222,222,222,245,260,260,273,296,119,119,132,132,253,253,267,285,285,300,300,338,338,363,440,440,453,453,453],"floor_reached":46,"language":"KOR","playtime":1399,"items_purged":["Shame","Doubt","Strike_B"],"score":593,"play_id":"93d37f46-1768-4528-90ba-c8456b7ce18b","local_time":"20210205232916","is_ascension_mode":true,"campfire_choices":[{"data":"Streamline","floor":7.0,"key":"SMITH"},{"floor":10.0,"key":"REST"},{"data":"Beam Cell","floor":15.0,"key":"SMITH"},{"data":"Glacier","floor":23.0,"key":"SMITH"},{"floor":30.0,"key":"REST"},{"data":"Secret Weapon","floor":32.0,"key":"SMITH"},{"floor":41.0,"key":"RECALL"},{"floor":44.0,"key":"REST"}],"circlet_count":0,"master_deck":["Strike_B","Defend_B","Defend_B","Defend_B","Defend_B","Zap","Dualcast","Streamline+1","Conserve Battery","Rebound","Loop","Double Energy","Secret Weapon+1","Beam Cell+1","Echo Form","Self Repair","Glacier+1","Hologram","Buffer+1"],"relics":["Cracked Core","Turnip","Golden Idol","Mercury Hourglass","Cables","Philosopher\u0027s Stone","HornCleat","Vajra","SlaversCollar","Pear"],"acts_visited":["Exordium","TheCity","TheBeyond"],"potions_floor_usage":[46],"damage_taken":[{"damage":1.0,"enemies":"2 Louse","floor":1.0,"turns":3.0},{"damage":2.0,"enemies":"Jaw Worm","floor":4.0,"turns":3.0},{"damage":0.0,"enemies":"Small Slimes","floor":5.0,"turns":3.0},{"damage":35.0,"enemies":"3 Sentries","floor":6.0,"turns":8.0},{"damage":0.0,"enemies":"Exordium Wildlife","floor":8.0,"turns":2.0},{"damage":9.0,"enemies":"Red Slaver","floor":14.0,"turns":2.0},{"damage":23.0,"enemies":"The Guardian","floor":16.0,"turns":7.0},{"damage":2.0,"enemies":"Chosen","floor":18.0,"turns":3.0},{"damage":19.0,"enemies":"2 Thieves","floor":19.0,"turns":3.0},{"damage":27.0,"enemies":"Chosen and Byrds","floor":21.0,"turns":6.0},{"damage":10.0,"enemies":"Shelled Parasite and Fungi","floor":24.0,"turns":5.0},{"damage":6.0,"enemies":"Snecko","floor":25.0,"turns":4.0},{"damage":7.0,"enemies":"3 Cultists","floor":27.0,"turns":5.0},{"damage":13.0,"enemies":"Snake Plant","floor":28.0,"turns":4.0},{"damage":0.0,"enemies":"Snecko","floor":31.0,"turns":3.0},{"damage":36.0,"enemies":"Automaton","floor":33.0,"turns":11.0},{"damage":11.0,"enemies":"3 Shapes","floor":35.0,"turns":4.0},{"damage":37.0,"enemies":"3 Darklings","floor":36.0,"turns":5.0},{"damage":4.0,"enemies":"Sphere and 2 Shapes","floor":38.0,"turns":6.0},{"damage":31.0,"enemies":"Giant Head","floor":40.0,"turns":8.0},{"damage":7.0,"enemies":"Spire Growth","floor":42.0,"turns":5.0},{"damage":0.0,"enemies":"Maw","floor":45.0,"turns":8.0},{"damage":73,"enemies":"Reptomancer","floor":46,"turns":4}],"seed_played":"-6791972991370175959","potions_obtained":[{"floor":1.0,"key":"Dexterity Potion"},{"floor":5.0,"key":"EssenceOfSteel"},{"floor":18.0,"key":"AttackPotion"},{"floor":19.0,"key":"PowerPotion"},{"floor":25.0,"key":"Dexterity Potion"},{"floor":28.0,"key":"AttackPotion"},{"floor":35.0,"key":"SkillPotion"},{"floor":38.0,"key":"Weak Potion"},{"floor":40.0,"key":"Weak Potion"}],"is_trial":false,"path_per_floor":["M","$","?","M","M","E","R","M","T","R","?","$","?","M","R","B",null,"M","M","?","M","?","R","M","M","T","M","M","$","R","M","R","B",null,"M","M","?","M","?","E","R","M","T","R","M","E"],"character_chosen":"DEFECT","items_purchased":["Secret Weapon","Hologram"],"campfire_rested":3,"item_purchase_floors":[12,29],"current_hp_per_floor":[67,67,49,47,47,12,12,12,12,34,34,34,34,25,25,2,57,55,43,43,23,23,23,20,21,21,14,8,8,30,37,37,8,58,54,31,31,41,41,27,27,34,34,59,73,0,0],"gold":453,"neow_bonus":"ONE_RARE_RELIC","is_daily":false,"chose_seed":false,"campfire_upgraded":4,"win_rate":0.0,"timestamp":1612535356,"path_taken":["M","$","?","M","M","E","R","M","T","R","?","?","?","M","R","BOSS","M","M","?","M","?","R","M","M","T","M","M","$","R","M","R","BOSS","M","M","?","?","?","E","R","M","T","R","M","E"],"items_purchased_type":["Card","Card"],"build_version":"2020-12-22","purchased_purges":3,"victory":false,"max_hp_per_floor":[75,75,75,75,75,75,75,75,75,75,75,75,75,75,75,75,75,75,75,75,75,75,75,75,75,75,75,75,75,75,75,75,75,75,75,75,75,75,75,85,85,85,85,85,85,85,85],"card_choices":[{"not_picked":["Skim","Redo"],"picked":"Streamline","floor":1.0},{"not_picked":["Recycle","Consume"],"picked":"Conserve Battery","floor":4.0},{"not_picked":["Redo","Fusion"],"picked":"Rebound","floor":5.0},{"not_picked":["Steam","Leap"],"picked":"Loop","floor":6.0},{"not_picked":["Turbo","Static Discharge"],"picked":"Double Energy","floor":8.0},{"not_picked":["Steam","Compile Driver"],"picked":"Beam Cell","floor":14.0},{"not_picked":["Amplify","Rainbow"],"picked":"Echo Form","floor":16.0},{"not_picked":["Chill","Cold Snap+1"],"picked":"Self Repair","floor":18.0},{"not_picked":["Go for the Eyes+1","Static Discharge","Cold Snap"],"picked":"SKIP","floor":19.0},{"not_picked":["Conserve Battery+1","Steam","Lockon"],"picked":"SKIP","floor":21.0},{"not_picked":["Conserve Battery","Gash+1","Aggregate+1"],"picked":"SKIP","floor":24.0},{"not_picked":["Melter","Gash","Turbo"],"picked":"SKIP","floor":25.0},{"not_picked":["Conserve Battery","Leap","Defragment"],"picked":"SKIP","floor":27.0},{"not_picked":["Sweeping Beam","Storm","Static Discharge"],"picked":"SKIP","floor":28.0},{"not_picked":["Consume","All For One","Leap"],"picked":"SKIP","floor":31.0},{"not_picked":["Multi-Cast","Meteor Strike"],"picked":"Buffer","floor":33.0},{"not_picked":["Beam Cell+1","Ball Lightning","Melter+1"],"picked":"SKIP","floor":35.0},{"not_picked":["Self Repair+1","Tempest","Consume+1"],"picked":"SKIP","floor":36.0},{"not_picked":["Compile Driver+1","Chaos","Stack+1"],"picked":"SKIP","floor":38.0},{"not_picked":["Double Energy","Capacitor+1","Force Field"],"picked":"SKIP","floor":40.0},{"not_picked":["Cold Snap","Doom and Gloom","Fusion+1"],"picked":"SKIP","floor":42.0},{"not_picked":["Rip and Tear","Steam","Force Field+1"],"picked":"SKIP","floor":45.0}],"player_experience":180737,"relics_obtained":[{"floor":6.0,"key":"Mercury Hourglass"},{"floor":9.0,"key":"Cables"},{"floor":26.0,"key":"Vajra"},{"floor":40.0,"key":"Pear"}],"event_choices":[{"damage_healed":0.0,"max_hp_gain":0.0,"max_hp_loss":0.0,"gold_gain":0.0,"event_name":"Golden Idol","player_choice":"Take Damage","floor":3.0,"gold_loss":0.0,"damage_taken":18.0,"relics_obtained":["Golden Idol"]},{"damage_healed":0.0,"max_hp_gain":0.0,"max_hp_loss":0.0,"gold_gain":175.0,"event_name":"Liars Game","player_choice":"AGREE","floor":11.0,"gold_loss":0.0,"damage_taken":0.0,"cards_obtained":["Doubt"]},{"cards_removed":["Strike_B"],"damage_healed":0.0,"max_hp_gain":0.0,"max_hp_loss":0.0,"gold_gain":0.0,"event_name":"Living Wall","player_choice":"Forget","floor":13.0,"gold_loss":0.0,"damage_taken":0.0},{"damage_healed":0.0,"max_hp_gain":0.0,"max_hp_loss":0.0,"gold_gain":0.0,"event_name":"The Library","player_choice":"Read","floor":20.0,"gold_loss":0.0,"damage_taken":0.0,"cards_obtained":["Glacier"]},{"damage_healed":0.0,"max_hp_gain":0.0,"max_hp_loss":0.0,"gold_gain":0.0,"event_name":"The Mausoleum","player_choice":"Opened","floor":22.0,"gold_loss":0.0,"damage_taken":0.0,"relics_obtained":["HornCleat"]},{"damage_healed":0.0,"max_hp_gain":0.0,"max_hp_loss":0.0,"gold_gain":0.0,"event_name":"Upgrade Shrine","player_choice":"Upgraded","floor":37.0,"gold_loss":0.0,"damage_taken":0.0,"cards_upgraded":["Buffer"]},{"cards_removed":["Strike_B"],"damage_healed":0.0,"max_hp_gain":0.0,"max_hp_loss":0.0,"gold_gain":0.0,"event_name":"Bonfire Elementals","player_choice":"Offered Basic","floor":39.0,"gold_loss":0.0,"damage_taken":0.0}],"is_beta":false,"boss_relics":[{"not_picked":["SacredBark","Velvet Choker"],"picked":"Philosopher\u0027s Stone"},{"not_picked":["Busted Crown","Runic Dome"],"picked":"SlaversCollar"}],"items_purged_floors":[2,12,29],"is_endless":false,"potions_floor_spawned":[1,5,18,19,25,28,35,38,40],"killed_by":"Reptomancer","ascension_level":6}}