{"host":"2yqfi47fogfu1ic4","time":1612551102,"event":{"mods":["AchievementEnabler","BaseMod","Colored Map","Colored Powertips","Highlight Path","Minty Spire (QoL Compilation)","Permanent Neow","Relic Stats","StSLib"],"gold_per_floor":[359,377,377,390,217,217,231,263,263,298,51,72,99,118,118,194,194,208,108,128,138,151,151,176,176,176,208,133,153,28,28,28,105,105,123,123,171,188,188,221,107,107,107,125,125,125,151,151,151,151,151,151,151,32,64,64],"floor_reached":57,"language":"DEU","playtime":10427,"items_purged":["Strike_G","Strike_G","Strike_G"],"score":3007,"play_id":"c635651e-0dc0-444f-aa4b-881cf8c9c485","local_time":"20210205195142","is_ascension_mode":true,"campfire_choices":[{"data":"Bouncing Flask","floor":6.0,"key":"SMITH"},{"data":"Bullet Time","floor":15.0,"key":"SMITH"},{"data":"Bullet Time","floor":23,"key":"SMITH"},{"data":"Noxious Fumes","floor":25,"key":"SMITH"},{"data":"Concentrate","floor":32,"key":"SMITH"},{"data":"Catalyst","floor":42,"key":"SMITH"},{"floor":49,"key":"RECALL"},{"data":"After Image","floor":53,"key":"SMITH"}],"circlet_count":0,"master_deck":["AscendersBane","Defend_G+1","Defend_G","Defend_G","Defend_G","Survivor","Dagger Spray+1","Underhanded Strike","Bullet Time+1","Bouncing Flask+1","Leg Sweep","Bullet Time+1","Backflip","PiercingWail","Bouncing Flask","Noxious Fumes+1","Acrobatics","Tactician","PiercingWail+1","Venomology","Expertise+1","Dagger Spray+1","Tools of the Trade","Acrobatics","Backflip","Concentrate+1","Flying Knee","After Image+1","Calculated Gamble+1","Backflip+1","Panache","Thinking Ahead","PiercingWail","Catalyst+1","Acrobatics","Footwork","Escape Plan","Reflex+1"],"relics":["Ring of the Snake","Orrery","Mercury Hourglass","White Beast Statue","Pantograph","Anchor","Odd Mushroom","War Paint","Runic Pyramid","Toy Ornithopter","InkBottle","Strawberry","HoveringKite","Girya","Molten Egg 2","Potion Belt","Centennial Puzzle"],"acts_visited":["Exordium","TheCity","TheBeyond","TheEnding"],"potions_floor_usage":[24,24,27,27,29,33,33,35,35,37,51,55,56,56,56,56,56],"damage_taken":[{"damage":0.0,"enemies":"Small Slimes","floor":1.0,"turns":3.0},{"damage":1.0,"enemies":"Cultist","floor":2.0,"turns":6.0},{"damage":4.0,"enemies":"2 Louse","floor":4.0,"turns":3.0},{"damage":0.0,"enemies":"2 Fungi Beasts","floor":7.0,"turns":2.0},{"damage":6.0,"enemies":"Gremlin Nob","floor":8.0,"turns":3.0},{"damage":8.0,"enemies":"Lagavulin","floor":10.0,"turns":6.0},{"damage":0.0,"enemies":"The Mushroom Lair","floor":12.0,"turns":3.0},{"damage":1.0,"enemies":"3 Sentries","floor":13.0,"turns":5.0},{"damage":0.0,"enemies":"Large Slime","floor":14.0,"turns":4.0},{"damage":10.0,"enemies":"The Guardian","floor":16.0,"turns":9.0},{"damage":0.0,"enemies":"Chosen","floor":18.0,"turns":5.0},{"damage":0,"enemies":"Spheric Guardian","floor":20,"turns":2},{"damage":0,"enemies":"Cultist and Chosen","floor":21,"turns":7},{"damage":0,"enemies":"Snecko","floor":22,"turns":5},{"damage":16,"enemies":"Gremlin Leader","floor":24,"turns":6},{"damage":0,"enemies":"Book of Stabbing","floor":27,"turns":5},{"damage":0,"enemies":"Shelled Parasite and Fungi","floor":29,"turns":3},{"damage":0,"enemies":"Champ","floor":33,"turns":13},{"damage":3,"enemies":"3 Shapes","floor":35,"turns":4},{"damage":20,"enemies":"2 Orb Walkers","floor":37,"turns":6},{"damage":0,"enemies":"3 Darklings","floor":38,"turns":4},{"damage":0,"enemies":"Reptomancer","floor":40,"turns":5},{"damage":0,"enemies":"Sphere and 2 Shapes","floor":44,"turns":5},{"damage":0,"enemies":"Nemesis","floor":47,"turns":9},{"damage":16,"enemies":"Time Eater","floor":50,"turns":8},{"damage":21,"enemies":"Donu and Deca","floor":51,"turns":10},{"damage":0,"enemies":"Shield and Spear","floor":55,"turns":8},{"damage":29,"enemies":"The Heart","floor":56,"turns":8}],"seed_played":"2839608603122138654","potions_obtained":[{"floor":1.0,"key":"Dexterity Potion"},{"floor":8.0,"key":"BlessingOfTheForge"},{"floor":10.0,"key":"Fire Potion"},{"floor":12.0,"key":"PowerPotion"},{"floor":13.0,"key":"DuplicationPotion"},{"floor":14.0,"key":"Regen Potion"},{"floor":24,"key":"BlessingOfTheForge"},{"floor":27,"key":"Explosive Potion"},{"floor":29,"key":"BlessingOfTheForge"},{"floor":33,"key":"DistilledChaos"},{"floor":35,"key":"Regen Potion"},{"floor":47,"key":"SteroidPotion"},{"floor":55,"key":"Energy Potion"}],"is_trial":false,"path_per_floor":["M","M","?","M","$","R","M","E","T","E","$","?","E","M","R","B",null,"M","$","M","M","M","R","E","R","T","E","?","M","$","?","R","B",null,"M","?","?","M","?","E","$","R","T","M","$","?","E","?","R","B","B",null,"R","$","E","B",null],"character_chosen":"THE_SILENT","items_purchased":["Orrery","Anchor","Catalyst","Acrobatics","Footwork","Escape Plan"],"campfire_rested":0,"item_purchase_floors":[5,11,41,41,54,54],"current_hp_per_floor":[59,58,58,54,54,54,54,48,48,40,40,40,39,39,39,50,58,58,58,58,58,58,58,47,47,47,64,64,67,67,67,67,67,67,67,67,60,60,50,50,50,50,50,50,50,50,50,50,50,48,43,59,59,59,64,55],"gold":64,"neow_bonus":"TWO_FIFTY_GOLD","is_daily":false,"chose_seed":false,"campfire_upgraded":7,"win_rate":0.0,"timestamp":1612551102,"path_taken":["M","M","?","M","$","R","?","E","T","E","?","?","E","M","R","BOSS","M","$","M","M","M","R","E","R","T","E","?","M","$","?","R","BOSS","M","?","?","M","?","E","?","R","T","M","$","?","E","?","R","BOSS","BOSS","R","$","E","BOSS"],"items_purchased_type":["Relic","Relic","Card","Card","Card","Card"],"build_version":"2020-12-22","purchased_purges":3,"victory":true,"max_hp_per_floor":[60,60,60,60,60,60,60,60,60,60,60,60,60,60,60,60,60,60,60,60,60,60,60,60,60,60,67,67,67,67,67,67,67,67,67,67,67,67,67,67,67,67,67,67,67,67,67,64,64,64,64,64,64,64,64,64],"relic_stats":{"Centennial Puzzle":[3],"counters":[28,156],"Pantograph":51,"HoveringKite":[59],"War Paint":["Defend_G","PiercingWail"],"obtain_stats":[{"Potion Belt":47,"Girya":37,"HoveringKite":34,"Odd Mushroom":12,"War Paint":13,"White Beast Statue":9,"Mercury Hourglass":8,"Anchor":11,"Centennial Puzzle":55,"Pantograph":10,"Strawberry":27,"Orrery":5,"Molten Egg 2":40,"Toy Ornithopter":24,"InkBottle":26,"Ring of the Snake":0,"Runic Pyramid":17},{"Potion Belt":24,"Girya":20,"HoveringKite":18,"Odd Mushroom":7,"War Paint":8,"White Beast Statue":5,"Mercury Hourglass":5,"Anchor":6,"Centennial Puzzle":27,"Pantograph":6,"Strawberry":16,"Orrery":3,"Molten Egg 2":22,"Toy Ornithopter":15,"InkBottle":15,"Ring of the Snake":0,"Runic Pyramid":10},{"Potion Belt":122,"Girya":99,"HoveringKite":89,"Odd Mushroom":26,"War Paint":31,"White Beast Statue":17,"Mercury Hourglass":17,"Anchor":23,"Centennial Puzzle":148,"Pantograph":23,"Strawberry":73,"Orrery":12,"Molten Egg 2":108,"Toy Ornithopter":68,"InkBottle":68,"Ring of the Snake":0,"Runic Pyramid":44}],"Toy Ornithopter":31,"InkBottle":[38],"Ring of the Snake":[56],"Mercury Hourglass":[471]},"card_choices":[{"not_picked":["Setup","Backflip"],"picked":"Dagger Spray","floor":1.0},{"not_picked":["Well Laid Plans","Prepared"],"picked":"Underhanded Strike","floor":2.0},{"not_picked":["Setup","Sucker Punch"],"picked":"Bullet Time","floor":4.0},{"not_picked":["Bane","Expertise"],"picked":"Bouncing Flask","floor":5.0},{"not_picked":["Storm of Steel","Dagger Throw"],"picked":"Leg Sweep","floor":5.0},{"not_picked":["Outmaneuver","PiercingWail"],"picked":"Bullet Time","floor":5.0},{"not_picked":["Noxious Fumes","Distraction"],"picked":"Backflip","floor":5.0},{"not_picked":["Underhanded Strike","Masterful Stab"],"picked":"PiercingWail","floor":5.0},{"not_picked":["Choke","Deflect"],"picked":"Bouncing Flask","floor":7.0},{"not_picked":["Blade Dance","Flying Knee"],"picked":"Noxious Fumes","floor":8.0},{"not_picked":["Heel Hook","Noxious Fumes"],"picked":"Acrobatics","floor":10.0},{"not_picked":["Prepared","Sucker Punch"],"picked":"Tactician","floor":12.0},{"not_picked":["Poisoned Stab","Envenom"],"picked":"PiercingWail","floor":13.0},{"not_picked":["Deflect","Caltrops","Dagger Throw"],"picked":"SKIP","floor":14.0},{"not_picked":["Sucker Punch","Slice","Poisoned Stab"],"picked":"SKIP","floor":18.0},{"not_picked":["Escape Plan","All Out Attack"],"picked":"Venomology","floor":20},{"not_picked":["Backflip","Bouncing Flask"],"picked":"Expertise+1","floor":21},{"not_picked":["Infinite Blades","PiercingWail"],"picked":"Dagger Spray+1","floor":22},{"not_picked":["Prepared","Skewer"],"picked":"Tools of the Trade","floor":24},{"not_picked":["Choke","Flying Knee"],"picked":"Acrobatics","floor":27},{"not_picked":["Acrobatics","Slice"],"picked":"Backflip","floor":29},{"not_picked":["Grand Finale","Bullet Time"],"picked":"After Image","floor":33},{"not_picked":["Backflip","Caltrops"],"picked":"Calculated Gamble+1","floor":35},{"not_picked":["Cloak And Dagger+1","Dagger Spray+1"],"picked":"Backflip+1","floor":37},{"not_picked":["Blade Dance","Poisoned Stab","Deflect"],"picked":"SKIP","floor":38},{"not_picked":["Deep Breath","Enlightenment"],"picked":"Panache","floor":39},{"not_picked":["Finesse","Trip"],"picked":"Thinking Ahead","floor":39},{"not_picked":["Sucker Punch+1","Predator+1"],"picked":"PiercingWail","floor":40},{"not_picked":["Predator+1","Dagger Throw+1","Flying Knee+1"],"picked":"SKIP","floor":44},{"not_picked":["Cloak And Dagger","Unload+1","Blade Dance"],"picked":"SKIP","floor":47},{"not_picked":["Accuracy","Predator+1"],"picked":"Reflex+1","floor":55}],"player_experience":1653869,"relics_obtained":[{"floor":8.0,"key":"Mercury Hourglass"},{"floor":9.0,"key":"White Beast Statue"},{"floor":10.0,"key":"Pantograph"},{"floor":12.0,"key":"Odd Mushroom"},{"floor":13.0,"key":"War Paint"},{"floor":24,"key":"Toy Ornithopter"},{"floor":26,"key":"InkBottle"},{"floor":27,"key":"Strawberry"},{"floor":37,"key":"Girya"},{"floor":40,"key":"Molten Egg 2"},{"floor":47,"key":"Potion Belt"},{"floor":55,"key":"Centennial Puzzle"}],"event_choices":[{"damage_healed":0.0,"max_hp_gain":0.0,"max_hp_loss":0.0,"gold_gain":0.0,"event_name":"Upgrade Shrine","player_choice":"Upgraded","floor":3.0,"gold_loss":0.0,"damage_taken":0.0,"cards_upgraded":["Dagger Spray"]},{"damage_healed":0.0,"max_hp_gain":0.0,"max_hp_loss":0.0,"gold_gain":0.0,"event_name":"Mushrooms","player_choice":"Fought Mushrooms","floor":12.0,"gold_loss":0.0,"damage_taken":0.0},{"cards_removed":["Strike_G"],"damage_healed":0,"gold_gain":0,"player_choice":"Gave Gold","damage_taken":0,"max_hp_gain":0,"max_hp_loss":0,"event_name":"Beggar","floor":28,"gold_loss":75},{"damage_healed":0,"gold_gain":0,"cards_transformed":["Strike_G","Defend_G"],"player_choice":"Became Test Subject","damage_taken":0,"max_hp_gain":0,"max_hp_loss":0,"event_name":"Drug Dealer","floor":31,"gold_loss":0,"cards_obtained":["Concentrate","Flying Knee"]},{"cards_removed":["Neutralize"],"damage_healed":0,"gold_gain":0,"player_choice":"Removed Attack","damage_taken":0,"max_hp_gain":0,"max_hp_loss":0,"event_name":"Falling","floor":36,"gold_loss":0},{"damage_healed":0,"gold_gain":0,"player_choice":"Fight","damage_taken":0,"max_hp_gain":0,"max_hp_loss":0,"event_name":"Mysterious Sphere","floor":37,"gold_loss":0},{"damage_healed":0,"gold_gain":0,"player_choice":"Memory 3","damage_taken":10,"max_hp_gain":0,"max_hp_loss":0,"event_name":"SensoryStone","floor":39,"gold_loss":0},{"damage_healed":0,"gold_gain":0,"player_choice":"Ignored","damage_taken":0,"max_hp_gain":0,"max_hp_loss":0,"event_name":"Tomb of Lord Red Mask","floor":46,"gold_loss":0},{"damage_healed":0,"gold_gain":0,"player_choice":"Max HP","damage_taken":0,"max_hp_gain":0,"max_hp_loss":3,"event_name":"Winding Halls","floor":48,"gold_loss":0}],"is_beta":false,"boss_relics":[{"not_picked":["Cursed Key","Empty Cage"],"picked":"Runic Pyramid"},{"not_picked":["Philosopher\u0027s Stone","Fusion Hammer"],"picked":"HoveringKite"}],"items_purged_floors":[11,19,30],"is_endless":false,"potions_floor_spawned":[1,8,10,12,13,14,16,18,20,21,22,24,27,29,33,35,37,38,40,44,47,55],"ascension_level":20}}