{"host":"bjxjyzzetr5lcbkt","time":1612566594,"event":{"mods":["A Magickal Journey","BaseMod","Colored Map","Colored Powertips","Downfall","Hermit","Hubris","Minty Spire (QoL Compilation)","Quick Restart","Replay The Spire","StSLib","SuperFastMode","The Bug Knight","The Cursed","The Disciple","The Mystic","The Wild Card"],"gold_per_floor":[119,119,134,148,160,160,186,186,209,220,250,280,314,314,314,425,425,460,559,589,7,7,7,7,46,46,46,62,62],"floor_reached":28,"language":"FRA","playtime":1080,"items_purged":[],"score":230,"play_id":"84105b82-acbc-4dd3-be5a-1c5b778cfc1b","local_time":"20210206000954","is_ascension_mode":false,"campfire_choices":[{"floor":6,"key":"RECALL"},{"floor":8,"key":"REST"},{"floor":15,"key":"REST"},{"floor":23,"key":"REST"}],"circlet_count":0,"master_deck":["hermit:Strike_Hermit","hermit:Strike_Hermit","hermit:Strike_Hermit","hermit:Strike_Hermit","hermit:Defend_Hermit","hermit:Defend_Hermit","hermit:Defend_Hermit","hermit:Defend_Hermit","hermit:Snapshot+1","hermit:Covet","hermit:SprayPray","hermit:Showdown+1","hermit:Glare","hermit:Feint","hermit:Grudge","hermit:Brawl","hermit:Manifest","hermit:Shortfuse","hermit:Spite","hermit:FinalCanter","hermit:Misfire+1","hermit:BodyArmor","hermit:TakeAim","hermit:TakeAim","hermit:Deadeye","Magnetism","hermit:Dive+1"],"relics":["hermit:Momento","Whetstone","Replay:Bandana","ReplayTheSpireMod:Ring of Addiction","White Beast Statue","SacredBark","SlaversCollar","Strawberry","Simple Rune","Pantograph"],"acts_visited":["Exordium","TheCity"],"potions_floor_usage":[7,7,11,16,16,16,18,20,25,28],"damage_taken":[{"damage":5,"enemies":"Cultist","floor":1,"turns":4},{"damage":5,"enemies":"2 Louse","floor":3,"turns":3},{"damage":0,"enemies":"Small Slimes","floor":4,"turns":4},{"damage":1,"enemies":"3 Louse","floor":5,"turns":3},{"damage":12,"enemies":"Lagavulin","floor":7,"turns":8},{"damage":2,"enemies":"Blue Slaver","floor":10,"turns":3},{"damage":14,"enemies":"HollowMod:MossKnight","floor":11,"turns":12},{"damage":15,"enemies":"Exordium Wildlife","floor":12,"turns":5},{"damage":6,"enemies":"3 Louse","floor":13,"turns":2},{"damage":43,"enemies":"Fading Forest","floor":16,"turns":11},{"damage":20,"enemies":"2 Thieves","floor":18,"turns":3},{"damage":14,"enemies":"Spheric Guardian","floor":20,"turns":4},{"damage":33,"enemies":"3 Cultists","floor":25,"turns":6},{"damage":54,"enemies":"Cultist and Chosen","floor":28,"turns":7}],"seed_played":"-799232799732879184","potions_obtained":[{"floor":3,"key":"ColorlessPotion"},{"floor":5,"key":"SteroidPotion"},{"floor":7,"key":"Languid Potion"},{"floor":14,"key":"LiquidMemories"},{"floor":14,"key":"SkillPotion"},{"floor":14,"key":"Strength Potion"},{"floor":16,"key":"hexamod:SoulburnPotion"},{"floor":18,"key":"Energy Potion"},{"floor":20,"key":"DistilledChaos"},{"floor":25,"key":"Languid Potion"}],"is_trial":false,"path_per_floor":["M","?","M","M","M","R","E","R","T","M","E","M","M","?","R","B",null,"M","?","M","$","?","R","$","M","T","?","M"],"character_chosen":"HERMIT","items_purchased":["hermit:TakeAim","Strawberry","hermit:Deadeye","Magnetism","Simple Rune"],"campfire_rested":3,"item_purchase_floors":[21,21,21,21,21],"current_hp_per_floor":[77,77,72,72,71,71,59,82,82,80,66,51,45,45,69,36,82,62,62,48,55,55,81,81,48,48,48,0,0],"gold":62,"neow_bonus":"TEN_PERCENT_HP_BONUS","is_daily":false,"chose_seed":false,"campfire_upgraded":0,"win_rate":0.0,"timestamp":1612566594,"path_taken":["M","?","M","M","M","R","E","R","T","M","E","M","M","?","R","BOSS","M","?","M","$","?","R","$","?","T","?","M"],"items_purchased_type":["Card","Relic","Card","Card","Relic"],"build_version":"2020-12-22","purchased_purges":0,"victory":false,"max_hp_per_floor":[82,82,82,82,82,82,82,82,82,82,82,82,82,82,82,82,82,82,82,82,89,89,89,87,87,87,87,87,87],"card_choices":[{"not_picked":["hermit:HoleUp","hermit:Gestalt"],"picked":"hermit:SprayPray","floor":1},{"not_picked":["hermit:Glare","hermit:HoleUp"],"picked":"hermit:Showdown","floor":3},{"not_picked":["hermit:Snipe","hermit:CalledShot"],"picked":"hermit:Glare","floor":4},{"not_picked":["hermit:Gambit","hermit:Roulette"],"picked":"hermit:Feint","floor":5},{"not_picked":["hermit:Virtue","hermit:SprayPray"],"picked":"hermit:Grudge","floor":7},{"not_picked":["hermit:WideOpen","hermit:BodyArmor"],"picked":"hermit:Brawl","floor":10},{"not_picked":["hermit:WideOpen","hermit:Enervate"],"picked":"hermit:Manifest","floor":11},{"not_picked":["hermit:LoneWolf","hermit:Dive"],"picked":"hermit:Shortfuse","floor":12},{"not_picked":["hermit:Horror","hermit:GhostlyPresence"],"picked":"hermit:Spite","floor":13},{"not_picked":["hermit:HeroicBravado","hermit:FromBeyond"],"picked":"hermit:FinalCanter","floor":16},{"not_picked":["hermit:ItchyTrigger","hermit:Coalescence"],"picked":"hermit:Misfire+1","floor":18},{"not_picked":["hermit:HighCaliber","hermit:Manifest"],"picked":"hermit:BodyArmor","floor":20},{"not_picked":["hermit:Purgatory","hermit:GoldenBullet"],"picked":"hermit:Dive+1","floor":25}],"player_experience":151672,"relics_obtained":[{"floor":7,"key":"Whetstone"},{"floor":11,"key":"Replay:Bandana"},{"floor":14,"key":"ReplayTheSpireMod:Ring of Addiction"},{"floor":14,"key":"White Beast Statue"},{"floor":14,"key":"SacredBark"},{"floor":26,"key":"Pantograph"}],"event_choices":[{"damage_healed":0,"gold_gain":0,"player_choice":"Grow","damage_taken":0,"max_hp_gain":0,"max_hp_loss":0,"event_name":"Living Wall","floor":2,"gold_loss":0,"cards_upgraded":["hermit:Snapshot"]},{"damage_healed":0,"gold_gain":99,"player_choice":"Stole From Cult","damage_taken":0,"max_hp_gain":0,"max_hp_loss":0,"event_name":"Nest","floor":19,"gold_loss":0},{"damage_healed":0,"gold_gain":0,"player_choice":"Ignored","damage_taken":0,"max_hp_gain":0,"max_hp_loss":0,"event_name":"WeMeetAgain","floor":22,"gold_loss":0},{"damage_healed":0,"gold_gain":0,"player_choice":"Ignored","damage_taken":0,"max_hp_gain":0,"max_hp_loss":0,"event_name":"N\u0027loth","floor":27,"gold_loss":0}],"is_beta":false,"boss_relics":[{"not_picked":["hubris:HollowSoul","hermit:BartenderGlass"],"picked":"SlaversCollar"}],"items_purged_floors":[],"is_endless":false,"potions_floor_spawned":[3,5,7,16,18,20,25],"killed_by":"Cultist and Chosen","ascension_level":0}}