{"host":"i70yit5z0kpl303k","time":1612561623,"event":{"mods":["2.2 Compatiblity","Act Like it!","BaseMod","BetterRewards","Downfall","Gensokyo","Infinite Spire","Ironclad Rager","Koishi","Marked Mod","Minty Spire (QoL Compilation)","Relic Stats","Replay The Spire","StSLib","The Marked","thorton"],"gold_per_floor":[99,110,125,125,138,138,162,172,72,72,89,103,103,88,101,197,197,197,282,297,253,263,292,316,330,330,330,330],"floor_reached":26,"language":"ENG","playtime":1202,"items_purged":[],"score":245,"play_id":"7cbc8669-7c34-4892-a7f8-ce861b380832","local_time":"20210205134703","is_ascension_mode":false,"campfire_choices":[{"floor":1,"key":"RECALL"},{"data":"champ:HeavySlash","floor":9,"key":"SMITH"},{"data":"champ:StanceDance","floor":13,"key":"SMITH"}],"circlet_count":0,"master_deck":["champ:Strike","champ:Strike","champ:Strike","champ:Defend","champ:Defend","champ:Defend","champ:Defend","champ:Execute","champ:Taunt","champ:BerserkersShout","champ:ShieldWall","champ:BringItOn","champ:HeavySlash+1","champ:PreemptiveStrike+1","champ:FocusedDefense+1","champ:StanceDance+1","champ:Improvising","champ:AdrenalArmor","champ:ShieldThrow","champ:PerfectedStrike","champ:SwordThrow","champ:StanceDance+1","champ:Shatter+1","champ:ArenaPreparation+1","champ:Endure"],"relics":["champ:ChampionCrown","ReplayTheSpireMod:Ring of Exchange","Ring of Fury","The Courier","Lantern","downfall:HeartBlessingRed","Lee\u0027s Waffle","Bag of Marbles"],"acts_visited":["Exordium","TheCity"],"potions_floor_usage":[16,20],"damage_taken":[{"damage":13,"enemies":"Jaw Worm","floor":2,"turns":3},{"damage":20,"enemies":"2 Louse","floor":3,"turns":2},{"damage":26,"enemies":"Small Slimes","floor":5,"turns":3},{"damage":11,"enemies":"Blue Slaver","floor":8,"turns":4},{"damage":40,"enemies":"Exordium Thugs","floor":11,"turns":3},{"damage":20,"enemies":"Exordium Wildlife","floor":12,"turns":3},{"damage":25,"enemies":"downfall:FleeingMerchant","floor":14,"turns":4},{"damage":32,"enemies":"3 Louse","floor":15,"turns":3},{"damage":68,"enemies":"WA_ARCHETYPE_RETAIN","floor":16,"turns":7},{"damage":41,"enemies":"3 Byrds","floor":20,"turns":6},{"damage":32,"enemies":"downfall:FleeingMerchant","floor":21,"turns":4},{"damage":13,"enemies":"Spheric Guardian","floor":22,"turns":5},{"damage":71,"enemies":"Nightmare","floor":23,"turns":8},{"damage":46,"enemies":"3 Cultists","floor":25,"turns":4},{"damage":20,"enemies":"Centurion and Healer","floor":26,"turns":2}],"seed_played":"-8207571848117397372","potions_obtained":[{"floor":3,"key":"Energy Potion"},{"floor":5,"key":"Weak Potion"},{"floor":11,"key":"AttackPotion"},{"floor":20,"key":"Elixir"},{"floor":22,"key":"Block Potion"}],"is_trial":false,"path_per_floor":["R","M","M","?","M","?","T","M","R","?","M","M","R","$","M","B",null,"R","?","M","$","M","NM","T","M","M"],"character_chosen":"THE_CHAMP","items_purchased":["champ:StanceDance+1"],"campfire_rested":0,"item_purchase_floors":[21],"current_hp_per_floor":[99,96,96,96,90,87,87,86,86,86,61,61,61,56,44,29,106,106,88,77,70,57,41,41,15,0,0,0],"gold":330,"neow_bonus":"TEN_PERCENT_HP_BONUS","is_daily":false,"chose_seed":false,"campfire_upgraded":2,"win_rate":0.0,"timestamp":1612561623,"path_taken":["R","M","M","?","M","?","T","M","R","?","M","M","R","$","M","BOSS","R","?","M","$","M","NM","T","M","M"],"items_purchased_type":["Card"],"build_version":"2020-12-22","purchased_purges":0,"victory":false,"max_hp_per_floor":[99,99,99,99,99,99,99,99,99,99,99,99,99,99,99,99,106,106,106,106,106,106,106,106,106,106,106,106],"relic_stats":{"Lee\u0027s Waffle":77,"counters":[15,61],"obtain_stats":[{"ReplayTheSpireMod:Ring of Exchange":4,"Lantern":7,"Lee\u0027s Waffle":17,"downfall:HeartBlessingRed":9,"champ:ChampionCrown":0,"Ring of Fury":4,"The Courier":6,"Bag of Marbles":23},{"ReplayTheSpireMod:Ring of Exchange":2,"Lantern":3,"Lee\u0027s Waffle":9,"downfall:HeartBlessingRed":4,"champ:ChampionCrown":0,"Ring of Fury":2,"The Courier":3,"Bag of Marbles":13},{"ReplayTheSpireMod:Ring of Exchange":5,"Lantern":8,"Lee\u0027s Waffle":32,"downfall:HeartBlessingRed":12,"champ:ChampionCrown":0,"Ring of Fury":5,"The Courier":8,"Bag of Marbles":55}]},"card_choices":[{"not_picked":["champ:ShieldWall","champ:PreciseThrust"],"picked":"champ:BerserkersShout","floor":2},{"not_picked":["champ:BladeFlurry","champ:TornadoPunch"],"picked":"champ:ShieldWall","floor":3},{"not_picked":["champ:Haymaker","champ:CrownThrow"],"picked":"champ:BringItOn","floor":5},{"not_picked":["champ:RapidStrikes","champ:EnGarde"],"picked":"champ:HeavySlash","floor":8},{"not_picked":["champ:BringItOn","champ:SkillfulDodge"],"picked":"champ:FocusedDefense","floor":11},{"not_picked":["champ:CrownThrow","champ:PreciseThrust"],"picked":"champ:StanceDance","floor":12},{"not_picked":["champ:FocusedDefense","champ:Circumvent"],"picked":"champ:Improvising","floor":14},{"not_picked":["champ:Backstep","champ:BringItOn"],"picked":"champ:AdrenalArmor","floor":15},{"not_picked":["champ:MurderStrike","champ:Devastate"],"picked":"champ:ShieldThrow","floor":16},{"not_picked":["champ:Shatter","champ:BladeFlurry"],"picked":"champ:PerfectedStrike","floor":20},{"not_picked":["champ:BringItOn","champ:Circumvent"],"picked":"champ:SwordThrow","floor":21},{"not_picked":["champ:SkillfulDodge","champ:Circumvent+1"],"picked":"champ:Shatter+1","floor":22},{"not_picked":["champ:PreemptiveStrike","champ:DefensiveShout+1"],"picked":"champ:ArenaPreparation+1","floor":23},{"not_picked":["champ:BerserkersShout","champ:FocusedBerserking"],"picked":"champ:Endure","floor":25}],"player_experience":249815,"relics_obtained":[{"floor":4,"key":"ReplayTheSpireMod:Ring of Exchange"},{"floor":4,"key":"Ring of Fury"},{"floor":7,"key":"Lantern"},{"floor":23,"key":"Bag of Marbles"}],"event_choices":[{"damage_healed":0,"gold_gain":0,"player_choice":"Success","damage_taken":3,"relics_obtained":["The Courier"],"max_hp_gain":0,"max_hp_loss":0,"event_name":"Scrap Ooze","floor":6,"gold_loss":0}],"is_beta":false,"boss_relics":[{"not_picked":["Pandora\u0027s Box","Coffee Dripper"],"picked":"Lee\u0027s Waffle"}],"items_purged_floors":[],"is_endless":false,"potions_floor_spawned":[3,5,11,12,15,20,22],"killed_by":"Centurion and Healer","ascension_level":0}}