{"host":"bf5upntvbdompq33","time":1612505490,"event":{"mods":["BaseMod","Colored Map","Colored Powertips","Curses Come First","Minty Spire (QoL Compilation)","StSLib","The Dragon Tamer","The Hierophant","The Marked","The Mystic","The Servant 0.9.4"],"gold_per_floor":[115,125,137,137,28,53,53,84,84,104,137,137,157,432,432,533,533,553,567,567,477,477,477],"floor_reached":22,"language":"ENG","playtime":1977,"items_purged":["Strike_G"],"score":356,"play_id":"27b1b6fb-d0cf-43cc-94b1-0e1bba2e03d6","local_time":"20210204231130","is_ascension_mode":true,"campfire_choices":[{"data":"Neutralize","floor":7,"key":"SMITH"},{"floor":12,"key":"REST"},{"data":"Footwork","floor":15,"key":"SMITH"}],"circlet_count":0,"master_deck":["Strike_G","Strike_G","Defend_G","Defend_G","Defend_G","Defend_G","Defend_G","Survivor","Neutralize+1","Quick Slash","Reflex","Slice","Impatience","Dagger Throw","Heel Hook","Endless Agony+1","Footwork+1","Dagger Spray","Envenom","Finisher+1","Calculated Gamble"],"relics":["Ring of the Snake","Juzu Bracelet","Ice Cream","Bottled Flame","Dead Branch","Cursed Key","Letter Opener"],"acts_visited":["Exordium","TheCity"],"potions_floor_usage":[6,11,16],"damage_taken":[{"damage":6,"enemies":"Small Slimes","floor":1,"turns":9},{"damage":0,"enemies":"Cultist","floor":2,"turns":3},{"damage":3,"enemies":"2 Louse","floor":3,"turns":5},{"damage":18,"enemies":"Gremlin Nob","floor":6,"turns":4},{"damage":14,"enemies":"3 Sentries","floor":8,"turns":7},{"damage":3,"enemies":"Exordium Thugs","floor":10,"turns":6},{"damage":6,"enemies":"Lagavulin","floor":11,"turns":8},{"damage":1,"enemies":"2 Fungi Beasts","floor":13,"turns":3},{"damage":0,"enemies":"Slime Boss","floor":16,"turns":4},{"damage":12,"enemies":"Spheric Guardian","floor":18,"turns":5},{"damage":28,"enemies":"2 Thieves","floor":19,"turns":4},{"damage":17,"enemies":"3 Cultists","floor":22,"turns":3}],"seed_played":"-1246534983134454078","potions_obtained":[{"floor":2,"key":"Weak Potion"},{"floor":10,"key":"Dexterity Potion"},{"floor":13,"key":"CunningPotion"},{"floor":19,"key":"CunningPotion"}],"is_trial":false,"path_per_floor":["M","M","M","?","$","E","R","E","T","M","E","R","M","?","R","B",null,"M","M","?","?","M"],"character_chosen":"THE_SILENT","items_purchased":["Heel Hook"],"campfire_rested":1,"item_purchase_floors":[5],"current_hp_per_floor":[57,57,54,54,54,36,36,22,22,19,13,31,30,30,30,30,55,43,15,15,15,0,0],"gold":477,"neow_bonus":"REMOVE_TWO","is_daily":false,"chose_seed":false,"campfire_upgraded":2,"win_rate":0.0,"timestamp":1612505490,"path_taken":["M","M","M","?","$","E","R","E","T","M","E","R","M","?","R","BOSS","M","M","?","?","M"],"items_purchased_type":["Card"],"build_version":"2020-12-22","purchased_purges":1,"victory":false,"max_hp_per_floor":[63,63,63,63,63,63,63,63,63,63,63,63,63,63,63,63,63,63,63,63,63,63,63],"card_choices":[{"not_picked":["Slice","Sucker Punch"],"picked":"Quick Slash","floor":1},{"not_picked":["Riddle With Holes","Backflip"],"picked":"Reflex","floor":2},{"not_picked":["Malaise","Cloak And Dagger"],"picked":"Slice","floor":3},{"not_picked":["Prepared","Cloak And Dagger"],"picked":"Endless Agony","floor":6},{"not_picked":["Deadly Poison","Underhanded Strike"],"picked":"Footwork","floor":8},{"not_picked":["Sucker Punch","Underhanded Strike","Terror"],"picked":"SKIP","floor":10},{"not_picked":["Cloak And Dagger","Backflip"],"picked":"Dagger Spray","floor":11},{"not_picked":["Outmaneuver","Deflect","Blade Dance"],"picked":"SKIP","floor":13},{"not_picked":["Burst","Glass Knife"],"picked":"Envenom","floor":16},{"not_picked":["Catalyst","Prepared+1"],"picked":"Finisher+1","floor":18},{"not_picked":["Masterful Stab","Flechettes"],"picked":"Calculated Gamble","floor":19}],"player_experience":1417736,"relics_obtained":[{"floor":6,"key":"Juzu Bracelet"},{"floor":8,"key":"Ice Cream"},{"floor":9,"key":"Bottled Flame"},{"floor":11,"key":"Dead Branch"}],"event_choices":[{"damage_healed":0,"gold_gain":0,"player_choice":"2 cards matched","damage_taken":0,"max_hp_gain":0,"max_hp_loss":0,"event_name":"Match and Keep!","floor":4,"gold_loss":0,"cards_obtained":["Impatience","Dagger Throw"]},{"damage_healed":0,"gold_gain":275,"player_choice":"Desecrate","damage_taken":0,"max_hp_gain":0,"max_hp_loss":0,"event_name":"Golden Shrine","floor":14,"gold_loss":0,"cards_obtained":["Regret"]},{"damage_healed":0,"gold_gain":0,"player_choice":"Gave Potion","damage_taken":0,"relics_obtained":["Letter Opener"],"max_hp_gain":0,"max_hp_loss":0,"event_name":"WeMeetAgain","floor":20,"gold_loss":0},{"cards_removed":["Regret"],"damage_healed":0,"gold_gain":0,"player_choice":"Upgrade and Remove","damage_taken":0,"max_hp_gain":0,"max_hp_loss":0,"event_name":"Designer","floor":21,"gold_loss":90,"cards_upgraded":["Endless Agony"]}],"is_beta":false,"boss_relics":[{"not_picked":["Runic Dome","Ring of the Serpent"],"picked":"Cursed Key"}],"items_purged_floors":[5],"is_endless":false,"potions_floor_spawned":[2,10,13,19],"killed_by":"3 Cultists","ascension_level":8}}