{"host":"fnoyez3fzqr5m065","time":1612488574,"event":{"mods":["AchievementEnabler","BaseMod","Colored Map","Colored Powertips","DeckTracker","Highlight Path","Minty Spire (QoL Compilation)","Relic Sorter","SuperFastMode"],"gold_per_floor":[109,109,120,135,135,135,170,226,226,251,251,251,10,20,20,115,115,126,126,126,126,155,190,190,139,139,153,163,194,214,234,234,331,331,349,394,616,666,666,699,407,407,407,407,440,450,460,119,119,119,119,119,69,99,99,99],"floor_reached":55,"language":"ENG","playtime":1601,"items_purged":["Decay"],"score":869,"play_id":"452ead99-143b-4d79-ac58-92820d47970c","local_time":"20210204172934","is_ascension_mode":false,"campfire_choices":[{"data":"Bash","floor":6.0,"key":"SMITH"},{"data":"Thunderclap","floor":15.0,"key":"SMITH"},{"data":"Inflame","floor":24.0,"key":"SMITH"},{"data":"Pommel Strike","floor":32.0,"key":"SMITH"},{"floor":42,"key":"RECALL"},{"data":"Whirlwind","floor":44,"key":"SMITH"},{"data":"Inflame","floor":49,"key":"SMITH"},{"data":"Pummel","floor":52,"key":"SMITH"}],"circlet_count":0,"master_deck":["Strike_R","Strike_R","Strike_R","Strike_R","Bash+1","Battle Trance","Thunderclap+1","Iron Wave","Reckless Charge","Armaments+1","Armaments+1","Flex+1","Feed+1","Pommel Strike+1","Limit Break+1","Warcry+1","Limit Break+1","Clash+1","Heavy Blade+1","Warcry+1","J.A.X.+1","Inflame+1","Iron Wave","Twin Strike","Reckless Charge","Flex+1","Feed","Flex+1","Clash","Heavy Blade+1","Whirlwind+1","Limit Break+1","Pummel+1","Inflame+1","Discovery+1","Pummel"],"relics":["Burning Blood","Toxic Egg 2","Juzu Bracelet","Bottled Flame","Eternal Feather","Shuriken","Astrolabe","Red Mask","Singing Bowl","Self Forming Clay","MealTicket","Velvet Choker","Peace Pipe","Champion Belt","Matryoshka","Bag of Marbles","Boot","Regal Pillow","Art of War","Potion Belt","StrikeDummy"],"acts_visited":["TheCity","TheBeyond","TheEnding"],"potions_floor_usage":[50,54,54,55,55,55,55],"damage_taken":[{"damage":8.0,"enemies":"2 Louse","floor":1.0,"turns":4.0},{"damage":1.0,"enemies":"Cultist","floor":3.0,"turns":3.0},{"damage":5.0,"enemies":"Small Slimes","floor":4.0,"turns":3.0},{"damage":26.0,"enemies":"Lagavulin","floor":7.0,"turns":5.0},{"damage":22.0,"enemies":"Lagavulin Event","floor":8.0,"turns":5.0},{"damage":18.0,"enemies":"Gremlin Nob","floor":10.0,"turns":4.0},{"damage":4.0,"enemies":"Gremlin Gang","floor":14.0,"turns":3.0},{"damage":20.0,"enemies":"Hexaghost","floor":16.0,"turns":7.0},{"damage":25.0,"enemies":"2 Thieves","floor":18.0,"turns":3.0},{"damage":0.0,"enemies":"Masked Bandits","floor":22.0,"turns":2.0},{"damage":39.0,"enemies":"Book of Stabbing","floor":23.0,"turns":4.0},{"damage":1.0,"enemies":"Chosen","floor":27.0,"turns":3.0},{"damage":12.0,"enemies":"3 Cultists","floor":28.0,"turns":4.0},{"damage":28.0,"enemies":"Gremlin Leader","floor":29.0,"turns":5.0},{"damage":27.0,"enemies":"Sentry and Sphere","floor":30.0,"turns":4.0},{"damage":6.0,"enemies":"Chosen and Byrds","floor":31.0,"turns":4.0},{"damage":40.0,"enemies":"Automaton","floor":33.0,"turns":6.0},{"damage":3.0,"enemies":"3 Darklings","floor":35.0,"turns":2.0},{"damage":32.0,"enemies":"2 Orb Walkers","floor":36.0,"turns":3.0},{"damage":5.0,"enemies":"Mind Bloom Boss Battle","floor":38.0,"turns":2.0},{"damage":47,"enemies":"Nemesis","floor":40,"turns":5},{"damage":3,"enemies":"Giant Head","floor":45,"turns":4},{"damage":2,"enemies":"Orb Walker","floor":46,"turns":2},{"damage":25,"enemies":"Jaw Worm Horde","floor":47,"turns":4},{"damage":37,"enemies":"Awakened One","floor":50,"turns":5},{"damage":81,"enemies":"Shield and Spear","floor":54,"turns":5},{"damage":61,"enemies":"The Heart","floor":55,"turns":5}],"seed_played":"1559634711175510415","potions_obtained":[{"floor":3.0,"key":"GamblersBrew"},{"floor":8.0,"key":"LiquidMemories"},{"floor":14.0,"key":"FearPotion"},{"floor":16.0,"key":"Strength Potion"},{"floor":29.0,"key":"Regen Potion"},{"floor":33.0,"key":"AttackPotion"},{"floor":54,"key":"LiquidMemories"}],"is_trial":false,"path_per_floor":["M","?","M","M","?","R","E","?","T","E","?","?","$","M","R","B",null,"M","?","?","?","?","E","R","$","T","M","M","E","M","M","R","B",null,"M","?","?","?","T","E","$","R","T","R","E","M","M","$","R","B",null,"R","$","E","B"],"character_chosen":"IRONCLAD","items_purchased":["Shuriken","FearPotion","Whirlwind","Bag of Marbles","Discovery+1","Potion Belt","Strength Potion","Fire Potion","FearPotion"],"campfire_rested":0,"item_purchase_floors":[13,25,41,41,48,48,48,48,53],"current_hp_per_floor":[54,54,59,60,60,60,40,24,24,12,12,12,12,18,27,13,84,69,88,88,88,88,61,73,73,73,80,78,56,39,39,54,20,104,108,84,84,85,85,44,59,77,77,95,101,105,89,104,116,85,116,116,116,45,0,0],"gold":99,"neow_bonus":"TRANSFORM_TWO_CARDS","is_daily":false,"chose_seed":false,"campfire_upgraded":7,"win_rate":0.0,"timestamp":1612488574,"path_taken":["M","?","?","M","?","R","E","?","T","E","?","?","$","M","R","BOSS","M","?","?","?","?","E","R","$","T","M","M","E","M","M","R","BOSS","M","?","?","?","?","E","$","R","T","R","E","M","M","$","R","BOSS","R","$","E","BOSS"],"items_purchased_type":["Relic","Potion","Card","Relic","Card","Relic","Potion","Potion","Potion"],"build_version":"2020-12-22","purchased_purges":1,"victory":false,"max_hp_per_floor":[80,80,80,80,80,80,80,80,80,80,80,80,80,84,84,84,84,88,88,88,88,88,94,94,94,94,96,100,100,104,104,104,104,104,108,110,110,110,110,110,110,110,110,110,113,113,116,116,116,116,116,116,116,120,120,120],"card_choices":[{"not_picked":["Clothesline","Carnage"],"picked":"Thunderclap","floor":1.0},{"not_picked":["Warcry","Body Slam"],"picked":"Reckless Charge","floor":3.0},{"not_picked":["Searing Blow","Reckless Charge"],"picked":"Armaments","floor":4.0},{"not_picked":["Barricade","Sentinel+1"],"picked":"Armaments+1","floor":7.0},{"not_picked":["Body Slam","Feel No Pain"],"picked":"Flex+1","floor":8.0},{"not_picked":["Dropkick","Headbutt"],"picked":"Feed","floor":10.0},{"not_picked":["Whirlwind","Iron Wave"],"picked":"Warcry+1","floor":14.0},{"not_picked":["Berserk","Bludgeon"],"picked":"Limit Break+1","floor":16.0},{"not_picked":["Sentinel+1","Headbutt"],"picked":"Warcry+1","floor":18.0},{"not_picked":["Shrug It Off+1","Pommel Strike+1"],"picked":"Inflame","floor":22.0},{"not_picked":["Fire Breathing","True Grit+1","Cleave+1"],"picked":"Singing Bowl","floor":23.0},{"not_picked":["Havoc+1","Flame Barrier+1","Barricade"],"picked":"Singing Bowl","floor":27.0},{"not_picked":["True Grit+1","Sentinel+1"],"picked":"Iron Wave","floor":28.0},{"not_picked":["Clothesline+1","Clash+1"],"picked":"Twin Strike","floor":29.0},{"not_picked":["Shockwave+1","Havoc+1"],"picked":"Reckless Charge","floor":30.0},{"not_picked":["Heavy Blade","Wild Strike"],"picked":"Flex+1","floor":31.0},{"not_picked":["Berserk","Impervious+1"],"picked":"Feed","floor":33.0},{"not_picked":["Shrug It Off+1","Rupture"],"picked":"Flex+1","floor":35.0},{"not_picked":["Power Through+1","Bloodletting+1","Armaments+1"],"picked":"Singing Bowl","floor":36.0},{"not_picked":["Wild Strike","Clothesline+1"],"picked":"Clash","floor":38.0},{"not_picked":["Sentinel+1","Power Through+1"],"picked":"Heavy Blade+1","floor":40},{"not_picked":["Rampage+1","Disarm+1"],"picked":"Limit Break+1","floor":45},{"not_picked":["Clash+1","Iron Wave"],"picked":"Pummel","floor":46},{"not_picked":["Spot Weakness+1","Shrug It Off+1"],"picked":"Inflame","floor":47},{"not_picked":["Armaments+1","Body Slam+1"],"picked":"Pummel","floor":54}],"player_experience":853777,"relics_obtained":[{"floor":7.0,"key":"Toxic Egg 2"},{"floor":8.0,"key":"Juzu Bracelet"},{"floor":9.0,"key":"Bottled Flame"},{"floor":10.0,"key":"Eternal Feather"},{"floor":22.0,"key":"Red Mask"},{"floor":23.0,"key":"Singing Bowl"},{"floor":26.0,"key":"Self Forming Clay"},{"floor":29.0,"key":"MealTicket"},{"floor":36.0,"key":"Peace Pipe"},{"floor":38.0,"key":"Champion Belt"},{"floor":40,"key":"Matryoshka"},{"floor":43,"key":"Boot"},{"floor":43,"key":"Regal Pillow"},{"floor":45,"key":"Art of War"},{"floor":54,"key":"StrikeDummy"}],"event_choices":[{"cards_removed":["Berserk"],"damage_healed":0.0,"max_hp_gain":0.0,"max_hp_loss":0.0,"gold_gain":0.0,"event_name":"NoteForYourself","player_choice":"Took Card","floor":2.0,"gold_loss":0.0,"damage_taken":0.0,"cards_obtained":["Iron Wave"]},{"damage_healed":0.0,"max_hp_gain":0.0,"max_hp_loss":0.0,"gold_gain":0.0,"event_name":"Living Wall","player_choice":"Grow","floor":5.0,"gold_loss":0.0,"damage_taken":0.0,"cards_upgraded":["Armaments"]},{"damage_healed":0.0,"max_hp_gain":0.0,"max_hp_loss":0.0,"gold_gain":0.0,"event_name":"Dead Adventurer","player_choice":"Searched \u00272\u0027 times","floor":8.0,"gold_loss":0.0,"damage_taken":0.0},{"damage_healed":0.0,"max_hp_gain":0.0,"max_hp_loss":0.0,"gold_gain":0.0,"event_name":"Upgrade Shrine","player_choice":"Upgraded","floor":11.0,"gold_loss":0.0,"damage_taken":0.0,"cards_upgraded":["Feed"]},{"damage_healed":0.0,"max_hp_gain":0.0,"max_hp_loss":0.0,"gold_gain":0.0,"event_name":"Match and Keep!","player_choice":"2 cards matched","floor":12.0,"gold_loss":0.0,"damage_taken":0.0,"cards_obtained":["Pommel Strike","Limit Break"]},{"cards_removed":["Combust"],"damage_healed":19.0,"max_hp_gain":0.0,"max_hp_loss":0.0,"gold_gain":0.0,"event_name":"Bonfire Elementals","player_choice":"Offered Uncommon","floor":19.0,"gold_loss":0.0,"damage_taken":0.0},{"damage_healed":0.0,"max_hp_gain":0.0,"max_hp_loss":0.0,"gold_gain":0.0,"event_name":"Drug Dealer","player_choice":"Obtain J.A.X.","floor":20.0,"gold_loss":0.0,"damage_taken":0.0,"cards_obtained":["J.A.X."]},{"damage_healed":0.0,"max_hp_gain":0.0,"max_hp_loss":0.0,"gold_gain":0.0,"event_name":"Wheel of Change","player_choice":"Cursed","floor":21.0,"gold_loss":0.0,"damage_taken":0.0,"cards_obtained":["Decay"]},{"damage_healed":0.0,"max_hp_gain":0.0,"max_hp_loss":0.0,"gold_gain":0.0,"event_name":"Masked Bandits","player_choice":"Fought Bandits","floor":22.0,"gold_loss":0.0,"damage_taken":0.0},{"damage_healed":0.0,"max_hp_gain":0.0,"max_hp_loss":0.0,"gold_gain":0.0,"event_name":"Mysterious Sphere","player_choice":"Fight","floor":36.0,"gold_loss":0.0,"damage_taken":0.0},{"damage_healed":0.0,"max_hp_gain":0.0,"max_hp_loss":0.0,"gold_gain":222.0,"event_name":"Tomb of Lord Red Mask","player_choice":"Wore Mask","floor":37.0,"gold_loss":0.0,"damage_taken":0.0},{"damage_healed":0.0,"max_hp_gain":0.0,"max_hp_loss":0.0,"gold_gain":0.0,"event_name":"MindBloom","player_choice":"Fight","floor":38.0,"gold_loss":0.0,"damage_taken":0.0}],"is_beta":false,"boss_relics":[{"not_picked":["Empty Cage","Ectoplasm"],"picked":"Astrolabe"},{"not_picked":["Cursed Key","Runic Pyramid"],"picked":"Velvet Choker"}],"items_purged_floors":[41],"is_endless":false,"potions_floor_spawned":[3,8,14,16,18,29,33,35,36,47,54],"killed_by":"The Heart","ascension_level":0}}