{"host":"t8facflq355xg1wc","time":1612543582,"event":{"mods":["AchievementEnabler","BaseMod","DeckTracker","Minty Spire (QoL Compilation)","StSLib","SuperFastMode"],"gold_per_floor":[115,115,115,135,150,150,163,197,268,280,103,116,126,145,145,240,240,251,265,275,275,114,114,114,128,151,182,182,182,182,182,182,279,279,290,290,643,656,656,656,656,656,701,701,701,713,713,45,45,70],"floor_reached":51,"language":"KOR","playtime":5502,"items_purged":["Strike_P","Strike_P","Pain"],"score":765,"play_id":"70d252d6-6d29-4319-9784-3786bef473a9","local_time":"20210206014622","is_ascension_mode":false,"campfire_choices":[{"data":"Eruption","floor":6,"key":"SMITH"},{"floor":15,"key":"DIG"},{"floor":23,"key":"REST"},{"floor":28,"key":"DIG"},{"floor":30,"key":"DIG"},{"floor":32,"key":"DIG"},{"floor":40,"key":"DIG"},{"floor":42,"key":"DIG"},{"floor":45,"key":"DIG"},{"floor":49,"key":"REST"}],"circlet_count":0,"master_deck":["Strike_P+1","Strike_P","Defend_P","Defend_P","Defend_P","Eruption+1","Vigilance+1","Vault","EmptyMind","Meditate","FlyingSleeves","Evaluate","EmptyFist","Crescendo","InnerPeace","BattleHymn","Consecrate+1","Vault+1","ConjureBlade","CurseOfTheBell","CrushJoints","Perseverance+1","Adaptation","Tantrum","FearNoEvil","TalkToTheHand+1","Scrawl","ClearTheMind+1","EmptyBody+1","FlurryOfBlows","HandOfGreed+1","Mind Blast+1","Mind Blast+1","CrushJoints+1","FollowUp+1","BowlingBash+1"],"relics":["PureWater","Shovel","Singing Bowl","Smiling Mask","Calling Bell","Juzu Bracelet","Darkstone Periapt","FossilizedHelix","Orichalcum","War Paint","Boot","Pear","CultistMask","Torii","The Courier","Sozu","Old Coin","Molten Egg 2","PreservedInsect","Gremlin Horn","Regal Pillow","Bag of Marbles","WarpedTongs","Whetstone","HandDrill","Bottled Flame","Anchor"],"acts_visited":["TheCity","TheBeyond"],"potions_floor_usage":[8,10,14,16,25,27,33],"damage_taken":[{"damage":2,"enemies":"Jaw Worm","floor":1,"turns":5},{"damage":5,"enemies":"2 Louse","floor":4,"turns":2},{"damage":0,"enemies":"Cultist","floor":5,"turns":3},{"damage":0,"enemies":"Looter","floor":7,"turns":3},{"damage":4,"enemies":"3 Sentries","floor":8,"turns":7},{"damage":15,"enemies":"Exordium Thugs","floor":10,"turns":5},{"damage":1,"enemies":"Exordium Wildlife","floor":12,"turns":3},{"damage":0,"enemies":"Large Slime","floor":13,"turns":4},{"damage":0,"enemies":"Exordium Thugs","floor":14,"turns":4},{"damage":26,"enemies":"Hexaghost","floor":16,"turns":9},{"damage":20,"enemies":"3 Byrds","floor":18,"turns":7},{"damage":7,"enemies":"2 Thieves","floor":19,"turns":5},{"damage":28,"enemies":"Cultist and Chosen","floor":20,"turns":7},{"damage":3,"enemies":"3 Cultists","floor":25,"turns":5},{"damage":0,"enemies":"Gremlin Leader","floor":27,"turns":5},{"damage":30,"enemies":"Collector","floor":33,"turns":10},{"damage":0,"enemies":"Orb Walker","floor":35,"turns":4},{"damage":18,"enemies":"2 Orb Walkers","floor":37,"turns":5},{"damage":1,"enemies":"3 Darklings","floor":38,"turns":6},{"damage":0,"enemies":"Spire Growth","floor":46,"turns":2},{"damage":21,"enemies":"Donu and Deca","floor":50,"turns":7}],"seed_played":"2712442846238337231","potions_obtained":[{"floor":1,"key":"Block Potion"},{"floor":7,"key":"Block Potion"},{"floor":12,"key":"BottledMiracle"},{"floor":14,"key":"SkillPotion"},{"floor":18,"key":"Strength Potion"},{"floor":20,"key":"EssenceOfSteel"},{"floor":25,"key":"Energy Potion"}],"is_trial":false,"path_per_floor":["M","?","?","M","M","R","M","E","T","M","$","M","M","M","R","B",null,"M","M","M","?","$","R","?","M","T","E","R","?","R","$","R","B",null,"M","?","?","M","T","R","?","R","T","?","R","M","?","$","R","B",null],"character_chosen":"WATCHER","items_purchased":["InnerPeace","BattleHymn","Adaptation","Tantrum","Whetstone","HandDrill","Bottled Flame","Anchor","FollowUp+1","BowlingBash+1"],"campfire_rested":2,"item_purchase_floors":[11,11,22,22,48,48,48,48,48,48],"current_hp_per_floor":[70,70,70,65,65,65,65,61,61,46,46,45,45,47,47,21,74,56,49,21,15,15,37,37,34,34,34,44,44,44,44,44,14,86,86,82,64,63,63,63,63,63,63,53,53,53,59,59,88,67],"gold":70,"neow_bonus":"ONE_RANDOM_RARE_CARD","is_daily":false,"chose_seed":false,"campfire_upgraded":1,"win_rate":0.0,"timestamp":1612543582,"path_taken":["M","?","?","M","?","R","M","E","T","M","$","M","M","M","R","BOSS","M","M","M","?","?","R","?","M","T","E","R","?","R","?","R","BOSS","M","?","?","M","?","R","?","R","T","?","R","M","?","$","R","BOSS"],"items_purchased_type":["Card","Card","Card","Card","Relic","Relic","Relic","Relic","Card","Card"],"build_version":"2020-12-22","purchased_purges":3,"victory":true,"max_hp_per_floor":[72,72,72,72,72,72,72,72,72,72,72,72,72,74,74,74,74,76,76,76,76,76,76,76,76,76,76,86,86,86,86,86,86,86,86,82,82,82,82,82,82,82,82,82,82,82,88,88,88,88],"card_choices":[{"not_picked":["Worship","Evaluate"],"picked":"EmptyMind","floor":1},{"not_picked":["EmptyFist","Consecrate"],"picked":"FlyingSleeves","floor":4},{"not_picked":["CutThroughFate","Worship","Protect"],"picked":"SKIP","floor":5},{"not_picked":["JustLucky","Perseverance","Evaluate"],"picked":"SKIP","floor":7},{"not_picked":["JustLucky","Perseverance"],"picked":"Evaluate","floor":7},{"not_picked":["ClearTheMind","Consecrate"],"picked":"EmptyFist","floor":8},{"not_picked":["FearNoEvil","FlyingSleeves"],"picked":"Crescendo","floor":10},{"not_picked":["CutThroughFate","InnerPeace"],"picked":"Consecrate","floor":12},{"not_picked":["FollowUp","BowlingBash"],"picked":"Vault","floor":13},{"not_picked":["Halt","JustLucky","BowlingBash"],"picked":"Singing Bowl","floor":14},{"not_picked":["Vault","Brilliance"],"picked":"ConjureBlade","floor":16},{"not_picked":["Fasting2+1","SashWhip","WindmillStrike+1"],"picked":"Singing Bowl","floor":18},{"not_picked":["ClearTheMind","ThirdEye+1"],"picked":"CrushJoints","floor":19},{"not_picked":["Vengeance","JustLucky"],"picked":"Perseverance+1","floor":20},{"not_picked":["Vengeance","PathToVictory"],"picked":"FearNoEvil","floor":25},{"not_picked":["Vengeance+1","Judgement"],"picked":"TalkToTheHand+1","floor":27},{"not_picked":["MasterReality","Judgement"],"picked":"Scrawl","floor":33},{"not_picked":["Halt+1","WindmillStrike+1"],"picked":"ClearTheMind+1","floor":35},{"not_picked":["FlyingSleeves","ThirdEye+1"],"picked":"EmptyBody+1","floor":37},{"not_picked":["Halt+1","CutThroughFate"],"picked":"FlurryOfBlows","floor":38},{"not_picked":["Trip","Transmutation"],"picked":"HandOfGreed+1","floor":44},{"not_picked":["Madness","Mayhem"],"picked":"Mind Blast+1","floor":44},{"not_picked":["Mayhem","Flash of Steel+1"],"picked":"Mind Blast+1","floor":44},{"not_picked":["Perseverance","Consecrate+1"],"picked":"CrushJoints+1","floor":46}],"player_experience":141135,"relics_obtained":[{"floor":8,"key":"Shovel"},{"floor":9,"key":"Singing Bowl"},{"floor":15,"key":"Smiling Mask"},{"floor":17,"key":"Juzu Bracelet"},{"floor":17,"key":"Darkstone Periapt"},{"floor":17,"key":"FossilizedHelix"},{"floor":26,"key":"War Paint"},{"floor":27,"key":"Boot"},{"floor":28,"key":"Pear"},{"floor":30,"key":"Torii"},{"floor":32,"key":"The Courier"},{"floor":37,"key":"Old Coin"},{"floor":39,"key":"Molten Egg 2"},{"floor":40,"key":"PreservedInsect"},{"floor":42,"key":"Gremlin Horn"},{"floor":43,"key":"Regal Pillow"},{"floor":45,"key":"Bag of Marbles"}],"event_choices":[{"damage_healed":0,"gold_gain":0,"cards_transformed":["Defend_P"],"player_choice":"Change","damage_taken":0,"max_hp_gain":0,"max_hp_loss":0,"event_name":"Living Wall","floor":2,"gold_loss":0,"cards_obtained":["Meditate"]},{"damage_healed":0,"gold_gain":0,"player_choice":"Ignored","damage_taken":0,"max_hp_gain":0,"max_hp_loss":0,"event_name":"NoteForYourself","floor":3,"gold_loss":0},{"damage_healed":0,"gold_gain":0,"player_choice":"","damage_taken":6,"max_hp_gain":0,"max_hp_loss":0,"event_name":"Knowing Skull","floor":21,"potions_obtained":[],"gold_loss":0,"cards_obtained":[]},{"damage_healed":0,"gold_gain":0,"player_choice":"Opened","damage_taken":0,"relics_obtained":["Orichalcum"],"max_hp_gain":0,"max_hp_loss":0,"event_name":"The Mausoleum","floor":24,"gold_loss":0},{"damage_healed":0,"gold_gain":0,"player_choice":"Trade","damage_taken":0,"relics_obtained":["CultistMask"],"max_hp_gain":0,"max_hp_loss":0,"event_name":"FaceTrader","floor":29,"gold_loss":0},{"damage_healed":0,"gold_gain":0,"player_choice":"Max HP","damage_taken":0,"max_hp_gain":0,"max_hp_loss":4,"event_name":"Winding Halls","floor":36,"gold_loss":0},{"damage_healed":0,"gold_gain":0,"player_choice":"Fight","damage_taken":0,"max_hp_gain":0,"max_hp_loss":0,"event_name":"Mysterious Sphere","floor":37,"gold_loss":0},{"damage_healed":0,"gold_gain":0,"player_choice":"Ignored","damage_taken":0,"max_hp_gain":0,"max_hp_loss":0,"event_name":"Tomb of Lord Red Mask","floor":41,"gold_loss":0},{"damage_healed":0,"gold_gain":0,"player_choice":"Memory 3","damage_taken":10,"max_hp_gain":0,"max_hp_loss":0,"event_name":"SensoryStone","floor":44,"gold_loss":0},{"damage_healed":0,"gold_gain":0,"player_choice":"Rummage","damage_taken":0,"relics_obtained":["WarpedTongs"],"max_hp_gain":0,"max_hp_loss":0,"event_name":"Accursed Blacksmith","floor":47,"gold_loss":0,"cards_obtained":["Pain"]}],"is_beta":false,"boss_relics":[{"not_picked":["Snecko Eye","Runic Pyramid"],"picked":"Calling Bell"},{"not_picked":["SlaversCollar","Busted Crown"],"picked":"Sozu"}],"items_purged_floors":[11,22,48],"is_endless":false,"potions_floor_spawned":[1,7,12,14,18,20,25,37],"ascension_level":0}}