{"host":"37ccm3d17clopct7","time":1612497330,"event":{"mods":["BaseMod","Hermit","Lobotomy","Minty Spire (QoL Compilation)","StSLib","The Bug Knight","The Cursed","The Hierophant","The Jungle","The Runesmith"],"gold_per_floor":[119,119,133,22,46,78,78,97,171,192,142,142,160,156,156,156,156],"floor_reached":16,"language":"KOR","playtime":558,"items_purged":["hierophant:Defend_Hierophant"],"score":104,"play_id":"ca9b4609-9b71-4300-8d59-d97389667e3c","local_time":"20210205125530","is_ascension_mode":false,"campfire_choices":[{"floor":7,"key":"REST"},{"data":"hierophant:ChurchCoffers","floor":12,"key":"SMITH"},{"floor":15,"key":"REST"}],"circlet_count":0,"master_deck":["hierophant:Strike_Hierophant","hierophant:Strike_Hierophant","hierophant:Strike_Hierophant","hierophant:Punish","hierophant:Defend_Hierophant","hierophant:Defend_Hierophant","hierophant:Defend_Hierophant","hierophant:ChurchCoffers+1","hierophant:FlamingChariot","hierophant:Dazzle","hierophant:Doubloon","hierophant:FaithHealing","hierophant:Flagellation","hierophant:Zeal","hierophant:HolyVerse"],"relics":["hierophant:PropheticMaskRelic","NeowsBlessing","Thread and Needle","Question Card"],"acts_visited":["Exordium"],"potions_floor_usage":[5],"damage_taken":[{"damage":0,"enemies":"Small Slimes","floor":1,"turns":1},{"damage":0,"enemies":"Cultist","floor":3,"turns":1},{"damage":0,"enemies":"Jaw Worm","floor":5,"turns":1},{"damage":30,"enemies":"Gremlin Nob","floor":6,"turns":5},{"damage":2,"enemies":"Large Slime","floor":8,"turns":6},{"damage":9,"enemies":"Red Slaver","floor":10,"turns":4},{"damage":3,"enemies":"Blue Slaver","floor":13,"turns":2},{"damage":10,"enemies":"Exordium Thugs","floor":14,"turns":4},{"damage":85,"enemies":"The Guardian","floor":16,"turns":13}],"seed_played":"5155324047343752492","potions_obtained":[{"floor":1,"key":"Swift Potion"},{"floor":5,"key":"Fruit Juice"},{"floor":10,"key":"LiquidMemories"},{"floor":13,"key":"SmokeBomb"}],"is_trial":false,"path_per_floor":["M","?","M","$","M","E","R","M","T","M","?","R","M","M","R","B"],"character_chosen":"HIEROPHANT","items_purchased":["hierophant:Dazzle"],"campfire_rested":2,"item_purchase_floors":[4],"current_hp_per_floor":[75,75,75,75,80,50,74,72,72,63,63,63,60,50,74,0,0],"gold":156,"neow_bonus":"THREE_ENEMY_KILL","is_daily":false,"chose_seed":false,"campfire_upgraded":1,"win_rate":0.0,"timestamp":1612497330,"path_taken":["M","?","M","$","?","E","R","M","T","M","?","R","M","M","R","BOSS"],"items_purchased_type":["Card"],"build_version":"2020-12-22","purchased_purges":1,"victory":false,"max_hp_per_floor":[75,75,75,75,80,80,80,80,80,80,80,80,80,80,80,80,80],"card_choices":[{"not_picked":["hierophant:Exaltation","hierophant:SolarFlare","hierophant:AuricBeam"],"picked":"SKIP","floor":1},{"not_picked":["hierophant:Purify","hierophant:Embezzle"],"picked":"hierophant:FlamingChariot","floor":3},{"not_picked":["hierophant:FieryStrike","hierophant:HammerAndAnvil"],"picked":"hierophant:FaithHealing","floor":5},{"not_picked":["hierophant:OrnateJavelin","hierophant:WrathOfGod","hierophant:RecallFunds"],"picked":"SKIP","floor":6},{"not_picked":["hierophant:Purify","hierophant:FlamingChariot"],"picked":"hierophant:Flagellation","floor":8},{"not_picked":["hierophant:DivineIntervention","hierophant:Empathy","hierophant:SealAway","hierophant:DisplayOfPower"],"picked":"SKIP","floor":10},{"not_picked":["hierophant:ThreeLashes","hierophant:Remorse","hierophant:FieryStrike"],"picked":"hierophant:Zeal","floor":13},{"not_picked":["hierophant:Shelter","hierophant:CoinFling","hierophant:DisplayOfPower"],"picked":"hierophant:HolyVerse","floor":14}],"player_experience":120595,"relics_obtained":[{"floor":6,"key":"Thread and Needle"},{"floor":9,"key":"Question Card"}],"event_choices":[{"damage_healed":0,"gold_gain":0,"player_choice":"Bought 0 Potions","damage_taken":0,"max_hp_gain":0,"max_hp_loss":0,"event_name":"The Woman in Blue","floor":2,"gold_loss":0},{"cards_removed":["hierophant:Strike_Hierophant"],"damage_healed":0,"gold_gain":0,"player_choice":"Card Removal","damage_taken":0,"max_hp_gain":0,"max_hp_loss":0,"event_name":"The Cleric","floor":11,"gold_loss":50}],"is_beta":false,"boss_relics":[],"items_purged_floors":[4],"is_endless":false,"potions_floor_spawned":[1,5,10,13],"killed_by":"The Guardian","ascension_level":0}}