{"host":"1bvadgc0hovl67h4","time":1612561545,"event":{"mods":["BaseMod","Colored Map","Downfall","Hermit","Minty Spire (QoL Compilation)","StSLib","The Cursed"],"gold_per_floor":[114,128,147,101,101,101,133,153,177,189,204,204,41,53,53,148,148,161,161,171,171,184,184,184],"floor_reached":23,"language":"ENG","playtime":1347,"items_purged":[],"score":195,"play_id":"af69bc5d-98ab-43e0-8025-b9df393e9ac0","local_time":"20210205134545","is_ascension_mode":false,"campfire_choices":[{"data":"hermit:TakeCover","floor":6,"key":"SMITH"},{"floor":15,"key":"REST"}],"circlet_count":0,"master_deck":["hermit:Strike_Hermit","hermit:Strike_Hermit","hermit:Strike_Hermit","hermit:Strike_Hermit","hermit:Defend_Hermit","hermit:Defend_Hermit","hermit:Defend_Hermit","hermit:Defend_Hermit","hermit:Snapshot","hermit:Covet","hermit:TakeCover+1","hermit:TakeAim+1","hermit:Ricochet","hermit:Ricochet","hermit:SprayPray","hermit:Enervate","Apotheosis","hermit:LowProfile","hermit:Deadeye","hermit:FatalDesire","Necronomicurse","hermit:BigShot"],"relics":["hermit:Momento","NeowsBlessing","FaceOfCleric","Dream Catcher","Orichalcum","Necronomicon"],"acts_visited":["Exordium","TheCity"],"potions_floor_usage":[8,10,18,23],"damage_taken":[{"damage":0,"enemies":"2 Louse","floor":1,"turns":1},{"damage":0,"enemies":"Cultist","floor":2,"turns":1},{"damage":0,"enemies":"Small Slimes","floor":3,"turns":1},{"damage":42,"enemies":"Lagavulin","floor":7,"turns":10},{"damage":5,"enemies":"Exordium Thugs","floor":8,"turns":3},{"damage":7,"enemies":"Gremlin Gang","floor":10,"turns":5},{"damage":1,"enemies":"3 Louse","floor":11,"turns":3},{"damage":8,"enemies":"Large Slime","floor":14,"turns":3},{"damage":6,"enemies":"Hexaghost","floor":16,"turns":11},{"damage":14,"enemies":"3 Byrds","floor":18,"turns":6},{"damage":14,"enemies":"Spheric Guardian","floor":20,"turns":6},{"damage":53,"enemies":"Shelled Parasite and Fungi","floor":22,"turns":6},{"damage":24,"enemies":"Book of Stabbing","floor":23,"turns":3}],"seed_played":"7560592505165525330","potions_obtained":[{"floor":3,"key":"FairyPotion"},{"floor":7,"key":"Fruit Juice"},{"floor":8,"key":"Explosive Potion"},{"floor":11,"key":"SteroidPotion"},{"floor":16,"key":"AttackPotion"},{"floor":20,"key":"Fire Potion"},{"floor":22,"key":"hexamod:SoulburnPotion"}],"is_trial":false,"path_per_floor":["M","M","M","$","?","R","E","M","T","M","M","?","$","M","R","B",null,"M","?","M","?","M","E"],"character_chosen":"HERMIT","items_purchased":["hermit:Ricochet","Apotheosis"],"campfire_rested":1,"item_purchase_floors":[4,13],"current_hp_per_floor":[75,75,75,75,75,75,34,35,35,29,29,29,29,22,47,42,86,73,57,44,44,21,0,0],"gold":184,"neow_bonus":"THREE_ENEMY_KILL","is_daily":false,"chose_seed":false,"campfire_upgraded":1,"win_rate":0.0,"timestamp":1612561545,"path_taken":["M","M","M","$","?","R","E","M","T","M","?","?","?","?","R","BOSS","M","?","M","?","M","E"],"items_purchased_type":["Card","Card"],"build_version":"2020-12-22","purchased_purges":0,"victory":false,"max_hp_per_floor":[75,75,75,75,75,75,76,82,82,83,84,84,84,85,85,86,86,87,87,88,88,89,89,89],"card_choices":[{"not_picked":["hermit:Ricochet","hermit:Horror"],"picked":"hermit:TakeCover","floor":1},{"not_picked":["hermit:NoHoldsBarred","hermit:Grudge","hermit:BodyArmor"],"picked":"SKIP","floor":2},{"not_picked":["hermit:TrackingShot","hermit:HoleUp"],"picked":"hermit:TakeAim","floor":3},{"not_picked":["hermit:Roulette","hermit:Gestalt"],"picked":"hermit:Ricochet","floor":7},{"not_picked":["hermit:Malice","hermit:Glare"],"picked":"hermit:SprayPray","floor":8},{"not_picked":["hermit:Grudge","hermit:LoneWolf","hermit:Roulette"],"picked":"SKIP","floor":10},{"not_picked":["hermit:Glare","hermit:Snipe"],"picked":"hermit:Enervate","floor":11},{"not_picked":["hermit:HoleUp","hermit:Midnight"],"picked":"hermit:LowProfile","floor":14},{"not_picked":["hermit:Brawl","hermit:Feint"],"picked":"hermit:Deadeye","floor":15},{"not_picked":["hermit:FromBeyond","hermit:HeroicBravado"],"picked":"hermit:FatalDesire","floor":16},{"not_picked":["hermit:Misfire","hermit:TakeCover+1","hermit:Coalescence"],"picked":"SKIP","floor":18},{"not_picked":["hermit:GhostlyPresence","hermit:SprayPray"],"picked":"hermit:BigShot","floor":20},{"not_picked":["hermit:Vantage+1","hermit:Glare","hermit:Coalescence+1"],"picked":"SKIP","floor":22}],"player_experience":226411,"relics_obtained":[{"floor":7,"key":"Dream Catcher"},{"floor":9,"key":"Orichalcum"},{"floor":19,"key":"Necronomicon"}],"event_choices":[{"damage_healed":0,"gold_gain":0,"player_choice":"Trade","damage_taken":0,"relics_obtained":["FaceOfCleric"],"max_hp_gain":0,"max_hp_loss":0,"event_name":"FaceTrader","floor":5,"gold_loss":0},{"damage_healed":0,"gold_gain":0,"player_choice":"Forge","damage_taken":0,"max_hp_gain":0,"max_hp_loss":0,"event_name":"Accursed Blacksmith","floor":12,"gold_loss":0,"cards_upgraded":["hermit:TakeAim"]},{"damage_healed":0,"gold_gain":0,"player_choice":"Obtained Book","damage_taken":16,"max_hp_gain":0,"max_hp_loss":0,"event_name":"Cursed Tome","floor":19,"gold_loss":0},{"damage_healed":0,"gold_gain":0,"player_choice":"0 cards matched","damage_taken":0,"max_hp_gain":0,"max_hp_loss":0,"event_name":"Match and Keep!","floor":21,"gold_loss":0,"cards_obtained":[]}],"is_beta":false,"boss_relics":[{"not_picked":["Runic Pyramid","Coffee Dripper","Busted Crown"]}],"items_purged_floors":[],"is_endless":false,"potions_floor_spawned":[3,7,8,11,16,20,22],"killed_by":"Book of Stabbing","ascension_level":0}}