{"host":"fff5e1uasnm04x18","time":1612536624,"event":{"mods":["BaseMod","Minty Spire (QoL Compilation)"],"gold_per_floor":[114,114,129,145,145,179,179,204,204,26,26,26],"floor_reached":11,"language":"ENG","playtime":644,"items_purged":[],"score":88,"play_id":"e4a83239-662b-4a19-be10-31e28467a40d","local_time":"20210205095024","is_ascension_mode":true,"campfire_choices":[{"floor":7,"key":"REST"}],"circlet_count":0,"master_deck":["Strike_R","Strike_R","Strike_R","Strike_R","Defend_R","Defend_R","Defend_R","Defend_R","Bash+1","Mayhem"],"relics":["Burning Blood","Golden Idol","Oddly Smooth Stone","Toy Ornithopter"],"acts_visited":["Exordium"],"potions_floor_usage":[6,11],"damage_taken":[{"damage":4,"enemies":"2 Louse","floor":1,"turns":4},{"damage":5,"enemies":"Cultist","floor":3,"turns":4},{"damage":4,"enemies":"Jaw Worm","floor":4,"turns":5},{"damage":24,"enemies":"Gremlin Nob","floor":6,"turns":4},{"damage":36,"enemies":"Lots of Slimes","floor":8,"turns":6},{"damage":44,"enemies":"3 Sentries","floor":11,"turns":7}],"seed_played":"8295903342749928298","potions_obtained":[{"floor":3,"key":"SkillPotion"},{"floor":4,"key":"SpeedPotion"},{"floor":8,"key":"ColorlessPotion"}],"is_trial":false,"path_per_floor":["M","?","M","M","?","E","R","M","T","$","E"],"character_chosen":"IRONCLAD","items_purchased":["Mayhem"],"campfire_rested":1,"item_purchase_floors":[10],"current_hp_per_floor":[80,60,61,63,63,45,69,39,39,39,0,0],"gold":26,"neow_bonus":"REMOVE_CARD","is_daily":false,"chose_seed":false,"campfire_upgraded":0,"win_rate":0.0,"timestamp":1612536624,"path_taken":["M","?","M","M","?","E","R","M","T","$","E"],"items_purchased_type":["Card"],"build_version":"2020-12-22","purchased_purges":0,"victory":false,"max_hp_per_floor":[80,80,80,80,80,80,80,80,80,80,80,80],"card_choices":[{"not_picked":["Heavy Blade","Wild Strike","Rage"],"picked":"SKIP","floor":1},{"not_picked":["Sentinel","Clothesline","Reckless Charge"],"picked":"SKIP","floor":3},{"not_picked":["Pommel Strike","Twin Strike","Shrug It Off"],"picked":"SKIP","floor":4},{"not_picked":["Second Wind","Heavy Blade","Pommel Strike"],"picked":"SKIP","floor":6},{"not_picked":["Carnage","Warcry","Perfected Strike"],"picked":"SKIP","floor":8}],"player_experience":496896,"relics_obtained":[{"floor":6,"key":"Oddly Smooth Stone"},{"floor":9,"key":"Toy Ornithopter"}],"event_choices":[{"damage_healed":0,"gold_gain":0,"player_choice":"Take Damage","damage_taken":20,"relics_obtained":["Golden Idol"],"max_hp_gain":0,"max_hp_loss":0,"event_name":"Golden Idol","floor":2,"gold_loss":0},{"damage_healed":0,"gold_gain":0,"player_choice":"Upgraded","damage_taken":0,"max_hp_gain":0,"max_hp_loss":0,"event_name":"Upgrade Shrine","floor":5,"gold_loss":0,"cards_upgraded":["Bash"]}],"is_beta":false,"boss_relics":[],"items_purged_floors":[],"is_endless":false,"potions_floor_spawned":[3,4,8],"killed_by":"3 Sentries","ascension_level":4}}