{"host":"gsscz6k9fq2x5v2h","time":1612563798,"event":{"mods":["100% Spire Juice","AchievementEnabler","BaseMod","Better Note","Better Skull","Better Synergies","Better Third Choice","Better Vampires","Block Reminder","Colored Map","Colored Powertips","Dark Map","Friendly Minions","Minty Spire (QoL Compilation)","Permanent Neow","Quick Restart","Replay The Spire","Retaliation","Shop Mod","Spicy Shops","Spikes Relics","StSLib","SuperFastMode","TestMod","??????REMEMod","????"],"gold_per_floor":[114,9,9,9,24,24,54,54,79,109,134,149,129,129,129,229,229,244,259,259,259,9,9,9,9,34,34,49,49,64,94,94,94,94],"floor_reached":33,"language":"FRA","playtime":1536,"items_purged":[],"score":321,"play_id":"ccd9a4d0-2db9-4850-9bb0-c76f98a8535a","local_time":"20210205232318","daily_mods":["Specialized","Blue Cards","Elite Swarm"],"is_ascension_mode":false,"campfire_choices":[{"data":"Moonworks:StiffCrystal","floor":6.0,"key":"SMITH"},{"floor":8.0,"key":"REST"},{"data":"Moonworks:MeltingMemories","floor":15.0,"key":"SMITH"},{"floor":23,"key":"REST"},{"data":"Moonworks:Assault","floor":25,"key":"SMITH"},{"data":"Moonworks:LongDistanceShot","floor":27,"key":"SMITH"},{"data":"Moonworks:RocketCannon","floor":29,"key":"SMITH"},{"floor":32,"key":"REST"}],"circlet_count":0,"master_deck":["Moonworks:Strike","Moonworks:Strike","Moonworks:Strike","Moonworks:Defend","Moonworks:Defend","Moonworks:Defend","Moonworks:Defend","Moonworks:Ambush","Moonworks:LongDistanceShot+1","Worship","Moonworks:BeyondHell","Moonworks:BeyondHell","Moonworks:BeyondHell","Moonworks:BeyondHell","Moonworks:StiffCrystal+1","Moonworks:CloudOfSeagulls","Moonworks:CloudOfSeagulls","Moonworks:MeltingMemories+1","Moonworks:HolyNight","Moonworks:Assault+1","Moonworks:RocketCannon+1","Moonworks:DeployBits","Moonworks:NicePresent+1","Moonworks:BindingChains","Moonworks:LulusLuckyEgg","Moonworks:MetallicMonocoque"],"relics":["Moonworks:BrokenBomb","Moonworks:Homemark","testmod-TestBox","REME_ComplimentaryCards","testmod-CardMagician","PreservedInsect","Art of War","Juzu Bracelet","Ancient Tea Set","testmod-HeartOfStrike","testmod-BatchProcessingSystem","Kunai","Tiny Chest","RollingBoulder"],"acts_visited":["Exordium","TheCity"],"potions_floor_usage":[33,33],"damage_taken":[{"damage":1.0,"enemies":"2 Louse","floor":1.0,"turns":3.0},{"damage":0.0,"enemies":"Small Slimes","floor":2.0,"turns":4.0},{"damage":8.0,"enemies":"Cultist","floor":5.0,"turns":5.0},{"damage":35.0,"enemies":"3 Sentries","floor":7.0,"turns":7.0},{"damage":5.0,"enemies":"Replay:BlueRogue","floor":10.0,"turns":3.0},{"damage":5.0,"enemies":"Exordium Wildlife","floor":12.0,"turns":3.0},{"damage":32.0,"enemies":"Fading Forest","floor":16.0,"turns":11.0},{"damage":32.0,"enemies":"Spheric Guardian","floor":18.0,"turns":4.0},{"damage":16.0,"enemies":"2 Thieves","floor":19.0,"turns":3.0},{"damage":5,"enemies":"Snake Plant","floor":28,"turns":3},{"damage":17,"enemies":"Snecko","floor":30,"turns":6},{"damage":20,"enemies":"Replay:Snechameleon","floor":31,"turns":4},{"damage":62,"enemies":"Automaton","floor":33,"turns":6}],"seed_played":"-8643747277835071688","potions_obtained":[{"floor":1.0,"key":"DDmod:CleansePotion"},{"floor":2.0,"key":"Elixir"},{"floor":5.0,"key":"Block Potion"},{"floor":12.0,"key":"Fire Potion"},{"floor":13.0,"key":"Fruit Juice"},{"floor":28,"key":"SteroidPotion"},{"floor":30,"key":"Milkshake"}],"is_trial":false,"path_per_floor":["M","M","?","?","M","R","E","R","T","E","T","M","?","?","R","B",null,"M","M","?","?","$","R","?","R","T","R","M","R","M","E","R","B"],"character_chosen":"THE_STARBREAKER","items_purchased":["Kunai"],"campfire_rested":3,"item_purchase_floors":[22],"current_hp_per_floor":[59,59,59,59,51,51,16,34,34,37,37,39,44,37,37,27,65,33,17,17,17,17,36,36,36,36,36,48,48,39,19,38,0,0],"gold":94,"neow_bonus":"","is_daily":true,"chose_seed":false,"campfire_upgraded":5,"win_rate":0.0,"timestamp":1612563798,"path_taken":["M","M","?","?","?","R","E","R","T","E","?","M","?","?","R","BOSS","M","M","?","?","$","R","?","R","T","R","M","R","M","E","R","BOSS"],"items_purchased_type":["Relic"],"build_version":"2020-12-22","purchased_purges":0,"victory":false,"max_hp_per_floor":[60,60,60,60,60,60,60,60,60,60,60,60,65,65,65,65,65,65,65,65,65,65,65,65,65,65,65,65,65,65,65,65,65,65],"card_choices":[{"not_picked":["Moonworks:DeployBits","Moonworks:BigMagnum"],"picked":"Moonworks:StiffCrystal","floor":1.0},{"not_picked":["Moonworks:FullSpeedAlicianrone","Moonworks:ImOnFire"],"picked":"Moonworks:CloudOfSeagulls","floor":2.0},{"not_picked":["Moonworks:TacticalRetreat","Moonworks:IntelligenceOfficer"],"picked":"Moonworks:CloudOfSeagulls","floor":5.0},{"not_picked":["Moonworks:WeAreWaruda","Moonworks:MetallicMonocoque"],"picked":"Moonworks:MeltingMemories","floor":7.0},{"not_picked":["Moonworks:PlushieMaster","Moonworks:Gamble"],"picked":"Moonworks:HolyNight","floor":10.0},{"not_picked":["Moonworks:CastOff","Moonworks:IndiscriminateFireSupport"],"picked":"Moonworks:Assault","floor":12.0},{"not_picked":["Moonworks:Encore","Moonworks:FinalBattle"],"picked":"Moonworks:RocketCannon","floor":16.0},{"not_picked":["Moonworks:SakisCookie","Moonworks:AwakeningOfTalent+1"],"picked":"Moonworks:DeployBits","floor":18.0},{"not_picked":["Moonworks:ExtendedPhotonRifle","Moonworks:MixPhenomenon+1"],"picked":"Moonworks:NicePresent+1","floor":19.0},{"not_picked":["Moonworks:Assault","Moonworks:MixPhenomenon+1"],"picked":"Moonworks:LulusLuckyEgg","floor":28},{"not_picked":["Moonworks:ImOnFire+1","Moonworks:ForcedRevival","Moonworks:BigMagnum"],"picked":"SKIP","floor":30},{"not_picked":["Moonworks:PlushieMaster","Moonworks:RocketCannon"],"picked":"Moonworks:MetallicMonocoque","floor":31}],"player_experience":1557256,"relics_obtained":[{"floor":7.0,"key":"PreservedInsect"},{"floor":9.0,"key":"Art of War"},{"floor":10.0,"key":"Juzu Bracelet"},{"floor":11.0,"key":"Ancient Tea Set"},{"floor":26,"key":"Tiny Chest"},{"floor":31,"key":"RollingBoulder"}],"event_choices":[{"damage_healed":0.0,"max_hp_gain":0.0,"max_hp_loss":0.0,"gold_gain":0.0,"event_name":"Box For Yourself","player_choice":"Ignored","floor":3.0,"gold_loss":0.0,"damage_taken":0.0},{"cards_removed":["Moonworks:Strike"],"damage_healed":0.0,"max_hp_gain":0.0,"max_hp_loss":0.0,"gold_gain":0.0,"event_name":"Purifier","player_choice":"Purged","floor":4.0,"gold_loss":0.0,"damage_taken":0.0},{"damage_healed":0.0,"max_hp_gain":0.0,"max_hp_loss":0.0,"gold_gain":0.0,"event_name":"The Woman in Blue","player_choice":"Bought 1 Potion","floor":13.0,"gold_loss":0.0,"damage_taken":0.0},{"damage_healed":0.0,"max_hp_gain":0.0,"max_hp_loss":0.0,"gold_gain":0.0,"event_name":"betterThird:BetterScrap","player_choice":"Relic ","floor":14.0,"gold_loss":0.0,"damage_taken":7.0,"cards_obtained":["ConjureBlade"]},{"damage_healed":0,"gold_gain":0,"cards_transformed":["Moonworks:BeyondHell"],"player_choice":"Transformed","damage_taken":0,"max_hp_gain":0,"max_hp_loss":0,"event_name":"Transmorgrifier","floor":21,"gold_loss":0,"cards_obtained":["Moonworks:BindingChains"]},{"damage_healed":0,"gold_gain":0,"player_choice":"Ignored","damage_taken":0,"max_hp_gain":0,"max_hp_loss":0,"event_name":"Vampires","floor":24,"gold_loss":0}],"is_beta":false,"boss_relics":[{"not_picked":["testmod-TimeTraveler","testmod-Nine"],"picked":"testmod-BatchProcessingSystem"}],"items_purged_floors":[],"is_endless":false,"potions_floor_spawned":[1,2,5,12,28,30],"killed_by":"Automaton","ascension_level":0}}