{"host":"kh6fvhxn285ncg0o","time":1612526391,"event":{"mods":["Act Like it!","BaseMod","Colored Map","Friendly Minions","Keyboard Shortcuts","Minty Spire (QoL Compilation)","Quick Restart","Relic Stats","StSLib","SuperFastMode","UnlockEverythingMod"],"gold_per_floor":[19,36,52,52,66,66,113,138,150,176,199,211,254,266,278,389,401,438,297,316,316,341,341,341,341],"floor_reached":24,"language":"KOR","playtime":563,"items_purged":["Strike_R"],"score":400,"play_id":"3e56e04a-ddc0-42ca-b8a0-52832a94eed7","local_time":"20210205205951","is_ascension_mode":true,"campfire_choices":[{"floor":6,"key":"REST"},{"data":"Armaments","floor":12,"key":"SMITH"},{"floor":15,"key":"REST"},{"floor":23,"key":"REST"}],"circlet_count":0,"master_deck":["AscendersBane","Strike_R+1","Strike_R+1","Defend_R","Defend_R","Defend_R","Defend_R","Bash","Clash","Armaments+1","Spot Weakness","Ghostly Armor","Battle Trance+1","Seeing Red","Body Slam","Feed","Fire Breathing","Power Through","Battle Trance+1"],"relics":["Burning Blood","MawBank","Unceasing Top","Dream Catcher","Golden Idol","Fusion Hammer"],"acts_visited":["Exordium","TheCity"],"potions_floor_usage":[13,16,24],"damage_taken":[{"damage":12,"enemies":"Cultist","floor":1,"turns":4},{"damage":26,"enemies":"Jaw Worm","floor":2,"turns":5},{"damage":0,"enemies":"2 Louse","floor":3,"turns":3},{"damage":1,"enemies":"Red Slaver","floor":5,"turns":3},{"damage":11,"enemies":"2 Fungi Beasts","floor":8,"turns":3},{"damage":6,"enemies":"3 Louse","floor":10,"turns":6},{"damage":3,"enemies":"Red Slaver","floor":11,"turns":4},{"damage":30,"enemies":"Gremlin Nob","floor":13,"turns":4},{"damage":22,"enemies":"The Guardian","floor":16,"turns":10},{"damage":23,"enemies":"Chosen","floor":18,"turns":6},{"damage":19,"enemies":"Shell Parasite","floor":20,"turns":7},{"damage":18,"enemies":"Snake Plant","floor":22,"turns":5},{"damage":56,"enemies":"Gremlin Leader","floor":24,"turns":7}],"seed_played":"-2005936728903086296","potions_obtained":[{"floor":2,"key":"Dexterity Potion"},{"floor":5,"key":"PowerPotion"},{"floor":20,"key":"BlessingOfTheForge"}],"is_trial":false,"path_per_floor":["M","M","M","?","M","R","T","M","T","M","M","R","E","?","R","B",null,"M","$","M","?","M","R","E"],"character_chosen":"IRONCLAD","items_purchased":["Power Through"],"campfire_rested":3,"item_purchase_floors":[19],"current_hp_per_floor":[62,42,48,25,30,52,52,47,47,47,50,50,26,26,46,30,59,42,42,33,33,21,42,0,0],"gold":341,"neow_bonus":"REMOVE_TWO","is_daily":false,"chose_seed":false,"campfire_upgraded":1,"win_rate":0.0,"timestamp":1612526391,"path_taken":["M","M","M","?","M","R","?","M","T","M","?","R","E","?","R","BOSS","M","$","M","?","M","R","E"],"items_purchased_type":["Card"],"build_version":"2020-12-22","purchased_purges":1,"victory":false,"max_hp_per_floor":[75,75,75,75,75,75,75,75,75,75,75,75,75,68,68,68,68,68,68,72,72,72,72,72,72],"relic_stats":{"Dream Catcher":2,"counters":[13,67],"Golden Idol":34,"MawBank":144,"obtain_stats":[{"Dream Catcher":13,"Golden Idol":14,"Fusion Hammer":17,"MawBank":7,"Burning Blood":0,"Unceasing Top":9},{"Dream Catcher":8,"Golden Idol":8,"Fusion Hammer":9,"MawBank":4,"Burning Blood":0,"Unceasing Top":5},{"Dream Catcher":32,"Golden Idol":32,"Fusion Hammer":42,"MawBank":15,"Burning Blood":0,"Unceasing Top":18}],"Burning Blood":72,"Unceasing Top":[3]},"card_choices":[{"not_picked":["Shrug It Off","Headbutt"],"picked":"Clash","floor":2},{"not_picked":["Whirlwind","Heavy Blade"],"picked":"Armaments","floor":3},{"not_picked":["Wild Strike","Heavy Blade"],"picked":"Spot Weakness","floor":5},{"not_picked":["Perfected Strike","Iron Wave"],"picked":"Ghostly Armor","floor":8},{"not_picked":["Shrug It Off","Flex"],"picked":"Battle Trance","floor":11},{"not_picked":["Shockwave","Blood for Blood"],"picked":"Seeing Red","floor":13},{"not_picked":["Thunderclap","Dropkick"],"picked":"Body Slam","floor":15},{"not_picked":["Double Tap","Juggernaut"],"picked":"Feed","floor":16},{"not_picked":["Combust","Iron Wave+1"],"picked":"Fire Breathing","floor":18},{"not_picked":["Armaments","Thunderclap","Clash"],"picked":"SKIP","floor":20},{"not_picked":["Shrug It Off","Thunderclap"],"picked":"Battle Trance+1","floor":22}],"player_experience":1323164,"relics_obtained":[{"floor":7,"key":"MawBank"},{"floor":9,"key":"Unceasing Top"},{"floor":13,"key":"Dream Catcher"}],"event_choices":[{"damage_healed":0,"gold_gain":0,"player_choice":"Entered Light","damage_taken":23,"max_hp_gain":0,"max_hp_loss":0,"event_name":"Shining Light","floor":4,"gold_loss":0,"cards_upgraded":["Strike_R","Strike_R"]},{"damage_healed":0,"gold_gain":0,"player_choice":"Lose Max HP","damage_taken":0,"relics_obtained":["Golden Idol"],"max_hp_gain":0,"max_hp_loss":7,"event_name":"Golden Idol","floor":14,"gold_loss":0},{"damage_healed":0,"gold_gain":0,"player_choice":"Forge","damage_taken":0,"max_hp_gain":0,"max_hp_loss":0,"event_name":"Accursed Blacksmith","floor":21,"gold_loss":0,"cards_upgraded":["Battle Trance"]}],"is_beta":false,"boss_relics":[{"not_picked":["Astrolabe","Philosopher\u0027s Stone"],"picked":"Fusion Hammer"}],"items_purged_floors":[19],"is_endless":false,"potions_floor_spawned":[2,5,11,20],"killed_by":"Gremlin Leader","ascension_level":20}}