{"host":"f5gffvlv6a66yqkd","time":1612525935,"event":{"mods":["2.2 Compatiblity","BaseMod","Colored Map","Custom Start","DeckTracker","Keyboard Shortcuts","Minty Spire (QoL Compilation)","Permanent Neow","Quick Restart","Relic Stats","StSLib","SuperFastMode"],"gold_per_floor":[116,391,410,410,101,135,161,184,184,184,227,227,257,277,277,384,384,399,409,334,343,216,216,116,136,163,163,182,202,202,222,222,222,222],"floor_reached":33,"language":"KOR","playtime":951,"items_purged":["Regret","Strike_R"],"score":349,"play_id":"cc0b83e1-1ad8-4d87-9311-da31c98fa49d","local_time":"20210205205215","is_ascension_mode":true,"campfire_choices":[{"data":"Twin Strike","floor":10.0,"key":"SMITH"},{"data":"Bludgeon","floor":12.0,"key":"SMITH"},{"data":"Shrug It Off","floor":15.0,"key":"SMITH"},{"data":"Battle Trance","floor":23.0,"key":"SMITH"},{"data":"Disarm","floor":27.0,"key":"SMITH"},{"data":"Seeing Red","floor":32.0,"key":"SMITH"}],"circlet_count":0,"master_deck":["Strike_R","Defend_R","Defend_R","Defend_R","Defend_R","Bash","Pommel Strike","Battle Trance+1","Ghostly Armor","Twin Strike+1","Seeing Red+1","Bludgeon+1","Shrug It Off+1","Impervious","Second Wind","Rampage+1","Fiend Fire","Disarm+1","Clash+1","Dual Wield+1","Armaments+1"],"relics":["Burning Blood","NeowsBlessing","Strawberry","CeramicFish","Bag of Marbles","Self Forming Clay","Toy Ornithopter","Empty Cage","Orrery","Bag of Preparation"],"acts_visited":["Exordium","TheCity"],"potions_floor_usage":[],"damage_taken":[{"damage":0.0,"enemies":"Small Slimes","floor":1.0,"turns":1.0},{"damage":0.0,"enemies":"Cultist","floor":3.0,"turns":1.0},{"damage":0.0,"enemies":"3 Sentries","floor":6.0,"turns":1.0},{"damage":0.0,"enemies":"Jaw Worm","floor":7.0,"turns":4.0},{"damage":8.0,"enemies":"Blue Slaver","floor":8.0,"turns":4.0},{"damage":21.0,"enemies":"Lagavulin","floor":11.0,"turns":5.0},{"damage":0.0,"enemies":"Gremlin Nob","floor":13.0,"turns":3.0},{"damage":0.0,"enemies":"3 Louse","floor":14.0,"turns":2.0},{"damage":10.0,"enemies":"The Guardian","floor":16.0,"turns":12.0},{"damage":2.0,"enemies":"3 Byrds","floor":18.0,"turns":7.0},{"damage":11.0,"enemies":"Spheric Guardian","floor":19.0,"turns":3.0},{"damage":0.0,"enemies":"Snake Plant","floor":25.0,"turns":4.0},{"damage":33.0,"enemies":"Sentry and Sphere","floor":28.0,"turns":6.0},{"damage":12.0,"enemies":"3 Cultists","floor":29.0,"turns":6.0},{"damage":4.0,"enemies":"Snecko","floor":31.0,"turns":3.0},{"damage":0,"enemies":"Collector","floor":33,"turns":1}],"seed_played":"-1974056282777567230","potions_obtained":[{"floor":3.0,"key":"BlessingOfTheForge"},{"floor":6.0,"key":"Swift Potion"},{"floor":13.0,"key":"HeartOfIron"},{"floor":16.0,"key":"Regen Potion"},{"floor":31.0,"key":"SkillPotion"}],"is_trial":false,"path_per_floor":["M","?","M","?","$","E","M","M","T","R","E","R","E","M","R","B",null,"M","M","?","?","$","R","$","M","T","R","M","M","?","M","R","B"],"character_chosen":"IRONCLAD","items_purchased":["Strawberry","Ghostly Armor","Orrery"],"campfire_rested":0,"item_purchase_floors":[5,5,22],"current_hp_per_floor":[80,80,80,80,87,87,87,85,85,85,70,70,76,82,82,78,87,87,82,82,82,82,82,82,87,87,87,60,54,54,56,56,56,56],"gold":222,"neow_bonus":"THREE_ENEMY_KILL","is_daily":false,"chose_seed":true,"campfire_upgraded":6,"win_rate":0.0,"timestamp":1612525935,"path_taken":["M","?","?","?","$","E","M","M","T","R","E","R","E","M","R","BOSS","M","M","?","?","$","R","$","M","T","R","M","M","?","M","R","BOSS"],"items_purchased_type":["Relic","Card","Relic"],"build_version":"2020-12-22","purchased_purges":2,"victory":false,"max_hp_per_floor":[80,80,80,80,87,87,87,87,87,87,87,87,87,87,87,87,87,87,87,87,87,87,87,87,87,87,87,87,87,87,87,87,87,87],"relic_stats":{"counters":[16,62],"Self Forming Clay":[42],"CeramicFish":108,"Bag of Preparation":[6],"obtain_stats":[{"NeowsBlessing":0,"Self Forming Clay":11,"Strawberry":5,"CeramicFish":6,"Orrery":22,"Bag of Marbles":9,"Bag of Preparation":26,"Empty Cage":17,"Burning Blood":0,"Toy Ornithopter":13},{"NeowsBlessing":0,"Self Forming Clay":6,"Strawberry":2,"CeramicFish":3,"Orrery":11,"Bag of Marbles":5,"Bag of Preparation":12,"Empty Cage":9,"Burning Blood":0,"Toy Ornithopter":7},{"NeowsBlessing":0,"Self Forming Clay":16,"Strawberry":2,"CeramicFish":3,"Orrery":43,"Bag of Marbles":11,"Bag of Preparation":47,"Empty Cage":33,"Burning Blood":0,"Toy Ornithopter":19}],"Burning Blood":61,"Toy Ornithopter":0},"card_choices":[{"not_picked":["Flex","Dark Embrace"],"picked":"Pommel Strike","floor":1.0},{"not_picked":["Twin Strike","Warcry"],"picked":"Battle Trance","floor":3.0},{"not_picked":["Combust","Clash","Infernal Blade"],"picked":"SKIP","floor":6.0},{"not_picked":["Dark Embrace","Flex"],"picked":"Twin Strike","floor":7.0},{"not_picked":["Warcry","Dropkick"],"picked":"Seeing Red","floor":8.0},{"not_picked":["Battle Trance","Uppercut"],"picked":"Bludgeon","floor":11.0},{"not_picked":["Wild Strike","Pummel","Clash"],"picked":"SKIP","floor":13.0},{"not_picked":["Dark Embrace","Carnage"],"picked":"Shrug It Off","floor":14.0},{"not_picked":["Offering","Double Tap"],"picked":"Impervious","floor":16.0},{"not_picked":["Fire Breathing","Sword Boomerang","Hemokinesis+1"],"picked":"SKIP","floor":18.0},{"not_picked":["Headbutt","Cleave","Wild Strike"],"picked":"SKIP","floor":19.0},{"not_picked":["Warcry","Iron Wave"],"picked":"Rampage+1","floor":22.0},{"not_picked":["Wild Strike","Warcry"],"picked":"Fiend Fire","floor":22.0},{"not_picked":["Anger","Shrug It Off"],"picked":"Disarm","floor":22.0},{"not_picked":["Iron Wave","Blood for Blood"],"picked":"Clash+1","floor":25.0},{"not_picked":["Anger","Sentinel","Heavy Blade"],"picked":"SKIP","floor":28.0},{"not_picked":["Twin Strike","Anger"],"picked":"Dual Wield+1","floor":29.0},{"not_picked":["Intimidate","Flex+1"],"picked":"Armaments+1","floor":31.0}],"player_experience":1651873,"relics_obtained":[{"floor":6.0,"key":"CeramicFish"},{"floor":9.0,"key":"Bag of Marbles"},{"floor":11.0,"key":"Self Forming Clay"},{"floor":13.0,"key":"Toy Ornithopter"},{"floor":26.0,"key":"Bag of Preparation"}],"event_choices":[{"damage_healed":0.0,"max_hp_gain":0.0,"max_hp_loss":0.0,"gold_gain":275.0,"event_name":"Golden Shrine","player_choice":"Desecrate","floor":2.0,"gold_loss":0.0,"damage_taken":0.0,"cards_obtained":["Regret"]},{"damage_healed":0.0,"max_hp_gain":0.0,"max_hp_loss":0.0,"gold_gain":0.0,"event_name":"Liars Game","player_choice":"Ignored","floor":4.0,"gold_loss":0.0,"damage_taken":0.0},{"cards_removed":["Strike_R"],"damage_healed":0.0,"max_hp_gain":0.0,"max_hp_loss":0.0,"gold_gain":0.0,"event_name":"Beggar","player_choice":"Gave Gold","floor":20.0,"gold_loss":75.0,"damage_taken":0.0},{"damage_healed":0.0,"max_hp_gain":0.0,"max_hp_loss":0.0,"gold_gain":0.0,"event_name":"The Library","player_choice":"Read","floor":21.0,"gold_loss":0.0,"damage_taken":0.0,"cards_obtained":["Second Wind"]},{"damage_healed":0.0,"max_hp_gain":0.0,"max_hp_loss":0.0,"gold_gain":0.0,"event_name":"NoteForYourself","player_choice":"Ignored","floor":30.0,"gold_loss":0.0,"damage_taken":0.0}],"is_beta":false,"boss_relics":[{"not_picked":["Tiny House","Runic Pyramid"],"picked":"Empty Cage"}],"items_purged_floors":[5,24],"is_endless":false,"potions_floor_spawned":[3,6,13,16,29,31],"killed_by":"Collector","ascension_level":2}}