{"host":"0x0gr83ly0vxzjzg","time":1612484838,"event":{"mods":["BaseMod","Bestiary","Better Skull","Curses Come First","Downfall","Hubris","Infinite Spire","Minty Spire (QoL Compilation)","Replay The Spire","Shop Mod","Spire Arcade","StSLib","The Cursed","The Servant 0.9.4"],"gold_per_floor":[20,20,44,61,15,44,60,60,60,60,72,72,84,84,84,186,186,204,204,215,215,232,232],"floor_reached":22,"language":"ENG","playtime":1220,"items_purged":[],"score":211,"play_id":"3d9cab8c-428d-4176-92a4-2fabb1457d0f","local_time":"20210204192718","is_ascension_mode":false,"campfire_choices":[{"data":"TheCursedMod:CircleOfBlood","floor":8,"key":"SMITH"},{"data":"TheCursedMod:CleanUpWorkshop","floor":10,"key":"SMITH"},{"data":"TheCursedMod:AbyssShockwave","floor":12,"key":"SMITH"}],"circlet_count":0,"master_deck":["TheCursedMod:Defend_TheCursed","TheCursedMod:Defend_TheCursed","TheCursedMod:Defend_TheCursed","TheCursedMod:Defend_TheCursed","TheCursedMod:CursedWand","TheCursedMod:CleanUpWorkshop+1","TheCursedMod:Dregs","TheCursedMod:CursedShiv","TheCursedMod:CircleOfCorruption","TheCursedMod:Wield","TheCursedMod:CircleOfBlood+1","TheCursedMod:HellfireBreathing","TheCursedMod:AbyssShockwave+1","Parasite","TheCursedMod:CircleOfCorruption","TheCursedMod:CircleOfAbyss","CurseOfTheBell","TheCursedMod:CursedMace","TheCursedMod:Grudge+1","Bite","Bite","Bite","Bite","Bite"],"relics":["TheCursedMod:BlackMagic101","TungstenRod","Ancient Tea Set","Thread and Needle","Oddly Smooth Stone","Calling Bell","Boot","hubris:TinFlute","Pocketwatch","hubris:BottledHeart"],"acts_visited":["Exordium","TheCity"],"potions_floor_usage":[6,22],"damage_taken":[{"damage":0.0,"enemies":"2 Louse","floor":1.0,"turns":3.0},{"damage":0.0,"enemies":"Cultist","floor":4.0,"turns":3.0},{"damage":8,"enemies":"Gremlin Nob","floor":6,"turns":3},{"damage":0,"enemies":"Jaw Worm","floor":7,"turns":2},{"damage":0,"enemies":"Exordium Thugs","floor":11,"turns":5},{"damage":0,"enemies":"Exordium Wildlife","floor":13,"turns":1},{"damage":25,"enemies":"Hexaghost","floor":16,"turns":10},{"damage":0,"enemies":"Shell Parasite","floor":18,"turns":4},{"damage":0,"enemies":"Spheric Guardian","floor":20,"turns":3},{"damage":0,"enemies":"Snecko","floor":22,"turns":4}],"seed_played":"-6262761811521710352","potions_obtained":[{"floor":4.0,"key":"FearPotion"},{"floor":16,"key":"Elixir"},{"floor":20,"key":"champ:CounterPotion"}],"is_trial":false,"path_per_floor":["M","?","T","M","$","E","M","R","T","R","M","R","M","?","R","B",null,"M","?","M","?","M"],"character_chosen":"THE_CURSED","items_purchased":["TheCursedMod:Wield"],"campfire_rested":0,"item_purchase_floors":[5],"current_hp_per_floor":[75,75,75,75,75,67,75,75,75,75,75,75,75,75,75,50,75,75,1,1,1,1,1],"gold":232,"neow_bonus":"ONE_RARE_RELIC","is_daily":false,"chose_seed":false,"campfire_upgraded":3,"win_rate":0.0,"timestamp":1612484838,"path_taken":["M","?","?","M","?","E","M","R","T","R","?","R","M","?","R","BOSS","M","?","M","?","?"],"items_purchased_type":["Card"],"build_version":"2020-12-22","purchased_purges":0,"victory":false,"max_hp_per_floor":[75,75,75,75,75,75,75,75,75,75,75,75,75,75,75,75,75,75,1,1,1,1,1],"card_choices":[{"not_picked":["TheCursedMod:VitalStrike","TheCursedMod:Torture"],"picked":"TheCursedMod:CursedShiv","floor":1.0},{"not_picked":["TheCursedMod:PrepareRite","TheCursedMod:CursedMace"],"picked":"TheCursedMod:CircleOfCorruption","floor":4.0},{"not_picked":["TheCursedMod:CursedBlade","TheCursedMod:CircleOfAmplification"],"picked":"TheCursedMod:CircleOfBlood","floor":6},{"not_picked":["TheCursedMod:ManaBullet","TheCursedMod:SurpriseAttack"],"picked":"TheCursedMod:HellfireBreathing","floor":7},{"not_picked":["TheCursedMod:StingEye","TheCursedMod:CircleOfCorruption"],"picked":"TheCursedMod:AbyssShockwave","floor":11},{"not_picked":["TheCursedMod:SmokeScreen","TheCursedMod:ReleasedStrength"],"picked":"TheCursedMod:StunningStrike","floor":13},{"not_picked":["TheCursedMod:UltimatePain","TheCursedMod:ParallelWorld"],"picked":"TheCursedMod:CircleOfAbyss","floor":16},{"not_picked":["TheCursedMod:SurpriseAttack","TheCursedMod:Wield"],"picked":"TheCursedMod:CursedMace","floor":18},{"not_picked":["TheCursedMod:RapidMovement","TheCursedMod:RavingStaff"],"picked":"TheCursedMod:Grudge+1","floor":20}],"player_experience":153918,"relics_obtained":[{"floor":3.0,"key":"Ancient Tea Set"},{"floor":6,"key":"Thread and Needle"},{"floor":9,"key":"Oddly Smooth Stone"},{"floor":17,"key":"Boot"},{"floor":17,"key":"hubris:TinFlute"},{"floor":17,"key":"Pocketwatch"}],"event_choices":[{"damage_healed":18,"gold_gain":0,"player_choice":"Healed and dodged fight","damage_taken":0,"max_hp_gain":0,"max_hp_loss":0,"event_name":"Mushrooms","floor":14,"gold_loss":0,"cards_obtained":["Parasite"]},{"damage_healed":0,"gold_gain":0,"player_choice":"Became a vampire","damage_taken":0,"max_hp_gain":0,"max_hp_loss":0,"event_name":"Vampires","floor":21,"gold_loss":0,"cards_obtained":["Bite","Bite","Bite","Bite","Bite"]}],"is_beta":false,"boss_relics":[{"not_picked":["hubris:Backtick","Ectoplasm"],"picked":"Calling Bell"}],"items_purged_floors":[],"is_endless":false,"potions_floor_spawned":[4,16,20],"killed_by":"Snecko","ascension_level":0}}