{"host":"6q94iy5iz6612v89","time":1612557937,"event":{"mods":["2.2 Compatiblity","AchievementEnabler","BaseMod","Colored Map","DeckTracker","Keyboard Shortcuts","Minty Spire (QoL Compilation)","Permanent Neow","StSLib","SuperFastMode"],"gold_per_floor":[111,127,143,159,169,169,197,197,197,197,217,230,262,262,262,334,334,344,358,283,283,283,283,315,325,325,358,148,148,198,224,224,295,295,315,315,334,107,107,107,107],"floor_reached":40,"language":"KOR","playtime":934,"items_purged":["Strike_R","Strike_R","Blood for Blood"],"score":958,"play_id":"efd6ccec-d188-4958-8ced-a179d2d30904","local_time":"20210206054537","is_ascension_mode":true,"campfire_choices":[{"data":"Apotheosis","floor":6,"key":"SMITH"},{"floor":15,"key":"RECALL"},{"floor":23,"key":"REST"},{"floor":29,"key":"REST"},{"floor":32,"key":"REST"}],"circlet_count":0,"master_deck":["AscendersBane","Defend_R","Defend_R","Defend_R","Defend_R","Bash+1","Apotheosis+1","Battle Trance","Body Slam","True Grit","Twin Strike+1","Shrug It Off","Power Through","Feel No Pain+1","Immolate","Berserk","Wild Strike","Dark Embrace+1","Demon Form","Limit Break","Second Wind"],"relics":["Black Blood","Bronze Scales","Self Forming Clay","Question Card","Fusion Hammer","Akabeko","Shuriken","Whetstone","Membership Card","Art of War","Ice Cream"],"acts_visited":["Exordium","TheCity","TheBeyond"],"potions_floor_usage":[13,16,19,24,27,27,40,40],"damage_taken":[{"damage":3,"enemies":"Cultist","floor":1,"turns":5},{"damage":4,"enemies":"Small Slimes","floor":2,"turns":5},{"damage":8,"enemies":"2 Louse","floor":3,"turns":3},{"damage":10,"enemies":"Red Slaver","floor":4,"turns":4},{"damage":8,"enemies":"2 Fungi Beasts","floor":5,"turns":4},{"damage":37,"enemies":"Gremlin Nob","floor":7,"turns":4},{"damage":10,"enemies":"Gremlin Gang","floor":11,"turns":3},{"damage":0,"enemies":"Looter","floor":12,"turns":3},{"damage":0,"enemies":"Lagavulin","floor":13,"turns":6},{"damage":22,"enemies":"Hexaghost","floor":16,"turns":9},{"damage":1,"enemies":"Chosen","floor":18,"turns":4},{"damage":15,"enemies":"2 Thieves","floor":19,"turns":3},{"damage":31,"enemies":"Book of Stabbing","floor":24,"turns":4},{"damage":0,"enemies":"Centurion and Healer","floor":25,"turns":4},{"damage":18,"enemies":"Slavers","floor":27,"turns":5},{"damage":28,"enemies":"Book of Stabbing","floor":31,"turns":5},{"damage":10,"enemies":"Champ","floor":33,"turns":8},{"damage":26,"enemies":"Orb Walker","floor":35,"turns":5},{"damage":2,"enemies":"3 Shapes","floor":37,"turns":4},{"damage":91,"enemies":"Reptomancer","floor":40,"turns":6}],"seed_played":"-9022771410213607850","potions_obtained":[{"floor":5,"key":"PowerPotion"},{"floor":7,"key":"PowerPotion"},{"floor":13,"key":"Regen Potion"},{"floor":16,"key":"EssenceOfSteel"},{"floor":19,"key":"SkillPotion"},{"floor":25,"key":"ColorlessPotion"},{"floor":31,"key":"PowerPotion"},{"floor":33,"key":"FearPotion"}],"is_trial":false,"path_per_floor":["M","M","M","M","M","R","E","?","T","?","M","M","E","?","R","B",null,"M","M","$","?","?","R","E","M","T","E","$","R","?","E","R","B",null,"M","?","M","$","?","E"],"character_chosen":"IRONCLAD","items_purchased":["Membership Card","Ice Cream"],"campfire_rested":3,"item_purchase_floors":[28,38],"current_hp_per_floor":[53,55,53,49,47,47,16,16,16,16,12,18,24,24,24,8,58,63,54,54,54,54,75,50,56,56,56,56,75,75,53,75,71,74,60,50,60,60,60,0,0],"gold":107,"neow_bonus":"RANDOM_COLORLESS_2","is_daily":false,"chose_seed":false,"campfire_upgraded":1,"win_rate":0.0,"timestamp":1612557937,"path_taken":["M","M","M","M","?","R","E","?","T","?","?","M","E","?","R","BOSS","M","?","$","?","?","R","E","M","T","E","$","R","?","E","R","BOSS","M","?","M","$","?","E"],"items_purchased_type":["Relic","Relic"],"build_version":"2020-12-22","purchased_purges":3,"victory":false,"max_hp_per_floor":[75,75,75,75,75,75,75,75,75,75,75,75,75,75,75,75,75,75,75,75,75,75,75,75,75,75,75,75,75,75,75,75,75,75,75,75,75,75,71,71,71],"card_choices":[{"not_picked":["Violence","Thinking Ahead"],"picked":"Apotheosis","floor":0},{"not_picked":["Anger","Searing Blow"],"picked":"Battle Trance","floor":1},{"not_picked":["Headbutt","True Grit"],"picked":"Body Slam","floor":2},{"not_picked":["Clash","Perfected Strike"],"picked":"Blood for Blood","floor":3},{"not_picked":["Clash","Perfected Strike"],"picked":"True Grit","floor":4},{"not_picked":["Clash","Burning Pact"],"picked":"Twin Strike","floor":5},{"not_picked":["Headbutt","Reckless Charge"],"picked":"Shrug It Off","floor":7},{"not_picked":["Uppercut","Dark Embrace"],"picked":"Power Through","floor":11},{"not_picked":["Headbutt","Iron Wave"],"picked":"Feel No Pain","floor":12},{"not_picked":["Twin Strike","Pommel Strike","Havoc"],"picked":"SKIP","floor":13},{"not_picked":["Berserk","Demon Form","Exhume"],"picked":"Immolate","floor":16},{"not_picked":["Armaments+1","Thunderclap","Metallicize","Body Slam"],"picked":"SKIP","floor":18},{"not_picked":["Perfected Strike","Seeing Red","Warcry","Juggernaut"],"picked":"SKIP","floor":19},{"not_picked":["Heavy Blade","Thunderclap","Rage"],"picked":"Dark Embrace+1","floor":24},{"not_picked":["Disarm","Perfected Strike","Shockwave+1","Dual Wield"],"picked":"SKIP","floor":25},{"not_picked":["Iron Wave","Cleave","Heavy Blade"],"picked":"Demon Form","floor":27},{"not_picked":["Spot Weakness","Searing Blow","Twin Strike","Sentinel+1"],"picked":"SKIP","floor":31},{"not_picked":["Exhume","Juggernaut","Fiend Fire"],"picked":"Limit Break","floor":33},{"not_picked":["Wild Strike+1","Shockwave","Body Slam"],"picked":"Second Wind","floor":35},{"not_picked":["Shockwave","Thunderclap","Body Slam","Second Wind"],"picked":"SKIP","floor":37}],"player_experience":1467966,"relics_obtained":[{"floor":7,"key":"Bronze Scales"},{"floor":9,"key":"Self Forming Clay"},{"floor":13,"key":"Question Card"},{"floor":24,"key":"Akabeko"},{"floor":26,"key":"Shuriken"},{"floor":27,"key":"Whetstone"},{"floor":31,"key":"Art of War"}],"event_choices":[{"damage_healed":0,"gold_gain":0,"player_choice":"Ignored","damage_taken":0,"max_hp_gain":0,"max_hp_loss":0,"event_name":"Liars Game","floor":8,"gold_loss":0},{"damage_healed":0,"gold_gain":0,"player_choice":"0 cards matched","damage_taken":0,"max_hp_gain":0,"max_hp_loss":0,"event_name":"Match and Keep!","floor":10,"gold_loss":0,"cards_obtained":[]},{"damage_healed":0,"gold_gain":0,"player_choice":"Upgraded","damage_taken":0,"max_hp_gain":0,"max_hp_loss":0,"event_name":"Upgrade Shrine","floor":14,"gold_loss":0,"cards_upgraded":["Feel No Pain"]},{"cards_removed":["Strike_R"],"damage_healed":0,"gold_gain":0,"player_choice":"Elegance","damage_taken":0,"max_hp_gain":0,"max_hp_loss":0,"event_name":"Back to Basics","floor":21,"gold_loss":0},{"damage_healed":0,"gold_gain":0,"cards_transformed":["Strike_R","Strike_R"],"player_choice":"Became Test Subject","damage_taken":0,"max_hp_gain":0,"max_hp_loss":0,"event_name":"Drug Dealer","floor":22,"gold_loss":0,"cards_obtained":["Berserk","Wild Strike"]},{"damage_healed":0,"gold_gain":50,"player_choice":"Stole From Cult","damage_taken":0,"max_hp_gain":0,"max_hp_loss":0,"event_name":"Nest","floor":30,"gold_loss":0},{"damage_healed":0,"gold_gain":0,"player_choice":"Memory 3","damage_taken":10,"max_hp_gain":0,"max_hp_loss":0,"event_name":"SensoryStone","floor":36,"gold_loss":0},{"damage_healed":0,"gold_gain":0,"player_choice":"Max HP","damage_taken":0,"max_hp_gain":0,"max_hp_loss":4,"event_name":"Winding Halls","floor":39,"gold_loss":0}],"is_beta":false,"boss_relics":[{"not_picked":["Busted Crown","Calling Bell"],"picked":"Fusion Hammer"},{"not_picked":["Pandora\u0027s Box","Tiny House"],"picked":"Black Blood"}],"items_purged_floors":[20,28,38],"is_endless":false,"potions_floor_spawned":[5,7,13,16,19,25,31,33],"killed_by":"Reptomancer","ascension_level":20}}