{"host":"onk0sru1v5nf4gev","time":1612556433,"event":{"mods":["AchievementEnabler","BaseMod","Downfall","Googly Eyes","Hermit","Minty Spire (QoL Compilation)","Replay The Spire","StSLib","SuperFastMode","The Cursed"],"gold_per_floor":[115,115,115,135,38,54,54,54,54,54,75,75,94,115,115,238,238,221,121,121,144,144,144,178,178,178,178,178,192,217,22,22,146,146,159,159,175,193,36,36,36],"floor_reached":40,"language":"FRA","playtime":1893,"items_purged":[],"score":530,"play_id":"b0d1d187-113e-4b47-9372-96a0cd32ad15","local_time":"20210205212033","is_ascension_mode":true,"campfire_choices":[{"data":"Armaments","floor":7,"key":"SMITH"},{"data":"Neutralize","floor":10,"key":"SMITH"},{"floor":15,"key":"REST"},{"floor":23,"key":"REST"},{"floor":25,"key":"REST"},{"floor":27,"key":"REST"},{"floor":32,"key":"REST"}],"circlet_count":0,"master_deck":["Strike_R","Strike_R","Strike_R","Strike_R","Strike_R","Defend_R","Defend_R","Defend_R","Iron Wave","Armaments+1","Perfected Strike","Thunderclap","Offering","Survivor","Neutralize+1","Clash","Reaper","Flex","Eclipse","Perfected Strike","Clash","Carnage+1","ReplayTheSpireMod:Muscle Training","Inflame","Clothesline+1","ReplayTheSpireMod:Muscle Training+1","Demon Form","sneckomod:UnknownClassRED+1","Juggernaut","Clash","Rage+1","Guardian:MultiBeam+1","Guardian:Gem_Red","champ:Endure+1","Trip","Blind+1"],"relics":["SacredBark","Golden Idol","ReplayTheSpireMod:Ninjato","Replay:Ringing Soul","Ring of Chaos","Blue Candle","Replay:Wax Seal","Self Forming Clay","PrismaticShard","Replay:Bronze Core","Orrery"],"acts_visited":["Exordium","TheCity","TheBeyond"],"potions_floor_usage":[4,16,16,16,21,24,33,35,37,37,40],"damage_taken":[{"damage":6,"enemies":"2 Louse","floor":1,"turns":4},{"damage":13,"enemies":"Jaw Worm","floor":4,"turns":4},{"damage":0,"enemies":"Small Slimes","floor":6,"turns":3},{"damage":5,"enemies":"Gremlin Gang","floor":11,"turns":5},{"damage":9,"enemies":"Exordium Wildlife","floor":13,"turns":2},{"damage":6,"enemies":"Large Slime","floor":14,"turns":4},{"damage":25,"enemies":"Hexaghost","floor":16,"turns":9},{"damage":12,"enemies":"2 Thieves","floor":18,"turns":4},{"damage":38,"enemies":"Chosen","floor":21,"turns":6},{"damage":62,"enemies":"Gremlin Leader","floor":24,"turns":5},{"damage":37,"enemies":"Centurion and Healer","floor":29,"turns":6},{"damage":33,"enemies":"Cultist and Chosen","floor":30,"turns":5},{"damage":63,"enemies":"Champ","floor":33,"turns":14},{"damage":24,"enemies":"3 Darklings","floor":35,"turns":4},{"damage":55,"enemies":"3 Shapes","floor":37,"turns":4},{"damage":40,"enemies":"Jaw Worm Horde","floor":38,"turns":4},{"damage":45,"enemies":"Giant Head","floor":40,"turns":5}],"seed_played":"4129048977440542866","potions_obtained":[{"floor":4,"key":"EntropicBrew"},{"floor":21,"key":"Milkshake"},{"floor":29,"key":"ElixirPotion"},{"floor":33,"key":"Fire Potion"},{"floor":35,"key":"AttackPotion"},{"floor":38,"key":"Block Potion"}],"is_trial":false,"path_per_floor":["M","?","T","M","$","M","R","?","T","R","M","?","M","M","R","B",null,"M","$","?","M","?","R","E","R","T","R","?","M","M","$","R","B",null,"M","?","M","M","$","E"],"character_chosen":"IRONCLAD","items_purchased":["Perfected Strike","Thunderclap","Clash","ColorlessPotion","PrismaticShard","SkillPotion","Orrery"],"campfire_rested":5,"item_purchase_floors":[5,5,19,19,31,31,39],"current_hp_per_floor":[74,54,54,41,41,41,41,41,41,41,39,39,33,38,64,47,92,83,86,81,46,46,76,25,56,56,87,90,64,48,48,81,21,116,101,104,72,35,38,0,0],"gold":36,"neow_bonus":"BOSS_RELIC","is_daily":false,"chose_seed":false,"campfire_upgraded":2,"win_rate":0.0,"timestamp":1612556433,"path_taken":["M","?","?","M","$","M","R","?","T","R","M","?","?","M","R","BOSS","M","$","?","M","?","R","E","R","T","R","?","?","M","$","R","BOSS","M","?","M","?","?","E"],"items_purchased_type":["Card","Card","Card","Potion","Relic","Potion","Relic"],"build_version":"2020-12-22","purchased_purges":0,"victory":false,"max_hp_per_floor":[80,80,80,80,80,80,80,80,80,80,83,83,86,89,89,92,92,95,98,98,101,101,101,104,104,104,104,107,110,113,113,113,116,116,119,122,125,128,131,131,131],"card_choices":[{"not_picked":["Havoc","Wild Strike"],"picked":"Iron Wave","floor":1},{"not_picked":["Entrench","Perfected Strike"],"picked":"Armaments","floor":4},{"not_picked":["Twin Strike","Shrug It Off"],"picked":"Offering","floor":6},{"not_picked":["Wild Strike","Anger"],"picked":"Clash","floor":11},{"not_picked":["Power Through","Pommel Strike"],"picked":"Reaper","floor":13},{"not_picked":["Dual Wield","Whirlwind"],"picked":"Flex","floor":14},{"not_picked":["Reaper","Replay:Many Hands"],"picked":"Eclipse","floor":16},{"not_picked":["ReplayTheSpireMod:LeadingStrike","Thunderclap"],"picked":"Perfected Strike","floor":18},{"not_picked":["Defy Death+1","ReplayReversal"],"picked":"Carnage+1","floor":21},{"not_picked":["Twin Strike","Rupture"],"picked":"ReplayTheSpireMod:Muscle Training","floor":24},{"not_picked":["Armaments","True Grit+1"],"picked":"Clothesline+1","floor":29},{"not_picked":["Sentinel","Dropkick"],"picked":"ReplayTheSpireMod:Muscle Training+1","floor":30},{"not_picked":["Omniscience","hermit:HighNoon"],"picked":"Demon Form","floor":33},{"not_picked":["Cold Snap","BootSequence"],"picked":"sneckomod:UnknownClassRED+1","floor":35},{"not_picked":["Defragment","expansioncontent:PrepareCrush"],"picked":"Rage+1","floor":37},{"not_picked":["sneckomod:SnakeSap","champ:PerfectedStrike+1"],"picked":"Guardian:MultiBeam+1","floor":38},{"not_picked":["hermit:WideOpen","Entrench"],"picked":"Guardian:Gem_Red","floor":39},{"not_picked":["hexamod:DynamicBlow","Guardian:Harden"],"picked":"champ:Endure+1","floor":39},{"not_picked":["hermit:BodyArmor","Guardian:Repulse+1"],"picked":"Trip","floor":39},{"not_picked":["Dodge and Roll","TheCursedMod:AshesToAshes"],"picked":"Blind+1","floor":39}],"player_experience":272966,"relics_obtained":[{"floor":3,"key":"ReplayTheSpireMod:Ninjato"},{"floor":9,"key":"Replay:Ringing Soul"},{"floor":24,"key":"Replay:Wax Seal"},{"floor":26,"key":"Self Forming Clay"}],"event_choices":[{"damage_healed":0,"gold_gain":0,"player_choice":"Take Damage","damage_taken":20,"relics_obtained":["Golden Idol"],"max_hp_gain":0,"max_hp_loss":0,"event_name":"Golden Idol","floor":2,"gold_loss":0},{"cards_removed":["Defend_R"],"damage_healed":0,"gold_gain":0,"player_choice":"Offered Basic","damage_taken":0,"max_hp_gain":0,"max_hp_loss":0,"event_name":"Bonfire Elementals","floor":12,"gold_loss":0},{"damage_healed":0,"gold_gain":0,"player_choice":"Ignored","damage_taken":0,"max_hp_gain":0,"max_hp_loss":0,"event_name":"Vampires","floor":22,"gold_loss":0},{"damage_healed":0,"gold_gain":0,"player_choice":"Read","damage_taken":0,"max_hp_gain":0,"max_hp_loss":0,"event_name":"The Library","floor":28,"gold_loss":0,"cards_obtained":["Inflame"]},{"damage_healed":0,"gold_gain":0,"player_choice":"2 cards matched","damage_taken":0,"max_hp_gain":0,"max_hp_loss":0,"event_name":"Match and Keep!","floor":36,"gold_loss":0,"cards_obtained":["Juggernaut","Clash"]}],"is_beta":false,"boss_relics":[{"not_picked":["Astrolabe","Runic Cube"],"picked":"Ring of Chaos"},{"not_picked":["Replay:Ancient Bell","Replay:Grab Bag"],"picked":"Replay:Bronze Core"}],"items_purged_floors":[],"is_endless":false,"potions_floor_spawned":[4,13,21,29,33,35,38],"killed_by":"Giant Head","ascension_level":3}}