{"host":"gfxjwtol062e9znw","time":1612526900,"event":{"mods":["BaseMod","Colored Map","Minty Spire (QoL Compilation)","Rare Cards Sparkle"],"gold_per_floor":[218,218,129,140,157,157,183,183,207,219,236,236,236,263,263,365,365,385,13,13,13,28,28,28,43,97,143,155,178,202,226,238,250,250],"floor_reached":33,"language":"ENG","playtime":1714,"items_purged":[],"score":431,"play_id":"7a05de21-fa7f-4ded-b28d-ab28c337642a","local_time":"20210205230820","is_ascension_mode":true,"campfire_choices":[{"data":"Footwork","floor":6,"key":"SMITH"},{"data":"Leg Sweep","floor":8,"key":"SMITH"},{"floor":13,"key":"REST"},{"data":"Terror","floor":15,"key":"SMITH"},{"floor":24,"key":"REST"},{"floor":32,"key":"REST"}],"circlet_count":0,"master_deck":["Strike_G","Strike_G","Strike_G","Strike_G","Defend_G","Survivor","Neutralize+1","Dodge and Roll","Leg Sweep+1","Footwork+1","Quick Slash","Predator","All Out Attack","Quick Slash","Terror+1","Glass Knife","Endless Agony+1","Dash+1","Dodge and Roll+1","Footwork+1","Calculated Gamble+1","Bouncing Flask+1","Prepared+1","Cloak And Dagger+1","PiercingWail+1","Dodge and Roll+1","Deflect+1"],"relics":["Ring of the Snake","Ancient Tea Set","Potion Belt","Oddly Smooth Stone","Astrolabe","Toxic Egg 2","MawBank","StoneCalendar"],"acts_visited":["Exordium","TheCity"],"potions_floor_usage":[7,14,16,18,19,23,27,27,27,33,33,33],"damage_taken":[{"damage":0,"enemies":"Cultist","floor":1,"turns":4},{"damage":0,"enemies":"Small Slimes","floor":4,"turns":5},{"damage":1,"enemies":"Jaw Worm","floor":5,"turns":5},{"damage":9,"enemies":"Gremlin Nob","floor":7,"turns":5},{"damage":0,"enemies":"2 Fungi Beasts","floor":10,"turns":3},{"damage":15,"enemies":"Exordium Thugs","floor":11,"turns":4},{"damage":15,"enemies":"3 Sentries","floor":14,"turns":6},{"damage":46,"enemies":"Slime Boss","floor":16,"turns":20},{"damage":4,"enemies":"2 Thieves","floor":18,"turns":4},{"damage":19,"enemies":"Shell Parasite","floor":22,"turns":6},{"damage":0,"enemies":"Slavers","floor":23,"turns":1},{"damage":0,"enemies":"3 Cultists","floor":25,"turns":8},{"damage":6,"enemies":"Gremlin Leader","floor":27,"turns":6},{"damage":0,"enemies":"Snecko","floor":29,"turns":7},{"damage":7,"enemies":"Chosen and Byrds","floor":30,"turns":7},{"damage":7,"enemies":"Snake Plant","floor":31,"turns":7},{"damage":61,"enemies":"Automaton","floor":33,"turns":14}],"seed_played":"-7511652360054238851","potions_obtained":[{"floor":5,"key":"Regen Potion"},{"floor":11,"key":"Dexterity Potion"},{"floor":16,"key":"LiquidBronze"},{"floor":21,"key":"Fire Potion"},{"floor":25,"key":"Fire Potion"},{"floor":31,"key":"AttackPotion"}],"is_trial":false,"path_per_floor":["M","?","$","M","M","R","E","R","T","M","M","?","R","E","R","B",null,"M","$","?","?","M","E","R","M","T","E","?","M","M","M","R","B"],"character_chosen":"THE_SILENT","items_purchased":["Leg Sweep","Fire Potion","Toxic Egg 2","Calculated Gamble+1","EntropicBrew"],"campfire_rested":3,"item_purchase_floors":[3,3,19,19,19],"current_hp_per_floor":[63,63,63,63,62,62,53,53,53,53,38,38,59,59,59,13,56,52,52,52,52,33,33,54,54,54,48,48,48,41,34,55,0,0],"gold":250,"neow_bonus":"HUNDRED_GOLD","is_daily":false,"chose_seed":false,"campfire_upgraded":3,"win_rate":0.0,"timestamp":1612526900,"path_taken":["M","?","?","M","M","R","E","R","T","M","M","?","R","E","R","BOSS","M","$","?","?","M","E","R","?","T","E","?","M","M","M","R","BOSS"],"items_purchased_type":["Card","Potion","Relic","Card","Potion"],"build_version":"2020-12-22","purchased_purges":0,"victory":false,"max_hp_per_floor":[70,70,70,70,70,70,70,70,70,70,70,70,70,70,70,70,70,70,70,70,70,70,70,70,70,70,70,70,70,70,70,70,70,70],"card_choices":[{"not_picked":["Backflip","Dagger Throw"],"picked":"Dodge and Roll","floor":1},{"not_picked":["Eviscerate","Cloak And Dagger"],"picked":"Footwork","floor":4},{"not_picked":["Riddle With Holes","Outmaneuver"],"picked":"Quick Slash","floor":5},{"not_picked":["Riddle With Holes","Poisoned Stab"],"picked":"Predator","floor":7},{"not_picked":["Tactician","Bane"],"picked":"All Out Attack","floor":10},{"not_picked":["All Out Attack","Slice"],"picked":"Quick Slash","floor":11},{"not_picked":["Concentrate","Outmaneuver"],"picked":"Terror","floor":14},{"not_picked":["After Image","Night Terror"],"picked":"Glass Knife","floor":16},{"not_picked":["Slice","Choke"],"picked":"Footwork+1","floor":18},{"not_picked":["Dagger Throw","Leg Sweep+1"],"picked":"Prepared+1","floor":22},{"not_picked":["Slice+1","Expertise+1"],"picked":"Cloak And Dagger+1","floor":25},{"not_picked":["Choke+1","Catalyst+1"],"picked":"PiercingWail+1","floor":27},{"not_picked":["PiercingWail+1","Sucker Punch"],"picked":"Dodge and Roll+1","floor":29},{"not_picked":["A Thousand Cuts","PiercingWail+1","Quick Slash+1"],"picked":"SKIP","floor":30},{"not_picked":["All Out Attack+1","Dash"],"picked":"Deflect+1","floor":31}],"player_experience":92312,"relics_obtained":[{"floor":7,"key":"Ancient Tea Set"},{"floor":9,"key":"Potion Belt"},{"floor":14,"key":"Oddly Smooth Stone"},{"floor":26,"key":"MawBank"},{"floor":27,"key":"StoneCalendar"}],"event_choices":[{"damage_healed":0,"gold_gain":0,"player_choice":"Upgraded","damage_taken":0,"max_hp_gain":0,"max_hp_loss":0,"event_name":"Upgrade Shrine","floor":2,"gold_loss":0,"cards_upgraded":["Neutralize"]},{"damage_healed":0,"gold_gain":0,"player_choice":"Ignored","damage_taken":0,"max_hp_gain":0,"max_hp_loss":0,"event_name":"Liars Game","floor":12,"gold_loss":0},{"damage_healed":0,"gold_gain":0,"cards_transformed":["Defend_G","Defend_G"],"player_choice":"Became Test Subject","damage_taken":0,"max_hp_gain":0,"max_hp_loss":0,"event_name":"Drug Dealer","floor":20,"gold_loss":0,"cards_obtained":["Bouncing Flask","Bane"]},{"damage_healed":0,"gold_gain":0,"player_choice":"Got Potions","damage_taken":0,"max_hp_gain":0,"max_hp_loss":0,"event_name":"Lab","floor":21,"gold_loss":0},{"cards_removed":["Bane"],"damage_healed":0,"gold_gain":0,"player_choice":"Purged","damage_taken":0,"max_hp_gain":0,"max_hp_loss":0,"event_name":"Purifier","floor":28,"gold_loss":0}],"is_beta":false,"boss_relics":[{"not_picked":["SacredBark","Sozu"],"picked":"Astrolabe"}],"items_purged_floors":[],"is_endless":false,"potions_floor_spawned":[5,11,16,22,25,31],"killed_by":"Automaton","ascension_level":9}}