{"host":"6p0attdrtjqaih7v","time":1612534382,"event":{"mods":["2.2 Compatiblity","AchievementEnabler","Bard","BaseMod","Better Skull","Better Third Choice","Colored Powertips","Hermit","Highlight Path","Key Reminder","Minty Spire (QoL Compilation)","Permanent Neow","Quick Restart","Random Character Button","Relic Stats","Reliquary","Replay The Spire","Robot Space Explorer","StSLib","The Witch"],"gold_per_floor":[118,9,9,25,41,69,69,95,121,86,86,86,110,110,110],"floor_reached":14,"language":"ENG","playtime":427,"items_purged":[],"score":196,"play_id":"5fcd10bf-b386-4031-9480-8de5a03b9a2e","local_time":"20210205091302","is_ascension_mode":true,"campfire_choices":[{"data":"RobotSpaceExplorer:MiniLasers","floor":7,"key":"SMITH"}],"circlet_count":0,"master_deck":["AscendersBane","RobotSpaceExplorer:Strike","RobotSpaceExplorer:Strike","RobotSpaceExplorer:Strike","RobotSpaceExplorer:Strike","RobotSpaceExplorer:Defend","RobotSpaceExplorer:Defend","RobotSpaceExplorer:Defend","RobotSpaceExplorer:Defend","RobotSpaceExplorer:Scan","RobotSpaceExplorer:MiniLasers+1","RobotSpaceExplorer:SlimeMissile","RobotSpaceExplorer:SurgingStrike","RobotSpaceExplorer:StunGrenade+1","RobotSpaceExplorer:RigExplosive","RobotSpaceExplorer:SurgingStrike","RobotSpaceExplorer:GlueSpray"],"relics":["RobotSpaceExplorer:RoboCore","reliquary:Knoch","reliquary:PartyBalloon","Omamori","Golden Idol"],"acts_visited":["Exordium"],"potions_floor_usage":[6,8,8,13,14,14,14],"damage_taken":[{"damage":1,"enemies":"Cultist","floor":1,"turns":3},{"damage":0,"enemies":"2 Louse","floor":4,"turns":3},{"damage":5,"enemies":"Small Slimes","floor":5,"turns":3},{"damage":26,"enemies":"3 Sentries","floor":6,"turns":11},{"damage":28,"enemies":"Lagavulin","floor":8,"turns":6},{"damage":0,"enemies":"2 Fungi Beasts","floor":13,"turns":2},{"damage":30,"enemies":"Gremlin Nob","floor":14,"turns":4}],"seed_played":"8415386581572757088","potions_obtained":[{"floor":3,"key":"RobotSpaceExplorer:RecyclePotion"},{"floor":4,"key":"Fire Potion"},{"floor":8,"key":"SpeedPotion"},{"floor":13,"key":"Block Potion"}],"is_trial":false,"path_per_floor":["M","$","?","M","M","E","R","E","T","?","?","?","M","E"],"character_chosen":"RobotSpaceExplorer","items_purchased":["RobotSpaceExplorer:SurgingStrike","BlessingOfTheForge"],"campfire_rested":0,"item_purchase_floors":[2,2],"current_hp_per_floor":[70,70,70,70,65,39,39,11,11,30,30,30,30,0,0],"gold":110,"neow_bonus":"TEN_PERCENT_HP_BONUS","is_daily":false,"chose_seed":false,"campfire_upgraded":1,"win_rate":0.0,"timestamp":1612534382,"path_taken":["M","$","?","?","M","E","R","E","T","?","?","?","M","E"],"items_purchased_type":["Card","Potion"],"build_version":"2020-12-22","purchased_purges":0,"victory":false,"max_hp_per_floor":[78,78,78,78,78,78,78,78,78,78,78,78,78,78,78],"relic_stats":{"counters":[7,32],"Golden Idol":5,"obtain_stats":[{"reliquary:PartyBalloon":8,"Golden Idol":11,"RobotSpaceExplorer:RoboCore":0,"Omamori":9,"reliquary:Knoch":6},{"reliquary:PartyBalloon":5,"Golden Idol":5,"RobotSpaceExplorer:RoboCore":0,"Omamori":5,"reliquary:Knoch":4},{"reliquary:PartyBalloon":26,"Golden Idol":26,"RobotSpaceExplorer:RoboCore":0,"Omamori":26,"reliquary:Knoch":20}]},"card_choices":[{"not_picked":["RobotSpaceExplorer:SurgingShield","RobotSpaceExplorer:Smokescreen"],"picked":"RobotSpaceExplorer:SlimeMissile","floor":1},{"not_picked":["RobotSpaceExplorer:LaserBurst","RobotSpaceExplorer:Jetpack","RobotSpaceExplorer:ShockKick"],"picked":"SKIP","floor":4},{"not_picked":["RobotSpaceExplorer:ShockKick","RobotSpaceExplorer:Counterblock"],"picked":"RobotSpaceExplorer:StunGrenade","floor":5},{"not_picked":["RobotSpaceExplorer:PowerCollector","RobotSpaceExplorer:FreezeRay"],"picked":"RobotSpaceExplorer:RigExplosive","floor":6},{"not_picked":["RobotSpaceExplorer:Counterblock","RobotSpaceExplorer:Discharger"],"picked":"RobotSpaceExplorer:SurgingStrike","floor":8},{"not_picked":["RobotSpaceExplorer:BlastShield","RobotSpaceExplorer:Pulsar"],"picked":"RobotSpaceExplorer:GlueSpray","floor":13}],"player_experience":1008978,"relics_obtained":[{"floor":6,"key":"reliquary:Knoch"},{"floor":8,"key":"reliquary:PartyBalloon"},{"floor":9,"key":"Omamori"}],"event_choices":[{"damage_healed":0,"gold_gain":0,"player_choice":"Got Potions","damage_taken":0,"max_hp_gain":0,"max_hp_loss":0,"event_name":"Lab","floor":3,"gold_loss":0},{"damage_healed":19,"gold_gain":0,"player_choice":"Healed","damage_taken":0,"max_hp_gain":0,"max_hp_loss":0,"event_name":"The Cleric","floor":10,"gold_loss":35},{"damage_healed":0,"gold_gain":0,"player_choice":"Take Wound","damage_taken":0,"relics_obtained":["Golden Idol"],"max_hp_gain":0,"max_hp_loss":0,"event_name":"Golden Idol","floor":11,"gold_loss":0,"cards_obtained":["Injury"]},{"damage_healed":0,"gold_gain":0,"player_choice":"Upgraded","damage_taken":0,"max_hp_gain":0,"max_hp_loss":0,"event_name":"Upgrade Shrine","floor":12,"gold_loss":0,"cards_upgraded":["RobotSpaceExplorer:StunGrenade"]}],"is_beta":false,"boss_relics":[],"items_purged_floors":[],"is_endless":false,"potions_floor_spawned":[4,8,13],"killed_by":"Gremlin Nob","ascension_level":20}}