{"host":"gsscz6k9fq2x5v2h","time":1612565739,"event":{"mods":["100% Spire Juice","AchievementEnabler","BaseMod","Better Note","Better Skull","Better Synergies","Better Third Choice","Better Vampires","Block Reminder","Colored Map","Colored Powertips","Dark Map","Friendly Minions","Minty Spire (QoL Compilation)","Permanent Neow","Quick Restart","Replay The Spire","Retaliation","Shop Mod","Spicy Shops","Spikes Relics","StSLib","SuperFastMode","TestMod","??????REMEMod","????"],"gold_per_floor":[115,40,440,440,440,470,470,499,524,524,541,541,552,581,581,683,683,697,82,357,47,60,86,86,86,86,86,86,86,86,113,113,210,210,230,37,37,57,57,57,57,89,116,116,116,128,128,147,147,147],"floor_reached":51,"language":"FRA","playtime":1871,"items_purged":["Strike_B","Regret"],"score":748,"play_id":"0fb2bee5-9d30-4b88-92ee-10af871f3abb","local_time":"20210205235539","is_ascension_mode":false,"campfire_choices":[{"data":"Dualcast","floor":7.0,"key":"SMITH"},{"data":"testmod-Dream","floor":10,"key":"SMITH"},{"data":"Fusion","floor":15,"key":"SMITH"},{"data":"Coolheaded","floor":24,"key":"SMITH"},{"data":"Capacitor","floor":27,"key":"SMITH"},{"data":"Biased Cognition","floor":29,"key":"SMITH"},{"data":"Static Discharge","floor":32,"key":"SMITH"},{"floor":40,"key":"DIG"},{"floor":45,"key":"DIG"},{"floor":47,"key":"DIG"},{"floor":49,"key":"DIG"}],"circlet_count":0,"master_deck":["Strike_B","Strike_B","Strike_B","Defend_B","Defend_B","Defend_B","Zap+1","Dualcast+1","testmod-Dream+1","Coolheaded+1","Static Discharge","Steam","Sweeping Beam","Storm","Fusion+1","Biased Cognition+1","Static Discharge+1","Conserve Battery+1","Consume+1","Capacitor+1","Conserve Battery+1","FIFO Queue","Conserve Battery+1","Self Repair","Chill+1","Core Surge","Go for the Eyes+1","Tempest+1","REME_WheelOfFate+1","Finesse+1","testmod-RepeatForm+1","Defragment","Defragment","BasicCrystalCard+1","ReplayTheSpireMod:Calculation Training+1","Compile Driver"],"relics":["Cracked Core","REME_ComplimentaryCards","testmod-FatalChain","REME_HourglassOfDeath","Replay:Bottled Flurry","Centennial Puzzle","HornCleat","testmod-Justice","testmod-PortableAltar","Toxic Egg 2","SpikesRelics:DaevaFist","Medical Kit","Ancient Tea Set","White Beast Statue","testmod-IncinerationGenerator","MerchantsRug","Shovel","Bag of Marbles","Golden Egg","Replay:Bottled Snecko","testmod-TurbochargingSystem","MiniBlackHole","testmod-BouquetWithThorns","Prayer Wheel","LugNut","Carrot"],"acts_visited":["Exordium","TheCity","TheBeyond"],"potions_floor_usage":[14,16,23,35,50,50,50,50],"damage_taken":[{"damage":0.0,"enemies":"2 Louse","floor":1.0,"turns":1.0},{"damage":0.0,"enemies":"3 Sentries","floor":6.0,"turns":2.0},{"damage":21,"enemies":"Gremlin Nob","floor":8,"turns":4},{"damage":0,"enemies":"Small Slimes","floor":11,"turns":2},{"damage":0,"enemies":"Cultist","floor":13,"turns":3},{"damage":16,"enemies":"Lagavulin","floor":14,"turns":4},{"damage":12,"enemies":"The Guardian","floor":16,"turns":7},{"damage":10,"enemies":"3 Byrds","floor":18,"turns":2},{"damage":2,"enemies":"Shell Parasite","floor":22,"turns":3},{"damage":6,"enemies":"Book of Stabbing","floor":23,"turns":4},{"damage":8,"enemies":"Gremlin Leader","floor":31,"turns":4},{"damage":8,"enemies":"Pondfish","floor":33,"turns":6},{"damage":0,"enemies":"3 Darklings","floor":35,"turns":3},{"damage":4,"enemies":"Orb Walker","floor":38,"turns":3},{"damage":1,"enemies":"Giant Head","floor":42,"turns":6},{"damage":0,"enemies":"Maw","floor":46,"turns":4},{"damage":0,"enemies":"Jaw Worm Horde","floor":48,"turns":3},{"damage":1,"enemies":"Replay:Hell Engine","floor":50,"turns":7}],"seed_played":"-4621534736362590077","potions_obtained":[{"floor":1.0,"key":"Regen Potion"},{"floor":6.0,"key":"SteroidPotion"},{"floor":14,"key":"testmod-SpacePotion"},{"floor":18,"key":"Explosive Potion"},{"floor":23,"key":"Toxic Potion"},{"floor":33,"key":"testmod-TestPotion"},{"floor":35,"key":"testmod-SpacePotion"},{"floor":38,"key":"Swift Potion"},{"floor":42,"key":"FocusPotion"},{"floor":46,"key":"Regen Potion"},{"floor":48,"key":"Swift Potion"}],"is_trial":false,"path_per_floor":["M","$","?","?","?","E","R","E","T","R","M","T","M","E","R","B",null,"M","$","?","$","M","E","R","$","T","R","?","R","?","E","R","B",null,"M","$","?","M","?","R","?","E","T","?","R","M","R","M","R","B",null],"character_chosen":"DEFECT","items_purchased":["testmod-MagicalMallet","Toxic Egg 2","Consume+1","Capacitor","SpikesRelics:DaevaFist","Medical Kit","Conserve Battery+1","MerchantsRug","Shovel"],"campfire_rested":0,"item_purchase_floors":[19,19,19,19,19,21,21,36,36],"current_hp_per_floor":[75,75,75,75,75,75,75,54,54,54,54,54,54,38,38,41,75,64,64,64,64,62,56,56,56,56,56,56,56,56,48,48,47,58,57,56,55,50,50,50,40,46,46,46,46,46,45,44,43,42],"gold":147,"neow_bonus":"UPGRADE_CARD","is_daily":false,"chose_seed":false,"campfire_upgraded":7,"win_rate":0.0,"timestamp":1612565739,"path_taken":["M","$","?","?","?","E","R","E","T","R","M","?","M","E","R","BOSS","M","$","?","$","M","E","R","?","T","R","?","R","?","E","R","BOSS","M","$","?","M","?","R","?","E","T","?","R","?","R","M","R","BOSS"],"items_purchased_type":["Relic","Relic","Card","Card","Relic","Relic","Card","Relic","Relic"],"build_version":"2020-12-22","purchased_purges":2,"victory":true,"max_hp_per_floor":[75,75,75,75,75,75,75,75,75,75,75,75,75,75,75,75,75,74,73,72,71,70,69,68,67,66,65,64,63,62,61,60,59,58,57,56,55,54,53,52,51,50,49,48,47,46,45,44,43,42],"card_choices":[{"not_picked":["Aggregate","ReplaySort"],"picked":"Coolheaded","floor":1.0},{"not_picked":["REME_Whirling","Force Field"],"picked":"Static Discharge","floor":6.0},{"not_picked":["REME_Whirling","Amplify"],"picked":"Steam","floor":8},{"not_picked":["Steam","RefreshScreen"],"picked":"Sweeping Beam","floor":11},{"not_picked":["Reinforced Body","Steam Power"],"picked":"Storm","floor":13},{"not_picked":["REME_DataAnalysis","ReplayTheSpireMod:System Scan"],"picked":"Fusion","floor":14},{"not_picked":["ReplayTheSpireMod:Fabricate Wheel","Mirror Shield"],"picked":"Biased Cognition","floor":16},{"not_picked":["ReplayTheSpireMod:Reroute Power","Skim"],"picked":"Static Discharge","floor":18},{"not_picked":["Leap","Turbo"],"picked":"Conserve Battery+1","floor":18},{"not_picked":["Darkness+1","REME_DataAnalysis"],"picked":"FIFO Queue","floor":22},{"not_picked":["Leap+1","Reprogram+1"],"picked":"Conserve Battery+1","floor":22},{"not_picked":["Hologram+1","Time Bomb+1"],"picked":"Self Repair","floor":23},{"not_picked":["ReplayTheSpireMod:GoodbyeWorld","Gash"],"picked":"Chill+1","floor":31},{"not_picked":["All For One","Machine Learning"],"picked":"Core Surge","floor":33},{"not_picked":["ReplayTheSpireMod:GoodbyeWorld","Static Discharge+1"],"picked":"Go for the Eyes+1","floor":35},{"not_picked":["Go for the Eyes","Beam Cell","Time Bomb+1"],"picked":"SKIP","floor":35},{"not_picked":["FTL+1","REME_Compress+1"],"picked":"Tempest+1","floor":38},{"not_picked":["Sharp Hide+1","Violence+1"],"picked":"REME_WheelOfFate+1","floor":41},{"not_picked":["testmod-RabbitOfFibonacci","testmod-HandmadeProducts"],"picked":"Finesse+1","floor":41},{"not_picked":["testmod-EternalityOfKhronos+1","REME_AllRoundStrike"],"picked":"testmod-RepeatForm","floor":41},{"not_picked":["Conserve Battery+1","Compile Driver+1"],"picked":"Defragment","floor":42},{"not_picked":["Beam Cell+1","Steam+1"],"picked":"Defragment","floor":46},{"not_picked":["Streamline","Ball Lightning"],"picked":"BasicCrystalCard+1","floor":46},{"not_picked":["Fusion+1","Loop"],"picked":"ReplayTheSpireMod:Calculation Training+1","floor":48},{"not_picked":["Melter","Streamline+1"],"picked":"Compile Driver","floor":48}],"player_experience":1558792,"relics_obtained":[{"floor":6.0,"key":"REME_HourglassOfDeath"},{"floor":8,"key":"Replay:Bottled Flurry"},{"floor":9,"key":"Centennial Puzzle"},{"floor":12,"key":"HornCleat"},{"floor":14,"key":"testmod-Justice"},{"floor":23,"key":"Replay:Accelerometer"},{"floor":26,"key":"Bottled Lightning"},{"floor":31,"key":"White Beast Statue"},{"floor":40,"key":"Golden Egg"},{"floor":42,"key":"Replay:Bottled Snecko"},{"floor":43,"key":"testmod-TurbochargingSystem"},{"floor":44,"key":"MiniBlackHole"},{"floor":45,"key":"testmod-BouquetWithThorns"},{"floor":47,"key":"LugNut"},{"floor":49,"key":"Carrot"}],"event_choices":[{"damage_healed":0.0,"max_hp_gain":0.0,"max_hp_loss":0.0,"gold_gain":400.0,"event_name":"Plate Of N\u0027loth","player_choice":"Sell","floor":3.0,"relics_lost":["testmod-TestBox"],"gold_loss":0.0,"damage_taken":0.0},{"damage_healed":0.0,"max_hp_gain":0.0,"max_hp_loss":0.0,"gold_gain":0.0,"event_name":"Box For Yourself","player_choice":"Swap Relic","floor":4.0,"relics_lost":["testmod-TestBox"],"gold_loss":0.0,"damage_taken":0.0,"relics_obtained":["testmod-TestBox"]},{"cards_removed":["Defend_B"],"damage_healed":0.0,"max_hp_gain":0.0,"max_hp_loss":0.0,"gold_gain":0.0,"event_name":"Living Wall","player_choice":"Forget","floor":5.0,"gold_loss":0.0,"damage_taken":0.0},{"damage_healed":0,"gold_gain":275,"player_choice":"Desecrate","damage_taken":0,"max_hp_gain":0,"max_hp_loss":0,"event_name":"Golden Shrine","floor":20,"gold_loss":0,"cards_obtained":["Regret"]},{"damage_healed":0,"gold_gain":0,"player_choice":"Gave Potion","damage_taken":0,"relics_obtained":["Ancient Tea Set"],"max_hp_gain":0,"max_hp_loss":0,"event_name":"WeMeetAgain","floor":28,"gold_loss":0},{"cards_removed":["Strike_B"],"damage_healed":0,"gold_gain":0,"player_choice":"Give","damage_taken":0,"max_hp_gain":0,"max_hp_loss":0,"event_name":"betterNote:BetterNote","floor":30,"gold_loss":0,"cards_obtained":["None"]},{"damage_healed":0,"gold_gain":0,"player_choice":"Memory 3","damage_taken":10,"max_hp_gain":0,"max_hp_loss":0,"event_name":"SensoryStone","floor":41,"gold_loss":0},{"damage_healed":0,"gold_gain":0,"player_choice":"Relic","damage_taken":0,"max_hp_gain":0,"max_hp_loss":0,"event_name":"Wheel of Change","floor":44,"gold_loss":0}],"is_beta":false,"boss_relics":[{"not_picked":["testmod-GoldenSoul","testmod-DreamHouse"],"picked":"testmod-PortableAltar"},{"not_picked":["CosmicIsotope","Kintsugi"],"picked":"testmod-IncinerationGenerator"}],"items_purged_floors":[2,21],"is_endless":false,"potions_floor_spawned":[1,6,14,18,23,33,35,38,42,46,48],"ascension_level":0}}