{"host":"neeznpvpgo0qgfkd","time":1612548672,"event":{"mods":["AchievementEnabler","BaseMod","BetterRewards","Colored Map","Colored Powertips","Exacting","Minty Spire (QoL Compilation)","Permanent Neow","Quick Restart","Shop Mod"],"gold_per_floor":[134,134,147,161,173,218,230,242,281,352,99,138,138,189,189,333,333,362,362,114,132,147,147,147],"floor_reached":23,"language":"ENG","playtime":1076,"items_purged":["Regret","Injury"],"score":307,"play_id":"41d63eca-0110-4e2b-b380-a8b5b99c2b10","local_time":"20210205131112","is_ascension_mode":true,"campfire_choices":[{"floor":8.0,"key":"REST"},{"floor":15,"key":"REST"}],"circlet_count":0,"master_deck":["Strike_B","Strike_B","Strike_B","Strike_B","Defend_B","Defend_B","Defend_B","Defend_B","Zap","Dualcast","Storm","Static Discharge","Beam Cell","White Noise+1","Ball Lightning","Sunder","Leap","Echo Form","Self Repair","Buffer","Creative AI","Conserve Battery+1","Defragment","Static Discharge"],"relics":["Cracked Core","Du-Vu Doll","StoneCalendar","MawBank","Golden Idol","Orichalcum","Juzu Bracelet","Happy Flower","Centennial Puzzle","Membership Card","Regal Pillow","Oddly Smooth Stone","SlaversCollar","Enchiridion","Gremlin Horn"],"acts_visited":["Exordium","TheCity"],"potions_floor_usage":[14,23],"damage_taken":[{"damage":12.0,"enemies":"Jaw Worm","floor":1.0,"turns":2.0},{"damage":1.0,"enemies":"2 Louse","floor":3.0,"turns":2.0},{"damage":13.0,"enemies":"Small Slimes","floor":4.0,"turns":3.0},{"damage":26.0,"enemies":"Gremlin Nob","floor":6.0,"turns":4.0},{"damage":24.0,"enemies":"3 Sentries","floor":10.0,"turns":5.0},{"damage":14.0,"enemies":"Lagavulin","floor":12.0,"turns":3.0},{"damage":15,"enemies":"3 Sentries","floor":14,"turns":4},{"damage":0,"enemies":"Slime Boss","floor":16,"turns":6},{"damage":27,"enemies":"2 Thieves","floor":18,"turns":3},{"damage":15,"enemies":"Chosen","floor":21,"turns":5},{"damage":12,"enemies":"Snecko","floor":22,"turns":5},{"damage":30,"enemies":"Gremlin Leader","floor":23,"turns":2}],"seed_played":"-1358871454491323542","potions_obtained":[{"floor":1.0,"key":"BlessingOfTheForge"},{"floor":4.0,"key":"SkillPotion"},{"floor":6.0,"key":"Dexterity Potion"},{"floor":16,"key":"CultistPotion"}],"is_trial":false,"path_per_floor":["M","?","M","M","?","E","?","R","T","E","$","E","?","E","R","B",null,"M","?","$","M","M","E"],"character_chosen":"DEFECT","items_purchased":["Storm","Static Discharge","Beam Cell","Membership Card","Echo Form","Gremlin Horn","Defragment","PowerPotion"],"campfire_rested":2,"item_purchase_floors":[0,0,0,11,11,20,20,20],"current_hp_per_floor":[63,63,62,49,49,34,34,56,56,32,32,18,18,10,47,54,75,62,46,46,31,26,0,0],"gold":147,"neow_bonus":"","is_daily":false,"chose_seed":false,"campfire_upgraded":0,"win_rate":0.0,"timestamp":1612548672,"path_taken":["M","?","M","M","?","E","?","R","T","E","?","E","?","E","R","BOSS","M","?","$","M","M","E"],"items_purchased_type":["Card","Card","Card","Relic","Card","Relic","Card","Potion"],"build_version":"2020-12-22","purchased_purges":2,"victory":false,"max_hp_per_floor":[75,75,75,75,75,75,75,75,75,75,75,75,75,75,75,75,75,75,75,75,75,75,75,75],"card_choices":[{"not_picked":["Tempest","Hologram"],"picked":"White Noise","floor":1.0},{"not_picked":["Coolheaded","Steam","Streamline"],"picked":"SKIP","floor":3.0},{"not_picked":["Consume","Compile Driver"],"picked":"Ball Lightning","floor":4.0},{"not_picked":["Steam","Rebound"],"picked":"Sunder","floor":6.0},{"not_picked":["Auto Shields","Coolheaded"],"picked":"Leap","floor":10.0},{"not_picked":["Reinforced Body","Streamline"],"picked":"Self Repair","floor":12.0},{"not_picked":["Coolheaded","Hologram"],"picked":"Buffer","floor":14},{"not_picked":["Reboot","Seek"],"picked":"Creative AI","floor":16},{"not_picked":["Compile Driver+1","Barrage+1"],"picked":"Conserve Battery+1","floor":18},{"not_picked":["Sweeping Beam","Compile Driver"],"picked":"Static Discharge","floor":21},{"not_picked":["Scrape","Streamline+1","Compile Driver"],"picked":"SKIP","floor":22}],"player_experience":1319012,"relics_obtained":[{"floor":4.0,"key":"MawBank"},{"floor":6.0,"key":"Orichalcum"},{"floor":9.0,"key":"Happy Flower"},{"floor":10.0,"key":"Centennial Puzzle"},{"floor":12.0,"key":"Regal Pillow"},{"floor":14,"key":"Oddly Smooth Stone"},{"floor":19,"key":"Enchiridion"}],"event_choices":[{"damage_healed":0.0,"max_hp_gain":0.0,"max_hp_loss":0.0,"gold_gain":0.0,"event_name":"Living Wall","player_choice":"Grow","floor":2.0,"gold_loss":0.0,"damage_taken":0.0,"cards_upgraded":["White Noise"]},{"damage_healed":0.0,"max_hp_gain":0.0,"max_hp_loss":0.0,"gold_gain":0.0,"event_name":"Golden Idol","player_choice":"Take Wound","floor":5.0,"gold_loss":0.0,"damage_taken":0.0,"relics_obtained":["Golden Idol"],"cards_obtained":["Injury"]},{"damage_healed":0.0,"max_hp_gain":0.0,"max_hp_loss":0.0,"gold_gain":0.0,"event_name":"Big Fish","player_choice":"Box","floor":7.0,"gold_loss":0.0,"damage_taken":0.0,"relics_obtained":["Juzu Bracelet"],"cards_obtained":["Regret"]},{"damage_healed":0,"gold_gain":0,"player_choice":"Searched \u00270\u0027 times","damage_taken":0,"max_hp_gain":0,"max_hp_loss":0,"event_name":"Dead Adventurer","floor":13,"gold_loss":0},{"damage_healed":0,"gold_gain":0,"player_choice":"Obtained Book","damage_taken":16,"max_hp_gain":0,"max_hp_loss":0,"event_name":"Cursed Tome","floor":19,"gold_loss":0}],"is_beta":false,"boss_relics":[{"not_picked":["Runic Dome","Pandora\u0027s Box"],"picked":"SlaversCollar"}],"items_purged_floors":[11,20],"is_endless":false,"potions_floor_spawned":[1,4,6,16],"killed_by":"Gremlin Leader","ascension_level":3}}