{"host":"9bcvatsnbq1a3xq4","time":1612538867,"event":{"mods":["BaseMod","Bestiary","Block Reminder","Highlight Path","Minty Spire (QoL Compilation)","Relic Stats"],"gold_per_floor":[118,118,136,146,156,156,175,204,228,103,103,113,113,123,123,201,201,220,240,240,240,260,260,260],"floor_reached":23,"language":"ENG","playtime":1766,"items_purged":[],"score":490,"play_id":"e3aefa4a-2b53-4129-99c9-bc6af24e5cfd","local_time":"20210205162747","is_ascension_mode":true,"campfire_choices":[{"data":"Ball Lightning","floor":6,"key":"SMITH"},{"floor":11,"key":"REST"},{"data":"Biased Cognition","floor":13,"key":"SMITH"},{"floor":15,"key":"REST"}],"circlet_count":0,"master_deck":["AscendersBane","Defend_B+1","Defend_B+1","Defend_B+1","Defend_B+1","Zap","Dualcast","Clumsy","Echo Form","Consume","Ball Lightning+1","Compile Driver","Rebound","FTL","Turbo","Biased Cognition+1","Conserve Battery","Echo Form","Steam+1","All For One+1","Beam Cell+1","Cold Snap","Cold Snap","Glacier"],"relics":["Cracked Core","Ancient Tea Set","Potion Belt","Bag of Preparation","Astrolabe"],"acts_visited":["Exordium","TheCity"],"potions_floor_usage":[12,12,12,16,16,19,23,23],"damage_taken":[{"damage":9,"enemies":"Jaw Worm","floor":1,"turns":4},{"damage":1,"enemies":"Cultist","floor":3,"turns":4},{"damage":1,"enemies":"2 Louse","floor":4,"turns":3},{"damage":13,"enemies":"Red Slaver","floor":5,"turns":3},{"damage":7,"enemies":"Large Slime","floor":7,"turns":5},{"damage":30,"enemies":"3 Sentries","floor":8,"turns":7},{"damage":7,"enemies":"Exordium Thugs","floor":12,"turns":3},{"damage":3,"enemies":"Blue Slaver","floor":14,"turns":2},{"damage":0,"enemies":"Slime Boss","floor":16,"turns":5},{"damage":12,"enemies":"Spheric Guardian","floor":18,"turns":4},{"damage":18,"enemies":"Shell Parasite","floor":19,"turns":5},{"damage":2,"enemies":"Centurion and Healer","floor":22,"turns":6},{"damage":36,"enemies":"Slavers","floor":23,"turns":5}],"seed_played":"9039678952224074487","potions_obtained":[{"floor":5,"key":"DuplicationPotion"},{"floor":8,"key":"EntropicBrew"},{"floor":14,"key":"GamblersBrew"},{"floor":18,"key":"Explosive Potion"}],"is_trial":false,"path_per_floor":["M","?","M","M","M","R","M","E","T","?","R","M","R","M","R","B",null,"M","M","?","?","M","E"],"character_chosen":"DEFECT","items_purchased":[],"campfire_rested":2,"item_purchase_floors":[],"current_hp_per_floor":[55,55,54,53,40,40,33,3,3,3,24,17,17,14,35,35,62,50,32,32,32,30,0,0],"gold":260,"neow_bonus":"THREE_RARE_CARDS","is_daily":false,"chose_seed":false,"campfire_upgraded":2,"win_rate":0.0,"timestamp":1612538867,"path_taken":["M","?","?","M","M","R","?","E","T","?","R","M","R","M","R","BOSS","M","M","?","?","?","E"],"items_purchased_type":[],"build_version":"2020-12-22","purchased_purges":0,"victory":false,"max_hp_per_floor":[71,71,71,71,71,71,71,71,71,71,71,71,71,71,71,71,71,71,71,71,71,71,71,71],"relic_stats":{"counters":[13,56],"Astrolabe":["Steam","All For One","Beam Cell"],"Bag of Preparation":[14],"obtain_stats":[{"Potion Belt":9,"Astrolabe":17,"Bag of Preparation":10,"Cracked Core":0,"Ancient Tea Set":8},{"Potion Belt":6,"Astrolabe":9,"Bag of Preparation":6,"Cracked Core":0,"Ancient Tea Set":6},{"Potion Belt":26,"Astrolabe":36,"Bag of Preparation":26,"Cracked Core":0,"Ancient Tea Set":26}]},"card_choices":[{"not_picked":["Biased Cognition","Meteor Strike"],"picked":"Echo Form","floor":0},{"not_picked":["Turbo","Reinforced Body"],"picked":"Consume","floor":1},{"not_picked":["Leap","Gash"],"picked":"Ball Lightning","floor":3},{"not_picked":["Barrage","Conserve Battery"],"picked":"Compile Driver","floor":4},{"not_picked":["Streamline","Compile Driver"],"picked":"Rebound","floor":5},{"not_picked":["Storm","Consume"],"picked":"FTL","floor":7},{"not_picked":["Hello World","Auto Shields"],"picked":"Turbo","floor":8},{"not_picked":["Coolheaded","Rebound"],"picked":"Biased Cognition","floor":12},{"not_picked":["Ball Lightning","Rip and Tear"],"picked":"Conserve Battery","floor":14},{"not_picked":["Amplify","Machine Learning"],"picked":"Echo Form","floor":16},{"not_picked":["Compile Driver","Hologram"],"picked":"Cold Snap","floor":18},{"not_picked":["Beam Cell","Turbo"],"picked":"Cold Snap","floor":19},{"not_picked":["Steam","Sunder"],"picked":"Glacier","floor":22}],"player_experience":770061,"relics_obtained":[{"floor":8,"key":"Ancient Tea Set"},{"floor":9,"key":"Potion Belt"}],"event_choices":[{"cards_removed":["Strike_B"],"damage_healed":0,"gold_gain":0,"player_choice":"Purged","damage_taken":0,"max_hp_gain":0,"max_hp_loss":0,"event_name":"Purifier","floor":2,"gold_loss":0},{"damage_healed":0,"gold_gain":0,"player_choice":"Paid Gold","damage_taken":0,"relics_obtained":["Bag of Preparation"],"max_hp_gain":0,"max_hp_loss":0,"event_name":"WeMeetAgain","floor":10,"gold_loss":125},{"damage_healed":0,"gold_gain":0,"player_choice":"Simplicity","damage_taken":0,"max_hp_gain":0,"max_hp_loss":0,"event_name":"Back to Basics","floor":20,"gold_loss":0,"cards_upgraded":["Defend_B","Defend_B","Defend_B","Defend_B"]},{"damage_healed":0,"gold_gain":0,"player_choice":"Ignored","damage_taken":0,"max_hp_gain":0,"max_hp_loss":0,"event_name":"Cursed Tome","floor":21,"gold_loss":0}],"is_beta":false,"boss_relics":[{"not_picked":["Inserter","Velvet Choker"],"picked":"Astrolabe"}],"items_purged_floors":[],"is_endless":false,"potions_floor_spawned":[5,8,14,18],"killed_by":"Slavers","ascension_level":20}}