{"host":"la6t950uoatqs0xt","time":1612503486,"event":{"mods":["AchievementEnabler","BaseMod","Colored Powertips","Minty Spire (QoL Compilation)","Quick Restart","Rare Cards Sparkle"],"gold_per_floor":[115,134,134,134,150,150,164,176,176,176,191,220,220,237,237,337,337,354,354,365,365,365],"floor_reached":21,"language":"ENG","playtime":689,"items_purged":[],"score":235,"play_id":"7ac9d009-5542-47db-91fd-f8b63cc1b963","local_time":"20210205003806","is_ascension_mode":true,"campfire_choices":[{"data":"Dualcast","floor":6,"key":"SMITH"},{"floor":10,"key":"REST"},{"floor":13,"key":"REST"},{"floor":15,"key":"REST"}],"circlet_count":0,"master_deck":["Strike_B","Strike_B","Strike_B","Strike_B","Defend_B","Defend_B","Defend_B","Defend_B","Zap","Dualcast+1","Coolheaded","Static Discharge+1","Auto Shields","Ball Lightning","Capacitor","Barrage","Amplify","Double Energy+1"],"relics":["Cracked Core","Cables","Strawberry","SlaversCollar"],"acts_visited":["Exordium","TheCity"],"potions_floor_usage":[12],"damage_taken":[{"damage":5,"enemies":"Small Slimes","floor":1,"turns":3},{"damage":1,"enemies":"2 Louse","floor":2,"turns":3},{"damage":6,"enemies":"Jaw Worm","floor":5,"turns":4},{"damage":41,"enemies":"Gremlin Gang","floor":7,"turns":6},{"damage":16,"enemies":"Exordium Wildlife","floor":8,"turns":3},{"damage":5,"enemies":"Exordium Thugs","floor":11,"turns":3},{"damage":22,"enemies":"Lagavulin","floor":12,"turns":5},{"damage":3,"enemies":"2 Fungi Beasts","floor":14,"turns":3},{"damage":46,"enemies":"Hexaghost","floor":16,"turns":8},{"damage":31,"enemies":"Shell Parasite","floor":18,"turns":7},{"damage":31,"enemies":"3 Byrds","floor":20,"turns":4},{"damage":36,"enemies":"Cultist and Chosen","floor":21,"turns":4}],"seed_played":"-958964073357167587","potions_obtained":[{"floor":2,"key":"Ancient Potion"},{"floor":11,"key":"EssenceOfSteel"},{"floor":14,"key":"Weak Potion"},{"floor":20,"key":"Strength Potion"}],"is_trial":false,"path_per_floor":["M","M","?","?","M","R","M","M","T","R","M","E","R","M","R","B",null,"M","?","M","M"],"character_chosen":"DEFECT","items_purchased":[],"campfire_rested":3,"item_purchase_floors":[],"current_hp_per_floor":[77,76,76,81,75,75,34,18,18,44,39,24,52,49,77,31,94,63,63,32,0,0],"gold":365,"neow_bonus":"TEN_PERCENT_HP_BONUS","is_daily":false,"chose_seed":false,"campfire_upgraded":1,"win_rate":0.0,"timestamp":1612503486,"path_taken":["M","M","?","?","M","R","M","M","T","R","M","E","R","M","R","BOSS","M","?","M","?"],"items_purchased_type":[],"build_version":"2020-12-22","purchased_purges":0,"victory":false,"max_hp_per_floor":[82,82,82,87,87,87,87,87,87,87,87,94,94,94,94,94,94,94,94,94,94,94],"card_choices":[{"not_picked":["Compile Driver","White Noise"],"picked":"Coolheaded","floor":1},{"not_picked":["Sweeping Beam","Turbo"],"picked":"Static Discharge","floor":2},{"not_picked":["Heatsinks","Coolheaded"],"picked":"Auto Shields","floor":5},{"not_picked":["White Noise","Gash"],"picked":"Ball Lightning","floor":7},{"not_picked":["Redo","Gash"],"picked":"Capacitor","floor":8},{"not_picked":["Auto Shields","Rebound","Stack"],"picked":"SKIP","floor":11},{"not_picked":["Reprogram","Aggregate"],"picked":"Barrage","floor":12},{"not_picked":["Tempest","Sweeping Beam","Heatsinks"],"picked":"SKIP","floor":14},{"not_picked":["Fission","Machine Learning"],"picked":"Amplify","floor":16},{"not_picked":["Beam Cell","Leap"],"picked":"Double Energy+1","floor":18},{"not_picked":["Static Discharge","Rebound+1","Leap"],"picked":"SKIP","floor":20}],"player_experience":283183,"relics_obtained":[{"floor":9,"key":"Cables"},{"floor":12,"key":"Strawberry"}],"event_choices":[{"damage_healed":0,"gold_gain":0,"player_choice":"Leave","damage_taken":0,"max_hp_gain":0,"max_hp_loss":0,"event_name":"The Cleric","floor":3,"gold_loss":0},{"damage_healed":0,"gold_gain":0,"player_choice":"Donut","damage_taken":0,"max_hp_gain":5,"max_hp_loss":0,"event_name":"Big Fish","floor":4,"gold_loss":0},{"damage_healed":0,"gold_gain":0,"player_choice":"Upgraded","damage_taken":0,"max_hp_gain":0,"max_hp_loss":0,"event_name":"Upgrade Shrine","floor":19,"gold_loss":0,"cards_upgraded":["Static Discharge"]}],"is_beta":false,"boss_relics":[{"not_picked":["Philosopher\u0027s Stone","Fusion Hammer"],"picked":"SlaversCollar"}],"items_purged_floors":[],"is_endless":false,"potions_floor_spawned":[2,11,14,20],"killed_by":"Cultist and Chosen","ascension_level":3}}