{"host":"t9zjxed0utvsfjwc","time":1612568944,"event":{"mods":["2.2 Compatiblity","Aspiration","BaseMod","Better Altar","Better Match","Better Note","Better Sensory Stone","Better Skull","Better Third Choice","Block Reminder","Colored Map","Colored Powertips","Custom Start","Downfall","Hermit","Highlight Path","Hubris","Infinite Spire","Marisa????????","Minty Spire (QoL Compilation)","Quick Restart","Rare Cards Sparkle","Reliquary","Replay The Spire","StSLib","The Cursed","The Marked","The Runesmith","Unceasing Turn Reminder","everything is the same but u backflip on backflip"],"gold_per_floor":[99,99,99,150,150,182,182,210,210,210,210,241,261,171,191,292,292,192,202,212,231,116,16,16,27,43,73,73,87,87,87,107,209,209,209,228,241,257,272,272,272,272,289,307,340,340,340,340,340,353,369,471,471,471,471,471,485,503,578,578,578,578,578,591,344,376,411,429,530,530,530,541,556,567,593,300,335,335,335,346,372,385,385,398,414,546,546,546,596,654,247,283,321,369,369,405,442,492,492,543,543,590,732,732,732,793,862,862,936,467,531,576,576,648,704,768,768,828,901,1063,1063,1063,1145,692,757,823,823,906,975,975,975,1071,1151,1151,1151,1240,1240,1240,1240],"floor_reached":137,"language":"ENG","playtime":7933,"items_purged":["Normality","bronze:Strike","bronze:Defend","bronze:Defend","Parasite","Parasite","expansioncontent:AwakenDeath+1"],"score":3544,"play_id":"37182e85-5ee1-44cd-a1c8-be8eb406dd76","local_time":"20210205234904","is_ascension_mode":true,"campfire_choices":[{"data":"bronze:Replicate","floor":1,"key":"SMITH"},{"floor":18,"key":"RECALL"},{"floor":23,"key":"REST"},{"data":"bronze:FindAndReplace","floor":30,"key":"SMITH"},{"data":"bronze:Separator","floor":35,"key":"SMITH"},{"floor":40,"key":"REST"},{"floor":42,"key":"REST"},{"floor":47,"key":"REST"},{"data":"bronze:Defend","floor":54,"key":"PURGE"},{"data":"bronze:Constructor","floor":63,"key":"SMITH"},{"data":"Writhe","floor":71,"key":"PURGE"},{"floor":78,"key":"REST"},{"data":"bronze:Constructor","floor":78,"key":"SMITH"},{"data":"bronze:Separator","floor":83,"key":"SMITH"},{"data":"ReplayTheSpireMod:Haul","floor":95,"key":"SMITH"},{"data":"bronze:FindAndReplace","floor":105,"key":"SMITH"},{"floor":117,"key":"REST"},{"floor":122,"key":"REST"},{"floor":127,"key":"REST"}],"circlet_count":0,"master_deck":["bronze:Replicate+1","bronze:Separator+1","ReplayTheSpireMod:Haul+1","bronze:Constructor+1","bronze:Separator+1","bronze:Terminator+1","bronze:FindAndReplace+1","bronze:Constructor+1","bronze:Terminator+1","bronze:Separator+1","bronze:Constructor+1","bronze:Terminator+1","ReplayTheSpireMod:Haul+1","ReplayTheSpireMod:Brewmster+1","bronze:FindAndReplace+1"],"relics":["bronze:BronzeCore","downfall:HeartsMalice","Replay:Mystery Machine","reliquary:PurpleTingedLeaf","Replay:Ringing Soul","hubris:TinFlute","Ring of Fury","Ring of Chaos","downfall:HeartBlessingGreen","downfall:HeartBlessingRed","Replay:Bottled Eggs","hubris:Backtick","Ice Cream","Frozen Egg 2","Pet Ghost","Black Star","WingedGreaves","bronze:PlatinumCore","DollysMirror","infinitespire:Blanks Blanky","infinitespire:Magic Flask","hubris:RunicObelisk","aspiration:HiddenCompartment","infinitespire:EvilPickle","infinitespire:BottledMercury","hubris:EmptyBottle","hubris:GlazedTorus","infinitespire:Cupcake","Potion Belt","reliquary:Knoch","aspiration:FetidBarrel","Busted Crown","hubris:FunFungus","reliquary:BrokenClock","aspiration:RitualStick"],"acts_visited":["Exordium","TheCity","TheBeyond","Exordium","TheCity","TheBeyond","Exordium","TheCity"],"potions_floor_usage":[12,14,22,22,33,36,37,45,65,67,75,75,98,98,100,100,102,102,102,102,102,102,103,103,103,103,103,103,103,103,103,103,103,103,103,103,103,103,112,116,119,119,120,120,120,120,132,132,132,132,132,132,132,132,133,133,136,136,136,136,136,136,137,137,137,137,137,137,137,137,137],"damage_taken":[{"damage":0,"enemies":"Jaw Worm","floor":2,"turns":1},{"damage":0,"enemies":"2 Louse","floor":5,"turns":1},{"damage":0,"enemies":"Gremlin Nob","floor":6,"turns":1},{"damage":7,"enemies":"3 Sentries","floor":8,"turns":6},{"damage":12,"enemies":"Lagavulin","floor":12,"turns":3},{"damage":3,"enemies":"Small Slimes","floor":13,"turns":2},{"damage":5,"enemies":"downfall:FleeingMerchant","floor":14,"turns":4},{"damage":5,"enemies":"2 Fungi Beasts","floor":15,"turns":3},{"damage":8,"enemies":"SI_SHIV_ARCHETYPE","floor":16,"turns":6},{"damage":12,"enemies":"Shell Parasite","floor":19,"turns":3},{"damage":0,"enemies":"Spheric Guardian","floor":20,"turns":3},{"damage":33,"enemies":"Centurion and Healer","floor":21,"turns":6},{"damage":0,"enemies":"downfall:FleeingMerchant","floor":22,"turns":4},{"damage":0,"enemies":"Chosen and Byrds","floor":25,"turns":4},{"damage":0,"enemies":"Snake Plant","floor":26,"turns":3},{"damage":8,"enemies":"Book of Stabbing","floor":27,"turns":4},{"damage":4,"enemies":"Sentry and Sphere","floor":29,"turns":4},{"damage":0,"enemies":"Cultist and Chosen","floor":32,"turns":4},{"damage":64,"enemies":"DF_ARCHETYPE_CLAW","floor":33,"turns":7},{"damage":16,"enemies":"3 Shapes","floor":36,"turns":3},{"damage":12,"enemies":"3 Darklings","floor":37,"turns":6},{"damage":9,"enemies":"Writhing Mass","floor":38,"turns":4},{"damage":22,"enemies":"4 Shapes","floor":39,"turns":4},{"damage":10,"enemies":"Jaw Worm Horde","floor":43,"turns":4},{"damage":12,"enemies":"3 Darklings","floor":44,"turns":6},{"damage":54,"enemies":"Nightmare","floor":45,"turns":7},{"damage":78,"enemies":"Writhing Mass","floor":50,"turns":8},{"damage":38,"enemies":"Sphere and 2 Shapes","floor":51,"turns":6},{"damage":47,"enemies":"IC_BLOCK_ARCHETYPE","floor":52,"turns":14},{"damage":0,"enemies":"Cultist","floor":57,"turns":4},{"damage":15,"enemies":"Jaw Worm","floor":58,"turns":3},{"damage":7,"enemies":"2 Louse","floor":64,"turns":2},{"damage":0,"enemies":"downfall:FleeingMerchant","floor":65,"turns":2},{"damage":0,"enemies":"Lagavulin","floor":66,"turns":3},{"damage":0,"enemies":"Gremlin Nob","floor":67,"turns":3},{"damage":0,"enemies":"Blue Slaver","floor":68,"turns":1},{"damage":29,"enemies":"Slime Boss","floor":69,"turns":9},{"damage":0,"enemies":"3 Byrds","floor":72,"turns":4},{"damage":0,"enemies":"Shell Parasite","floor":73,"turns":2},{"damage":15,"enemies":"Cultist and Chosen","floor":74,"turns":5},{"damage":14,"enemies":"Slavers","floor":75,"turns":4},{"damage":0,"enemies":"Gremlin Leader","floor":77,"turns":4},{"damage":0,"enemies":"Centurion and Healer","floor":80,"turns":4},{"damage":0,"enemies":"Slavers","floor":81,"turns":4},{"damage":12,"enemies":"Snake Plant","floor":82,"turns":3},{"damage":0,"enemies":"3 Cultists","floor":84,"turns":4},{"damage":0,"enemies":"Sentry and Sphere","floor":85,"turns":3},{"damage":0,"enemies":"Pondfish","floor":86,"turns":7},{"damage":0,"enemies":"Orb Walker","floor":89,"turns":2},{"damage":0,"enemies":"3 Shapes","floor":90,"turns":3},{"damage":3,"enemies":"Jaw Worm Horde","floor":92,"turns":3},{"damage":0,"enemies":"Sphere and 2 Shapes","floor":93,"turns":3},{"damage":0,"enemies":"Giant Head","floor":94,"turns":5},{"damage":0,"enemies":"4 Shapes","floor":96,"turns":3},{"damage":0,"enemies":"3 Darklings","floor":97,"turns":3},{"damage":63,"enemies":"2 Orb Walkers","floor":98,"turns":5},{"damage":0,"enemies":"Jaw Worm Horde","floor":100,"turns":2},{"damage":0,"enemies":"Writhing Mass","floor":102,"turns":5},{"damage":106,"enemies":"Donu and Deca","floor":103,"turns":8},{"damage":3,"enemies":"Small Slimes","floor":106,"turns":3},{"damage":0,"enemies":"2 Louse","floor":107,"turns":1},{"damage":0,"enemies":"Jaw Worm","floor":109,"turns":2},{"damage":0,"enemies":"Gremlin Nob","floor":111,"turns":2},{"damage":7,"enemies":"Exordium Wildlife","floor":112,"turns":2},{"damage":0,"enemies":"3 Sentries","floor":114,"turns":3},{"damage":0,"enemies":"Red Slaver","floor":115,"turns":1},{"damage":0,"enemies":"Gremlin Gang","floor":116,"turns":2},{"damage":0,"enemies":"Looter","floor":118,"turns":1},{"damage":0,"enemies":"3 Louse","floor":119,"turns":2},{"damage":45,"enemies":"Hexaghost","floor":120,"turns":3},{"damage":0,"enemies":"3 Byrds","floor":123,"turns":2},{"damage":0,"enemies":"Shell Parasite","floor":125,"turns":2},{"damage":17,"enemies":"Centurion and Healer","floor":126,"turns":3},{"damage":0,"enemies":"Gremlin Leader","floor":128,"turns":4},{"damage":0,"enemies":"Sentry and Sphere","floor":129,"turns":2},{"damage":0,"enemies":"Nightmare","floor":132,"turns":4},{"damage":0,"enemies":"Snecko","floor":133,"turns":3},{"damage":0,"enemies":"Snake Plant","floor":136,"turns":2},{"damage":267,"enemies":"infinitespire:LordOfFortification","floor":137,"turns":5}],"seed_played":"-4282708124915775291","potions_obtained":[{"floor":8,"key":"champ:CounterPotion"},{"floor":13,"key":"PowerPotion"},{"floor":20,"key":"Milkshake"},{"floor":21,"key":"LifebloodPotion"},{"floor":32,"key":"Regen Potion"},{"floor":33,"key":"ColorlessPotion"},{"floor":36,"key":"Dexterity Potion"},{"floor":44,"key":"SneckoOil"},{"floor":52,"key":"Dexterity Potion"},{"floor":57,"key":"DistilledChaos"},{"floor":59,"key":"downfall:CursedFountainPotion"},{"floor":66,"key":"Death Potion"},{"floor":69,"key":"SkillPotion"},{"floor":74,"key":"Elixir"},{"floor":77,"key":"Energy Potion"},{"floor":80,"key":"Dexterity Potion"},{"floor":86,"key":"LifebloodPotion"},{"floor":100,"key":"LifebloodPotion"},{"floor":103,"key":"LiquidMemories"},{"floor":107,"key":"FearPotion"},{"floor":114,"key":"SkillPotion"},{"floor":118,"key":"bronze:FreeFunctionsPotion"},{"floor":123,"key":"Flashbang"},{"floor":125,"key":"AttackPotion"},{"floor":132,"key":"PowerPotion"},{"floor":133,"key":"BlessingOfTheForge"}],"is_trial":false,"path_per_floor":["R","M","?","T","M","E","T","E","?","?","?","E","M","$","M","B",null,"R_BF","M","M","M","$","R","T","M","M","E","?","M","R","?","M","B",null,"R","M","M","M","M","R","T","R","M","M","NM","?","R","PTL","PTL","M","M","B",null,"R_BF","?","?","M","M","?","T","R","AVR","R","M","$","E","E","M","B",null,"R_BF","M","M","M","E","$","E","R","?","M","E","M","R","M","M","B",null,"R_BF","M","M","$","M","M","E","R","M","M","?","?","M","?","M","B",null,"R_BF","M","M","?","M","$","E","M","AVR","E","M","M","R","M","M","B",null,"R","M","$","M","M","R","E","M","?","?","NM","M","?","?","M","B"],"character_chosen":"THE_AUTOMATON","items_purchased":["Regal Pillow","infinitespire:Magic Flask","aspiration:HiddenCompartment","infinitespire:BottledMercury","hubris:EmptyBottle","Potion Belt","reliquary:Knoch","hubris:FunFungus","reliquary:BrokenClock"],"campfire_rested":8,"item_purchase_floors":[65,65,76,91,91,110,110,124,124],"current_hp_per_floor":[70,70,53,53,53,53,53,48,51,51,51,41,39,39,35,30,76,76,65,66,37,41,64,64,66,70,66,66,62,62,65,70,14,91,91,78,72,68,47,77,77,100,90,79,25,28,58,58,58,30,29,19,106,106,106,106,106,91,106,106,106,109,109,102,103,103,103,103,75,109,109,109,109,94,81,81,82,106,103,103,103,91,91,92,92,97,103,103,103,106,106,103,103,106,106,106,106,43,46,46,119,122,21,125,125,122,122,122,122,122,122,115,115,115,115,115,122,122,122,78,122,122,122,122,122,105,122,122,122,98,98,103,105,89,89,91,0,0,0],"gold":1240,"neow_bonus":"THREE_ENEMY_KILL","is_daily":false,"chose_seed":false,"campfire_upgraded":8,"win_rate":0.0,"timestamp":1612568944,"path_taken":["R","M","?","?","M","E","T","E","?","?","?","E","M","$","M","BOSS","R_BF","M","M","M","$","R","T","M","M","E","?","M","R","?","M","BOSS","R","M","?","M","M","R","T","R","M","M","NM","?","R","PTL","PTL","M","M","BOSS","R_BF","?","?","?","M","?","T","R","AVR","R","M","$","E","E","M","BOSS","R_BF","M","M","M","?","$","E","R","?","M","E","M","R","M","M","BOSS","R_BF","M","M","$","M","M","E","R","M","M","?","?","M","?","M","BOSS","R_BF","M","M","?","M","$","E","M","AVR","E","M","M","R","M","M","BOSS","R","M","$","M","M","R","E","M","?","?","NM","M","?","?","M","BOSS"],"items_purchased_type":["Relic","Relic","Relic","Relic","Relic","Relic","Relic","Relic","Relic"],"build_version":"2020-12-22","purchased_purges":7,"victory":false,"max_hp_per_floor":[70,70,70,70,70,70,70,70,73,73,73,73,73,76,76,76,76,76,76,76,76,79,79,79,79,82,85,85,85,85,88,91,91,91,91,94,97,100,100,100,100,100,100,100,100,103,103,103,103,106,106,106,106,106,106,106,106,106,106,106,106,109,109,109,109,109,109,109,109,109,109,109,109,109,109,106,106,106,103,103,103,103,103,103,103,103,103,103,103,106,106,106,106,106,106,106,106,106,109,109,119,122,125,125,125,125,125,125,125,122,122,122,122,122,122,122,122,122,122,122,122,122,122,122,122,122,122,122,122,122,122,122,122,122,122,122,122,122,122],"card_choices":[{"not_picked":["bronze:FollowUp","bronze:BronzeOrb"],"picked":"bronze:Separator","floor":2},{"not_picked":["infinitespire:SevenWalls","infinitespire:UltimateForm"],"picked":"ReplayTheSpireMod:Haul","floor":3},{"not_picked":["bronze:InfiniteBeams","bronze:WhirlingStrike"],"picked":"bronze:Constructor","floor":5},{"not_picked":["bronze:Assembly","bronze:Iterate"],"picked":"bronze:Separator","floor":6},{"not_picked":["bronze:ForLoop","bronze:WildBeam","bronze:BugBarrage"],"picked":"SKIP","floor":8},{"not_picked":["bronze:BurnOut","bronze:OilSpill","bronze:BugBarrage"],"picked":"SKIP","floor":12},{"not_picked":["bronze:BronzeOrb","bronze:DelayedSlice","bronze:BuggyMess"],"picked":"SKIP","floor":13},{"not_picked":["bronze:ThunderWave","bronze:Branch"],"picked":"bronze:Terminator","floor":14},{"not_picked":["bronze:BitShift","bronze:OilSpill","bronze:Fortify"],"picked":"SKIP","floor":15},{"not_picked":["bronze:FollowUp","bronze:FineTuning","bronze:ForceShield"],"picked":"SKIP","floor":19},{"not_picked":["bronze:BitShift+1","bronze:Flail","bronze:Frontload"],"picked":"SKIP","floor":20},{"not_picked":["bronze:Allocate","bronze:BugBarrage","bronze:Refactor"],"picked":"SKIP","floor":21},{"not_picked":["bronze:Overheat+1","bronze:Verify"],"picked":"bronze:FindAndReplace","floor":22},{"not_picked":["bronze:Refactor+1","bronze:Allocate","bronze:Optimize+1"],"picked":"SKIP","floor":25},{"not_picked":["bronze:OilSpill","bronze:Branch"],"picked":"bronze:Constructor","floor":26},{"not_picked":["bronze:Backtrace","bronze:Shield"],"picked":"bronze:Terminator","floor":27},{"not_picked":["bronze:HardenedForm","bronze:BugBarrage","bronze:DelayedGuard"],"picked":"SKIP","floor":29},{"not_picked":["bronze:ChildClass","bronze:DelayedSlice"],"picked":"bronze:Separator","floor":32},{"not_picked":["bronze:Iterate","bronze:BuggyMess+1"],"picked":"bronze:Constructor+1","floor":36},{"not_picked":["bronze:Repair+1","bronze:GetLatest"],"picked":"bronze:Terminator","floor":37},{"not_picked":["bronze:Shield","bronze:Invalidate","bronze:Shell"],"picked":"SKIP","floor":38},{"not_picked":["bronze:Iterate+1","bronze:FineTuning","bronze:Boost"],"picked":"SKIP","floor":39},{"not_picked":["bronze:Return+1","bronze:OilSpill+1","bronze:Overheat+1"],"picked":"SKIP","floor":43},{"not_picked":["bronze:Iterate+1","bronze:CutThrough+1","bronze:Constructor"],"picked":"SKIP","floor":44},{"not_picked":["bronze:Frontload","bronze:BitShift","bronze:ChosenStrike+1"],"picked":"SKIP","floor":45},{"not_picked":["expansioncontent:GuardianWhirl","expansioncontent:Hexaburn"],"picked":"expansioncontent:AwakenDeath","floor":46},{"not_picked":["bronze:Overheat","bronze:WhirlingStrike","bronze:Repulsor+1"],"picked":"SKIP","floor":50},{"not_picked":["bronze:Iterate","bronze:RecursiveStrike","bronze:Separator"],"picked":"SKIP","floor":51},{"not_picked":["bronze:DelayedGuard","bronze:Branch","bronze:Frontload"],"picked":"SKIP","floor":57},{"not_picked":["bronze:Safeguard","bronze:BitShift","bronze:Return"],"picked":"SKIP","floor":58},{"not_picked":["bronze:Branch","bronze:Invalidate","bronze:Shield"],"picked":"SKIP","floor":64},{"not_picked":["bronze:Library+1","bronze:Turbo","bronze:Separator"],"picked":"SKIP","floor":65},{"not_picked":["bronze:ChildClass","bronze:TinkerersToolbox","bronze:Philosophize"],"picked":"SKIP","floor":66},{"not_picked":["bronze:Flail","bronze:Terminator","bronze:Constructor"],"picked":"SKIP","floor":67},{"not_picked":["bronze:FineTuning","bronze:Terminator","bronze:ForLoop"],"picked":"SKIP","floor":68},{"not_picked":["bronze:WhirlingStrike+1","bronze:DigitalCarnage","bronze:BugBarrage"],"picked":"SKIP","floor":72},{"not_picked":["bronze:Flail+1","bronze:Return+1","bronze:BitShift"],"picked":"SKIP","floor":73},{"not_picked":["bronze:NullPointer","bronze:DelayedGuard","bronze:Backtrace+1"],"picked":"SKIP","floor":74},{"not_picked":["bronze:Separator","bronze:ItsAFeature+1","bronze:BuggyMess"],"picked":"SKIP","floor":75},{"not_picked":["bronze:Flail+1","bronze:Boost","bronze:ForceShield+1"],"picked":"SKIP","floor":77},{"not_picked":["bronze:Invalidate","bronze:WhirlingStrike","bronze:Refactor+1"],"picked":"SKIP","floor":80},{"not_picked":["bronze:Return","bronze:Deprecate","bronze:Shell"],"picked":"SKIP","floor":81},{"not_picked":["bronze:FollowUp","bronze:WhirlingStrike","bronze:Shield"],"picked":"SKIP","floor":82},{"not_picked":["bronze:Shield","bronze:BuggyMess","bronze:Terminator"],"picked":"SKIP","floor":84},{"not_picked":["bronze:Iterate","bronze:ClassDefault+1","bronze:OilSpill"],"picked":"SKIP","floor":85},{"not_picked":["bronze:Deprecate+1","bronze:FineTuning","bronze:DelayedGuard"],"picked":"SKIP","floor":89},{"not_picked":["bronze:BugBarrage","bronze:BronzeArmor+1","bronze:DarkDash+1"],"picked":"SKIP","floor":90},{"not_picked":["hubris:Fate","infinitespire:Punishment"],"picked":"ReplayTheSpireMod:Haul","floor":90},{"not_picked":["bronze:BugBarrage","bronze:BronzeArmor+1","bronze:DarkDash+1"],"picked":"SKIP","floor":90},{"not_picked":["bronze:MaxOutput+1","bronze:BronzeArmor+1","bronze:WhirlingStrike+1"],"picked":"SKIP","floor":92},{"not_picked":["bronze:WhirlingStrike+1","bronze:Repulsor+1","bronze:Mutator+1"],"picked":"SKIP","floor":93},{"not_picked":["bronze:ShipIt","bronze:BitShift+1","bronze:Repair+1"],"picked":"SKIP","floor":94},{"not_picked":["bronze:Branch","bronze:Repair+1","bronze:BugBarrage"],"picked":"SKIP","floor":96},{"not_picked":["bronze:Allocate+1","bronze:Deprecate","bronze:FineTuning+1"],"picked":"SKIP","floor":97},{"not_picked":["Secret Technique","hubris:Insight"],"picked":"ReplayTheSpireMod:Brewmster+1","floor":99},{"not_picked":["bronze:DarkDash","bronze:Branch+1","bronze:Shield"],"picked":"SKIP","floor":100},{"not_picked":["bronze:Constructor+1","bronze:FineTuning+1","bronze:Virus"],"picked":"SKIP","floor":102},{"not_picked":["bronze:InfiniteLoop","bronze:Assembly"],"picked":"bronze:FindAndReplace","floor":103},{"not_picked":["bronze:Terminator","bronze:BugBarrage","bronze:CutThrough"],"picked":"SKIP","floor":106},{"not_picked":["bronze:FineTuning","bronze:ChosenStrike","bronze:BugBarrage"],"picked":"SKIP","floor":107},{"not_picked":["bronze:DelayedGuard","bronze:Deprecate","bronze:DigitalCarnage"],"picked":"SKIP","floor":109},{"not_picked":["bronze:DelayedGuard","bronze:Deprecate","bronze:DigitalCarnage"],"picked":"SKIP","floor":109},{"not_picked":["bronze:ItsAFeature+1","bronze:Constructor","bronze:Library+1"],"picked":"SKIP","floor":111},{"not_picked":["bronze:WildBeam","bronze:ForceShield","bronze:Invalidate"],"picked":"SKIP","floor":112},{"not_picked":["bronze:BronzeOrb","bronze:Separator","bronze:DelayedGuard"],"picked":"SKIP","floor":114},{"not_picked":["bronze:Refactor","bronze:BuggyMess","bronze:Branch"],"picked":"SKIP","floor":115},{"not_picked":["bronze:Fortify","bronze:Frontload","bronze:ItsAFeature+1"],"picked":"SKIP","floor":116},{"not_picked":["bronze:InfiniteBeams+1","bronze:Safeguard","bronze:CloningBeam"],"picked":"SKIP","floor":118},{"not_picked":["bronze:BugBarrage","bronze:ForceShield","bronze:Optimize+1"],"picked":"SKIP","floor":119},{"not_picked":["bronze:Return"],"picked":"SKIP","floor":123},{"not_picked":["bronze:Frontload"],"picked":"SKIP","floor":125},{"not_picked":["bronze:Constructor+1"],"picked":"SKIP","floor":126},{"not_picked":["bronze:Invalidate"],"picked":"SKIP","floor":128},{"not_picked":["bronze:ShipIt"],"picked":"SKIP","floor":129},{"not_picked":["bronze:Turbo"],"picked":"SKIP","floor":132},{"not_picked":["bronze:BuggyMess"],"picked":"SKIP","floor":133},{"not_picked":["bronze:Frontload"],"picked":"SKIP","floor":136}],"player_experience":493786,"relics_obtained":[{"floor":4,"key":"Replay:Mystery Machine"},{"floor":6,"key":"reliquary:PurpleTingedLeaf"},{"floor":7,"key":"Replay:Ringing Soul"},{"floor":8,"key":"hubris:TinFlute"},{"floor":9,"key":"Ring of Fury"},{"floor":24,"key":"Replay:Bottled Eggs"},{"floor":41,"key":"Frozen Egg 2"},{"floor":45,"key":"Pet Ghost"},{"floor":60,"key":"WingedGreaves"},{"floor":98,"key":"hubris:GlazedTorus"}],"event_choices":[{"cards_removed":["bronze:Defend"],"damage_healed":0,"gold_gain":0,"player_choice":"Forget","damage_taken":0,"max_hp_gain":0,"max_hp_loss":0,"event_name":"Living Wall","floor":55,"gold_loss":0},{"damage_healed":0,"gold_gain":0,"player_choice":"Leave","damage_taken":0,"max_hp_gain":0,"max_hp_loss":0,"event_name":"FaceTrader","floor":56,"gold_loss":0},{"damage_healed":0,"gold_gain":0,"player_choice":"Fight","damage_taken":0,"max_hp_gain":0,"max_hp_loss":0,"event_name":"Mysterious Sphere","floor":98,"gold_loss":0},{"damage_healed":0,"gold_gain":6,"player_choice":"1","damage_taken":0,"max_hp_gain":0,"max_hp_loss":0,"event_name":"betterStone:BetterStone","floor":99,"gold_loss":0},{"damage_healed":0,"gold_gain":0,"player_choice":"Ignored","damage_taken":0,"max_hp_gain":0,"max_hp_loss":0,"event_name":"Ghosts","floor":131,"gold_loss":0},{"damage_healed":0,"gold_gain":0,"player_choice":"Ignored","damage_taken":0,"max_hp_gain":0,"max_hp_loss":0,"event_name":"Vampires","floor":135,"gold_loss":0}],"is_beta":false,"boss_relics":[{"not_picked":["hubris:TerracottaHorce","hubris:VirtuousBlindfold"],"picked":"Ring of Chaos"},{"not_picked":["Astrolabe","aspiration:PoetsPen_weak"],"picked":"hubris:Backtick"},{"not_picked":["ReplayTheSpireMod:DimensionalGlitch","aspiration:RunicSpoon"],"picked":"Black Star"},{"not_picked":["aspiration:RunicSpoon","hubris:ScarierMask"],"picked":"hubris:RunicObelisk"},{"not_picked":["aspiration:RitualDagger","hubris:CrackedHourglass","Velvet Choker"]},{"not_picked":["Painkiller Herb","aspiration:PoetsPen_weak"],"picked":"infinitespire:Cupcake"},{"not_picked":["hubris:VirtuousBlindfold","Painkiller Herb"],"picked":"Busted Crown"}],"items_purged_floors":[14,22,62,65,76,110,113],"is_endless":true,"potions_floor_spawned":[8,13,20,21,32,33,36,44,52,57,66,69,74,77,80,82,84,85,86,92,97,100,103,107,114,118,119,123,125,128,132,133],"killed_by":"infinitespire:LordOfFortification","ascension_level":1}}