{"host":"uceopoba4zvqsgiy","time":1612537910,"event":{"mods":["2.2 Compatiblity","Act Like it!","BaseMod","Better Skull","Better Third Choice","Elementarium","Evolution","GifTheSpireLib","Hermit","Humility","Infinite Spire","Jorbs\u0027s Wanderer Trilogy","Marked Mod","Minty Spire (QoL Compilation)","Potionbrewer","Reliquary","Replay The Spire","Robot Space Explorer","Shade Mod","Spicy Shops","StS++","StSLib","Stuff the Spire","The Blue Laboratory","The Caster","The Cursed","The Dragon Tamer","The Hierophant","The Judge","The Jungle","TheSurvivalist","Wandering Minibosses"],"gold_per_floor":[114,129,203,219,219,251,44,44,44,82,105,119,119],"floor_reached":12,"language":"ENG","playtime":744,"items_purged":[],"score":113,"play_id":"418be5fa-1d76-473c-818d-b63f19402387","local_time":"20210206014150","is_ascension_mode":false,"campfire_choices":[{"floor":8,"key":"REST"}],"circlet_count":0,"master_deck":["survmod:PinningSnipe","survmod:PinningSnipe","survmod:Strike","survmod:Defend","survmod:Defend","survmod:Defend","survmod:Defend","survmod:VersatileOffense","survmod:Sprint","survmod:FlashbangShot","survmod:AcidArrow","survmod:Hawkeye","survmod:UnleashTheTraps","survmod:FenceTrap","survmod:GoForFace","Panache","StuffTheSpire:PlasmaPulse","Bandage Up","survmod:GoForFace","survmod:GoForFace"],"relics":["survmod:InnateMutation","EVO:Axolotl","NeowsBlessing","StoneCalendar","ReplayTheSpireMod:ShopPack","infinitespire:Midas Blood","Pet Ghost"],"acts_visited":["Exordium"],"potions_floor_usage":[6,10,12,12],"damage_taken":[{"damage":0,"enemies":"2 Louse","floor":1,"turns":2},{"damage":0,"enemies":"Jaw Worm","floor":2,"turns":2},{"damage":0,"enemies":"Cultist","floor":4,"turns":1},{"damage":12,"enemies":"Gremlin Nob","floor":6,"turns":2},{"damage":24,"enemies":"Lagavulin","floor":10,"turns":7},{"damage":5,"enemies":"3 Louse","floor":11,"turns":5},{"damage":62,"enemies":"Gremlin Nob","floor":12,"turns":5}],"seed_played":"-4669340390256142046","potions_obtained":[{"floor":2,"key":"blueLaboratory:FruitPreserves"},{"floor":4,"key":"Death Potion"},{"floor":6,"key":"PowerPotion"},{"floor":11,"key":"AttackPotion"}],"is_trial":false,"path_per_floor":["M","M","?","M","?","E","$","R","T","E","M","E"],"character_chosen":"THE_SURVIVOR","items_purchased":["survmod:FenceTrap","survmod:GoForFace","ReplayTheSpireMod:ShopPack"],"campfire_rested":1,"item_purchase_floors":[7,7,7],"current_hp_per_floor":[50,50,50,50,50,38,38,50,50,30,29,0,0],"gold":119,"neow_bonus":"THREE_ENEMY_KILL","is_daily":false,"chose_seed":false,"campfire_upgraded":0,"win_rate":0.0,"timestamp":1612537910,"path_taken":["M","M","?","M","?","E","$","R","T","E","M","E"],"items_purchased_type":["Card","Card","Relic"],"build_version":"2020-12-22","purchased_purges":0,"victory":false,"max_hp_per_floor":[50,50,50,50,50,50,50,50,50,50,50,50,50],"card_choices":[{"not_picked":["survmod:SwiftKick","survmod:UnfortunateEscape"],"picked":"survmod:FlashbangShot","floor":1},{"not_picked":["survmod:NockAnArrow","survmod:AcidTrap"],"picked":"survmod:AcidArrow","floor":2},{"not_picked":["survmod:SimpleMutation","survmod:Adaptability"],"picked":"survmod:Hawkeye","floor":4},{"not_picked":["survmod:VersatileDefense","survmod:BearTrap"],"picked":"survmod:UnleashTheTraps","floor":6},{"not_picked":["Midas Touch","ReplayTheSpireMod:Brewmster"],"picked":"Panache","floor":7},{"not_picked":["StSpp:Panic","PanicButton"],"picked":"StuffTheSpire:PlasmaPulse","floor":7},{"not_picked":["StSpp:Resilience","Enlightenment"],"picked":"Bandage Up","floor":7},{"not_picked":["survmod:PinningSnipe","survmod:ComplexMutation"],"picked":"survmod:GoForFace","floor":10},{"not_picked":["survmod:FlashbangTrap","survmod:PoisonTrap"],"picked":"survmod:GoForFace","floor":11}],"player_experience":1770107,"relics_obtained":[{"floor":6,"key":"StoneCalendar"},{"floor":9,"key":"infinitespire:Midas Blood"},{"floor":10,"key":"Pet Ghost"}],"event_choices":[{"damage_healed":0,"gold_gain":74,"player_choice":"Gained Gold","damage_taken":0,"max_hp_gain":0,"max_hp_loss":0,"event_name":"Golden Wing","floor":3,"gold_loss":0},{"cards_removed":["survmod:Strike"],"damage_healed":0,"gold_gain":0,"player_choice":"Offered Basic","damage_taken":0,"max_hp_gain":0,"max_hp_loss":0,"event_name":"Bonfire Elementals","floor":5,"gold_loss":0}],"is_beta":false,"boss_relics":[],"items_purged_floors":[],"is_endless":false,"potions_floor_spawned":[2,4,6,11],"killed_by":"Gremlin Nob","ascension_level":0,"is_humility":true}}