{"host":"sav7uxregyirlf69","time":1612522680,"event":{"mods":["AchievementEnabler","BaseMod","Colored Map","DeckTracker","Keyboard Shortcuts","Minty Spire (QoL Compilation)","READ ME - Guardian Mod","StSLib","SuperFastMode"],"gold_per_floor":[117,117,117,22,22,22,52,71,139,139,24,41,54,65,65,139,139,158,158,175,187,87,87,102,102,102,102,102,102],"floor_reached":28,"language":"KOR","playtime":566,"items_purged":["Strike_G","Defend_G"],"score":436,"play_id":"022d4533-c26d-40a5-b582-3e3e44734a9e","local_time":"20210205195800","is_ascension_mode":true,"campfire_choices":[{"data":"Noxious Fumes","floor":6,"key":"SMITH"},{"data":"Flechettes","floor":10,"key":"SMITH"},{"data":"Envenom","floor":15,"key":"SMITH"},{"data":"Acrobatics","floor":23,"key":"SMITH"},{"data":"Acrobatics","floor":25,"key":"SMITH"},{"data":"Neutralize","floor":27,"key":"SMITH"}],"circlet_count":0,"master_deck":["AscendersBane","Strike_G","Defend_G","Defend_G","Defend_G","Defend_G","Survivor","Neutralize+1","Quick Slash","Flechettes+1","Backflip","Noxious Fumes+1","Dash","Tactician+1","Acrobatics+1","Envenom+1","After Image","Acrobatics+1","Backflip+1","Blur"],"relics":["Ring of the Snake","Eternal Feather","Darkstone Periapt","Pear","Empty Cage","Potion Belt"],"acts_visited":["Exordium","TheCity"],"potions_floor_usage":[21,24,28],"damage_taken":[{"damage":3,"enemies":"Cultist","floor":1,"turns":4},{"damage":41,"enemies":"Lagavulin","floor":7,"turns":10},{"damage":2,"enemies":"2 Louse","floor":8,"turns":4},{"damage":0,"enemies":"Jaw Worm","floor":12,"turns":4},{"damage":0,"enemies":"2 Fungi Beasts","floor":13,"turns":4},{"damage":0,"enemies":"Exordium Wildlife","floor":14,"turns":2},{"damage":47,"enemies":"Hexaghost","floor":16,"turns":10},{"damage":8,"enemies":"Spheric Guardian","floor":18,"turns":6},{"damage":4,"enemies":"Chosen","floor":20,"turns":6},{"damage":7,"enemies":"Snake Plant","floor":21,"turns":5},{"damage":35,"enemies":"Cultist and Chosen","floor":24,"turns":8},{"damage":53,"enemies":"3 Cultists","floor":28,"turns":6}],"seed_played":"5296717936091111985","potions_obtained":[{"floor":7,"key":"Fire Potion"},{"floor":12,"key":"FairyPotion"},{"floor":18,"key":"Poison Potion"},{"floor":21,"key":"GamblersBrew"}],"is_trial":false,"path_per_floor":["M","?","?","$","?","R","E","M","T","R","$","M","M","M","R","B",null,"M","?","M","M","$","R","M","R","T","R","M"],"character_chosen":"THE_SILENT","items_purchased":["Backflip","Noxious Fumes","Tactician"],"campfire_rested":0,"item_purchase_floors":[4,4,11],"current_hp_per_floor":[62,62,27,27,51,60,19,17,27,36,36,36,36,36,45,24,68,60,60,56,49,49,61,26,38,38,50,0,0],"gold":102,"neow_bonus":"TEN_PERCENT_HP_BONUS","is_daily":false,"chose_seed":false,"campfire_upgraded":6,"win_rate":0.0,"timestamp":1612522680,"path_taken":["M","?","?","$","?","R","E","M","T","R","$","M","M","M","R","BOSS","M","?","?","M","$","R","M","R","T","R","?"],"items_purchased_type":["Card","Card","Card"],"build_version":"2020-12-22","purchased_purges":2,"victory":false,"max_hp_per_floor":[72,72,72,72,72,72,72,72,82,82,82,82,82,82,82,82,82,82,82,82,82,82,82,82,82,82,82,82,82],"card_choices":[{"not_picked":["Sucker Punch","Dodge and Roll"],"picked":"Quick Slash","floor":1},{"not_picked":["Underhanded Strike","Calculated Gamble","Outmaneuver"],"picked":"SKIP","floor":7},{"not_picked":["Accuracy","Quick Slash"],"picked":"Dash","floor":8},{"not_picked":["Crippling Poison","Bouncing Flask"],"picked":"Acrobatics","floor":12},{"not_picked":["Dodge and Roll","Infinite Blades","Cloak And Dagger"],"picked":"SKIP","floor":13},{"not_picked":["Cloak And Dagger","Tactician"],"picked":"Envenom","floor":14},{"not_picked":["Night Terror","Doppelganger"],"picked":"After Image","floor":16},{"not_picked":["Quick Slash","Deflect"],"picked":"Acrobatics","floor":18},{"not_picked":["PiercingWail","Poisoned Stab"],"picked":"Backflip+1","floor":20},{"not_picked":["Eviscerate","Venomology"],"picked":"Blur","floor":21},{"not_picked":["Acrobatics","Dodge and Roll","PiercingWail"],"picked":"SKIP","floor":24}],"player_experience":1493958,"relics_obtained":[{"floor":7,"key":"Darkstone Periapt"},{"floor":9,"key":"Pear"},{"floor":26,"key":"Potion Belt"}],"event_choices":[{"damage_healed":0,"gold_gain":0,"cards_transformed":["Strike_G"],"player_choice":"Change","damage_taken":0,"max_hp_gain":0,"max_hp_loss":0,"event_name":"Living Wall","floor":2,"gold_loss":0,"cards_obtained":["Flechettes"]},{"damage_healed":0,"gold_gain":0,"player_choice":"Success","damage_taken":35,"relics_obtained":["Eternal Feather"],"max_hp_gain":0,"max_hp_loss":0,"event_name":"Scrap Ooze","floor":3,"gold_loss":0},{"damage_healed":24,"gold_gain":0,"player_choice":"Banana","damage_taken":0,"max_hp_gain":0,"max_hp_loss":0,"event_name":"Big Fish","floor":5,"gold_loss":0},{"damage_healed":0,"gold_gain":0,"player_choice":"Upgraded","damage_taken":0,"max_hp_gain":0,"max_hp_loss":0,"event_name":"Upgrade Shrine","floor":19,"gold_loss":0,"cards_upgraded":["Tactician"]}],"is_beta":false,"boss_relics":[{"not_picked":["Philosopher\u0027s Stone","Velvet Choker"],"picked":"Empty Cage"}],"items_purged_floors":[11,22],"is_endless":false,"potions_floor_spawned":[7,12,18,21],"killed_by":"3 Cultists","ascension_level":20}}