{"host":"by8i6f8xc0ywpsd5","time":1612521786,"event":{"mods":["BaseMod","Colored Map","Minty Spire (QoL Compilation)","Relic Stats"],"gold_per_floor":[359,434,434,454,469,496,508,508,508,113,127,158,184,215,215,215,215],"floor_reached":16,"language":"ENG","playtime":757,"items_purged":["Regret"],"score":240,"play_id":"720cbd23-7ca4-4de9-be0f-c617396082ff","local_time":"20210205124306","is_ascension_mode":true,"campfire_choices":[{"data":"Blood for Blood","floor":15.0,"key":"SMITH"}],"circlet_count":0,"master_deck":["AscendersBane","Strike_R","Strike_R","Strike_R","Strike_R","Strike_R","Defend_R","Defend_R","Defend_R","Defend_R","Bash","Pommel Strike","Dropkick","Anger","Thunderclap","Shockwave","Blood for Blood+1","Dark Shackles","Cleave","Corruption","Offering"],"relics":["Burning Blood","Bag of Preparation","White Beast Statue","Eternal Feather","Blood Vial","Odd Mushroom","Pen Nib"],"acts_visited":["Exordium"],"potions_floor_usage":[16,16],"damage_taken":[{"damage":9.0,"enemies":"Jaw Worm","floor":1.0,"turns":4.0},{"damage":8.0,"enemies":"2 Louse","floor":4.0,"turns":3.0},{"damage":6.0,"enemies":"Cultist","floor":5.0,"turns":3.0},{"damage":32.0,"enemies":"Lagavulin","floor":6.0,"turns":9.0},{"damage":3.0,"enemies":"3 Louse","floor":7.0,"turns":3.0},{"damage":8.0,"enemies":"Large Slime","floor":11.0,"turns":5.0},{"damage":20.0,"enemies":"3 Sentries","floor":12.0,"turns":6.0},{"damage":8.0,"enemies":"The Mushroom Lair","floor":13.0,"turns":2.0},{"damage":8.0,"enemies":"Gremlin Nob","floor":14.0,"turns":3.0},{"damage":49,"enemies":"The Guardian","floor":16,"turns":11}],"seed_played":"9144547137377283416","potions_obtained":[{"floor":1.0,"key":"HeartOfIron"},{"floor":5.0,"key":"LiquidMemories"},{"floor":6.0,"key":"Explosive Potion"},{"floor":12.0,"key":"Block Potion"},{"floor":14.0,"key":"DistilledChaos"}],"is_trial":false,"path_per_floor":["M","?","?","M","M","E","M","?","T","$","M","E","?","E","R","B"],"character_chosen":"IRONCLAD","items_purchased":["Shockwave","Blood for Blood","Dark Shackles","Strength Potion"],"campfire_rested":0,"item_purchase_floors":[10,10,10,10],"current_hp_per_floor":[47,36,75,73,73,47,50,50,50,50,48,34,34,34,46,0,0],"gold":215,"neow_bonus":"TWO_FIFTY_GOLD","is_daily":false,"chose_seed":false,"campfire_upgraded":1,"win_rate":0.0,"timestamp":1612521786,"path_taken":["M","?","?","M","?","E","M","?","T","$","M","E","?","E","R","BOSS"],"items_purchased_type":["Card","Card","Card","Potion"],"build_version":"2020-12-22","purchased_purges":1,"victory":false,"max_hp_per_floor":[75,75,75,75,75,75,75,75,75,75,75,75,75,75,75,75,75],"relic_stats":{"Blood Vial":6,"counters":[10,49],"Eternal Feather":12,"Pen Nib":[1],"Bag of Preparation":[12],"obtain_stats":[{"Blood Vial":12,"Eternal Feather":9,"Pen Nib":14,"Bag of Preparation":6,"Odd Mushroom":13,"Burning Blood":0,"White Beast Statue":8},{"Blood Vial":7,"Eternal Feather":5,"Pen Nib":9,"Bag of Preparation":4,"Odd Mushroom":8,"Burning Blood":0,"White Beast Statue":5},{"Blood Vial":33,"Eternal Feather":22,"Pen Nib":38,"Bag of Preparation":19,"Odd Mushroom":35,"Burning Blood":0,"White Beast Statue":22}],"Burning Blood":54},"card_choices":[{"not_picked":["Armaments","Body Slam"],"picked":"Pommel Strike","floor":1.0},{"not_picked":["Sever Soul","Havoc"],"picked":"Dropkick","floor":4.0},{"not_picked":["Searing Blow","Heavy Blade"],"picked":"Anger","floor":5.0},{"not_picked":["Dark Embrace","Flex"],"picked":"Thunderclap","floor":6.0},{"not_picked":["Wild Strike","Body Slam","Heavy Blade"],"picked":"SKIP","floor":7.0},{"not_picked":["Clothesline","Flex"],"picked":"Cleave","floor":11.0},{"not_picked":["Entrench","Sever Soul"],"picked":"Corruption","floor":12.0},{"not_picked":["Flex","Headbutt"],"picked":"Offering","floor":14.0}],"player_experience":1760580,"relics_obtained":[{"floor":6.0,"key":"Bag of Preparation"},{"floor":9.0,"key":"Eternal Feather"},{"floor":12.0,"key":"Blood Vial"},{"floor":13.0,"key":"Odd Mushroom"},{"floor":14.0,"key":"Pen Nib"}],"event_choices":[{"damage_healed":0.0,"max_hp_gain":0.0,"max_hp_loss":0.0,"gold_gain":75.0,"event_name":"World of Goop","player_choice":"Gather Gold","floor":2.0,"gold_loss":0.0,"damage_taken":11.0},{"damage_healed":39.0,"max_hp_gain":0.0,"max_hp_loss":0.0,"gold_gain":0.0,"event_name":"Wheel of Change","player_choice":"Full Heal","floor":3.0,"gold_loss":0.0,"damage_taken":0.0},{"damage_healed":0.0,"max_hp_gain":0.0,"max_hp_loss":0.0,"gold_gain":0.0,"event_name":"Big Fish","player_choice":"Box","floor":8.0,"gold_loss":0.0,"damage_taken":0.0,"relics_obtained":["White Beast Statue"],"cards_obtained":["Regret"]},{"damage_healed":0.0,"max_hp_gain":0.0,"max_hp_loss":0.0,"gold_gain":0.0,"event_name":"Mushrooms","player_choice":"Fought Mushrooms","floor":13.0,"gold_loss":0.0,"damage_taken":0.0}],"is_beta":false,"boss_relics":[],"items_purged_floors":[10],"is_endless":false,"potions_floor_spawned":[1,5,6,11,12,13,14],"killed_by":"The Guardian","ascension_level":20}}