{"host":"x1wt4ryasj4hxyw3","time":1612516484,"event":{"mods":["Act Like it!","BaseMod","CapriCore","CavMod","Gensokyo","Lobotomy","LobotomyExtend","Minty Spire (QoL Compilation)","Prisma Mod","Quick Restart","Remilia£¨ÀÙÃ×ÀòÑÇ£©","RumiaBox-Â¶Ã×æ«µÄÉñÃØºÐ×Ó","StSLib","Youmu£¨»êÆÇÑýÃÎ£©","Yuyuko","¡¾¹¦ÄÜMod¡¿»ìãçÖ®»·ÐÞ¸´²¹¶¡"],"gold_per_floor":[115,9,9,9,29,29,47,262,262,287,147,42,92,112,112,213,213,232,46,46,60,135,310,324,46,70,70,87,87,116,116,141,141,91,91,217],"floor_reached":17,"language":"ZHS","playtime":2096,"items_purged":["Pain"],"score":383,"play_id":"5af3addb-f4b5-476b-9e0a-846323b019c9","local_time":"20210205171444","is_ascension_mode":false,"campfire_choices":[{"data":"Bash","floor":6,"key":"SMITH"},{"data":"Flame Barrier","floor":15,"key":"SMITH"},{"data":"Demon Form","floor":7,"key":"SMITH"},{"data":"Second Wind","floor":11,"key":"SMITH"},{"data":"Heavy Blade","floor":15,"key":"SMITH"}],"circlet_count":0,"master_deck":["Strike_R","Strike_R","Strike_R","Strike_R","Strike_R","Defend_R","Defend_R","Defend_R","Defend_R","Bash+1","LongBird","Scorched","Evolve","Clash","Searing Blow","CherryBlossoms","Flame Barrier+1","Flex","Feel No Pain","Scarecrow","Metallicize","SilentOrchestra","Demon Form+1","CrumblingArmor","Body Slam","Seeing Red","OldLady","Cleave","Doubt","OSAHOGD","Combust","Berserk","Flex","FieryBird","Second Wind+1","Mercenary","Dual Wield","FairyFestival","Rage","Heavy Blade+1","BigBadWolf","Juggernaut"],"relics":["Burning Blood","CogitoBucket","Gensokyo:LunaticRedEyes","Gensokyo:YoukaiFlower","Thread and Needle","Gambling Chip","Lizard Tail","Tiny Chest","TreeSap","Pocketwatch","Sozu","Lantern","LetterFromLob","Smiling Mask","AspirationHeart","Potion Belt","Boot","SecretRecord","Golden Idol"],"acts_visited":["Exordium","TheCity"],"potions_floor_usage":[14,16,16,16],"damage_taken":[{"damage":11,"enemies":"Gensokyo:Gryphon","floor":1,"turns":4},{"damage":9,"enemies":"Gensokyo:Python","floor":5,"turns":3},{"damage":13,"enemies":"Gensokyo:3_Fairies","floor":7,"turns":5},{"damage":9,"enemies":"Gensokyo:3_Kodama","floor":8,"turns":3},{"damage":15,"enemies":"Gensokyo:Cirno","floor":10,"turns":4},{"damage":0,"enemies":"Gensokyo:VengefulSpirit","floor":14,"turns":3},{"damage":26,"enemies":"Gensokyo:Kokoro","floor":16,"turns":7},{"damage":13,"enemies":"Spheric Guardian","floor":18,"turns":4},{"damage":0,"enemies":"Small Slimes","floor":1,"turns":1},{"damage":0,"enemies":"Jaw Worm","floor":4,"turns":2},{"damage":80,"enemies":"Cultist","floor":8,"turns":7},{"damage":0,"enemies":"Gremlin Nob","floor":10,"turns":2},{"damage":7,"enemies":"3 Sentries","floor":12,"turns":3},{"damage":45,"enemies":"The Guardian","floor":16,"turns":6}],"seed_played":"9022401119130822595","potions_obtained":[{"floor":1,"key":"Swift Potion"},{"floor":5,"key":"LiquidMemories"},{"floor":8,"key":"BlessingOfTheForge"},{"floor":14,"key":"SteroidPotion"}],"is_trial":false,"path_per_floor":["M","COS","?","?","M","R","M","M","T","E","?","$","T","M","R","B",null,"M","$","M","?","M","?","?","M","$","T","R","M","T","E","R","E","?","$","R","B",null],"character_chosen":"IRONCLAD","items_purchased":["Flex","Feel No Pain","Lantern","Seeing Red","Berserk","Flex","Heavy Blade"],"campfire_rested":0,"item_purchase_floors":[12,12,19,19,5,5,14],"current_hp_per_floor":[75,75,75,75,72,72,65,62,62,39,39,39,39,45,45,53,80,73,73,73,80,69,69,79,79,79,79,56,56,70,70,74,56,56,56,37],"gold":217,"neow_bonus":"","is_daily":false,"chose_seed":false,"campfire_upgraded":5,"win_rate":0.0,"timestamp":1612516484,"path_taken":["M","COS","?","?","M","R","?","M","T","E","?","$","?","M","R","BOSS","M","$","M","?","M","?","?","M","$","?","R","M","T","E","R","E","?","?","R","BOSS"],"items_purchased_type":["Card","Card","Card","Card","Card","Card","Card"],"build_version":"2020-12-22","purchased_purges":1,"victory":true,"max_hp_per_floor":[80,80,80,80,80,80,80,80,80,80,80,80,80,80,80,80,80,80,80,80,80,80,80,80,80,80,80,75,75,75,75,75,75,75,75,75],"card_choices":[{"not_picked":["Murderer","VoidDream","Bloodbath"],"picked":"Singing Bowl","floor":1},{"not_picked":["UniverseFragment","Alriune"],"picked":"LongBird","floor":1},{"not_picked":["Perfected Strike","Clash"],"picked":"Heavy Blade","floor":1},{"not_picked":["WallGazer","MeatLantern","Murderer"],"picked":"Singing Bowl","floor":5},{"not_picked":["Bloodbath","MHz"],"picked":"Scorched","floor":5},{"not_picked":["Uppercut","Armaments"],"picked":"Evolve","floor":5},{"not_picked":["CrumblingArmor","Bloodbath","OSAHOGD"],"picked":"Singing Bowl","floor":7},{"not_picked":["WallGazer","Murderer"],"picked":"Yin","floor":7},{"not_picked":["Sword Boomerang","Shrug It Off"],"picked":"Clash","floor":7},{"not_picked":["Shrug It Off","Sword Boomerang"],"picked":"Searing Blow","floor":8},{"not_picked":["UniverseFragment","SpiderBud","Porccubus"],"picked":"Singing Bowl","floor":10},{"not_picked":["Wellcheers","PunishingBird"],"picked":"CherryBlossoms","floor":10},{"not_picked":["Uppercut","Pommel Strike"],"picked":"Flame Barrier","floor":10},{"not_picked":["WhitesApple","GreedKing","MHz"],"picked":"Singing Bowl","floor":14},{"not_picked":["Alriune","VoidDream"],"picked":"Scarecrow","floor":14},{"not_picked":["Warcry","Armaments"],"picked":"Metallicize","floor":14},{"not_picked":["MeatLantern","Murderer"],"picked":"SilentOrchestra","floor":16},{"not_picked":["Juggernaut","Corruption"],"picked":"Demon Form","floor":16},{"not_picked":["QueenBee","Variant","GalaxyChild"],"picked":"Singing Bowl","floor":18},{"not_picked":["PunishingBird","MeatLantern"],"picked":"CrumblingArmor","floor":18},{"not_picked":["Twin Strike","Wild Strike"],"picked":"Body Slam","floor":18},{"not_picked":["FairyFestival","HappyTeddy"],"picked":"OldLady","floor":1},{"not_picked":["Headbutt","True Grit"],"picked":"Cleave","floor":1},{"not_picked":["HeroicMonk","BeautyBeast","Bloodbath"],"picked":"Singing Bowl","floor":4},{"not_picked":["ShyLook","MeatLantern"],"picked":"OSAHOGD","floor":4},{"not_picked":["Burning Pact","Evolve"],"picked":"Combust","floor":4},{"not_picked":["BeautyBeast","MeatLantern","MHz"],"picked":"Singing Bowl","floor":8},{"not_picked":["Murderer","BeautyBeast"],"picked":"FieryBird","floor":8},{"not_picked":["Fire Breathing","Clothesline"],"picked":"Second Wind","floor":8},{"not_picked":["UniverseFragment","ShyLook","BeautyBeast"],"picked":"Singing Bowl","floor":10},{"not_picked":["BigBird","SnowQueen"],"picked":"Mercenary","floor":10},{"not_picked":["Bludgeon","Flex"],"picked":"Dual Wield","floor":10},{"not_picked":["LittlePrince","MHz","ShyLook"],"picked":"Singing Bowl","floor":12},{"not_picked":["Wellcheers","ShyLook"],"picked":"FairyFestival","floor":12},{"not_picked":["Searing Blow","Anger"],"picked":"Rage","floor":12},{"not_picked":["PunishingBird","LaLuna","BeautyBeast"],"picked":"Singing Bowl","floor":16},{"not_picked":["SnowQueen","SpiderBud"],"picked":"BigBadWolf","floor":16},{"not_picked":["Impervious","Demon Form"],"picked":"Juggernaut","floor":16}],"player_experience":173667,"relics_obtained":[{"floor":1,"key":"LetterFromLob"},{"floor":9,"key":"Thread and Needle"},{"floor":10,"key":"Gambling Chip"},{"floor":13,"key":"Tiny Chest"},{"floor":1,"key":"LetterFromLob"},{"floor":6,"key":"Smiling Mask"},{"floor":9,"key":"Potion Belt"},{"floor":10,"key":"Boot"},{"floor":12,"key":"SecretRecord"}],"event_choices":[{"damage_healed":0,"gold_gain":75,"player_choice":"Gather Gold","damage_taken":11,"max_hp_gain":0,"max_hp_loss":0,"event_name":"World of Goop","floor":2,"gold_loss":0},{"damage_healed":0,"gold_gain":175,"player_choice":"AGREE","damage_taken":0,"max_hp_gain":0,"max_hp_loss":0,"event_name":"Liars Game","floor":3,"gold_loss":0,"cards_obtained":["Doubt"]},{"damage_healed":0,"gold_gain":0,"player_choice":"Take Damage","damage_taken":18,"relics_obtained":["Golden Idol"],"max_hp_gain":0,"max_hp_loss":0,"event_name":"Golden Idol","floor":13,"gold_loss":0}],"is_beta":false,"boss_relics":[{"not_picked":["Runic Pyramid","Tiny House"],"picked":"Sozu"}],"items_purged_floors":[5],"is_endless":false,"potions_floor_spawned":[1,5,8,14,1,12,16],"ascension_level":0}}