{"host":"1focbxb2e8qu7ccd","time":1612559632,"event":{"mods":["BaseMod","Bestiary","Highlight Path","Minty Spire (QoL Compilation)","Relic Stats"],"gold_per_floor":[119,134,134,150,177,177,210,210,210,135,153,166,199,216,216,294,294,312,362,362,382,382,709,709,736,736,746,774,57,89,100,100,174,174,188,206,206,206,206,206,235,246,272,299,330,354,398,410,422,434,446,458,34,62,62],"floor_reached":56,"language":"ENG","playtime":6023,"items_purged":["Strike_G+1"],"score":2396,"play_id":"1986c80b-144a-4311-a196-06fe190c7ab7","local_time":"20210205161352","is_ascension_mode":true,"campfire_choices":[{"data":"Dagger Spray","floor":6.0,"key":"SMITH"},{"data":"Dagger Throw","floor":8.0,"key":"SMITH"},{"data":"Corpse Explosion","floor":15.0,"key":"SMITH"},{"data":"Wraith Form v2","floor":32.0,"key":"SMITH"},{"data":"Calculated Gamble","floor":40.0,"key":"SMITH"},{"floor":49.0,"key":"RECALL"},{"data":"Catalyst","floor":52.0,"key":"SMITH"}],"circlet_count":0,"master_deck":["AscendersBane","Strike_G+1","Defend_G+1","Defend_G+1","Defend_G+1","Defend_G+1","Defend_G+1","Survivor","Dagger Throw+1","Quick Slash","Dagger Spray+1","Backstab","Sucker Punch","Masterful Stab","Corpse Explosion+1","Blade Dance","Bullet Time","Crippling Poison","Bouncing Flask","Underhanded Strike","Backflip","Underhanded Strike","Calculated Gamble+1","Wraith Form v2+1","Backflip","PiercingWail","Dodge and Roll+1","Bullet Time","Night Terror+1","Bane+1","Choke+1","Catalyst+1","Underhanded Strike+1","Crippling Poison","Leg Sweep","Choke+1","Predator+1","Night Terror","Quick Slash+1","PiercingWail"],"relics":["Ring of the Snake","NeowsBlessing","NlothsMask","Happy Flower","Lizard Tail","Blood Vial","Snecko Eye","Ginger","Old Coin","Oddly Smooth Stone","Bronze Scales","Toy Ornithopter","Ice Cream","ClockworkSouvenir","Molten Egg 2","Astrolabe","Centennial Puzzle","MawBank","Gremlin Horn","Letter Opener","Tough Bandages"],"acts_visited":["Exordium","TheCity","TheBeyond","TheEnding"],"potions_floor_usage":[55,55],"damage_taken":[{"damage":0.0,"enemies":"Cultist","floor":1.0,"turns":1.0},{"damage":0.0,"enemies":"Small Slimes","floor":2.0,"turns":1.0},{"damage":0.0,"enemies":"Jaw Worm","floor":4.0,"turns":1.0},{"damage":17.0,"enemies":"3 Sentries","floor":7.0,"turns":8.0},{"damage":0.0,"enemies":"2 Fungi Beasts","floor":11.0,"turns":2.0},{"damage":0.0,"enemies":"Gremlin Gang","floor":12.0,"turns":2.0},{"damage":3.0,"enemies":"Gremlin Nob","floor":13.0,"turns":3.0},{"damage":0.0,"enemies":"Exordium Wildlife","floor":14.0,"turns":2.0},{"damage":22.0,"enemies":"Slime Boss","floor":16.0,"turns":7.0},{"damage":3.0,"enemies":"2 Thieves","floor":18.0,"turns":3.0},{"damage":0.0,"enemies":"Spheric Guardian","floor":21.0,"turns":3.0},{"damage":21.0,"enemies":"Book of Stabbing","floor":23.0,"turns":4.0},{"damage":0.0,"enemies":"Slavers","floor":25.0,"turns":1.0},{"damage":3.0,"enemies":"Snake Plant","floor":27.0,"turns":3.0},{"damage":6.0,"enemies":"Book of Stabbing","floor":28.0,"turns":4.0},{"damage":3.0,"enemies":"Slavers","floor":30.0,"turns":3.0},{"damage":0.0,"enemies":"Snecko","floor":31.0,"turns":3.0},{"damage":24.0,"enemies":"Collector","floor":33.0,"turns":7.0},{"damage":0.0,"enemies":"3 Shapes","floor":35.0,"turns":2.0},{"damage":0.0,"enemies":"Orb Walker","floor":36.0,"turns":3.0},{"damage":0.0,"enemies":"Reptomancer","floor":41.0,"turns":5.0},{"damage":24.0,"enemies":"Spire Growth","floor":42.0,"turns":5.0},{"damage":36.0,"enemies":"Giant Head","floor":44.0,"turns":8.0},{"damage":0.0,"enemies":"Writhing Mass","floor":45.0,"turns":4.0},{"damage":0.0,"enemies":"Transient","floor":46.0,"turns":6.0},{"damage":1.0,"enemies":"Nemesis","floor":47.0,"turns":5.0},{"damage":20.0,"enemies":"Donu and Deca","floor":50.0,"turns":4.0},{"damage":8.0,"enemies":"Shield and Spear","floor":54.0,"turns":5.0},{"damage":43,"enemies":"The Heart","floor":55,"turns":10}],"seed_played":"-8683740319693892009","potions_obtained":[{"floor":2.0,"key":"Regen Potion"},{"floor":7.0,"key":"SkillPotion"},{"floor":12.0,"key":"DistilledChaos"},{"floor":14.0,"key":"PowerPotion"},{"floor":16.0,"key":"SkillPotion"},{"floor":27.0,"key":"Dexterity Potion"},{"floor":47.0,"key":"Fire Potion"},{"floor":54.0,"key":"Dexterity Potion"}],"is_trial":false,"path_per_floor":["M","M","?","M","T","R","E","R","T","?","M","M","E","M","R","B",null,"M","?","?","M","?","E","?","E","T","M","E","$","E","M","R","B",null,"M","M","?","?","?","R","E","M","T","E","M","M","E","?","R","B",null,"R","$","E","B",null],"character_chosen":"THE_SILENT","items_purchased":["Wraith Form v2","Ice Cream","ClockworkSouvenir","Backflip","Quick Slash+1","PiercingWail","Letter Opener"],"campfire_rested":0,"item_purchase_floors":[29,29,29,29,53,53,53],"current_hp_per_floor":[59,59,59,59,59,59,57,57,57,57,57,57,54,56,56,36,59,58,58,58,60,60,41,41,43,43,42,38,38,37,39,39,17,54,56,58,58,48,76,76,76,52,52,18,20,22,28,28,28,10,57,57,57,51,20],"gold":62,"neow_bonus":"THREE_ENEMY_KILL","is_daily":false,"chose_seed":false,"campfire_upgraded":6,"win_rate":0.0,"timestamp":1612559632,"path_taken":["M","M","?","?","?","R","E","R","T","?","M","M","E","M","R","BOSS","M","?","?","M","?","E","?","E","T","?","E","$","E","M","R","BOSS","M","M","?","?","?","R","E","M","T","E","?","M","E","?","R","BOSS","R","$","E","BOSS"],"items_purchased_type":["Card","Relic","Relic","Card","Card","Card","Relic"],"build_version":"2020-12-22","purchased_purges":1,"victory":true,"max_hp_per_floor":[66,66,66,66,66,66,66,66,66,66,66,66,66,66,66,66,66,66,66,66,66,66,66,66,66,66,66,66,66,66,66,66,66,66,66,66,66,66,76,76,76,76,76,76,76,76,76,72,72,72,72,72,72,72,72],"relic_stats":{"Happy Flower":[34],"Gremlin Horn":[0,0],"counters":[29,115],"Astrolabe":["Night Terror","Bane","Choke"],"Ginger":[16],"Letter Opener":[40],"MawBank":108,"Blood Vial":40,"Lizard Tail":0,"Centennial Puzzle":[18],"Tough Bandages":[18],"Bronze Scales":[344],"Snecko Eye":[188,201,185,185],"obtain_stats":[{"Ice Cream":29,"NeowsBlessing":0,"Happy Flower":7,"Gremlin Horn":47,"Astrolabe":34,"Oddly Smooth Stone":25,"Ginger":22,"Letter Opener":53,"MawBank":44,"Old Coin":23,"ClockworkSouvenir":29,"Blood Vial":13,"Lizard Tail":9,"Centennial Puzzle":41,"Tough Bandages":54,"Bronze Scales":26,"Snecko Eye":17,"Molten Egg 2":30,"Toy Ornithopter":28,"Ring of the Snake":0,"NlothsMask":3},{"Ice Cream":15,"NeowsBlessing":0,"Happy Flower":4,"Gremlin Horn":26,"Astrolabe":18,"Oddly Smooth Stone":13,"Ginger":11,"Letter Opener":27,"MawBank":23,"Old Coin":12,"ClockworkSouvenir":15,"Blood Vial":7,"Lizard Tail":4,"Centennial Puzzle":21,"Tough Bandages":28,"Bronze Scales":13,"Snecko Eye":9,"Molten Egg 2":16,"Toy Ornithopter":15,"Ring of the Snake":0,"NlothsMask":2},{"Ice Cream":45,"NeowsBlessing":0,"Happy Flower":11,"Gremlin Horn":96,"Astrolabe":58,"Oddly Smooth Stone":38,"Ginger":33,"Letter Opener":100,"MawBank":81,"Old Coin":37,"ClockworkSouvenir":45,"Blood Vial":18,"Lizard Tail":11,"Centennial Puzzle":68,"Tough Bandages":105,"Bronze Scales":38,"Snecko Eye":27,"Molten Egg 2":48,"Toy Ornithopter":45,"Ring of the Snake":0,"NlothsMask":2}],"Toy Ornithopter":15,"Ring of the Snake":[58]},"card_choices":[{"not_picked":["Cloak And Dagger","Slice"],"picked":"Dagger Throw","floor":1.0},{"not_picked":["Bane","Predator"],"picked":"Quick Slash","floor":2.0},{"not_picked":["Backflip","Noxious Fumes"],"picked":"Dagger Spray","floor":4.0},{"not_picked":["Dagger Spray","Bouncing Flask"],"picked":"Backstab","floor":7.0},{"not_picked":["Catalyst","Flying Knee"],"picked":"Sucker Punch","floor":11.0},{"not_picked":["Flying Knee","Infinite Blades"],"picked":"Masterful Stab","floor":12.0},{"not_picked":["Blade Dance","Terror"],"picked":"Corpse Explosion","floor":13.0},{"not_picked":["Heel Hook","Tactician"],"picked":"Blade Dance","floor":14.0},{"not_picked":["Night Terror","A Thousand Cuts"],"picked":"Bullet Time","floor":16.0},{"not_picked":["Masterful Stab","Quick Slash"],"picked":"Crippling Poison","floor":18.0},{"not_picked":["Footwork","Backflip"],"picked":"Bouncing Flask","floor":21.0},{"not_picked":["Expertise","Choke"],"picked":"Underhanded Strike","floor":23.0},{"not_picked":["Blade Dance","Storm of Steel"],"picked":"Backflip","floor":25.0},{"not_picked":["Slice","Heel Hook"],"picked":"Underhanded Strike","floor":27.0},{"not_picked":["Dagger Throw","Bouncing Flask"],"picked":"Calculated Gamble","floor":28.0},{"not_picked":["Flechettes+1","Storm of Steel"],"picked":"PiercingWail","floor":30.0},{"not_picked":["Deadly Poison","Sucker Punch+1"],"picked":"Dodge and Roll+1","floor":31.0},{"not_picked":["Glass Knife+1","Doppelganger"],"picked":"Bullet Time","floor":33.0},{"not_picked":["Deadly Poison","Cloak And Dagger"],"picked":"Catalyst","floor":35.0},{"not_picked":["Finisher+1","Escape Plan"],"picked":"Underhanded Strike+1","floor":36.0},{"not_picked":["Enlightenment","Discovery"],"picked":"Violence","floor":38.0},{"not_picked":["PiercingWail","Endless Agony+1"],"picked":"Crippling Poison","floor":41.0},{"not_picked":["Escape Plan","Blur+1"],"picked":"Leg Sweep","floor":42.0},{"not_picked":["Footwork","Slice+1"],"picked":"Choke+1","floor":44.0},{"not_picked":["Underhanded Strike+1","Deadly Poison+1"],"picked":"Predator+1","floor":45.0},{"not_picked":["Blade Dance","Dodge and Roll","Deflect"],"picked":"SKIP","floor":46.0},{"not_picked":["Deflect","Terror"],"picked":"Night Terror","floor":47.0},{"not_picked":["Crippling Poison","Outmaneuver+1","Blur"],"picked":"SKIP","floor":54.0}],"player_experience":866365,"relics_obtained":[{"floor":7.0,"key":"Happy Flower"},{"floor":9.0,"key":"Lizard Tail"},{"floor":13.0,"key":"Blood Vial"},{"floor":23.0,"key":"Old Coin"},{"floor":25.0,"key":"Oddly Smooth Stone"},{"floor":26.0,"key":"Bronze Scales"},{"floor":28.0,"key":"Toy Ornithopter"},{"floor":30.0,"key":"Molten Egg 2"},{"floor":41.0,"key":"Centennial Puzzle"},{"floor":44.0,"key":"MawBank"},{"floor":47.0,"key":"Gremlin Horn"},{"floor":54.0,"key":"Tough Bandages"}],"event_choices":[{"damage_healed":0.0,"max_hp_gain":0.0,"max_hp_loss":0.0,"gold_gain":0.0,"event_name":"FaceTrader","player_choice":"Trade","floor":3.0,"gold_loss":0.0,"damage_taken":0.0,"relics_obtained":["NlothsMask"]},{"cards_removed":["Strike_G"],"damage_healed":0.0,"max_hp_gain":0.0,"max_hp_loss":0.0,"gold_gain":0.0,"event_name":"The Cleric","player_choice":"Card Removal","floor":10.0,"gold_loss":75.0,"damage_taken":0.0},{"damage_healed":0.0,"max_hp_gain":0.0,"max_hp_loss":0.0,"gold_gain":50.0,"event_name":"Nest","player_choice":"Stole From Cult","floor":19.0,"gold_loss":0.0,"damage_taken":0.0},{"damage_healed":0.0,"max_hp_gain":0.0,"max_hp_loss":0.0,"gold_gain":0.0,"event_name":"Back to Basics","player_choice":"Simplicity","floor":20.0,"gold_loss":0.0,"damage_taken":0.0,"cards_upgraded":["Strike_G","Strike_G","Strike_G","Strike_G","Defend_G","Defend_G","Defend_G","Defend_G","Defend_G"]},{"damage_healed":0.0,"max_hp_gain":0.0,"max_hp_loss":0.0,"gold_gain":0.0,"event_name":"The Mausoleum","player_choice":"Opened","floor":22.0,"gold_loss":0.0,"damage_taken":0.0,"relics_obtained":["Ginger"],"cards_obtained":["Writhe"]},{"cards_removed":["Writhe"],"damage_healed":0.0,"max_hp_gain":0.0,"max_hp_loss":0.0,"gold_gain":0.0,"event_name":"Fountain of Cleansing","player_choice":"Removed Curses","floor":24.0,"gold_loss":0.0,"damage_taken":0.0},{"damage_healed":0.0,"max_hp_gain":0.0,"max_hp_loss":0.0,"gold_gain":0.0,"event_name":"Tomb of Lord Red Mask","player_choice":"Ignored","floor":37.0,"gold_loss":0.0,"damage_taken":0.0},{"damage_healed":0.0,"max_hp_gain":0.0,"max_hp_loss":0.0,"gold_gain":0.0,"event_name":"SensoryStone","player_choice":"Memory 3","floor":38.0,"gold_loss":0.0,"damage_taken":10.0},{"cards_removed":["Violence"],"damage_healed":18.0,"max_hp_gain":10.0,"max_hp_loss":0.0,"gold_gain":0.0,"event_name":"Bonfire Elementals","player_choice":"Offered Rare","floor":39.0,"gold_loss":0.0,"damage_taken":0.0},{"damage_healed":0.0,"max_hp_gain":0.0,"max_hp_loss":4.0,"gold_gain":0.0,"event_name":"Winding Halls","player_choice":"Max HP","floor":48.0,"gold_loss":0.0,"damage_taken":0.0}],"is_beta":false,"boss_relics":[{"not_picked":["SlaversCollar","Empty Cage"],"picked":"Snecko Eye"},{"not_picked":["Pandora\u0027s Box","Ring of the Serpent"],"picked":"Astrolabe"}],"items_purged_floors":[53],"is_endless":false,"potions_floor_spawned":[2,7,12,14,16,18,27,28,30,31,33,44,45,46,47,54],"ascension_level":19}}