{"host":"92wx9z21c4p52du4","time":1612563726,"event":{"mods":["BaseMod","Downfall","Hermit","Minty Spire (QoL Compilation)","Reliquary","StSLib","The Hierophant"],"gold_per_floor":[99,114,114,141,151,166,166,178,178,210,210,10,30,40,51,149,199,199,216,216,230,230,264,289,289,21,21,32,17,17,17,35,136,136,36,47,66,66,86,111,111,156,156,156,156,156],"floor_reached":44,"language":"ENG","playtime":2867,"items_purged":["bronze:Defend"],"score":483,"play_id":"bf8a6b3d-109a-4789-bf17-d32d27eeda57","local_time":"20210205162206","is_ascension_mode":false,"campfire_choices":[{"data":"bronze:Goto","floor":1,"key":"SMITH"},{"data":"bronze:Terminator","floor":18,"key":"SMITH"},{"floor":27,"key":"REST"},{"data":"bronze:CloningBeam","floor":30,"key":"SMITH"},{"data":"Apotheosis","floor":35,"key":"SMITH"}],"circlet_count":0,"master_deck":["bronze:Strike","bronze:Strike","bronze:Strike","bronze:Defend","bronze:Defend","bronze:Defend","bronze:Replicate+1","bronze:Goto+1","bronze:SpaghettiCode","bronze:Shield","bronze:CutThrough+1","bronze:InfiniteBeams","bronze:HyperBeam","bronze:DazingPulse+1","bronze:Explode+1","bronze:ShipIt","bronze:WildBeam","bronze:Constructor","bronze:BurnOut","bronze:MaxOutput","bronze:Iterate","bronze:FindAndReplace","bronze:Assembly","bronze:Terminator+1","bronze:BuggyMess+1","bronze:BuggyMess+1","bronze:CloningBeam+1","bronze:FineTuning","Apotheosis+1","bronze:Optimize","bronze:Assembly","bronze:ItsAFeature","Writhe","bronze:FindAndReplace","bronze:MaxOutput","bronze:Overload+1","bronze:BronzeOrb+1","bronze:Allocate","expansioncontent:YouAreMine"],"relics":["bronze:BronzeCore","reliquary:PurpleTingedLeaf","Ornamental Fan","Tiny House","Blue Candle","downfall:RedIOU","Gremlin Horn","reliquary:PartyBalloon","Potion Belt","Mercury Hourglass","Sozu","downfall:HeartBlessingGreen","WingedGreaves","reliquary:IridiumChain","Unceasing Top"],"acts_visited":["Exordium","TheCity","TheBeyond"],"potions_floor_usage":[9,12,19,21,23,23,33,39],"damage_taken":[{"damage":0,"enemies":"2 Louse","floor":2,"turns":1},{"damage":0,"enemies":"Jaw Worm","floor":5,"turns":2},{"damage":10,"enemies":"Small Slimes","floor":6,"turns":4},{"damage":3,"enemies":"Blue Slaver","floor":8,"turns":5},{"damage":6,"enemies":"Blue Slaver","floor":9,"turns":3},{"damage":7,"enemies":"Lagavulin","floor":10,"turns":5},{"damage":5,"enemies":"downfall:FleeingMerchant","floor":12,"turns":4},{"damage":0,"enemies":"3 Louse","floor":13,"turns":2},{"damage":1,"enemies":"Blue Slaver","floor":14,"turns":3},{"damage":3,"enemies":"Large Slime","floor":15,"turns":4},{"damage":16,"enemies":"IC_STATUS_ARCHETYPE","floor":16,"turns":5},{"damage":4,"enemies":"3 Byrds","floor":19,"turns":4},{"damage":0,"enemies":"Shell Parasite","floor":21,"turns":3},{"damage":43,"enemies":"Slavers","floor":23,"turns":5},{"damage":0,"enemies":"downfall:FleeingMerchant","floor":26,"turns":4},{"damage":0,"enemies":"Cultist and Chosen","floor":28,"turns":3},{"damage":2,"enemies":"downfall:FleeingMerchant","floor":29,"turns":4},{"damage":24,"enemies":"Snake Plant","floor":32,"turns":3},{"damage":9,"enemies":"WA_ARCHETYPE_CALM","floor":33,"turns":7},{"damage":20,"enemies":"3 Shapes","floor":36,"turns":2},{"damage":1,"enemies":"3 Darklings","floor":37,"turns":3},{"damage":0,"enemies":"Maw","floor":39,"turns":7},{"damage":18,"enemies":"Reptomancer","floor":40,"turns":2},{"damage":24,"enemies":"2 Orb Walkers","floor":42,"turns":4},{"damage":8,"enemies":"downfall:FleeingMerchant","floor":44,"turns":2}],"seed_played":"-8447448696963785148","potions_obtained":[{"floor":5,"key":"FearPotion"},{"floor":10,"key":"EntropicBrew"},{"floor":21,"key":"Block Potion"},{"floor":23,"key":"CultistPotion"},{"floor":33,"key":"bronze:BuildAFunctionPotion"}],"is_trial":false,"path_per_floor":["R","M","?","T","M","M","T","M","?","E","?","$","M","M","M","B",null,"R","M","?","M","?","E","T","T","$","R","M","$","R","?","M","B",null,"R","M","M","?","M","E","T","?","?","$"],"character_chosen":"THE_AUTOMATON","items_purchased":["bronze:BurnOut","Apotheosis","bronze:Optimize"],"campfire_rested":1,"item_purchase_floors":[12,26,26],"current_hp_per_floor":[63,63,63,63,63,53,53,52,47,40,40,35,35,34,31,16,68,68,64,59,59,59,16,16,16,16,36,36,34,34,34,11,2,68,68,48,47,47,47,29,29,5,5,0,0,0],"gold":156,"neow_bonus":"THREE_RARE_CARDS","is_daily":false,"chose_seed":false,"campfire_upgraded":4,"win_rate":0.0,"timestamp":1612563726,"path_taken":["R","M","?","?","M","M","T","M","?","E","?","$","M","?","M","BOSS","R","M","?","M","?","E","T","?","$","R","M","?","R","?","M","BOSS","R","M","M","?","M","E","T","?","?","?"],"items_purchased_type":["Card","Card","Card"],"build_version":"2020-12-22","purchased_purges":1,"victory":false,"max_hp_per_floor":[63,63,63,63,63,63,63,63,63,63,63,63,63,63,63,63,68,68,68,68,68,68,68,68,68,68,68,68,68,68,68,68,68,68,68,68,68,68,68,68,68,68,68,68,68,68],"card_choices":[{"not_picked":["bronze:HardenedForm","bronze:Virus"],"picked":"bronze:SpaghettiCode","floor":0},{"not_picked":["bronze:OilSpill","bronze:Overheat"],"picked":"bronze:Shield","floor":2},{"not_picked":["bronze:Backtrace","bronze:FineTuning"],"picked":"bronze:CutThrough","floor":5},{"not_picked":["bronze:ItsAFeature","bronze:Turbo"],"picked":"bronze:InfiniteBeams","floor":6},{"not_picked":["bronze:Branch","bronze:DarkDash"],"picked":"bronze:HyperBeam","floor":8},{"not_picked":[],"picked":"bronze:DazingPulse","floor":9},{"not_picked":[],"picked":"bronze:Explode","floor":9},{"not_picked":["bronze:Backtrace","bronze:Repulsor"],"picked":"bronze:ShipIt","floor":9},{"not_picked":["bronze:Iterate","bronze:Turbo"],"picked":"bronze:WildBeam","floor":10},{"not_picked":["bronze:OilSpill","bronze:Backtrace"],"picked":"bronze:Constructor","floor":12},{"not_picked":["bronze:Fortify","bronze:BitShift"],"picked":"bronze:MaxOutput","floor":13},{"not_picked":["bronze:Overload","bronze:BitShift"],"picked":"bronze:Iterate","floor":14},{"not_picked":["bronze:ChildClass","bronze:Backtrace"],"picked":"bronze:FindAndReplace","floor":15},{"not_picked":["bronze:SpaghettiCode","bronze:HyperBeam"],"picked":"bronze:Assembly","floor":16},{"not_picked":["bronze:OilSpill","bronze:BitShift"],"picked":"bronze:Terminator","floor":17},{"not_picked":["bronze:ClassDefault","bronze:FollowUp"],"picked":"bronze:BuggyMess+1","floor":19},{"not_picked":["bronze:Overload","bronze:DelayedSlice"],"picked":"bronze:BuggyMess+1","floor":21},{"not_picked":["bronze:ChosenStrike","bronze:Flail"],"picked":"bronze:CloningBeam","floor":23},{"not_picked":["bronze:DelayedSlice+1","bronze:InfiniteBeams"],"picked":"bronze:FineTuning","floor":26},{"not_picked":["bronze:Overheat","bronze:Turbo+1"],"picked":"bronze:Assembly","floor":28},{"not_picked":["bronze:OilSpill+1","bronze:Iterate"],"picked":"bronze:ItsAFeature","floor":29},{"not_picked":["bronze:DelayedSlice","bronze:DigitalCarnage","bronze:Repulsor"],"picked":"SKIP","floor":32},{"not_picked":["bronze:CleanCode","bronze:Mutator"],"picked":"bronze:FindAndReplace","floor":33},{"not_picked":["bronze:Optimize+1","bronze:Shield+1"],"picked":"bronze:MaxOutput","floor":36},{"not_picked":["bronze:ItsAFeature","bronze:BuggyMess+1","bronze:Deprecate"],"picked":"SKIP","floor":37},{"not_picked":["bronze:Invalidate","bronze:Deprecate+1"],"picked":"bronze:Overload+1","floor":39},{"not_picked":["bronze:Safeguard","bronze:DigitalCarnage"],"picked":"bronze:BronzeOrb+1","floor":40},{"not_picked":["bronze:BitShift","bronze:GetLatest"],"picked":"bronze:Allocate","floor":42},{"not_picked":["expansioncontent:Hexaburn","expansioncontent:InvincibleStrength"],"picked":"expansioncontent:YouAreMine","floor":43}],"player_experience":279231,"relics_obtained":[{"floor":4,"key":"Smiling Mask"},{"floor":7,"key":"reliquary:PurpleTingedLeaf"},{"floor":10,"key":"Ornamental Fan"},{"floor":23,"key":"Gremlin Horn"},{"floor":24,"key":"reliquary:PartyBalloon"},{"floor":25,"key":"Potion Belt"},{"floor":40,"key":"WingedGreaves"},{"floor":41,"key":"reliquary:IridiumChain"},{"floor":42,"key":"Unceasing Top"}],"event_choices":[{"cards_removed":["bronze:Strike"],"damage_healed":0,"gold_gain":0,"player_choice":"Removed Attack","damage_taken":0,"max_hp_gain":0,"max_hp_loss":0,"event_name":"Falling","floor":38,"gold_loss":0},{"damage_healed":0,"gold_gain":0,"player_choice":"Fight","damage_taken":0,"max_hp_gain":0,"max_hp_loss":0,"event_name":"Mysterious Sphere","floor":42,"gold_loss":0}],"is_beta":false,"boss_relics":[{"not_picked":["Philosopher\u0027s Stone","Runic Dome"],"picked":"Tiny House"},{"not_picked":["Busted Crown","Fusion Hammer"],"picked":"Sozu"}],"items_purged_floors":[12],"is_endless":false,"potions_floor_spawned":[5,10,13,15,21,23,33,36,37,42],"killed_by":"downfall:FleeingMerchant","ascension_level":0}}