{"host":"rolltorest","time":1612563479,"event":{"mods":["BaseMod","Minty Spire (QoL Compilation)","Relic Stats","Slay the Relics Exporter","StSLib"],"gold_per_floor":[116,116,131,144,5,5,37,56,56,87,144,56,71,98,98,176,226,240,165,165,15,97,97,129,129,429,45,45,79,94,111,111,188,188,206,222,235,69,86,86,86],"floor_reached":40,"language":"ENG","playtime":2268,"items_purged":["Strike_G","Strike_G"],"score":1063,"play_id":"365e57fb-6b95-4016-811b-12d5ef32c333","local_time":"20210205141759","is_ascension_mode":true,"campfire_choices":[{"data":"Blade Dance","floor":6,"key":"SMITH"},{"data":"Accuracy","floor":15,"key":"SMITH"},{"data":"Blade Dance","floor":23,"key":"SMITH"},{"data":"Accuracy","floor":25,"key":"SMITH"},{"data":"Well Laid Plans","floor":28,"key":"SMITH"},{"data":"After Image","floor":32,"key":"SMITH"}],"circlet_count":0,"master_deck":["AscendersBane","Strike_G","Strike_G+1","Strike_G","Defend_G","Defend_G","Defend_G","Defend_G","Defend_G","Survivor","Neutralize","Master of Strategy","Dagger Spray","Accuracy+1","Blade Dance+1","Well Laid Plans+1","Leg Sweep","Backstab","Dodge and Roll","Accuracy+1","PiercingWail","Accuracy","After Image+1","Heel Hook","Dodge and Roll","Blade Dance+1","Dodge and Roll","PiercingWail","Corpse Explosion","Well Laid Plans+1","Blade Dance","Finisher","Acrobatics+1","Night Terror","Night Terror","Backflip+1"],"relics":["Ring of the Snake","Pen Nib","Kunai","Mummified Hand","Pantograph","Sundial","Ancient Tea Set","Tiny House","Question Card","The Specimen","Old Coin","OrangePellets","Bronze Scales","Tough Bandages","Sozu","Orrery"],"acts_visited":["Exordium","TheCity","TheBeyond"],"potions_floor_usage":[7,10,24,29,40],"damage_taken":[{"damage":9,"enemies":"Small Slimes","floor":1,"turns":4},{"damage":2,"enemies":"Jaw Worm","floor":3,"turns":6},{"damage":0,"enemies":"Cultist","floor":4,"turns":4},{"damage":7,"enemies":"Lagavulin","floor":7,"turns":5},{"damage":2,"enemies":"2 Fungi Beasts","floor":8,"turns":3},{"damage":0,"enemies":"Gremlin Nob","floor":10,"turns":3},{"damage":0,"enemies":"3 Sentries","floor":11,"turns":7},{"damage":0,"enemies":"Exordium Wildlife","floor":13,"turns":3},{"damage":6,"enemies":"3 Sentries","floor":14,"turns":7},{"damage":4,"enemies":"Slime Boss","floor":16,"turns":5},{"damage":15,"enemies":"Shell Parasite","floor":18,"turns":6},{"damage":0,"enemies":"Gremlin Leader","floor":24,"turns":5},{"damage":0,"enemies":"Book of Stabbing","floor":29,"turns":4},{"damage":0,"enemies":"3 Byrds","floor":30,"turns":3},{"damage":8,"enemies":"Snake Plant","floor":31,"turns":4},{"damage":37,"enemies":"Automaton","floor":33,"turns":8},{"damage":1,"enemies":"3 Darklings","floor":35,"turns":6},{"damage":0,"enemies":"3 Shapes","floor":36,"turns":3},{"damage":0,"enemies":"Spire Growth","floor":37,"turns":5},{"damage":0,"enemies":"Jaw Worm Horde","floor":39,"turns":2},{"damage":58,"enemies":"Reptomancer","floor":40,"turns":3}],"seed_played":"-4671323961710795735","potions_obtained":[{"floor":1,"key":"BlessingOfTheForge"},{"floor":3,"key":"SteroidPotion"},{"floor":7,"key":"SpeedPotion"},{"floor":10,"key":"Dexterity Potion"},{"floor":18,"key":"Swift Potion"},{"floor":29,"key":"LiquidBronze"}],"is_trial":false,"path_per_floor":["M","?","M","M","$","R","E","M","T","E","?","$","M","E","R","B",null,"M","$","?","$","T","R","E","R","T","$","R","E","M","M","R","B",null,"M","M","M","$","M","E"],"character_chosen":"THE_SILENT","items_purchased":["Blade Dance","Well Laid Plans","Accuracy","Blade Dance","OrangePellets","Bronze Scales","SteroidPotion","Orrery"],"campfire_rested":0,"item_purchase_floors":[5,5,12,21,27,27,27,38],"current_hp_per_floor":[50,45,43,43,43,43,36,34,34,34,34,34,34,28,28,49,62,47,47,47,47,47,47,47,47,47,47,47,47,47,39,39,27,56,55,55,55,55,55,0,0],"gold":86,"neow_bonus":"RANDOM_COLORLESS_2","is_daily":false,"chose_seed":false,"campfire_upgraded":6,"win_rate":0.0,"timestamp":1612563479,"path_taken":["M","?","M","M","$","R","E","M","T","E","?","?","M","E","R","BOSS","M","?","?","$","?","R","E","R","T","$","R","E","M","M","R","BOSS","M","M","M","$","M","E"],"items_purchased_type":["Card","Card","Card","Card","Relic","Relic","Potion","Relic"],"build_version":"2020-12-18","purchased_purges":2,"victory":false,"max_hp_per_floor":[60,60,60,60,60,60,60,60,60,60,60,60,60,60,60,60,65,65,65,65,65,65,65,65,65,65,65,65,65,65,65,65,65,65,65,65,65,65,65,65,65],"relic_stats":{"counters":[21,96],"Pen Nib":[24],"Question Card":14,"Sozu":1,"OrangePellets":[1],"Tough Bandages":[6],"Mummified Hand":[64],"Sundial":[4],"Pantograph":50,"Bronze Scales":[179],"Kunai":[45],"obtain_stats":[{"Tiny House":17,"The Specimen":24,"Pen Nib":2,"Ancient Tea Set":14,"Question Card":22,"Old Coin":26,"Sozu":34,"OrangePellets":27,"Tough Bandages":29,"Mummified Hand":9,"Sundial":11,"Pantograph":10,"Bronze Scales":27,"Orrery":38,"Kunai":7,"Ring of the Snake":0},{"Tiny House":10,"The Specimen":12,"Pen Nib":1,"Ancient Tea Set":9,"Question Card":11,"Old Coin":12,"Sozu":16,"OrangePellets":12,"Tough Bandages":13,"Mummified Hand":5,"Sundial":7,"Pantograph":6,"Bronze Scales":12,"Orrery":19,"Kunai":4,"Ring of the Snake":0},{"Tiny House":47,"The Specimen":58,"Pen Nib":4,"Ancient Tea Set":42,"Question Card":53,"Old Coin":58,"Sozu":77,"OrangePellets":58,"Tough Bandages":62,"Mummified Hand":22,"Sundial":32,"Pantograph":25,"Bronze Scales":58,"Orrery":91,"Kunai":19,"Ring of the Snake":0}],"Ring of the Snake":[42]},"card_choices":[{"not_picked":["Secret Technique","Mayhem"],"picked":"Master of Strategy","floor":0},{"not_picked":["Reflex","Dodge and Roll","Outmaneuver"],"picked":"SKIP","floor":1},{"not_picked":["PiercingWail","Eviscerate"],"picked":"Dagger Spray","floor":3},{"not_picked":["Tactician","Sucker Punch"],"picked":"Accuracy","floor":4},{"not_picked":["Poisoned Stab","Sucker Punch"],"picked":"Leg Sweep","floor":7},{"not_picked":["Distraction","Poisoned Stab","Dagger Spray"],"picked":"SKIP","floor":8},{"not_picked":["Leg Sweep","After Image"],"picked":"Backstab","floor":10},{"not_picked":["Bane","Backstab"],"picked":"Dodge and Roll","floor":11},{"not_picked":["Flying Knee","Dagger Throw"],"picked":"PiercingWail","floor":13},{"not_picked":["Deadly Poison","Bouncing Flask"],"picked":"Accuracy","floor":14},{"not_picked":["A Thousand Cuts","Bullet Time"],"picked":"After Image","floor":16},{"not_picked":["Quick Slash","Underhanded Strike"],"picked":"Heel Hook","floor":17},{"not_picked":["Slice","Setup"],"picked":"Dodge and Roll","floor":18},{"not_picked":["Deflect","Prepared","Cloak And Dagger"],"picked":"Dodge and Roll","floor":24},{"not_picked":["Leg Sweep","Dagger Spray","Dagger Throw+1","Distraction"],"picked":"SKIP","floor":29},{"not_picked":["Noxious Fumes","Dash+1","Deadly Poison"],"picked":"PiercingWail","floor":30},{"not_picked":["Sucker Punch+1","Outmaneuver+1","Deadly Poison","Slice"],"picked":"SKIP","floor":31},{"not_picked":["Bullet Time","Storm of Steel","Unload"],"picked":"Corpse Explosion","floor":33},{"not_picked":["PiercingWail","Poisoned Stab","Flying Knee"],"picked":"Well Laid Plans+1","floor":35},{"not_picked":["Deadly Poison","Outmaneuver+1","Riddle With Holes+1"],"picked":"Blade Dance","floor":36},{"not_picked":["Riddle With Holes","Poisoned Stab","Setup"],"picked":"Finisher","floor":37},{"not_picked":["Backflip","Outmaneuver","Concentrate"],"picked":"Acrobatics+1","floor":38},{"not_picked":["Deflect","Masterful Stab","Footwork"],"picked":"Night Terror","floor":38},{"not_picked":["Dodge and Roll","Dagger Spray","Calculated Gamble"],"picked":"Night Terror","floor":38},{"not_picked":["Acrobatics","Dagger Spray","Dodge and Roll+1"],"picked":"Backflip+1","floor":38},{"not_picked":["Leg Sweep","Caltrops","Deadly Poison+1","Cloak And Dagger"],"picked":"SKIP","floor":39}],"player_experience":1872013,"relics_obtained":[{"floor":7,"key":"Kunai"},{"floor":9,"key":"Mummified Hand"},{"floor":10,"key":"Pantograph"},{"floor":11,"key":"Sundial"},{"floor":14,"key":"Ancient Tea Set"},{"floor":22,"key":"Question Card"},{"floor":24,"key":"The Specimen"},{"floor":26,"key":"Old Coin"},{"floor":29,"key":"Tough Bandages"}],"event_choices":[{"damage_healed":0,"gold_gain":0,"player_choice":"Success","damage_taken":5,"relics_obtained":["Pen Nib"],"max_hp_gain":0,"max_hp_loss":0,"event_name":"Scrap Ooze","floor":2,"gold_loss":0},{"damage_healed":0,"gold_gain":0,"player_choice":"Searched \u00271\u0027 times","damage_taken":0,"max_hp_gain":0,"max_hp_loss":0,"event_name":"Dead Adventurer","floor":11,"gold_loss":0},{"damage_healed":0,"gold_gain":0,"player_choice":"Ignored","damage_taken":0,"max_hp_gain":0,"max_hp_loss":0,"event_name":"The Mausoleum","floor":20,"gold_loss":0}],"is_beta":true,"boss_relics":[{"not_picked":["Philosopher\u0027s Stone","SacredBark"],"picked":"Tiny House"},{"not_picked":["Cursed Key","Snecko Eye"],"picked":"Sozu"}],"items_purged_floors":[19,21],"is_endless":false,"potions_floor_spawned":[1,3,7,10,11,14,18,29,33,36],"killed_by":"Reptomancer","ascension_level":20}}