{"host":"b34lfm0pg36jv5no","time":1612556993,"event":{"mods":["BaseMod","Bestiary","Colored Map","Dark Map","Minty Spire (QoL Compilation)","Relic Stats","ojb\u0027s Info Mod"],"gold_per_floor":[113,113,126,138,158,158,187,187,187,212,224,241,241,241,241,361,361,376,376,9,53,78,78,119,119,142,161,86,120,135,148,148,267,267,282,305,305,13,37,75,75,106,106,106,131,146,46,46,46,46,46,46,9,43,43],"floor_reached":56,"language":"ENG","playtime":5759,"items_purged":["Strike_G","Defend_G"],"score":1385,"play_id":"e8536fbd-4e16-4609-a078-7d450ee554ac","local_time":"20210205202953","is_ascension_mode":true,"campfire_choices":[{"data":"Dagger Spray","floor":6.0,"key":"SMITH"},{"data":"Neutralize","floor":8.0,"key":"SMITH"},{"data":"Wraith Form v2","floor":15.0,"key":"SMITH"},{"data":"RitualDagger","floor":23.0,"key":"SMITH"},{"data":"Tools of the Trade","floor":25.0,"key":"SMITH"},{"data":"Glass Knife","floor":32.0,"key":"SMITH"},{"data":"Calculated Gamble","floor":41,"key":"SMITH"},{"floor":44,"key":"REST"},{"floor":49,"key":"RECALL"},{"data":"Master of Strategy","floor":52,"key":"SMITH"}],"circlet_count":0,"master_deck":["Defend_G","Defend_G","Defend_G","Survivor","Neutralize+1","Glass Knife+1","Slice+1","Cloak And Dagger+1","Calculated Gamble+1","Tools of the Trade+1","Masterful Stab","Dagger Spray+1","Footwork","Dagger Throw","Wraith Form v2+1","Backflip","Night Terror","Escape Plan","Deflect+1","RitualDagger+1","Setup+1","Escape Plan+1","Glass Knife+1","Phantasmal Killer","Terror+1","Phantasmal Killer","Tactician+1","Master of Strategy+1","PanicButton","Dark Shackles","Reflex","Tactician+1"],"relics":["Astrolabe","GremlinMask","Prayer Wheel","Thread and Needle","The Specimen","Golden Idol","HoveringKite","Strange Spoon","Bronze Scales","Red Mask","Boot","Akabeko","Snake Skull","Runic Dome","Incense Burner","Blood Vial","MealTicket","Tough Bandages"],"acts_visited":["Exordium","TheCity","TheBeyond","TheEnding"],"potions_floor_usage":[33,40,46,55],"damage_taken":[{"damage":0.0,"enemies":"Jaw Worm","floor":1.0,"turns":3.0},{"damage":0.0,"enemies":"Cultist","floor":3.0,"turns":2.0},{"damage":0.0,"enemies":"2 Louse","floor":4.0,"turns":2.0},{"damage":0.0,"enemies":"2 Fungi Beasts","floor":5.0,"turns":3.0},{"damage":3.0,"enemies":"3 Sentries","floor":7.0,"turns":4.0},{"damage":4.0,"enemies":"Gremlin Nob","floor":10.0,"turns":4.0},{"damage":0.0,"enemies":"3 Louse","floor":11.0,"turns":2.0},{"damage":0.0,"enemies":"Large Slime","floor":12.0,"turns":3.0},{"damage":8.0,"enemies":"The Guardian","floor":16.0,"turns":12.0},{"damage":0.0,"enemies":"Shell Parasite","floor":18.0,"turns":5.0},{"damage":0.0,"enemies":"Masked Bandits","floor":21.0,"turns":5.0},{"damage":4.0,"enemies":"Spheric Guardian","floor":22.0,"turns":3.0},{"damage":0.0,"enemies":"Book of Stabbing","floor":24.0,"turns":6.0},{"damage":0.0,"enemies":"Centurion and Healer","floor":27.0,"turns":11.0},{"damage":0.0,"enemies":"Slavers","floor":29.0,"turns":3.0},{"damage":0.0,"enemies":"Sentry and Sphere","floor":30.0,"turns":3.0},{"damage":0.0,"enemies":"Snecko","floor":31.0,"turns":4.0},{"damage":3,"enemies":"Collector","floor":33,"turns":12},{"damage":0,"enemies":"3 Darklings","floor":35,"turns":5},{"damage":4,"enemies":"Orb Walker","floor":36,"turns":7},{"damage":7,"enemies":"4 Shapes","floor":39,"turns":5},{"damage":29,"enemies":"Reptomancer","floor":40,"turns":8},{"damage":0,"enemies":"Nemesis","floor":42,"turns":3},{"damage":0,"enemies":"Maw","floor":45,"turns":6},{"damage":3,"enemies":"Transient","floor":46,"turns":5},{"damage":54,"enemies":"Time Eater","floor":50,"turns":10},{"damage":12,"enemies":"Shield and Spear","floor":54,"turns":7},{"damage":73,"enemies":"The Heart","floor":55,"turns":9}],"seed_played":"-8271427908899212936","potions_obtained":[{"floor":1.0,"key":"EntropicBrew"},{"floor":3.0,"key":"DuplicationPotion"},{"floor":7.0,"key":"SkillPotion"},{"floor":16.0,"key":"GhostInAJar"},{"floor":29.0,"key":"FairyPotion"},{"floor":33,"key":"Weak Potion"},{"floor":45,"key":"Dexterity Potion"}],"is_trial":false,"path_per_floor":["M","?","M","M","M","R","E","R","T","E","M","M","?","?","R","B",null,"M","?","$","?","M","R","E","R","T","M","?","E","M","M","R","B",null,"M","M","?","$","M","E","R","E","T","R","M","M","$","?","R","B",null,"R","$","E","B",null],"character_chosen":"THE_SILENT","items_purchased":["Strange Spoon","Bronze Scales","Incense Burner","Reflex"],"campfire_rested":1,"item_purchase_floors":[20,20,38,53],"current_hp_per_floor":[70,70,70,70,70,70,67,67,67,63,63,63,56,39,39,31,70,70,64,64,64,60,60,60,60,60,60,60,60,60,60,60,57,70,70,66,66,66,59,30,30,32,32,53,55,54,69,59,59,7,70,70,70,58,21],"gold":43,"neow_bonus":"BOSS_RELIC","is_daily":false,"chose_seed":false,"campfire_upgraded":8,"win_rate":0.0,"timestamp":1612556993,"path_taken":["M","?","M","M","M","R","E","R","T","E","?","M","?","?","R","BOSS","M","?","$","?","M","R","E","R","T","M","?","E","?","M","R","BOSS","M","M","?","$","M","E","R","E","T","R","?","M","$","?","R","BOSS","R","$","E","BOSS"],"items_purchased_type":["Relic","Relic","Relic","Card"],"build_version":"2020-12-22","purchased_purges":2,"victory":true,"max_hp_per_floor":[70,70,70,70,70,70,70,70,70,70,70,70,70,70,70,70,70,70,70,70,70,70,70,70,70,70,70,70,70,70,70,70,70,70,70,70,70,70,70,70,70,70,70,70,70,70,70,70,70,70,70,70,70,70,70],"relic_stats":{"counters":[28,152],"Golden Idol":182,"Astrolabe":["Glass Knife","Slice","Cloak And Dagger"],"HoveringKite":[87],"Snake Skull":[0],"Boot":[86],"Blood Vial":10,"Strange Spoon":[54],"Tough Bandages":[63],"Bronze Scales":[381],"Prayer Wheel":12,"MealTicket":15,"obtain_stats":[{"The Specimen":10,"Golden Idol":14,"Astrolabe":0,"HoveringKite":17,"GremlinMask":2,"Thread and Needle":9,"Snake Skull":29,"Incense Burner":38,"Boot":24,"Akabeko":26,"Blood Vial":40,"Strange Spoon":20,"Runic Dome":34,"Tough Bandages":54,"Bronze Scales":20,"Prayer Wheel":7,"MealTicket":42,"Red Mask":21,"Ring of the Snake":0},{"The Specimen":6,"Golden Idol":8,"Astrolabe":0,"HoveringKite":9,"GremlinMask":1,"Thread and Needle":5,"Snake Skull":15,"Incense Burner":20,"Boot":13,"Akabeko":13,"Blood Vial":22,"Strange Spoon":10,"Runic Dome":18,"Tough Bandages":27,"Bronze Scales":10,"Prayer Wheel":5,"MealTicket":23,"Red Mask":11,"Ring of the Snake":0},{"The Specimen":18,"Golden Idol":23,"Astrolabe":0,"HoveringKite":35,"GremlinMask":3,"Thread and Needle":14,"Snake Skull":68,"Incense Burner":99,"Boot":54,"Akabeko":54,"Blood Vial":112,"Strange Spoon":40,"Runic Dome":87,"Tough Bandages":143,"Bronze Scales":40,"Prayer Wheel":14,"MealTicket":115,"Red Mask":45,"Ring of the Snake":0}]},"card_choices":[{"not_picked":["Tactician","Outmaneuver"],"picked":"Calculated Gamble","floor":1.0},{"not_picked":["Deflect","Dagger Throw"],"picked":"Tools of the Trade","floor":3.0},{"not_picked":["Backflip","Flying Knee"],"picked":"Masterful Stab","floor":4.0},{"not_picked":["Cloak And Dagger","Backflip"],"picked":"Dagger Spray","floor":5.0},{"not_picked":["Concentrate","Infinite Blades","Prepared"],"picked":"SKIP","floor":7.0},{"not_picked":["PiercingWail","Setup"],"picked":"Footwork","floor":10.0},{"not_picked":["Concentrate","Masterful Stab"],"picked":"Dagger Throw","floor":11.0},{"not_picked":["Acrobatics","Prepared","Caltrops"],"picked":"SKIP","floor":11.0},{"not_picked":["Flechettes","Underhanded Strike"],"picked":"Wraith Form v2","floor":12.0},{"not_picked":["Infinite Blades","Prepared"],"picked":"Backflip","floor":12.0},{"not_picked":["Grand Finale","Bullet Time"],"picked":"Night Terror","floor":16.0},{"not_picked":["Dash","Noxious Fumes"],"picked":"Escape Plan","floor":18.0},{"not_picked":["Blade Dance","Outmaneuver"],"picked":"Deflect+1","floor":18.0},{"not_picked":["Backflip","Dodge and Roll"],"picked":"Setup+1","floor":22.0},{"not_picked":["PiercingWail","Deadly Poison","Dagger Throw"],"picked":"SKIP","floor":22.0},{"not_picked":["Calculated Gamble","Underhanded Strike","Masterful Stab"],"picked":"SKIP","floor":24.0},{"not_picked":["Calculated Gamble","Underhanded Strike","Masterful Stab"],"picked":"SKIP","floor":24.0},{"not_picked":["Prepared","Underhanded Strike","Blade Dance"],"picked":"SKIP","floor":27.0},{"not_picked":["Slice","Doppelganger","Infinite Blades"],"picked":"SKIP","floor":27.0},{"not_picked":["Quick Slash","Blade Dance+1","Flying Knee+1"],"picked":"SKIP","floor":29.0},{"not_picked":["PiercingWail","Deflect"],"picked":"Escape Plan+1","floor":30.0},{"not_picked":["Bane","Catalyst","Blur"],"picked":"SKIP","floor":30.0},{"not_picked":["Dagger Throw","Choke"],"picked":"Glass Knife","floor":31.0},{"not_picked":["Predator+1","Dash+1","Cloak And Dagger"],"picked":"SKIP","floor":31.0},{"not_picked":["Bullet Time","Adrenaline"],"picked":"Phantasmal Killer","floor":33},{"not_picked":["Cloak And Dagger+1","Blade Dance+1"],"picked":"Terror","floor":35},{"not_picked":["Cloak And Dagger","Slice+1","Flying Knee+1"],"picked":"SKIP","floor":35},{"not_picked":["Noxious Fumes+1","Accuracy","Poisoned Stab"],"picked":"SKIP","floor":36},{"not_picked":["Catalyst+1","Poisoned Stab+1","Sucker Punch+1"],"picked":"SKIP","floor":36},{"not_picked":["Infinite Blades+1","Dagger Spray+1","Blade Dance"],"picked":"SKIP","floor":39},{"not_picked":["Deadly Poison","Choke+1","Dagger Throw+1"],"picked":"SKIP","floor":39},{"not_picked":["Choke+1","Masterful Stab"],"picked":"Phantasmal Killer","floor":40},{"not_picked":["Quick Slash","Sucker Punch","Accuracy"],"picked":"SKIP","floor":42},{"not_picked":["Quick Slash","Sucker Punch","Accuracy"],"picked":"SKIP","floor":42},{"not_picked":["Poisoned Stab+1","Backflip"],"picked":"Tactician+1","floor":45},{"not_picked":["Bouncing Flask+1","Endless Agony+1","Escape Plan"],"picked":"SKIP","floor":45},{"not_picked":["Bouncing Flask+1","Endless Agony+1","Escape Plan"],"picked":"SKIP","floor":45},{"not_picked":["Tactician","Crippling Poison","Masterful Stab"],"picked":"SKIP","floor":46},{"not_picked":["Outmaneuver+1","Poisoned Stab+1","Prepared"],"picked":"SKIP","floor":46},{"not_picked":["Bandage Up","Blind"],"picked":"Master of Strategy","floor":48},{"not_picked":["Trip","Metamorphosis"],"picked":"PanicButton","floor":48},{"not_picked":["Magnetism","Impatience"],"picked":"Dark Shackles","floor":48},{"not_picked":["Dash+1","Dagger Throw+1"],"picked":"Tactician+1","floor":54}],"player_experience":2600287,"relics_obtained":[{"floor":7.0,"key":"Prayer Wheel"},{"floor":9.0,"key":"Thread and Needle"},{"floor":10.0,"key":"The Specimen"},{"floor":21.0,"key":"Red Mask"},{"floor":24.0,"key":"Boot"},{"floor":26.0,"key":"Akabeko"},{"floor":29.0,"key":"Snake Skull"},{"floor":40,"key":"Blood Vial"},{"floor":42,"key":"MealTicket"},{"floor":54,"key":"Tough Bandages"}],"event_choices":[{"damage_healed":0.0,"max_hp_gain":0.0,"max_hp_loss":0.0,"gold_gain":0.0,"event_name":"FaceTrader","player_choice":"Trade","floor":2.0,"gold_loss":0.0,"damage_taken":0.0,"relics_obtained":["GremlinMask"]},{"cards_removed":["Strike_G"],"damage_healed":0.0,"max_hp_gain":0.0,"max_hp_loss":0.0,"gold_gain":0.0,"event_name":"Golden Wing","player_choice":"Card Removal","floor":13.0,"gold_loss":0.0,"damage_taken":7.0},{"damage_healed":0.0,"max_hp_gain":0.0,"max_hp_loss":0.0,"gold_gain":0.0,"event_name":"Golden Idol","player_choice":"Take Damage","floor":14.0,"gold_loss":0.0,"damage_taken":17.0,"relics_obtained":["Golden Idol"]},{"damage_healed":0.0,"max_hp_gain":0.0,"max_hp_loss":0.0,"gold_gain":0.0,"event_name":"Nest","player_choice":"Joined the Cult","floor":19.0,"gold_loss":0.0,"damage_taken":6.0,"cards_obtained":["RitualDagger"]},{"damage_healed":0.0,"max_hp_gain":0.0,"max_hp_loss":0.0,"gold_gain":0.0,"event_name":"Masked Bandits","player_choice":"Fought Bandits","floor":21.0,"gold_loss":0.0,"damage_taken":0.0},{"cards_removed":["Strike_G"],"damage_healed":0.0,"max_hp_gain":0.0,"max_hp_loss":0.0,"gold_gain":0.0,"event_name":"Beggar","player_choice":"Gave Gold","floor":28.0,"gold_loss":75.0,"damage_taken":0.0},{"damage_healed":0,"gold_gain":0,"player_choice":"Forge","damage_taken":0,"max_hp_gain":0,"max_hp_loss":0,"event_name":"Accursed Blacksmith","floor":37,"gold_loss":0,"cards_upgraded":["Terror"]},{"damage_healed":0,"gold_gain":0,"player_choice":"Memory 3","damage_taken":10,"max_hp_gain":0,"max_hp_loss":0,"event_name":"SensoryStone","floor":48,"gold_loss":0}],"is_beta":false,"boss_relics":[{"not_picked":["WristBlade","Sozu"],"picked":"HoveringKite"},{"not_picked":["Pandora\u0027s Box","SacredBark"],"picked":"Runic Dome"}],"items_purged_floors":[20,47],"is_endless":false,"potions_floor_spawned":[1,3,7,12,16,21,29,30,33,39,45],"ascension_level":2}}