{"host":"BaronFel","time":1612564693,"event":{"mods":["BaseMod","Filter the Spire","Highlight Path","Minty Spire (QoL Compilation)","Relic Stats","ojb\u0027s Info Mod"],"gold_per_floor":[367,367,38,38,62,95,95,138,185,228,228,271,271,271,271,362,362,378,393,69,83,98,98,98],"floor_reached":23,"language":"ENG","playtime":1821,"items_purged":["Pain","Strike_R"],"score":434,"play_id":"6972ea40-009d-4d34-b7a6-5f6a75131eef","local_time":"20210205163813","is_ascension_mode":true,"campfire_choices":[{"floor":7.0,"key":"REST"},{"floor":11.0,"key":"REST"},{"data":"Evolve","floor":15.0,"key":"SMITH"}],"circlet_count":0,"master_deck":["AscendersBane","Strike_R+1","Strike_R","Strike_R+1","Defend_R","Defend_R","Defend_R+1","Defend_R","Bash+1","Spot Weakness+1","Carnage+1","Cleave","Twin Strike","Clothesline","Evolve+1","Dual Wield","Limit Break","Burning Pact","Twin Strike","Intimidate","Battle Trance","Dark Embrace","Evolve"],"relics":["Burning Blood","Golden Idol","War Paint","Art of War","Mercury Hourglass","Toy Ornithopter","Whetstone","Prayer Wheel","Mark of Pain","Toolbox"],"acts_visited":["TheCity"],"potions_floor_usage":[23,23],"damage_taken":[{"damage":12.0,"enemies":"Jaw Worm","floor":1.0,"turns":4.0},{"damage":0.0,"enemies":"2 Louse","floor":5.0,"turns":3.0},{"damage":26.0,"enemies":"Lagavulin","floor":6.0,"turns":6.0},{"damage":27.0,"enemies":"3 Sentries","floor":8.0,"turns":6.0},{"damage":22.0,"enemies":"Lagavulin","floor":10.0,"turns":5.0},{"damage":17.0,"enemies":"3 Sentries","floor":12.0,"turns":5.0},{"damage":20.0,"enemies":"Slime Boss","floor":16.0,"turns":8.0},{"damage":25.0,"enemies":"2 Thieves","floor":18.0,"turns":3.0},{"damage":11.0,"enemies":"Spheric Guardian","floor":19.0,"turns":3.0},{"damage":18.0,"enemies":"Snake Plant","floor":21.0,"turns":3.0},{"damage":18.0,"enemies":"Chosen and Byrds","floor":22.0,"turns":4.0},{"damage":39,"enemies":"Slavers","floor":23,"turns":2}],"seed_played":"-4726042344392079307","potions_obtained":[{"floor":5.0,"key":"HeartOfIron"},{"floor":8.0,"key":"Energy Potion"},{"floor":16.0,"key":"Explosive Potion"},{"floor":19.0,"key":"PowerPotion"}],"is_trial":false,"path_per_floor":["M","?","$","?","M","E","R","E","T","E","R","E","?","?","R","B",null,"M","M","$","M","M","E"],"character_chosen":"IRONCLAD","items_purchased":["War Paint","Carnage","Toolbox","BloodPotion"],"campfire_rested":2,"item_purchase_floors":[3,3,20,20],"current_hp_per_floor":[62,62,62,42,48,28,48,27,27,16,36,25,25,25,25,11,54,35,35,35,23,11,0,0],"gold":98,"neow_bonus":"TWO_FIFTY_GOLD","is_daily":false,"chose_seed":false,"campfire_upgraded":1,"win_rate":0.0,"timestamp":1612564693,"path_taken":["M","?","$","?","M","E","R","E","T","E","R","E","?","?","R","BOSS","M","M","$","M","M","E"],"items_purchased_type":["Relic","Card","Relic","Potion"],"build_version":"2020-12-18","purchased_purges":2,"victory":false,"max_hp_per_floor":[75,68,68,68,68,68,68,68,68,68,68,68,68,68,68,68,68,68,68,68,68,68,68,68],"relic_stats":{"counters":[12,51],"Golden Idol":69,"Prayer Wheel":4,"Art of War":[1],"Whetstone":["Strike_R","Carnage"],"War Paint":["Spot Weakness","Defend_R"],"obtain_stats":[{"Golden Idol":2,"Toolbox":20,"Prayer Wheel":12,"Mark of Pain":17,"Art of War":6,"Whetstone":10,"War Paint":3,"Burning Blood":0,"Toy Ornithopter":9,"Mercury Hourglass":8},{"Golden Idol":1,"Toolbox":9,"Prayer Wheel":6,"Mark of Pain":7,"Art of War":3,"Whetstone":5,"War Paint":1,"Burning Blood":0,"Toy Ornithopter":4,"Mercury Hourglass":4},{"Golden Idol":4,"Toolbox":42,"Prayer Wheel":29,"Mark of Pain":36,"Art of War":13,"Whetstone":24,"War Paint":4,"Burning Blood":0,"Toy Ornithopter":19,"Mercury Hourglass":19}],"Burning Blood":66,"Toy Ornithopter":20,"Mercury Hourglass":[136]},"card_choices":[{"not_picked":["True Grit","Pommel Strike"],"picked":"Spot Weakness","floor":1.0},{"not_picked":["Perfected Strike","Armaments"],"picked":"Cleave","floor":5.0},{"not_picked":["Sword Boomerang","Armaments"],"picked":"Twin Strike","floor":6.0},{"not_picked":["Entrench","Body Slam","Clash"],"picked":"SKIP","floor":8.0},{"not_picked":["Berserk","Intimidate"],"picked":"Clothesline","floor":10.0},{"not_picked":["Thunderclap","Power Through"],"picked":"Evolve","floor":12.0},{"not_picked":["Exhume","Bludgeon"],"picked":"Limit Break","floor":16.0},{"not_picked":["Wild Strike","Havoc"],"picked":"Burning Pact","floor":18.0},{"not_picked":["Evolve","Anger"],"picked":"Twin Strike","floor":18.0},{"not_picked":["Anger","Headbutt"],"picked":"Intimidate","floor":19.0},{"not_picked":["Wild Strike+1","Flex","Juggernaut"],"picked":"SKIP","floor":19.0},{"not_picked":["Flex","Spot Weakness"],"picked":"Battle Trance","floor":21.0},{"not_picked":["True Grit","Sword Boomerang"],"picked":"Dark Embrace","floor":21.0},{"not_picked":["Perfected Strike","Thunderclap+1"],"picked":"Evolve","floor":22.0},{"not_picked":["Heavy Blade","Dual Wield","Perfected Strike"],"picked":"SKIP","floor":22.0}],"player_experience":1140139,"relics_obtained":[{"floor":6.0,"key":"Art of War"},{"floor":8.0,"key":"Mercury Hourglass"},{"floor":9.0,"key":"Toy Ornithopter"},{"floor":10.0,"key":"Whetstone"},{"floor":12.0,"key":"Prayer Wheel"}],"event_choices":[{"damage_healed":0.0,"max_hp_gain":0.0,"max_hp_loss":7.0,"gold_gain":0.0,"event_name":"Golden Idol","player_choice":"Lose Max HP","floor":2.0,"gold_loss":0.0,"damage_taken":0.0,"relics_obtained":["Golden Idol"]},{"damage_healed":0.0,"max_hp_gain":0.0,"max_hp_loss":0.0,"gold_gain":0.0,"event_name":"Shining Light","player_choice":"Entered Light","floor":4.0,"gold_loss":0.0,"damage_taken":20.0,"cards_upgraded":["Bash","Strike_R"]},{"damage_healed":0.0,"max_hp_gain":0.0,"max_hp_loss":0.0,"gold_gain":0.0,"event_name":"Liars Game","player_choice":"Ignored","floor":13.0,"gold_loss":0.0,"damage_taken":0.0},{"damage_healed":0.0,"max_hp_gain":0.0,"max_hp_loss":0.0,"gold_gain":0.0,"cards_transformed":["Strike_R"],"event_name":"Living Wall","player_choice":"Change","floor":14.0,"gold_loss":0.0,"damage_taken":0.0,"cards_obtained":["Dual Wield"]}],"is_beta":true,"boss_relics":[{"not_picked":["Runic Dome","Philosopher\u0027s Stone"],"picked":"Mark of Pain"}],"items_purged_floors":[3,20],"is_endless":false,"potions_floor_spawned":[5,8,16,19],"killed_by":"Slavers","ascension_level":20}}