{"host":"j7ar7kkzojniygbp","time":1612517350,"event":{"mods":["AchievementEnabler","Aspiration","BaseMod","Colored Map","Conjunction","Conspire","Downfall","Halation","Hermit","Hubris","Infinite Spire","Minty Spire (QoL Compilation)","Replay The Spire","Shop Mod","StSLib","The Blue Laboratory","The Cursed","The Necromancer"],"gold_per_floor":[115,135,135,33,48,74,74,86,86,49,49,49,49,68,68,68,68],"floor_reached":16,"language":"ENG","playtime":1558,"items_purged":[],"score":100,"play_id":"6429587a-d247-477e-bd8e-344726a66776","local_time":"20210205102910","is_ascension_mode":false,"campfire_choices":[{"floor":7,"key":"REST"},{"floor":11,"key":"REST"},{"data":"Replay:Poison Smokescreen","floor":15,"key":"SMITH"}],"circlet_count":0,"master_deck":["Strike_G","Strike_G","Strike_G","Strike_G","Defend_G","Defend_G","Defend_G","Defend_G","Defend_G","Survivor","Neutralize","Wraith Form v2","Backflip","Acrobatics","Replay:Poison Smokescreen+1","ReplayTheSpireMod:The Works","Blur","Dagger Throw+1","Dagger Throw"],"relics":["Ring of the Snake","infinitespire:CheckeredPen","hubris:SlimyHat","Quantum Egg","halation:PrussianBluePaint"],"acts_visited":["Exordium"],"potions_floor_usage":[],"damage_taken":[{"damage":13,"enemies":"conspire:RoseBush","floor":1,"turns":3},{"damage":1,"enemies":"2 Louse","floor":2,"turns":4},{"damage":0,"enemies":"Cultist","floor":5,"turns":4},{"damage":18,"enemies":"Replay:BlueRogue","floor":6,"turns":7},{"damage":12,"enemies":"Lots of Slimes","floor":8,"turns":5},{"damage":1,"enemies":"Red Slaver","floor":14,"turns":4},{"damage":77,"enemies":"Fading Forest","floor":16,"turns":9}],"seed_played":"2031884205201823055","potions_obtained":[{"floor":2,"key":"Reflective Coating"},{"floor":5,"key":"blueLaboratory:SavagePotion"}],"is_trial":false,"path_per_floor":["M","M","?","?","M","E","R","M","T","$","R","?","?","M","R","B"],"character_chosen":"THE_SILENT","items_purchased":["Dagger Throw+1"],"campfire_rested":2,"item_purchase_floors":[10],"current_hp_per_floor":[57,56,56,56,56,38,59,47,47,47,68,68,68,67,67,0,0],"gold":68,"neow_bonus":"TRANSFORM_CARD","is_daily":false,"chose_seed":false,"campfire_upgraded":1,"win_rate":0.0,"timestamp":1612517350,"path_taken":["M","M","?","?","?","E","R","?","T","?","R","?","?","M","R","BOSS"],"items_purchased_type":["Card"],"build_version":"2020-12-22","purchased_purges":0,"victory":false,"max_hp_per_floor":[70,70,70,70,70,70,70,70,70,70,70,70,70,70,70,70,70],"card_choices":[{"not_picked":["ReplayTheSpireMod:Scrap Shanks","Hidden Blade"],"picked":"Backflip","floor":1},{"not_picked":["hubris:SlightOfHand","Prepared"],"picked":"Acrobatics","floor":2},{"not_picked":["Deflect","Toxin Wave"],"picked":"Replay:Poison Smokescreen","floor":5},{"not_picked":["Dagger Throw","Crippling Poison"],"picked":"ReplayTheSpireMod:The Works","floor":6},{"not_picked":["hubris:SlightOfHand","Sucker Punch"],"picked":"Blur","floor":8},{"not_picked":["Sucker Punch","Underhanded Strike"],"picked":"Dagger Throw","floor":14}],"player_experience":24098,"relics_obtained":[{"floor":6,"key":"hubris:SlimyHat"},{"floor":9,"key":"Quantum Egg"},{"floor":12,"key":"halation:PrussianBluePaint"}],"event_choices":[{"damage_healed":0,"gold_gain":0,"player_choice":"Ignored","damage_taken":0,"max_hp_gain":0,"max_hp_loss":0,"event_name":"Liars Game","floor":3,"gold_loss":0},{"damage_healed":0,"gold_gain":0,"player_choice":"Paid Gold","damage_taken":0,"relics_obtained":["infinitespire:CheckeredPen"],"max_hp_gain":0,"max_hp_loss":0,"event_name":"WeMeetAgain","floor":4,"gold_loss":102},{"damage_healed":0,"gold_gain":0,"player_choice":"Disagree","damage_taken":0,"max_hp_gain":0,"max_hp_loss":0,"event_name":"conspire:LoneGhost","floor":13,"gold_loss":0}],"is_beta":false,"boss_relics":[],"items_purged_floors":[],"is_endless":false,"potions_floor_spawned":[2,5],"killed_by":"Fading Forest","ascension_level":0}}