{"host":"yplejd20ey2t49en","time":1612546334,"event":{"mods":["BaseMod","Colored Powertips","Highlight Path","Minty Spire (QoL Compilation)","Relic Stats"],"gold_per_floor":[10,23,23,44,44,44,82,82,82,96,57,57,32,70,70,198,198,216,92,106,120,120,120],"floor_reached":22,"language":"ENG","playtime":1374,"items_purged":["Eruption"],"score":194,"play_id":"96687b88-efb7-41b2-bafe-291c5c1ae362","local_time":"20210205193214","is_ascension_mode":false,"campfire_choices":[{"data":"Consecrate","floor":6.0,"key":"SMITH"},{"data":"Vigilance","floor":8,"key":"SMITH"},{"floor":15,"key":"REST"}],"circlet_count":0,"master_deck":["Strike_P","Strike_P","Strike_P","Defend_P","Defend_P","Defend_P","Defend_P","Vigilance+1","Tantrum","Consecrate+1","PathToVictory","PathToVictory","LikeWater","ThirdEye","PathToVictory","DeusExMachina","Wallop","Protect","Sanctity"],"relics":["PureWater","WingedGreaves","Golden Idol","CaptainsWheel","Pear","Bag of Marbles","Black Star"],"acts_visited":["Exordium","TheCity"],"potions_floor_usage":[7],"damage_taken":[{"damage":1.0,"enemies":"Jaw Worm","floor":1.0,"turns":3.0},{"damage":0.0,"enemies":"Small Slimes","floor":2.0,"turns":2.0},{"damage":0.0,"enemies":"2 Louse","floor":4.0,"turns":2.0},{"damage":13,"enemies":"3 Sentries","floor":7,"turns":5},{"damage":5,"enemies":"Gremlin Gang","floor":10,"turns":3},{"damage":26,"enemies":"Gremlin Nob","floor":14,"turns":3},{"damage":22,"enemies":"The Guardian","floor":16,"turns":8},{"damage":39,"enemies":"3 Byrds","floor":18,"turns":4},{"damage":8,"enemies":"2 Thieves","floor":20,"turns":5},{"damage":1,"enemies":"Snake Plant","floor":21,"turns":4},{"damage":45,"enemies":"Snecko","floor":22,"turns":4}],"seed_played":"-6472350984023802535","potions_obtained":[{"floor":1.0,"key":"Fire Potion"},{"floor":2.0,"key":"CultistPotion"},{"floor":7,"key":"BottledMiracle"},{"floor":18,"key":"SkillPotion"}],"is_trial":false,"path_per_floor":["M","M","?","M","?","R","E","R","T","M","$","T","$","E","R","B",null,"M","$","M","M","M"],"character_chosen":"WATCHER","items_purchased":["LikeWater","ThirdEye","Protect"],"campfire_rested":1,"item_purchase_floors":[11,13,19],"current_hp_per_floor":[71,71,53,53,46,46,33,33,33,28,28,38,38,12,36,14,82,43,43,35,34,0,0],"gold":120,"neow_bonus":"ONE_RARE_RELIC","is_daily":false,"chose_seed":false,"campfire_upgraded":2,"win_rate":0.0,"timestamp":1612546334,"path_taken":["M","M","?","M","?","R","E","R","T","M","?","?","$","E","R","BOSS","M","$","M","M","M"],"items_purchased_type":["Card","Card","Card"],"build_version":"2020-12-22","purchased_purges":1,"victory":false,"max_hp_per_floor":[72,72,72,72,72,72,72,72,72,72,72,82,82,82,82,82,82,82,82,82,82,82,82],"relic_stats":{"counters":[11,43],"Golden Idol":59,"Black Star":0,"obtain_stats":[{"CaptainsWheel":7,"Pear":12,"Golden Idol":3,"WingedGreaves":0,"Bag of Marbles":14,"Black Star":17,"PureWater":0},{"CaptainsWheel":4,"Pear":5,"Golden Idol":2,"WingedGreaves":0,"Bag of Marbles":6,"Black Star":7,"PureWater":0},{"CaptainsWheel":12,"Pear":15,"Golden Idol":5,"WingedGreaves":0,"Bag of Marbles":18,"Black Star":26,"PureWater":0}]},"card_choices":[{"not_picked":["WaveOfTheHand","Crescendo"],"picked":"Tantrum","floor":1.0},{"not_picked":["Indignation","InnerPeace","BowlingBash"],"picked":"SKIP","floor":2.0},{"not_picked":["Evaluate","FlyingSleeves"],"picked":"Consecrate","floor":4.0},{"not_picked":["SashWhip","Consecrate"],"picked":"PathToVictory","floor":7},{"not_picked":["CrushJoints","Perseverance"],"picked":"PathToVictory","floor":10},{"not_picked":["Scrawl","WheelKick"],"picked":"PathToVictory","floor":14},{"not_picked":["Vault","Ragnarok"],"picked":"DeusExMachina","floor":16},{"not_picked":["PathToVictory","BowlingBash"],"picked":"Wallop","floor":18},{"not_picked":["Fasting2","WreathOfFlame+1","JustLucky"],"picked":"SKIP","floor":20},{"not_picked":["ThirdEye","WreathOfFlame"],"picked":"Sanctity","floor":21}],"player_experience":698308,"relics_obtained":[{"floor":7,"key":"CaptainsWheel"},{"floor":12,"key":"Pear"},{"floor":14,"key":"Bag of Marbles"}],"event_choices":[{"damage_healed":0.0,"max_hp_gain":0.0,"max_hp_loss":0.0,"gold_gain":0.0,"event_name":"Golden Idol","player_choice":"Take Damage","floor":3.0,"gold_loss":0.0,"damage_taken":18.0,"relics_obtained":["Golden Idol"]},{"cards_removed":["Strike_P"],"damage_healed":0.0,"max_hp_gain":0.0,"max_hp_loss":0.0,"gold_gain":0.0,"event_name":"Golden Wing","player_choice":"Card Removal","floor":5.0,"gold_loss":0.0,"damage_taken":7.0}],"is_beta":false,"boss_relics":[{"not_picked":["Calling Bell","VioletLotus"],"picked":"Black Star"}],"items_purged_floors":[19],"is_endless":false,"potions_floor_spawned":[1,2,7,18],"killed_by":"Snecko","ascension_level":0}}