{"host":"la6t950uoatqs0xt","time":1612498352,"event":{"mods":["AchievementEnabler","BaseMod","Colored Powertips","Minty Spire (QoL Compilation)","Quick Restart","Rare Cards Sparkle"],"gold_per_floor":[20,37,37,37,0,30,42,60,60,60,60,60],"floor_reached":11,"language":"ENG","playtime":296,"items_purged":[],"score":80,"play_id":"bc268da9-20d3-4c8b-94de-1cf70ffbaaa9","local_time":"20210204231232","is_ascension_mode":true,"campfire_choices":[],"circlet_count":0,"master_deck":["Strike_R+1","Strike_R","Strike_R","Strike_R","Strike_R","Defend_R","Defend_R","Defend_R","Defend_R","Bash","Fiend Fire","Thunderclap","Rampage+1","Dark Embrace","Iron Wave","Perfected Strike","Dropkick"],"relics":["Burning Blood","Bag of Marbles","Nunchaku"],"acts_visited":["Exordium"],"potions_floor_usage":[6,11],"damage_taken":[{"damage":5,"enemies":"Small Slimes","floor":1,"turns":3},{"damage":19,"enemies":"Jaw Worm","floor":2,"turns":5},{"damage":26,"enemies":"Lagavulin","floor":6,"turns":5},{"damage":3,"enemies":"2 Louse","floor":7,"turns":2},{"damage":19,"enemies":"Blue Slaver","floor":8,"turns":4},{"damage":28,"enemies":"Gremlin Nob","floor":11,"turns":3}],"seed_played":"-2711767798849606458","potions_obtained":[{"floor":1,"key":"CultistPotion"},{"floor":2,"key":"Fire Potion"},{"floor":7,"key":"SkillPotion"}],"is_trial":false,"path_per_floor":["M","M","?","?","$","E","M","M","T","?","E"],"character_chosen":"IRONCLAD","items_purchased":["Dark Embrace"],"campfire_rested":0,"item_purchase_floors":[5],"current_hp_per_floor":[80,67,72,55,55,35,38,25,25,25,0,0],"gold":60,"neow_bonus":"THREE_RARE_CARDS","is_daily":false,"chose_seed":false,"campfire_upgraded":0,"win_rate":0.0,"timestamp":1612498352,"path_taken":["M","M","?","?","$","E","M","M","T","?","E"],"items_purchased_type":["Card"],"build_version":"2020-12-22","purchased_purges":0,"victory":false,"max_hp_per_floor":[80,80,85,85,85,85,85,85,85,85,85,85],"card_choices":[{"not_picked":["Offering","Berserk"],"picked":"Fiend Fire","floor":0},{"not_picked":["Dropkick","Second Wind"],"picked":"Thunderclap","floor":1},{"not_picked":["Intimidate","Body Slam"],"picked":"Rampage","floor":2},{"not_picked":["Warcry","Rupture"],"picked":"Iron Wave","floor":6},{"not_picked":["Warcry","Reckless Charge"],"picked":"Perfected Strike","floor":7},{"not_picked":["Rupture","Rage"],"picked":"Dropkick","floor":8}],"player_experience":278503,"relics_obtained":[{"floor":6,"key":"Bag of Marbles"},{"floor":9,"key":"Nunchaku"}],"event_choices":[{"damage_healed":0,"gold_gain":0,"player_choice":"Donut","damage_taken":0,"max_hp_gain":5,"max_hp_loss":0,"event_name":"Big Fish","floor":3,"gold_loss":0},{"damage_healed":0,"gold_gain":0,"player_choice":"Entered Light","damage_taken":17,"max_hp_gain":0,"max_hp_loss":0,"event_name":"Shining Light","floor":4,"gold_loss":0,"cards_upgraded":["Rampage","Strike_R"]},{"damage_healed":0,"gold_gain":0,"player_choice":"Ignored","damage_taken":0,"max_hp_gain":0,"max_hp_loss":0,"event_name":"Golden Wing","floor":10,"gold_loss":0}],"is_beta":false,"boss_relics":[],"items_purged_floors":[],"is_endless":false,"potions_floor_spawned":[1,2,7],"killed_by":"Gremlin Nob","ascension_level":2}}