{"host":"yqw1zpryoutrnocq","time":1612544564,"event":{"mods":["2.2 Compatiblity","AchievementEnabler","BaseMod","Colored Map","Custom Start","DeckTracker","Minty Spire (QoL Compilation)","StSLib","SuperFastMode"],"gold_per_floor":[110,120,395,405,415,445,720,720,743,759,334,334,346,346,346,443,443,463,447,76,76,76],"floor_reached":21,"language":"KOR","playtime":580,"items_purged":["Regret"],"score":226,"play_id":"87ba2243-7835-43cf-9c3f-5b8bbf109583","local_time":"20210205110244","is_ascension_mode":true,"campfire_choices":[{"data":"Zap","floor":8,"key":"SMITH"},{"floor":15,"key":"REST"}],"circlet_count":0,"master_deck":["Strike_B","Strike_B","Strike_B","Defend_B","Defend_B","Defend_B","Defend_B","Zap+1","Dualcast","Consume","Chill","Conserve Battery","Force Field","Blizzard","Defragment","Coolheaded","Defragment","Steam","Genetic Algorithm","Electrodynamics","Beam Cell","Aggregate","Undo","Core Surge","Ball Lightning+1","Undo+1","Mayhem","Coolheaded"],"relics":["Cracked Core","Juzu Bracelet","Centennial Puzzle","OrangePellets","Busted Crown","Orrery"],"acts_visited":["Exordium","TheCity"],"potions_floor_usage":[16,19],"damage_taken":[{"damage":0.0,"enemies":"Cultist","floor":1.0,"turns":3.0},{"damage":7.0,"enemies":"Jaw Worm","floor":2.0,"turns":4.0},{"damage":0.0,"enemies":"Small Slimes","floor":4.0,"turns":3.0},{"damage":9.0,"enemies":"2 Fungi Beasts","floor":5.0,"turns":4.0},{"damage":48.0,"enemies":"Gremlin Nob","floor":6.0,"turns":5.0},{"damage":8,"enemies":"Gremlin Gang","floor":10,"turns":3},{"damage":3,"enemies":"Large Slime","floor":13,"turns":8},{"damage":36,"enemies":"Hexaghost","floor":16,"turns":16},{"damage":21,"enemies":"Chosen","floor":18,"turns":6},{"damage":7,"enemies":"2 Thieves","floor":19,"turns":4},{"damage":35,"enemies":"Snake Plant","floor":21,"turns":5}],"seed_played":"6500634749150999395","potions_obtained":[{"floor":1.0,"key":"FearPotion"},{"floor":5.0,"key":"SpeedPotion"},{"floor":10,"key":"Energy Potion"},{"floor":16,"key":"PotionOfCapacity"}],"is_trial":false,"path_per_floor":["M","M","?","M","M","E","?","R","T","M","$","?","M","?","R","B",null,"M","M","$","M"],"character_chosen":"DEFECT","items_purchased":["Coolheaded","OrangePellets","Defragment","Steam","SpeedPotion","Orrery","Mayhem","Coolheaded"],"campfire_rested":1,"item_purchase_floors":[11,11,11,11,11,20,20,20],"current_hp_per_floor":[75,68,68,68,59,11,11,11,11,3,3,28,25,18,40,4,57,36,29,29,0,0],"gold":76,"neow_bonus":"REMOVE_CARD","is_daily":false,"chose_seed":false,"campfire_upgraded":1,"win_rate":0.0,"timestamp":1612544564,"path_taken":["M","M","?","M","?","E","?","R","T","M","$","?","M","?","R","BOSS","M","M","$","M"],"items_purchased_type":["Card","Relic","Card","Card","Potion","Relic","Card","Card"],"build_version":"2020-12-22","purchased_purges":1,"victory":false,"max_hp_per_floor":[75,75,75,75,75,75,75,75,75,75,75,75,75,75,75,75,75,75,75,75,75,75],"card_choices":[{"not_picked":["Sweeping Beam","Compile Driver"],"picked":"Consume","floor":1.0},{"not_picked":["Turbo","FTL"],"picked":"Chill","floor":2.0},{"not_picked":["Rebound","Cold Snap"],"picked":"Conserve Battery","floor":4.0},{"not_picked":["Scrape","Turbo"],"picked":"Force Field","floor":5.0},{"not_picked":["Gash","Machine Learning"],"picked":"Blizzard","floor":6.0},{"not_picked":["Stack","BootSequence"],"picked":"Defragment","floor":10},{"not_picked":["Steam Power","Turbo"],"picked":"Genetic Algorithm","floor":13},{"not_picked":["Rainbow","Meteor Strike"],"picked":"Electrodynamics","floor":16},{"not_picked":[],"picked":"Beam Cell","floor":18},{"not_picked":[],"picked":"Aggregate","floor":19},{"not_picked":[],"picked":"Undo","floor":20},{"not_picked":[],"picked":"Core Surge","floor":20},{"not_picked":[],"picked":"Ball Lightning+1","floor":20},{"not_picked":[],"picked":"Undo+1","floor":20}],"player_experience":286460,"relics_obtained":[{"floor":6.0,"key":"Juzu Bracelet"},{"floor":9,"key":"Centennial Puzzle"}],"event_choices":[{"damage_healed":0.0,"max_hp_gain":0.0,"max_hp_loss":0.0,"gold_gain":275.0,"event_name":"Golden Shrine","player_choice":"Desecrate","floor":3.0,"gold_loss":0.0,"damage_taken":0.0,"cards_obtained":["Regret"]},{"damage_healed":0,"gold_gain":275,"player_choice":"Desecrate","damage_taken":0,"max_hp_gain":0,"max_hp_loss":0,"event_name":"Golden Shrine","floor":7,"gold_loss":0,"cards_obtained":["Regret"]},{"damage_healed":25,"gold_gain":0,"player_choice":"Banana","damage_taken":0,"max_hp_gain":0,"max_hp_loss":0,"event_name":"Big Fish","floor":12,"gold_loss":0},{"cards_removed":["Regret"],"damage_healed":0,"gold_gain":0,"player_choice":"Card Removal","damage_taken":7,"max_hp_gain":0,"max_hp_loss":0,"event_name":"Golden Wing","floor":14,"gold_loss":0}],"is_beta":false,"boss_relics":[{"not_picked":["SacredBark","Coffee Dripper"],"picked":"Busted Crown"}],"items_purged_floors":[11],"is_endless":false,"potions_floor_spawned":[1,5,10,16],"killed_by":"Snake Plant","ascension_level":5}}