{"host":"23qk1co0p3p8qz56","time":1612506757,"event":{"mods":["100% Spire Juice","AchievementEnabler","Act Like it!","Arknights","BaseMod","Better Note","Better Third Choice","BetterRewards","CapriCore","Chen","Colored Map","Gold Saver","Koishi","Lobotomy","LobotomyExtend","Marisa（霧雨　魔理沙）","Minty Spire (QoL Compilation)","Prisma Mod","Reimu（博??梦）","StSLib","The Alterego","The Animator","The Immortal","The Senshi","Waifu the Spire","Yuri Mod"],"gold_per_floor":[187,206,226,237,237,237,237],"floor_reached":6,"language":"ENG","playtime":549,"items_purged":[],"score":38,"play_id":"7fb40a87-788c-4ecb-9a2e-c67e895c759c","local_time":"20210204233237","is_ascension_mode":false,"campfire_choices":[],"circlet_count":0,"master_deck":["Strike_Lin:ReiMu","Strike_Lin:ReiMu","Strike_Lin:ReiMu","Strike_Lin:ReiMu","Defend_Lin:ReiMu","Defend_Lin:ReiMu","Defend_Lin:ReiMu","NB:ReiMu","Stagnation:ReiMu","SubcavityInstant:ReiMu","SafetyPray:ReiMu","Intuition:ReiMu","SpreadBorder2:ReiMu","AlertArray:ReiMu"],"relics":["FlyPower:ReiMu","LetterFromLob"],"acts_visited":["Exordium"],"potions_floor_usage":[],"damage_taken":[{"damage":0,"enemies":"Jaw Worm","floor":1,"turns":5},{"damage":0,"enemies":"2 Louse","floor":2,"turns":3},{"damage":0,"enemies":"Small Slimes","floor":3,"turns":4},{"damage":6,"enemies":"Red Slaver","floor":4,"turns":8},{"damage":98,"enemies":"Gremlin Nob","floor":6,"turns":6}],"seed_played":"2650880431128023719","potions_obtained":[{"floor":2,"key":"FairyPotion"}],"is_trial":false,"path_per_floor":["M","M","M","M","?","E"],"character_chosen":"REIMU","items_purchased":[],"campfire_rested":0,"item_purchase_floors":[],"current_hp_per_floor":[65,65,65,59,65,0,0],"gold":237,"neow_bonus":"TRANSFORM_CARD","is_daily":false,"chose_seed":false,"campfire_upgraded":0,"win_rate":0.0,"timestamp":1612506757,"path_taken":["M","M","M","M","?","E"],"items_purchased_type":[],"build_version":"2020-12-22","purchased_purges":0,"victory":false,"max_hp_per_floor":[65,65,65,65,65,65,65],"card_choices":[{"not_picked":["Intuition:ReiMu","Amulet:ReiMu"],"picked":"SafetyPray:ReiMu","floor":1},{"not_picked":["Mountainwind:ReiMu","TightArray:ReiMu"],"picked":"Intuition:ReiMu","floor":2},{"not_picked":["Mountainwind:ReiMu","SubcavityInstant:ReiMu"],"picked":"SpreadBorder2:ReiMu","floor":3},{"not_picked":["Meditation:ReiMu","SafetyPray:ReiMu"],"picked":"AlertArray:ReiMu","floor":4}],"player_experience":26937,"relics_obtained":[{"floor":1,"key":"LetterFromLob"}],"event_choices":[],"is_beta":false,"boss_relics":[],"items_purged_floors":[],"is_endless":false,"potions_floor_spawned":[2],"killed_by":"Gremlin Nob","ascension_level":0}}