{"host":"06gxn1c1bsk424jw","time":1612533775,"event":{"mods":["BaseMod","DeckTracker","Minty Spire (QoL Compilation)","SuperFastMode"],"gold_per_floor":[116,116,130,144,162,194,194,243,243,261,261,261,20,47,47,120,120,133,147,161,161,171,171,198,198,225,243,260,142,475,475,475,546,546,559,244,256,256,281,295,329,329,384,395,440,440,24,39,39,39,39],"floor_reached":50,"language":"KOR","playtime":5138,"items_purged":[],"score":929,"play_id":"57ab736c-23b7-40c7-8877-46e47e25a307","local_time":"20210205230255","is_ascension_mode":true,"campfire_choices":[{"floor":7,"key":"REST"},{"floor":11,"key":"REST"},{"floor":15,"key":"REST"},{"data":"Phantasmal Killer","floor":23,"key":"SMITH"},{"data":"Glass Knife","floor":25,"key":"SMITH"},{"data":"Footwork","floor":32,"key":"SMITH"},{"data":"Acrobatics","floor":42,"key":"SMITH"},{"data":"Burst","floor":46,"key":"SMITH"},{"data":"Secret Technique","floor":49,"key":"SMITH"}],"circlet_count":0,"master_deck":["AscendersBane","Survivor","Neutralize","Dramatic Entrance","Dagger Throw","Dramatic Entrance","Acrobatics+1","Blade Dance","Cloak And Dagger","Footwork","Blur","Phantasmal Killer+1","Reflex","Unload","Terror","Outmaneuver","Cloak And Dagger","Corpse Explosion","Riddle With Holes","Infinite Blades","Sucker Punch","Calculated Gamble","Concentrate+1","Blur","Glass Knife+1","Flechettes+1","Footwork+1","Expertise","Burst+1","Accuracy+1","Footwork","After Image","Secret Technique+1"],"relics":["Ring of the Snake","WingedGreaves","Pantograph","Torii","Thread and Needle","ClockworkSouvenir","Incense Burner","Pandora\u0027s Box","Vajra","Bag of Marbles","Old Coin","Coffee Dripper","Bottled Lightning","Unceasing Top","Kunai","Bag of Preparation","Girya","Lee\u0027s Waffle"],"acts_visited":["Exordium","TheCity","TheBeyond"],"potions_floor_usage":[8,14,16,18,22,24,30,33,33,40,45,50],"damage_taken":[{"damage":0,"enemies":"Small Slimes","floor":1,"turns":3},{"damage":0,"enemies":"Cultist","floor":3,"turns":3},{"damage":0,"enemies":"2 Louse","floor":4,"turns":2},{"damage":13,"enemies":"Exordium Thugs","floor":5,"turns":3},{"damage":17,"enemies":"3 Sentries","floor":6,"turns":7},{"damage":28,"enemies":"Lagavulin","floor":8,"turns":6},{"damage":2,"enemies":"Large Slime","floor":10,"turns":6},{"damage":20,"enemies":"Gremlin Nob","floor":14,"turns":4},{"damage":35,"enemies":"Slime Boss","floor":16,"turns":19},{"damage":0,"enemies":"2 Thieves","floor":18,"turns":3},{"damage":0,"enemies":"3 Byrds","floor":19,"turns":3},{"damage":0,"enemies":"Shelled Parasite and Fungi","floor":20,"turns":6},{"damage":7,"enemies":"Snake Plant","floor":22,"turns":3},{"damage":9,"enemies":"Slavers","floor":24,"turns":4},{"damage":0,"enemies":"Sentry and Sphere","floor":27,"turns":2},{"damage":0,"enemies":"Cultist and Chosen","floor":28,"turns":2},{"damage":9,"enemies":"Book of Stabbing","floor":30,"turns":2},{"damage":50,"enemies":"Champ","floor":33,"turns":9},{"damage":0,"enemies":"3 Darklings","floor":35,"turns":2},{"damage":0,"enemies":"Orb Walker","floor":37,"turns":1},{"damage":19,"enemies":"Mind Bloom Boss Battle","floor":39,"turns":5},{"damage":1,"enemies":"Maw","floor":40,"turns":7},{"damage":29,"enemies":"Reptomancer","floor":41,"turns":6},{"damage":0,"enemies":"3 Darklings","floor":44,"turns":1},{"damage":0,"enemies":"2 Orb Walkers","floor":45,"turns":1},{"damage":0,"enemies":"Jaw Worm Horde","floor":48,"turns":1},{"damage":92,"enemies":"Time Eater","floor":50,"turns":11}],"seed_played":"-1122514061127734296","potions_obtained":[{"floor":1,"key":"ColorlessPotion"},{"floor":10,"key":"LiquidMemories"},{"floor":16,"key":"PowerPotion"},{"floor":18,"key":"DistilledChaos"},{"floor":20,"key":"Energy Potion"},{"floor":24,"key":"DistilledChaos"},{"floor":28,"key":"Weak Potion"},{"floor":30,"key":"EssenceOfSteel"},{"floor":39,"key":"SpeedPotion"},{"floor":41,"key":"SteroidPotion"},{"floor":45,"key":"Regen Potion"}],"is_trial":false,"path_per_floor":["M","?","M","M","M","E","R","E","T","M","R","T","$","E","R","B",null,"M","M","M","?","M","R","E","R","T","M","M","$","E","?","R","B",null,"M","$","M","?","?","M","E","R","T","M","?","R","$","M","R","B"],"character_chosen":"THE_SILENT","items_purchased":["Footwork","ClockworkSouvenir","PowerPotion","Footwork","Expertise","Bottled Lightning","Footwork","Lee\u0027s Waffle","After Image","Secret Technique"],"campfire_rested":3,"item_purchase_floors":[13,13,13,29,29,36,36,47,47,47],"current_hp_per_floor":[59,59,59,59,46,29,48,20,20,18,37,37,37,17,36,26,56,56,56,56,56,49,49,40,40,40,40,40,40,31,31,31,6,51,51,51,51,51,44,43,14,14,14,14,14,14,70,70,70,0,0],"gold":39,"neow_bonus":"RANDOM_COLORLESS","is_daily":false,"chose_seed":false,"campfire_upgraded":6,"win_rate":0.0,"timestamp":1612533775,"path_taken":["M","?","M","M","M","E","R","E","T","?","R","?","$","E","R","BOSS","M","M","?","?","M","R","E","R","T","?","M","$","E","?","R","BOSS","M","$","M","?","?","M","E","R","T","M","?","R","$","M","R","BOSS"],"items_purchased_type":["Card","Relic","Potion","Card","Card","Relic","Card","Relic","Card","Card"],"build_version":"2020-12-22","purchased_purges":0,"victory":false,"max_hp_per_floor":[66,66,66,66,66,66,66,66,66,66,66,66,66,66,66,66,66,66,66,66,66,66,66,66,66,66,66,66,66,66,66,66,66,66,66,66,66,63,63,63,63,63,63,63,63,63,70,70,70,70,70],"card_choices":[{"not_picked":["Purity","Flash of Steel"],"picked":"Dramatic Entrance","floor":0},{"not_picked":["Slice","Poisoned Stab"],"picked":"Dagger Throw","floor":1},{"not_picked":["Dagger Spray","Deadly Poison"],"picked":"Acrobatics","floor":3},{"not_picked":["Endless Agony","Prepared"],"picked":"Blade Dance","floor":4},{"not_picked":["Choke","Flying Knee","Poisoned Stab"],"picked":"SKIP","floor":5},{"not_picked":["Choke","Sucker Punch"],"picked":"Cloak And Dagger","floor":6},{"not_picked":["Acrobatics","Night Terror","Underhanded Strike"],"picked":"SKIP","floor":8},{"not_picked":["Sucker Punch","Outmaneuver","Blade Dance"],"picked":"SKIP","floor":10},{"not_picked":["Blade Dance","Slice"],"picked":"Blur","floor":14},{"not_picked":["Unload","Storm of Steel"],"picked":"Phantasmal Killer","floor":16},{"not_picked":["Eviscerate","Deadly Poison"],"picked":"Concentrate+1","floor":18},{"not_picked":["Cloak And Dagger","Setup"],"picked":"Blur","floor":19},{"not_picked":["Infinite Blades","Prepared","Distraction"],"picked":"SKIP","floor":20},{"not_picked":["PiercingWail","Predator","Quick Slash"],"picked":"SKIP","floor":22},{"not_picked":["Terror","Endless Agony+1"],"picked":"Glass Knife","floor":24},{"not_picked":["Sucker Punch","Outmaneuver"],"picked":"Flechettes+1","floor":27},{"not_picked":["Acrobatics","Tactician","Dagger Spray"],"picked":"SKIP","floor":28},{"not_picked":["Masterful Stab","Blur","Catalyst+1"],"picked":"SKIP","floor":30},{"not_picked":["Doppelganger","Tools of the Trade"],"picked":"Burst","floor":33},{"not_picked":["Deflect","Blur+1"],"picked":"Accuracy+1","floor":35},{"not_picked":["Quick Slash","PiercingWail","Deadly Poison"],"picked":"SKIP","floor":37},{"not_picked":["Setup+1","Sucker Punch","All Out Attack+1"],"picked":"SKIP","floor":40},{"not_picked":["Backflip","Blade Dance","Poisoned Stab"],"picked":"SKIP","floor":41},{"not_picked":["Catalyst+1","Crippling Poison","Flying Knee+1"],"picked":"SKIP","floor":44},{"not_picked":["Flying Knee+1","Dagger Spray","Poisoned Stab"],"picked":"SKIP","floor":48}],"player_experience":749914,"relics_obtained":[{"floor":6,"key":"WingedGreaves"},{"floor":8,"key":"Pantograph"},{"floor":9,"key":"Torii"},{"floor":12,"key":"Thread and Needle"},{"floor":14,"key":"Incense Burner"},{"floor":24,"key":"Vajra"},{"floor":26,"key":"Bag of Marbles"},{"floor":30,"key":"Old Coin"},{"floor":39,"key":"Unceasing Top"},{"floor":41,"key":"Kunai"},{"floor":43,"key":"Bag of Preparation"},{"floor":45,"key":"Girya"}],"event_choices":[{"damage_healed":0,"gold_gain":0,"player_choice":"1 cards matched","damage_taken":0,"max_hp_gain":0,"max_hp_loss":0,"event_name":"Match and Keep!","floor":2,"gold_loss":0,"cards_obtained":["Dramatic Entrance"]},{"damage_healed":0,"gold_gain":0,"player_choice":"Ignored","damage_taken":0,"max_hp_gain":0,"max_hp_loss":0,"event_name":"N\u0027loth","floor":21,"gold_loss":0},{"damage_healed":0,"gold_gain":0,"player_choice":"Bought 0 Potions","damage_taken":0,"max_hp_gain":0,"max_hp_loss":0,"event_name":"The Woman in Blue","floor":31,"gold_loss":0},{"damage_healed":0,"gold_gain":0,"player_choice":"Max HP","damage_taken":0,"max_hp_gain":0,"max_hp_loss":3,"event_name":"Winding Halls","floor":38,"gold_loss":0},{"damage_healed":0,"gold_gain":0,"player_choice":"Fight","damage_taken":0,"max_hp_gain":0,"max_hp_loss":0,"event_name":"MindBloom","floor":39,"gold_loss":0},{"damage_healed":0,"gold_gain":0,"player_choice":"Fight","damage_taken":0,"max_hp_gain":0,"max_hp_loss":0,"event_name":"Mysterious Sphere","floor":45,"gold_loss":0}],"is_beta":false,"boss_relics":[{"not_picked":["Busted Crown","Ectoplasm"],"picked":"Pandora\u0027s Box"},{"not_picked":["Runic Dome","Empty Cage"],"picked":"Coffee Dripper"}],"items_purged_floors":[],"is_endless":false,"potions_floor_spawned":[1,10,16,18,20,24,28,30,39,41,45],"killed_by":"Time Eater","ascension_level":14}}