{"host":"oehe2dxjvdgux73m","time":1612534691,"event":{"mods":["AchievementEnabler","BaseMod","Colored Map","Colored Powertips","DeckTracker","Keyboard Shortcuts","Minty Spire (QoL Compilation)","Permanent Neow","Quick Restart","StSLib","SuperFastMode"],"gold_per_floor":[212,287,8,8,18,18,49,49,72,72,17,17,28,44,44,118,118,132,147,147,47,47,47,75,94,94,107,107,107,122,137,137,137,137],"floor_reached":33,"language":"KOR","playtime":919,"items_purged":["Strike_G","Strike_G"],"score":580,"play_id":"57e34340-a502-460f-90e3-065d4b0d405d","local_time":"20210205231811","is_ascension_mode":true,"campfire_choices":[{"data":"Terror","floor":6.0,"key":"SMITH"},{"data":"Phantasmal Killer","floor":8.0,"key":"SMITH"},{"floor":10.0,"key":"DIG"},{"floor":12.0,"key":"DIG"},{"floor":15.0,"key":"REST"},{"floor":23.0,"key":"DIG"},{"floor":29.0,"key":"REST"},{"data":"Calculated Gamble","floor":32.0,"key":"SMITH"}],"circlet_count":0,"master_deck":["AscendersBane","Strike_G","Strike_G","Defend_G","Defend_G","Defend_G","Defend_G","Defend_G","Survivor","Neutralize","Blade Dance","Leg Sweep","Terror+1","Phantasmal Killer+1","PiercingWail","Acrobatics+1","Tactician","Grand Finale","Prepared+1","Backflip","Backstab","Acrobatics","Calculated Gamble+1"],"relics":["Ring of the Snake","Pen Nib","Shovel","Regal Pillow","Incense Burner","MealTicket","Cursed Key","Boot","Tiny Chest"],"acts_visited":["Exordium","TheCity"],"potions_floor_usage":[33],"damage_taken":[{"damage":8.0,"enemies":"Small Slimes","floor":1.0,"turns":5.0},{"damage":1.0,"enemies":"2 Louse","floor":5.0,"turns":4.0},{"damage":14.0,"enemies":"3 Sentries","floor":7.0,"turns":9.0},{"damage":0.0,"enemies":"Cultist","floor":13.0,"turns":3.0},{"damage":0.0,"enemies":"3 Louse","floor":14.0,"turns":4.0},{"damage":14.0,"enemies":"Hexaghost","floor":16.0,"turns":11.0},{"damage":16.0,"enemies":"Spheric Guardian","floor":18.0,"turns":5.0},{"damage":0.0,"enemies":"2 Thieves","floor":19.0,"turns":3.0},{"damage":10.0,"enemies":"Slavers","floor":24.0,"turns":2.0},{"damage":19.0,"enemies":"Sentry and Sphere","floor":25.0,"turns":7.0},{"damage":4.0,"enemies":"Snecko","floor":27.0,"turns":4.0},{"damage":0.0,"enemies":"Snake Plant","floor":30.0,"turns":5.0},{"damage":19.0,"enemies":"3 Cultists","floor":31.0,"turns":8.0},{"damage":22,"enemies":"Collector","floor":33,"turns":5}],"seed_played":"-4036940113621185723","potions_obtained":[{"floor":5.0,"key":"PowerPotion"},{"floor":14.0,"key":"Poison Potion"},{"floor":16.0,"key":"Swift Potion"},{"floor":18.0,"key":"LiquidMemories"},{"floor":19.0,"key":"EntropicBrew"},{"floor":27.0,"key":"Ancient Potion"}],"is_trial":false,"path_per_floor":["M","?","$","?","M","R","E","R","T","R","$","R","M","M","R","B",null,"M","M","?","$","?","R","E","M","T","M","?","R","M","M","R","B"],"character_chosen":"THE_SILENT","items_purchased":["Leg Sweep","Pen Nib","PiercingWail"],"campfire_rested":2,"item_purchase_floors":[3,3,11],"current_hp_per_floor":[51,40,40,40,39,39,25,25,25,25,25,25,25,25,59,45,61,45,45,45,60,60,60,50,31,31,27,27,61,61,42,42,20,20],"gold":137,"neow_bonus":"HUNDRED_GOLD","is_daily":false,"chose_seed":false,"campfire_upgraded":3,"win_rate":0.0,"timestamp":1612534691,"path_taken":["M","?","$","?","M","R","E","R","T","R","$","R","?","M","R","BOSS","M","M","?","$","?","R","E","M","T","?","?","R","M","M","R","BOSS"],"items_purchased_type":["Card","Relic","Card"],"build_version":"2020-12-22","purchased_purges":2,"victory":false,"max_hp_per_floor":[66,66,66,66,66,66,66,66,66,66,66,66,66,66,66,66,66,66,66,66,66,66,66,66,66,66,66,66,66,66,66,66,66,66],"card_choices":[{"not_picked":["Outmaneuver","Slice"],"picked":"Blade Dance","floor":1.0},{"not_picked":["Endless Agony","Caltrops"],"picked":"Terror","floor":5.0},{"not_picked":["Dagger Spray","Poisoned Stab"],"picked":"Phantasmal Killer","floor":7.0},{"not_picked":["All Out Attack","Deflect"],"picked":"Acrobatics","floor":13.0},{"not_picked":["Outmaneuver","Backflip"],"picked":"Tactician","floor":14.0},{"not_picked":["Envenom","Burst"],"picked":"Grand Finale","floor":16.0},{"not_picked":["Distraction","Backflip"],"picked":"Prepared+1","floor":18.0},{"not_picked":["Outmaneuver","Eviscerate"],"picked":"Backflip","floor":19.0},{"not_picked":["Slice","Dagger Spray","Bouncing Flask"],"picked":"SKIP","floor":24.0},{"not_picked":["Poisoned Stab","Underhanded Strike","Choke"],"picked":"SKIP","floor":25.0},{"not_picked":["All Out Attack","Slice"],"picked":"Backstab","floor":27.0},{"not_picked":["Quick Slash","PiercingWail+1"],"picked":"Acrobatics","floor":30.0},{"not_picked":["Heel Hook+1","Prepared+1"],"picked":"Calculated Gamble","floor":31.0}],"player_experience":375433,"relics_obtained":[{"floor":7.0,"key":"Shovel"},{"floor":9.0,"key":"Regal Pillow"},{"floor":10.0,"key":"Incense Burner"},{"floor":12.0,"key":"MealTicket"},{"floor":23.0,"key":"Boot"},{"floor":24.0,"key":"Tiny Chest"}],"event_choices":[{"damage_healed":0.0,"max_hp_gain":0.0,"max_hp_loss":0.0,"gold_gain":75.0,"event_name":"World of Goop","player_choice":"Gather Gold","floor":2.0,"gold_loss":0.0,"damage_taken":11.0},{"cards_removed":["Strike_G"],"damage_healed":0.0,"max_hp_gain":0.0,"max_hp_loss":0.0,"gold_gain":0.0,"event_name":"Purifier","player_choice":"Purged","floor":4.0,"gold_loss":0.0,"damage_taken":0.0},{"damage_healed":0.0,"max_hp_gain":0.0,"max_hp_loss":0.0,"gold_gain":0.0,"event_name":"Ghosts","player_choice":"Ignored","floor":20.0,"gold_loss":0.0,"damage_taken":0.0},{"damage_healed":0.0,"max_hp_gain":0.0,"max_hp_loss":0.0,"gold_gain":0.0,"event_name":"Accursed Blacksmith","player_choice":"Forge","floor":22.0,"gold_loss":0.0,"damage_taken":0.0,"cards_upgraded":["Acrobatics"]},{"damage_healed":0.0,"max_hp_gain":0.0,"max_hp_loss":0.0,"gold_gain":0.0,"event_name":"Vampires","player_choice":"Ignored","floor":28.0,"gold_loss":0.0,"damage_taken":0.0}],"is_beta":false,"boss_relics":[{"not_picked":["Busted Crown","Pandora\u0027s Box"],"picked":"Cursed Key"}],"items_purged_floors":[3,21],"is_endless":false,"potions_floor_spawned":[5,14,16,18,19,27],"killed_by":"Collector","ascension_level":20}}