{"host":"ELF","time":1612511053,"event":{"mods":["BaseMod","Bestiary","Minty Spire (QoL Compilation)","Relic Stats","Slay the Relics Exporter"],"gold_per_floor":[116,64,64,81,94,94,94,94],"floor_reached":7,"language":"ENG","playtime":285,"items_purged":[],"score":80,"play_id":"b1b21ced-9ed8-40c3-bbb4-808da554c6bd","local_time":"20210205014413","is_ascension_mode":true,"campfire_choices":[{"data":"Barricade","floor":6.0,"key":"SMITH"}],"circlet_count":0,"master_deck":["AscendersBane","Strike_R","Strike_R","Strike_R","Strike_R","Strike_R","Defend_R","Defend_R","Defend_R","Defend_R","Bash","Shame","Barricade+1","Shockwave","Shrug It Off","Whirlwind","Power Through"],"relics":["Burning Blood","Strawberry"],"acts_visited":["Exordium"],"potions_floor_usage":[7],"damage_taken":[{"damage":4.0,"enemies":"Small Slimes","floor":1.0,"turns":5.0},{"damage":5.0,"enemies":"Jaw Worm","floor":4.0,"turns":5.0},{"damage":25.0,"enemies":"Cultist","floor":5.0,"turns":6.0},{"damage":71,"enemies":"Lagavulin","floor":7,"turns":13}],"seed_played":"-6830888675846883296","potions_obtained":[{"floor":1.0,"key":"Energy Potion"}],"is_trial":false,"path_per_floor":["M","$","?","M","M","R","E"],"character_chosen":"IRONCLAD","items_purchased":["Shrug It Off"],"campfire_rested":0,"item_purchase_floors":[2],"current_hp_per_floor":[70,70,72,73,54,54,0,0],"gold":94,"neow_bonus":"THREE_RARE_CARDS","is_daily":false,"chose_seed":false,"campfire_upgraded":1,"win_rate":0.0,"timestamp":1612511053,"path_taken":["M","$","?","M","M","R","E"],"items_purchased_type":["Card"],"build_version":"2020-12-18","purchased_purges":0,"victory":false,"max_hp_per_floor":[75,75,82,82,82,82,82,82],"relic_stats":{"counters":[4,29],"obtain_stats":[{"Strawberry":3,"Burning Blood":0},{"Strawberry":1,"Burning Blood":0},{"Strawberry":5,"Burning Blood":0}],"Burning Blood":18},"card_choices":[{"not_picked":["Juggernaut","Brutality"],"picked":"Barricade","floor":0.0},{"not_picked":["Warcry","Pommel Strike"],"picked":"Shockwave","floor":1.0},{"not_picked":["Clothesline","Combust"],"picked":"Whirlwind","floor":4.0},{"not_picked":["Dropkick","Dark Embrace"],"picked":"Power Through","floor":5.0}],"player_experience":3403269,"relics_obtained":[],"event_choices":[{"damage_healed":0.0,"max_hp_gain":0.0,"max_hp_loss":0.0,"gold_gain":0.0,"event_name":"Scrap Ooze","player_choice":"Success","floor":3.0,"gold_loss":0.0,"damage_taken":5.0,"relics_obtained":["Strawberry"]}],"is_beta":true,"boss_relics":[],"items_purged_floors":[],"is_endless":false,"potions_floor_spawned":[1],"killed_by":"Lagavulin","ascension_level":19}}