{"host":"684z1xpuwaoqmmh1","time":1612533446,"event":{"mods":["A Magickal Journey","BaseMod","Downfall","Hermit","Jorbs\u0027s Wanderer Trilogy","Marisa????????","Minty Spire (QoL Compilation)","Robot Space Explorer","Shade Mod","StSLib","The Dragon Tamer","The Elementalist","The Hayseed","The Hierophant","The Marked","The Mystic","The Runesmith","The Saiyan","The Vixen","TheBandit","TheFirefly"],"gold_per_floor":[93,103,122,172,188,219,32,32,32,62,62,62,89,100,100,200,200,210,229,229,246,345,371,371,397,423,453,453,453,27,27,27,131,131,142,142,161,174,228,259,276,305,305,331,20,37,37,92,92,92,92,92,30,55,55],"floor_reached":56,"language":"ENG","playtime":4500,"items_purged":["Pain","Saiyan:SAIYA_Strike"],"score":1704,"play_id":"86e32abe-91ba-4252-9e4a-4f1f57ab9bd5","local_time":"20210205155726","is_ascension_mode":true,"campfire_choices":[{"data":"Saiyan:AugmentedBlast","floor":8,"key":"SMITH"},{"data":"Saiyan:Furor","floor":12,"key":"SMITH"},{"data":"Saiyan:Makankosappo","floor":15,"key":"SMITH"},{"floor":28,"key":"REST"},{"floor":32,"key":"RECALL"},{"floor":47,"key":"REST"},{"floor":49,"key":"REST"},{"floor":52,"key":"REST"}],"circlet_count":0,"master_deck":["Saiyan:SAIYA_Strike+1","Saiyan:SAIYA_Strike","Saiyan:SAIYA_Strike","Saiyan:SAIYA_Defend","Saiyan:SAIYA_Defend","Saiyan:SAIYA_Defend","Saiyan:SAIYA_Defend","Saiyan:EnergyBlast+1","Saiyan:KaioKen","Saiyan:RuthlessBlow","Saiyan:Quickening","Saiyan:RemoveWeights","Saiyan:Makankosappo+1","Saiyan:Flurry","Saiyan:BackAttack","Saiyan:AugmentedBlast+1","Saiyan:Furor+1","Saiyan:ExtremeSpeed","Saiyan:PowerUp","Saiyan:MajinSeal","Saiyan:TurtleShell","Saiyan:BurningSoul","Saiyan:Scouter+1","Saiyan:WarmUp","Saiyan:PowerUp","Saiyan:PowerStance+1","Saiyan:SuperSaiyanThree","Saiyan:Fly+1","The Bomb","Saiyan:ExtremeSpeed+1","Saiyan:Planning+1","Saiyan:Furor","Saiyan:SuperSaiyanForm","Saiyan:SuperSaiyanForm+1","Saiyan:MonkeyTail","Saiyan:PlotArmor","Saiyan:TurtleShell","Saiyan:ConcussiveBlow"],"relics":["SaiyanSoul","SaiyanHeart","Bag of Marbles","Anchor","The Courier","Mummified Hand","WarpedTongs","Sundial","Fusion Hammer","Akabeko","Bottled Lightning","Blood Vial","Gremlin Horn","Pen Nib","CaptainsWheel","SlaversCollar","champ:DeflectingBracers","Whetstone","Letter Opener","Toxic Egg 2","HornCleat","CatCart","Toy Ornithopter"],"acts_visited":["Exordium","TheCity","TheBeyond","TheEnding"],"potions_floor_usage":[10,21,39,39,41,44,54,55,55,55,55,55],"damage_taken":[{"damage":0.0,"enemies":"Small Slimes","floor":1.0,"turns":3.0},{"damage":6.0,"enemies":"Jaw Worm","floor":2.0,"turns":4.0},{"damage":0.0,"enemies":"Cultist","floor":3.0,"turns":3.0},{"damage":12,"enemies":"Blue Slaver","floor":5,"turns":3},{"damage":14,"enemies":"3 Sentries","floor":6,"turns":7},{"damage":0,"enemies":"Lagavulin","floor":10,"turns":7},{"damage":3,"enemies":"3 Sentries","floor":13,"turns":5},{"damage":0,"enemies":"Looter","floor":14,"turns":3},{"damage":7,"enemies":"The Guardian","floor":16,"turns":10},{"damage":6,"enemies":"Spheric Guardian","floor":18,"turns":3},{"damage":15,"enemies":"3 Byrds","floor":19,"turns":5},{"damage":14,"enemies":"Snecko","floor":21,"turns":5},{"damage":31,"enemies":"Slavers","floor":23,"turns":4},{"damage":5,"enemies":"Gremlin Leader","floor":25,"turns":5},{"damage":12,"enemies":"Book of Stabbing","floor":27,"turns":5},{"damage":16,"enemies":"Collector","floor":33,"turns":5},{"damage":27,"enemies":"3 Shapes","floor":35,"turns":5},{"damage":0,"enemies":"Orb Walker","floor":37,"turns":3},{"damage":4,"enemies":"4 Shapes","floor":38,"turns":7},{"damage":18,"enemies":"2 Orb Walkers","floor":39,"turns":4},{"damage":5,"enemies":"Nemesis","floor":40,"turns":5},{"damage":3,"enemies":"Jaw Worm Horde","floor":41,"turns":4},{"damage":0,"enemies":"Reptomancer","floor":42,"turns":4},{"damage":4,"enemies":"Nemesis","floor":44,"turns":5},{"damage":0,"enemies":"Transient","floor":46,"turns":5},{"damage":0,"enemies":"Orin","floor":48,"turns":5},{"damage":24,"enemies":"Donu and Deca","floor":50,"turns":7},{"damage":8,"enemies":"Shield and Spear","floor":54,"turns":5},{"damage":71,"enemies":"The Heart","floor":55,"turns":8}],"seed_played":"-7604570905526805599","potions_obtained":[{"floor":3.0,"key":"FairyPotion"},{"floor":6,"key":"Guardian:BlockOnCardUsePotion"},{"floor":10,"key":"Guardian:BlockOnCardUsePotion"},{"floor":14,"key":"Energy Potion"},{"floor":23,"key":"PowerPotion"},{"floor":33,"key":"EntropicBrew"},{"floor":39,"key":"Weak Potion"},{"floor":40,"key":"SpeedPotion"},{"floor":42,"key":"SteroidPotion"},{"floor":48,"key":"FearPotion"}],"is_trial":false,"path_per_floor":["M","M","M","?","M","E","$","R","T","E","?","R","E","M","R","B",null,"M","M","?","M","?","E","?","E","T","E","R","?","$","$","R","B",null,"M","?","M","M","?","E","M","E","T","E","$","M","R","?","R","B",null,"R","$","E","B",null],"character_chosen":"SAIYAJIN","items_purchased":["Anchor","Saiyan:AugmentedBlast","Pen Nib","CaptainsWheel","HornCleat","Saiyan:SuperSaiyanForm","Saiyan:PlotArmor","Saiyan:TurtleShell"],"campfire_rested":4,"item_purchase_floors":[7,7,30,30,45,45,53,53],"current_hp_per_floor":[63,58,59,59,48,35,35,35,35,36,36,36,34,35,35,29,65,60,46,46,35,35,7,35,31,31,22,48,48,48,48,48,38,78,55,55,59,58,43,43,44,48,48,49,49,54,87,93,114,92,110,116,116,109,68],"gold":55,"neow_bonus":"TEN_PERCENT_HP_BONUS","is_daily":false,"chose_seed":false,"campfire_upgraded":3,"win_rate":0.0,"timestamp":1612533446,"path_taken":["M","M","M","?","M","E","$","R","T","E","?","R","E","M","R","BOSS","M","M","?","M","?","E","?","E","T","E","R","?","?","$","R","BOSS","M","?","M","M","?","E","?","E","T","E","$","M","R","?","R","BOSS","R","$","E","BOSS"],"items_purchased_type":["Relic","Card","Relic","Relic","Relic","Card","Card","Card"],"build_version":"2020-12-22","purchased_purges":2,"victory":true,"max_hp_per_floor":[69,70,71,71,72,73,73,73,73,74,74,74,75,76,76,77,77,78,79,79,82,82,85,85,86,86,87,87,87,87,87,87,91,91,93,93,95,96,97,100,102,104,104,107,107,110,110,114,114,116,116,116,116,117,120],"card_choices":[{"not_picked":["Saiyan:UltraInstinct","Saiyan:SaiyanHubris"],"picked":"Saiyan:Quickening","floor":1.0},{"not_picked":["Saiyan:Scouter","Saiyan:Planning"],"picked":"Saiyan:RemoveWeights","floor":2.0},{"not_picked":["Saiyan:MeteorDash","Saiyan:ExpandingShockwave"],"picked":"Saiyan:Makankosappo","floor":3.0},{"not_picked":["Saiyan:Pacing","Saiyan:Expend"],"picked":"Saiyan:Flurry","floor":5},{"not_picked":["Saiyan:Scouter","Saiyan:SpiritSword"],"picked":"Saiyan:BackAttack","floor":6},{"not_picked":["Saiyan:RemoveWeights","Saiyan:BackAttack"],"picked":"Saiyan:Furor","floor":10},{"not_picked":["Saiyan:ExpandingShockwave","Saiyan:ReverberatingForce"],"picked":"Saiyan:ExtremeSpeed","floor":13},{"not_picked":["Saiyan:Taunt","Saiyan:KiExplosion"],"picked":"Saiyan:PowerUp","floor":14},{"not_picked":["Saiyan:Rekindle","Saiyan:SolarFlare"],"picked":"Saiyan:MajinSeal","floor":16},{"not_picked":["Saiyan:Quickening","Saiyan:SaiyanHubris+1"],"picked":"Saiyan:TurtleShell","floor":18},{"not_picked":["Saiyan:BackAttack","Saiyan:Planning"],"picked":"Saiyan:BurningSoul","floor":19},{"not_picked":["Saiyan:PowerUp","Saiyan:DoubleMasenko"],"picked":"Saiyan:Scouter+1","floor":21},{"not_picked":["Saiyan:AugmentedBlast+1","Saiyan:PlotArmor"],"picked":"Saiyan:WarmUp","floor":23},{"not_picked":["Saiyan:ExpandingShockwave","Saiyan:SaiyanHubris+1"],"picked":"Saiyan:PowerUp","floor":25},{"not_picked":["Saiyan:PlotArmor","Saiyan:GenkiDama"],"picked":"Saiyan:PowerStance+1","floor":27},{"not_picked":["Saiyan:TransfigurationBeam","Saiyan:MonkeyTail"],"picked":"Saiyan:SuperSaiyanThree","floor":33},{"not_picked":["Saiyan:RemoveWeights+1","Saiyan:ExtremeSpeed"],"picked":"Saiyan:Fly+1","floor":35},{"not_picked":["Jack Of All Trades","Madness"],"picked":"The Bomb","floor":36},{"not_picked":["Saiyan:Scouter+1","Saiyan:KiExplosion"],"picked":"Saiyan:ExtremeSpeed+1","floor":37},{"not_picked":["Saiyan:PowerStance+1","Saiyan:LastResort+1","Saiyan:Scouter"],"picked":"SKIP","floor":38},{"not_picked":["Saiyan:ExpandingShockwave+1","Saiyan:SaiyanHubris"],"picked":"Saiyan:Planning+1","floor":39},{"not_picked":["Saiyan:SolarFlare","Saiyan:ExpandingShockwave+1"],"picked":"Saiyan:Furor","floor":40},{"not_picked":["Saiyan:BigBangAttack","Saiyan:RemoveWeights","Saiyan:Planning+1"],"picked":"SKIP","floor":41},{"not_picked":["Saiyan:DragonFist","Saiyan:BigBangAttack+1","Saiyan:Honing"],"picked":"SKIP","floor":42},{"not_picked":["Saiyan:ExpandingShockwave","Saiyan:PowerUp+1","Saiyan:BigBangAttack"],"picked":"SKIP","floor":44},{"not_picked":["Saiyan:DoubleMasenko+1","Saiyan:Pacing+1"],"picked":"Saiyan:SuperSaiyanForm+1","floor":46},{"not_picked":["Saiyan:SaiyanHubris+1","Saiyan:DoubleMasenko"],"picked":"Saiyan:MonkeyTail","floor":48},{"not_picked":["Saiyan:Honing+1","Saiyan:Furor"],"picked":"Saiyan:ConcussiveBlow","floor":54}],"player_experience":2953382,"relics_obtained":[{"floor":6,"key":"Bag of Marbles"},{"floor":9,"key":"The Courier"},{"floor":10,"key":"Mummified Hand"},{"floor":13,"key":"Sundial"},{"floor":23,"key":"Akabeko"},{"floor":25,"key":"Bottled Lightning"},{"floor":26,"key":"Blood Vial"},{"floor":27,"key":"Gremlin Horn"},{"floor":39,"key":"champ:DeflectingBracers"},{"floor":40,"key":"Whetstone"},{"floor":42,"key":"Letter Opener"},{"floor":44,"key":"Toxic Egg 2"},{"floor":48,"key":"CatCart"},{"floor":54,"key":"Toy Ornithopter"}],"event_choices":[{"damage_healed":0,"gold_gain":0,"player_choice":"Rummage","damage_taken":0,"relics_obtained":["WarpedTongs"],"max_hp_gain":0,"max_hp_loss":0,"event_name":"Accursed Blacksmith","floor":11,"gold_loss":0,"cards_obtained":["Pain"]},{"damage_healed":0,"gold_gain":99,"player_choice":"Stole From Cult","damage_taken":0,"max_hp_gain":0,"max_hp_loss":0,"event_name":"Nest","floor":22,"gold_loss":0},{"damage_healed":28,"gold_gain":0,"player_choice":"Heal","damage_taken":0,"max_hp_gain":0,"max_hp_loss":0,"event_name":"The Library","floor":24,"gold_loss":0},{"damage_healed":0,"gold_gain":0,"player_choice":"Memory 1","damage_taken":0,"max_hp_gain":0,"max_hp_loss":0,"event_name":"SensoryStone","floor":36,"gold_loss":0},{"damage_healed":0,"gold_gain":0,"player_choice":"Fight","damage_taken":0,"max_hp_gain":0,"max_hp_loss":0,"event_name":"Mysterious Sphere","floor":39,"gold_loss":0},{"damage_healed":0,"gold_gain":0,"player_choice":"Fight","damage_taken":0,"max_hp_gain":0,"max_hp_loss":0,"event_name":"OrinTheCat","floor":48,"gold_loss":0}],"is_beta":false,"boss_relics":[{"not_picked":["Sozu","Tiny House"],"picked":"Fusion Hammer"},{"not_picked":["Empty Cage","Calling Bell"],"picked":"SlaversCollar"}],"items_purged_floors":[30,45],"is_endless":false,"potions_floor_spawned":[3,6,10,14,16,23,25,27,33,35,39,40,42,48],"ascension_level":6}}