{"host":"5yoj846f700ld8qy","time":1612546082,"event":{"mods":["AchievementEnabler","BaseMod","Better Altar","Better Match","Better Note","Better Sensory Stone","Better Skull","Better Third Choice","Colored Map","Colored Powertips","Minty Spire (QoL Compilation)","StSLib","UnlockEverythingMod"],"gold_per_floor":[116,41,6,6,16,16,33,45,45,45,45,55,55,68,68,147,147,164,164,184,198,198,198,48,48,48,48,48],"floor_reached":27,"language":"ENG","playtime":2482,"items_purged":["Strike_B","Redo"],"score":446,"play_id":"9b26fee7-ee2f-4a43-979a-83717d09c6f7","local_time":"20210205192802","is_ascension_mode":true,"campfire_choices":[{"data":"Reprogram","floor":6,"key":"SMITH"},{"data":"Leap","floor":11,"key":"SMITH"},{"data":"Strike_B","floor":13,"key":"SMITH"},{"data":"Streamline","floor":15,"key":"SMITH"},{"floor":23,"key":"REST"}],"circlet_count":0,"master_deck":["AscendersBane","Dualcast","Leap+1","Reprogram+1","Cold Snap","Streamline+1","Creative AI","Hyperbeam","Capacitor","Fusion","Gash","Sweeping Beam","Undo","Scrape","Go for the Eyes"],"relics":["Busted Crown","Bronze Scales","Pandora\u0027s Box","CultistMask","Question Card"],"acts_visited":["Exordium","TheCity"],"potions_floor_usage":[16,21,25],"damage_taken":[{"damage":0,"enemies":"Jaw Worm","floor":1,"turns":3},{"damage":11,"enemies":"Small Slimes","floor":5,"turns":4},{"damage":4,"enemies":"Cultist","floor":7,"turns":7},{"damage":0,"enemies":"Large Slime","floor":8,"turns":11},{"damage":1,"enemies":"Gremlin Gang","floor":12,"turns":8},{"damage":4,"enemies":"3 Louse","floor":14,"turns":4},{"damage":15,"enemies":"Hexaghost","floor":16,"turns":10},{"damage":20,"enemies":"Shell Parasite","floor":18,"turns":4},{"damage":6,"enemies":"3 Byrds","floor":20,"turns":3},{"damage":25,"enemies":"Cultist and Chosen","floor":21,"turns":5},{"damage":5,"enemies":"Gremlin Leader","floor":25,"turns":3},{"damage":14,"enemies":"Book of Stabbing","floor":27,"turns":4}],"seed_played":"6861575356570469225","potions_obtained":[{"floor":8,"key":"Strength Potion"},{"floor":16,"key":"ColorlessPotion"},{"floor":19,"key":"SmokeBomb"}],"is_trial":false,"path_per_floor":["M","$","?","?","M","R","M","M","T","?","R","M","R","M","R","B",null,"M","?","M","M","?","R","$","E","T","E"],"character_chosen":"DEFECT","items_purchased":["Go for the Eyes"],"campfire_rested":1,"item_purchase_floors":[24],"current_hp_per_floor":[64,64,71,64,53,53,49,49,49,49,49,48,48,44,44,29,61,41,41,35,10,10,31,31,26,26,12,12],"gold":48,"neow_bonus":"BOSS_RELIC","is_daily":false,"chose_seed":false,"campfire_upgraded":4,"win_rate":0.0,"timestamp":1612546082,"path_taken":["M","$","?","?","M","R","M","M","T","?","R","?","R","M","R","BOSS","M","?","?","M","?","R","$","E","T","E"],"items_purchased_type":["Card"],"build_version":"2020-12-22","purchased_purges":2,"victory":false,"max_hp_per_floor":[71,71,71,71,71,71,71,71,71,71,71,71,71,71,71,71,71,71,71,71,71,71,71,71,71,71,71,71],"card_choices":[{"not_picked":[],"picked":"Leap","floor":1},{"not_picked":[],"picked":"Reprogram","floor":5},{"not_picked":["Redo"],"picked":"SKIP","floor":7},{"not_picked":["Fusion"],"picked":"SKIP","floor":8},{"not_picked":[],"picked":"Cold Snap","floor":12},{"not_picked":[],"picked":"Streamline","floor":14},{"not_picked":[],"picked":"Creative AI","floor":16},{"not_picked":["Turbo"],"picked":"SKIP","floor":18},{"not_picked":[],"picked":"Scrape","floor":20},{"not_picked":["Streamline"],"picked":"SKIP","floor":21}],"player_experience":432722,"relics_obtained":[{"floor":9,"key":"Bronze Scales"},{"floor":26,"key":"Question Card"}],"event_choices":[{"damage_healed":17,"gold_gain":0,"player_choice":"Healed","damage_taken":0,"max_hp_gain":0,"max_hp_loss":0,"event_name":"The Cleric","floor":3,"gold_loss":35},{"cards_removed":["Strike_B"],"damage_healed":0,"gold_gain":0,"player_choice":"Card Removal","damage_taken":7,"max_hp_gain":0,"max_hp_loss":0,"event_name":"Golden Wing","floor":4,"gold_loss":0},{"damage_healed":0,"gold_gain":0,"cards_transformed":["Zap"],"player_choice":"Transformed","damage_taken":0,"max_hp_gain":0,"max_hp_loss":0,"event_name":"Transmorgrifier","floor":10,"gold_loss":0,"cards_obtained":["Redo"]},{"damage_healed":0,"gold_gain":0,"player_choice":"Got Potions","damage_taken":0,"max_hp_gain":0,"max_hp_loss":0,"event_name":"Lab","floor":19,"gold_loss":0},{"damage_healed":0,"gold_gain":0,"player_choice":"Trade","damage_taken":0,"relics_obtained":["CultistMask"],"max_hp_gain":0,"max_hp_loss":0,"event_name":"FaceTrader","floor":22,"gold_loss":0}],"is_beta":false,"boss_relics":[{"not_picked":["SacredBark","SlaversCollar"],"picked":"Pandora\u0027s Box"}],"items_purged_floors":[2,24],"is_endless":false,"potions_floor_spawned":[8,16,25],"killed_by":"Book of Stabbing","ascension_level":20}}