{"host":"n6qxj7a4gnapjcui","time":1612547625,"event":{"mods":["2.2 Compatiblity","AchievementEnabler","BaseMod","Colored Map","Minty Spire (QoL Compilation)"],"gold_per_floor":[218,34,45,61,73,73,108,121,121,137,137,148,323,354,354,455,455,465,485,445,464,464,464,464],"floor_reached":23,"language":"POL","playtime":1042,"items_purged":[],"score":297,"play_id":"ac1f5ca0-cfd6-406d-8b2e-4a83138935b0","local_time":"20210205185345","is_ascension_mode":true,"campfire_choices":[{"data":"Rage","floor":6.0,"key":"SMITH"},{"data":"Armaments","floor":11.0,"key":"SMITH"},{"data":"Berserk","floor":15.0,"key":"SMITH"}],"circlet_count":0,"master_deck":["Strike_R","Strike_R","Strike_R","Strike_R+1","Strike_R","Defend_R","Defend_R","Defend_R","Defend_R","Bash","Cleave","Battle Trance","Rage+1","Clash","Wild Strike","Armaments+1","Pommel Strike","Anger","Berserk+1","Corruption","Reckless Charge+1","Flex","Armaments+1","Spot Weakness"],"relics":["Burning Blood","Omamori","Regal Pillow","Darkstone Periapt","Meat on the Bone","Runic Cube"],"acts_visited":["Exordium","TheCity"],"potions_floor_usage":[23,23],"damage_taken":[{"damage":4.0,"enemies":"Small Slimes","floor":1.0,"turns":6.0},{"damage":1.0,"enemies":"Cultist","floor":3.0,"turns":3.0},{"damage":12.0,"enemies":"Jaw Worm","floor":4.0,"turns":3.0},{"damage":3.0,"enemies":"3 Louse","floor":5.0,"turns":3.0},{"damage":12.0,"enemies":"Gremlin Nob","floor":7.0,"turns":4.0},{"damage":3.0,"enemies":"Large Slime","floor":8.0,"turns":5.0},{"damage":10.0,"enemies":"2 Fungi Beasts","floor":10.0,"turns":4.0},{"damage":0.0,"enemies":"Exordium Wildlife","floor":12.0,"turns":4.0},{"damage":20.0,"enemies":"Lagavulin","floor":14.0,"turns":5.0},{"damage":24.0,"enemies":"Hexaghost","floor":16.0,"turns":9.0},{"damage":13.0,"enemies":"Chosen","floor":18.0,"turns":5.0},{"damage":21.0,"enemies":"Spheric Guardian","floor":19.0,"turns":5.0},{"damage":37,"enemies":"Centurion and Healer","floor":21,"turns":8},{"damage":35,"enemies":"Gremlin Leader","floor":23,"turns":5}],"seed_played":"1710743715745545743","potions_obtained":[{"floor":4.0,"key":"FearPotion"},{"floor":5.0,"key":"Dexterity Potion"},{"floor":8.0,"key":"LiquidMemories"},{"floor":10.0,"key":"SpeedPotion"},{"floor":18.0,"key":"BlessingOfTheForge"},{"floor":21,"key":"DistilledChaos"}],"is_trial":false,"path_per_floor":["M","$","M","M","M","R","E","M","T","M","R","M","?","E","R","B",null,"M","M","?","M","?","E"],"character_chosen":"IRONCLAD","items_purchased":["Battle Trance","Omamori"],"campfire_rested":0,"item_purchase_floors":[2,2],"current_hp_per_floor":[74,74,79,73,76,76,70,73,73,69,69,75,75,61,61,55,74,67,52,52,33,33,0,0],"gold":464,"neow_bonus":"HUNDRED_GOLD","is_daily":false,"chose_seed":false,"campfire_upgraded":3,"win_rate":0.0,"timestamp":1612547625,"path_taken":["M","$","M","M","M","R","E","M","T","M","R","M","?","E","R","BOSS","M","M","?","?","?","E"],"items_purchased_type":["Card","Relic"],"build_version":"2020-12-22","purchased_purges":0,"victory":false,"max_hp_per_floor":[80,80,80,80,80,80,80,80,80,80,80,80,80,80,80,80,80,80,80,80,80,80,80,80],"card_choices":[{"not_picked":["Sword Boomerang","Searing Blow"],"picked":"Cleave","floor":1.0},{"not_picked":["Iron Wave","Thunderclap"],"picked":"Rage","floor":3.0},{"not_picked":["Shockwave","Body Slam"],"picked":"Clash","floor":4.0},{"not_picked":["Sentinel","Cleave"],"picked":"Wild Strike","floor":5.0},{"not_picked":["Twin Strike","Body Slam"],"picked":"Armaments","floor":7.0},{"not_picked":["Heavy Blade","Wild Strike","Clash"],"picked":"SKIP","floor":8.0},{"not_picked":["Demon Form","Flex"],"picked":"Pommel Strike","floor":10.0},{"not_picked":["Armaments","Heavy Blade"],"picked":"Anger","floor":12.0},{"not_picked":["Sever Soul","Armaments"],"picked":"Berserk","floor":14.0},{"not_picked":["Barricade","Reaper"],"picked":"Corruption","floor":16.0},{"not_picked":["Body Slam","Anger"],"picked":"Reckless Charge","floor":18.0},{"not_picked":["Dual Wield","Sword Boomerang"],"picked":"Flex","floor":19.0},{"not_picked":["Disarm","Twin Strike+1"],"picked":"Armaments+1","floor":21}],"player_experience":323008,"relics_obtained":[{"floor":7.0,"key":"Regal Pillow"},{"floor":9.0,"key":"Darkstone Periapt"},{"floor":14.0,"key":"Meat on the Bone"}],"event_choices":[{"damage_healed":0.0,"max_hp_gain":0.0,"max_hp_loss":0.0,"gold_gain":175.0,"event_name":"Liars Game","player_choice":"AGREE","floor":13.0,"gold_loss":0.0,"damage_taken":0.0,"cards_obtained":["Doubt"]},{"damage_healed":0.0,"max_hp_gain":0.0,"max_hp_loss":0.0,"gold_gain":0.0,"event_name":"Designer","player_choice":"Upgraded Two","floor":20.0,"gold_loss":40.0,"damage_taken":0.0,"cards_upgraded":["Reckless Charge","Strike_R"]},{"damage_healed":0,"gold_gain":0,"player_choice":"Read","damage_taken":0,"max_hp_gain":0,"max_hp_loss":0,"event_name":"The Library","floor":22,"gold_loss":0,"cards_obtained":["Spot Weakness"]}],"is_beta":false,"boss_relics":[{"not_picked":["Tiny House","SacredBark"],"picked":"Runic Cube"}],"items_purged_floors":[],"is_endless":false,"potions_floor_spawned":[4,5,8,10,18,21],"killed_by":"Gremlin Leader","ascension_level":9}}