{"host":"dztixnx9b0gu6w9i","time":1612523027,"event":{"mods":["BaseMod","Bestiary","Minty Spire (QoL Compilation)","Relic Stats","Slay the Relics Exporter","SpireBot","ojb\u0027s Better Paths Mod","ojb\u0027s Info Mod"],"gold_per_floor":[214,58,76,96,96,96,123,123,123,156,166,182,182,200,200,200,200],"floor_reached":16,"language":"ENG","playtime":1805,"items_purged":["Strike_B"],"score":224,"play_id":"a484ba90-49c5-4abe-9e7a-c4ce849ca431","local_time":"20210205060347","is_ascension_mode":true,"campfire_choices":[{"data":"Sweeping Beam","floor":6,"key":"SMITH"},{"data":"Electrodynamics","floor":8,"key":"SMITH"},{"data":"Hologram","floor":13,"key":"SMITH"},{"data":"Loop","floor":15,"key":"SMITH"}],"circlet_count":0,"master_deck":["AscendersBane","Strike_B","Strike_B","Strike_B","Defend_B","Defend_B","Defend_B","Defend_B","Zap","Dualcast","Sweeping Beam+1","Ball Lightning","Rebound","Steam","Electrodynamics+1","Genetic Algorithm","Capacitor","Hologram+1","Loop+1"],"relics":["Cracked Core","StrikeDummy","Centennial Puzzle","Smiling Mask"],"acts_visited":["Exordium"],"potions_floor_usage":[7,14,16],"damage_taken":[{"damage":6,"enemies":"Cultist","floor":1,"turns":3},{"damage":9,"enemies":"2 Louse","floor":3,"turns":3},{"damage":0,"enemies":"Jaw Worm","floor":4,"turns":3},{"damage":10,"enemies":"3 Sentries","floor":7,"turns":6},{"damage":14,"enemies":"Lagavulin","floor":10,"turns":7},{"damage":0,"enemies":"Blue Slaver","floor":11,"turns":2},{"damage":6,"enemies":"3 Louse","floor":12,"turns":4},{"damage":0,"enemies":"Looter","floor":14,"turns":2},{"damage":22,"enemies":"The Guardian","floor":16,"turns":9}],"seed_played":"2334108204841874606","potions_obtained":[{"floor":3,"key":"BlessingOfTheForge"},{"floor":10,"key":"Fire Potion"}],"is_trial":false,"path_per_floor":["M","$","M","M","$","R","E","R","T","E","M","M","R","M","R","B"],"character_chosen":"DEFECT","items_purchased":["Ball Lightning","Strength Potion"],"campfire_rested":0,"item_purchase_floors":[2,2],"current_hp_per_floor":[58,58,49,49,49,49,39,39,39,25,25,19,19,19,19,0,0],"gold":200,"neow_bonus":"HUNDRED_GOLD","is_daily":false,"chose_seed":false,"campfire_upgraded":4,"win_rate":0.0,"timestamp":1612523027,"path_taken":["M","$","M","?","?","R","E","R","T","E","M","M","R","M","R","BOSS"],"items_purchased_type":["Card","Potion"],"build_version":"2020-12-22","purchased_purges":1,"victory":false,"max_hp_per_floor":[71,71,71,71,71,71,71,71,71,71,71,71,71,71,71,71,71],"relic_stats":{"Centennial Puzzle":[9],"counters":[9,39],"Smiling Mask":0,"obtain_stats":[{"Centennial Puzzle":9,"Cracked Core":0,"StrikeDummy":7,"Smiling Mask":10},{"Centennial Puzzle":4,"Cracked Core":0,"StrikeDummy":4,"Smiling Mask":5},{"Centennial Puzzle":15,"Cracked Core":0,"StrikeDummy":15,"Smiling Mask":22}]},"card_choices":[{"not_picked":["Go for the Eyes","Darkness"],"picked":"Sweeping Beam","floor":1},{"not_picked":["Stack","Redo"],"picked":"Rebound","floor":3},{"not_picked":["Steam Power","Gash"],"picked":"Steam","floor":4},{"not_picked":["Rebound","Barrage"],"picked":"Electrodynamics","floor":7},{"not_picked":["Blizzard","Rip and Tear"],"picked":"Genetic Algorithm","floor":10},{"not_picked":["Stack","Beam Cell"],"picked":"Capacitor","floor":11},{"not_picked":["Turbo","Capacitor"],"picked":"Hologram","floor":12},{"not_picked":["Sweeping Beam","Storm"],"picked":"Loop","floor":14}],"player_experience":8447606,"relics_obtained":[{"floor":7,"key":"StrikeDummy"},{"floor":9,"key":"Centennial Puzzle"},{"floor":10,"key":"Smiling Mask"}],"event_choices":[],"is_beta":false,"boss_relics":[],"items_purged_floors":[2],"is_endless":false,"potions_floor_spawned":[3,10,12],"killed_by":"The Guardian","ascension_level":20}}