{"host":"dfpl7xml5jko8we2","time":1612563273,"event":{"mods":["2.2 Compatiblity","Act Like it!","Astrologer","Bard","BaseMod","Beaked The Cultist","Bestiary","Better Note","Better Third Choice","Challenge The Spire","Colored Map","Colored Powertips","Conspire","Curses Come First","Downfall","Energized Spire","GifTheSpireLib","Gremlin Mod","Hallownest","Hermit","Hubris","Jorbs\u0027s Wanderer Trilogy","Mad Scientist","Marisa????????","Minty Spire (QoL Compilation)","Quick Restart","Rare Cards Sparkle","Reliquary","Remilia??????","Replay The Spire","Robot Space Explorer","Shade Mod","Shop Mod","Somnambulant","Spire Arcade","StSLib","The Bladedancer","The Bug Knight","The Construct","The Disciple","The Dragon Tamer","The Elementalist","The Forsaken","The Gatherer","The Hayseed","The Hierophant","The Marked","The Mystic","The Necromancer","The Poker Player","The Runesmith","The Saiyan","The Servant 0.9.4","The Wild Card","TheBandit","Wandering Minibosses","everything is the same but u backflip on backflip","slay the spire mod where everything is the same but ironclad has a cowboy hat"],"gold_per_floor":[115,131,131,81,81,81,138,148,148,171,171,146,187,237,237,360,360,382,401,443,443,22,22,43,60,85,97,128,128],"floor_reached":28,"language":"ENG","playtime":2342,"items_purged":[],"score":230,"play_id":"b46155e8-2956-476c-9fd4-371a77e161e4","local_time":"20210205161433","is_ascension_mode":false,"campfire_choices":[{"floor":6,"key":"RECALL"},{"floor":11,"key":"REST"},{"floor":15,"key":"REST"},{"floor":23,"key":"REST"},{"floor":27,"key":"REST"}],"circlet_count":0,"master_deck":["Shade:Strike_Shade","Shade:Strike_Shade","Shade:Strike_Shade","Shade:Strike_Shade","Shade:Defend_Shade","Shade:Defend_Shade","Shade:Defend_Shade","Shade:Defend_Shade","Shade:AnimateDead","Shade:CarefulCut","Shade:FingerOfDeath","Shade:WallOfFlesh","conspire:SpireCoStock+1","Shade:StitchTogether","Shade:FeralStrike","Shade:FeralStrike","Shade:AuraOfUnlife","Shade:FuneraryArmor","Shade:Putrefaction","Shade:Putrefaction","Shade:CommandSoldier","Shade:OfferingToTheBeyond","Shade:Brains+1","beaked:BraceForImpact","Shade:Carnophage","Shade:CloudOfShrapnel","Shade:Premonition","Shade:Brains+1","Shade:Bonestorm"],"relics":["Shade:YorickSkull","hubris:Towel","reliquary:QuartzCube","CaptainsWheel","hubris:ScarierMask","MerchantsRug","reliquary:TatteredRug","MawBank"],"acts_visited":["Exordium","TheCity"],"potions_floor_usage":[16,16,16],"damage_taken":[{"damage":0,"enemies":"Small Slimes","floor":1,"turns":3},{"damage":2,"enemies":"Jaw Worm","floor":2,"turns":3},{"damage":31,"enemies":"Lagavulin","floor":7,"turns":10},{"damage":0,"enemies":"2 Louse","floor":8,"turns":3},{"damage":0,"enemies":"Lots of Slimes","floor":10,"turns":3},{"damage":0,"enemies":"Looter","floor":12,"turns":4},{"damage":4,"enemies":"Blue Slaver","floor":13,"turns":5},{"damage":25,"enemies":"Replay:BlueRogue","floor":14,"turns":9},{"damage":57,"enemies":"The Guardian","floor":16,"turns":16},{"damage":3,"enemies":"3 Byrds","floor":18,"turns":5},{"damage":42,"enemies":"Spheric Guardian","floor":19,"turns":12},{"damage":21,"enemies":"Centurion and Healer","floor":20,"turns":7},{"damage":0,"enemies":"Sentry and Sphere","floor":24,"turns":5},{"damage":24,"enemies":"Snake Plant","floor":25,"turns":7},{"damage":32,"enemies":"Gremlin Leader","floor":28,"turns":4}],"seed_played":"-8928991441650523233","potions_obtained":[{"floor":1,"key":"Block Potion"},{"floor":8,"key":"Guardian:BlockOnCardUsePotion"},{"floor":10,"key":"Venom Potion"},{"floor":13,"key":"Slimebound:ThreeZeroPotion"},{"floor":16,"key":"Ancient Potion"},{"floor":20,"key":"Adrenaline Potion"},{"floor":24,"key":"Venom Potion"},{"floor":25,"key":"Dexterity Potion"}],"is_trial":false,"path_per_floor":["M","M","?","?","?","R","E","M","T","M","R","M","M","E","R","B",null,"M","M","M","?","$","R","M","M","T","R","E"],"character_chosen":"SHADE","items_purchased":["MerchantsRug","reliquary:TatteredRug","Shade:Carnophage","Shade:CloudOfShrapnel","Shade:Premonition"],"campfire_rested":4,"item_purchase_floors":[22,22,22,22,22],"current_hp_per_floor":[71,69,69,69,69,69,38,38,38,38,59,59,62,44,65,14,71,68,33,12,12,12,33,33,9,9,30,0,0],"gold":128,"neow_bonus":"TEN_PERCENT_HP_BONUS","is_daily":false,"chose_seed":false,"campfire_upgraded":0,"win_rate":0.0,"timestamp":1612563273,"path_taken":["M","M","?","?","?","R","E","M","T","M","R","M","M","E","R","BOSS","M","?","M","?","$","R","M","M","T","R","E"],"items_purchased_type":["Relic","Relic","Card","Card","Card"],"build_version":"2020-12-22","purchased_purges":0,"victory":false,"max_hp_per_floor":[71,71,71,71,71,71,71,71,71,71,71,71,71,71,71,71,71,71,71,71,71,71,71,71,71,71,71,71,71],"card_choices":[{"not_picked":["Shade:Excise","Shade:FuneraryArmor"],"picked":"Shade:FingerOfDeath","floor":1},{"not_picked":["Shade:GraveStillness","Shade:TouchOfTheGrave"],"picked":"Shade:WallOfFlesh","floor":2},{"not_picked":["Shade:Trample","Shade:RavenousHorde"],"picked":"Shade:StitchTogether","floor":7},{"not_picked":["Shade:GraveStillness","Shade:Trample"],"picked":"Shade:FeralStrike","floor":8},{"not_picked":["Shade:Frenzy","Shade:FuneraryArmor"],"picked":"Shade:FeralStrike","floor":10},{"not_picked":["Shade:SpontaneousRitual","Shade:Brains"],"picked":"Shade:AuraOfUnlife","floor":12},{"not_picked":["Shade:PotionOfRestlessness","Shade:CallOfTheGrave"],"picked":"Shade:FuneraryArmor","floor":13},{"not_picked":["Shade:AblativeArmor","Shade:SelfBurial"],"picked":"Shade:Putrefaction","floor":14},{"not_picked":["Shade:Consume","Shade:SelfBurial"],"picked":"Shade:Putrefaction","floor":16},{"not_picked":["Shade:SpontaneousRitual","Shade:SkeletonHug"],"picked":"Shade:CommandSoldier","floor":18},{"not_picked":["Shade:Asphyxiate+1","Shade:Brains+1"],"picked":"Shade:OfferingToTheBeyond","floor":19},{"not_picked":["Shade:SpectralStrikes","Shade:FeralStrike"],"picked":"Shade:Brains+1","floor":20},{"not_picked":["Shade:FuneraryArmor","Shade:RavenousHorde"],"picked":"Shade:Brains+1","floor":24},{"not_picked":["Shade:FingerOfDeath","Shade:WallOfFlesh"],"picked":"Shade:Bonestorm","floor":25}],"player_experience":337160,"relics_obtained":[{"floor":7,"key":"reliquary:QuartzCube"},{"floor":14,"key":"CaptainsWheel"},{"floor":26,"key":"MawBank"}],"event_choices":[{"damage_healed":0,"gold_gain":0,"player_choice":"Invest 1","damage_taken":0,"max_hp_gain":0,"max_hp_loss":0,"event_name":"conspire:Investor","floor":4,"gold_loss":0},{"damage_healed":0,"gold_gain":0,"player_choice":"Upgraded","damage_taken":0,"max_hp_gain":0,"max_hp_loss":0,"event_name":"Upgrade Shrine","floor":5,"gold_loss":0,"cards_upgraded":["conspire:SpireCoStock"]},{"cards_removed":["conspire:SpireCoStock"],"damage_healed":0,"gold_gain":0,"player_choice":"Take \u0026 Give","damage_taken":0,"max_hp_gain":0,"max_hp_loss":0,"event_name":"betterNote:BetterNote","floor":21,"gold_loss":0,"cards_obtained":["beaked:BraceForImpact"]}],"is_beta":false,"boss_relics":[{"not_picked":["conspire:SeveredTorchhead","Calling Bell"],"picked":"hubris:ScarierMask"}],"items_purged_floors":[],"is_endless":false,"potions_floor_spawned":[1,8,10,13,16,20,24,25],"killed_by":"Gremlin Leader","ascension_level":0}}