{"host":"d73an99q9oevilk5","time":1612559817,"event":{"mods":["2.2 Compatiblity","AchievementEnabler","Act Like it!","Aspiration","BaseMod","Beaked The Cultist","Better Third Choice","BetterRewards","Colored Map","Colored Powertips","Conspire","Downfall","GifTheSpireLib","Halation","Hubris","Infinite Spire","Marisa????????","Mimic Mod","Minty Spire (QoL Compilation)","Quick Restart","Relic Sorter","Reliquary","Replay The Spire","Shop Mod","Spikes Relics","StSLib","Stuff the Spire","The Cursed","The Necromancer","The Saiyan","Waifu the Spire","egg","slay the spire mod where everything is the same but ironclad has a cowboy hat"],"gold_per_floor":[117,127,141,141,158,15,15,15,41,70,70,107,107,131,131,244,244,266,310,310,310,310,310,338,338,383,383,415,227,260,260,260,371,421,447,447,447,453,453],"floor_reached":38,"language":"ENG","playtime":1108,"items_purged":[],"score":522,"play_id":"60ca5799-23c8-468e-820f-0172b91f9a05","local_time":"20210205141657","is_ascension_mode":false,"campfire_choices":[{"data":"StuffTheSpire:Injection","floor":11,"key":"SMITH"},{"data":"Neutralize","floor":13,"key":"SMITH"},{"data":"Distraction","floor":15,"key":"SMITH"},{"data":"Decay","floor":23,"key":"SMITH"},{"data":"Bane","floor":27,"key":"SMITH"},{"data":"hubris:Counter","floor":32,"key":"SMITH"}],"circlet_count":0,"master_deck":["Strike_G","Strike_G","Strike_G","Strike_G","Strike_G","Defend_G","Defend_G","Defend_G","Defend_G","Survivor","Neutralize+1","Bane+1","Distraction+1","Poisoned Stab","StuffTheSpire:Injection+1","Poisoned Stab","Footwork+1","Flying Knee+1","Venomology+1","hubris:SlightOfHand+1","Crippling Poison","Leg Sweep","hubris:Counter+1","After Image+1","Corpse Explosion","Poisoned Stab+1"],"relics":["Ring of the Snake","reliquary:RadioactivePellet","halation:OrihimeAndHikoboshiSamaAndTears","halation:PrussianBluePaint","RetroEgg","ClockworkSouvenir","Frozen Egg 2","Replay:Bandana","Chameleon Ring","hubris:ScarierMask","RollingBoulder","hubris:Metronome","conspire:SpecialSausage","conspire:TopHat","Membership Card","Tiny House","halation:HeavySnake","Cauldron"],"acts_visited":["Exordium","TheCity","TheBeyond"],"potions_floor_usage":[0,19,19,33,33,35,35,38],"damage_taken":[{"damage":0,"enemies":"Jaw Worm","floor":1,"turns":4},{"damage":0,"enemies":"Cultist","floor":2,"turns":3},{"damage":0,"enemies":"Small Slimes","floor":3,"turns":2},{"damage":2,"enemies":"Blue Slaver","floor":5,"turns":4},{"damage":0,"enemies":"Red Slaver","floor":10,"turns":2},{"damage":10,"enemies":"Lagavulin","floor":12,"turns":7},{"damage":11,"enemies":"Exordium Wildlife","floor":14,"turns":3},{"damage":27,"enemies":"Slime Boss","floor":16,"turns":11},{"damage":7,"enemies":"Spheric Guardian","floor":18,"turns":3},{"damage":3,"enemies":"conspire:MimicChest","floor":19,"turns":7},{"damage":0,"enemies":"2 Thieves","floor":24,"turns":2},{"damage":0,"enemies":"Cultist and Chosen","floor":28,"turns":3},{"damage":2,"enemies":"Centurion and Healer","floor":30,"turns":3},{"damage":10,"enemies":"conspire:MysteriousRune","floor":33,"turns":11},{"damage":0,"enemies":"Orb Walker","floor":35,"turns":4},{"damage":45,"enemies":"Orin","floor":38,"turns":6}],"seed_played":"8792089325849585382","potions_obtained":[{"floor":2,"key":"Toxic Potion"},{"floor":12,"key":"Swift Potion"},{"floor":14,"key":"SpeedPotion"},{"floor":16,"key":"Swift Potion"},{"floor":28,"key":"Dexterity Potion"},{"floor":30,"key":"Slimebound:ThreeZeroPotion"},{"floor":33,"key":"Block Potion"},{"floor":35,"key":"Doom Potion"},{"floor":36,"key":"Weak Potion"}],"is_trial":false,"path_per_floor":["M","M","M","?","M","$","?","T","T","M","R","E","R","M","R_BF","B",null,"M","?","HB","AVR","?","R","M","?","T","R","M","$","M","?","R","B",null,"M","AVR","?","?"],"character_chosen":"THE_SILENT","items_purchased":["reliquary:RadioactivePellet","Fruit Juice","ClockworkSouvenir","Membership Card","hubris:Counter"],"campfire_rested":0,"item_purchase_floors":[0,0,6,29,29],"current_hp_per_floor":[75,75,75,75,73,73,73,73,73,73,73,63,63,52,52,25,75,68,65,38,38,38,38,38,38,38,38,38,38,36,36,36,26,43,43,43,43,0,0],"gold":453,"neow_bonus":"","is_daily":false,"chose_seed":false,"campfire_upgraded":6,"win_rate":0.0,"timestamp":1612559817,"path_taken":["M","M","M","?","?","?","?","?","T","M","R","E","R","?","R_BF","BOSS","M","?","HB","AVR","?","R","?","?","T","R","M","$","M","?","R","BOSS","M","AVR","?","?"],"items_purchased_type":["Relic","Potion","Relic","Relic","Card"],"build_version":"2020-12-22","purchased_purges":0,"victory":false,"max_hp_per_floor":[75,75,75,75,75,75,75,75,75,75,75,75,75,75,75,75,75,75,75,38,38,38,38,38,38,38,38,38,38,38,38,38,38,43,43,43,43,43,43],"card_choices":[{"not_picked":["StuffTheSpire:BumpUp","Acrobatics"],"picked":"Bane","floor":1},{"not_picked":["StuffTheSpire:Incantation","Distraction","PiercingWail"],"picked":"SKIP","floor":2},{"not_picked":["StuffTheSpire:Incantation","PiercingWail"],"picked":"Distraction","floor":2},{"not_picked":["Underhanded Strike","Cloak And Dagger"],"picked":"Poisoned Stab","floor":3},{"not_picked":["Dodge and Roll","Distraction"],"picked":"StuffTheSpire:Injection","floor":5},{"not_picked":["StuffTheSpire:ClusterCrunch","Cloak And Dagger"],"picked":"Poisoned Stab","floor":10},{"not_picked":["Catalyst","Night Terror"],"picked":"Footwork+1","floor":12},{"not_picked":["Acrobatics","StuffTheSpire:ClusterCrunch"],"picked":"Flying Knee","floor":14},{"not_picked":["Unload","Malaise"],"picked":"Venomology","floor":16},{"not_picked":["StuffTheSpire:Python+1","hubris:SlightOfHand","StuffTheSpire:Fury+1"],"picked":"SKIP","floor":18},{"not_picked":["Pace","Well Laid Plans+1"],"picked":"hubris:SlightOfHand+1","floor":19},{"not_picked":["Deadly Poison","StuffTheSpire:Incursion+1"],"picked":"Crippling Poison","floor":24},{"not_picked":["StuffTheSpire:BrimstoneBlast","Flying Knee+1"],"picked":"Leg Sweep","floor":28},{"not_picked":["Caltrops+1","Cloak And Dagger"],"picked":"After Image+1","floor":30},{"not_picked":["Replay:Bag of Tricks","Wraith Form v2+1"],"picked":"Corpse Explosion","floor":33},{"not_picked":["Toxin Wave","StuffTheSpire:Python+1"],"picked":"Poisoned Stab+1","floor":34},{"not_picked":["Cloak And Dagger+1","Slice","Eviscerate+1"],"picked":"SKIP","floor":35}],"player_experience":1836555,"relics_obtained":[{"floor":8,"key":"Frozen Egg 2"},{"floor":9,"key":"Replay:Bandana"},{"floor":12,"key":"Chameleon Ring"},{"floor":19,"key":"RollingBoulder"},{"floor":26,"key":"conspire:TopHat"}],"event_choices":[{"damage_healed":0,"gold_gain":0,"player_choice":"Gave Potion","damage_taken":0,"relics_obtained":["RetroEgg"],"max_hp_gain":0,"max_hp_loss":0,"event_name":"WeMeetAgain","floor":4,"gold_loss":0},{"damage_healed":0,"gold_gain":0,"player_choice":"Ignored","damage_taken":0,"max_hp_gain":0,"max_hp_loss":0,"event_name":"Golden Wing","floor":7,"gold_loss":0},{"damage_healed":0,"gold_gain":0,"player_choice":"Cursed","damage_taken":0,"max_hp_gain":0,"max_hp_loss":0,"event_name":"Wheel of Change","floor":22,"gold_loss":0,"cards_obtained":["Decay"]},{"damage_healed":0,"gold_gain":0,"player_choice":"Ignored","damage_taken":0,"max_hp_gain":0,"max_hp_loss":0,"event_name":"Vampires","floor":25,"gold_loss":0},{"cards_removed":["Defend_G"],"damage_healed":0,"gold_gain":0,"player_choice":"Removed Skill","damage_taken":0,"max_hp_gain":0,"max_hp_loss":0,"event_name":"Falling","floor":37,"gold_loss":0},{"damage_healed":0,"gold_gain":0,"player_choice":"Fight","damage_taken":0,"max_hp_gain":0,"max_hp_loss":0,"event_name":"OrinTheCat","floor":38,"gold_loss":0}],"is_beta":false,"boss_relics":[{"not_picked":["Honey Jar","Busted Crown"],"picked":"hubris:ScarierMask"},{"not_picked":["conspire:RoyalGoblet","hubris:VirtuousBlindfold"],"picked":"Tiny House"}],"items_purged_floors":[],"is_endless":false,"potions_floor_spawned":[2,12,14,16,28,30,33,35],"killed_by":"Orin","ascension_level":0}}