{"host":"oehe2dxjvdgux73m","time":1612539787,"event":{"mods":["AchievementEnabler","BaseMod","Colored Map","Colored Powertips","DeckTracker","Keyboard Shortcuts","Minty Spire (QoL Compilation)","Permanent Neow","Quick Restart","StSLib","SuperFastMode"],"gold_per_floor":[365,379,40,59,24,24,24,24,24,24,89,102,102,8,8,82,82,92,106,106,119,43,43,68,79,79,79,79,105,105,118,118,195,195,209,221,235,3,13,13,13,45,45,45,71,425,425,425,425,425,425,425,425,60,90,90],"floor_reached":57,"language":"KOR","playtime":3183,"items_purged":["Strike_G","Survivor"],"score":3247,"play_id":"d8ceefab-5625-4d5f-bf14-e1b93e226506","local_time":"20210206004307","is_ascension_mode":true,"campfire_choices":[{"floor":8.0,"key":"REST"},{"data":"Dagger Throw","floor":10.0,"key":"SMITH"},{"data":"Neutralize","floor":13.0,"key":"SMITH"},{"floor":15.0,"key":"REST"},{"data":"After Image","floor":23.0,"key":"SMITH"},{"data":"Well Laid Plans","floor":27.0,"key":"SMITH"},{"data":"Tools of the Trade","floor":30.0,"key":"SMITH"},{"data":"Caltrops","floor":32.0,"key":"SMITH"},{"data":"A Thousand Cuts","floor":40,"key":"SMITH"},{"floor":44,"key":"RECALL"},{"data":"Deadly Poison+1","floor":49,"key":"PURGE"},{"data":"Heel Hook","floor":53,"key":"PURGE"}],"circlet_count":0,"master_deck":["AscendersBane","Neutralize+1","Backflip","Well Laid Plans+1","Dagger Throw+1","Backstab","Blur+1","Grand Finale","After Image+1","Adrenaline+1","Backflip+1","Dagger Throw","Tools of the Trade+1","Dodge and Roll+1","Adrenaline+1","Expertise+1","Reflex+1","Prepared+1","Acrobatics+1","Flash of Steel","Caltrops+1","Night Terror+1","A Thousand Cuts+1","Deep Breath+1","Prepared+1","Grand Finale","Finesse+1","Panache","Panache","Secret Technique+1"],"relics":["Ring of the Snake","Membership Card","Mummified Hand","Toxic Egg 2","Bottled Lightning","Pandora\u0027s Box","Blood Vial","Blue Candle","Orichalcum","Black Star","Peace Pipe","Art of War","MealTicket","HornCleat","Old Coin","Mango","Kunai","Eternal Feather"],"acts_visited":["Exordium","TheCity","TheBeyond","TheEnding"],"potions_floor_usage":[56,56],"damage_taken":[{"damage":10.0,"enemies":"Jaw Worm","floor":1.0,"turns":6.0},{"damage":0.0,"enemies":"2 Louse","floor":2.0,"turns":3.0},{"damage":4.0,"enemies":"Small Slimes","floor":4.0,"turns":4.0},{"damage":9.0,"enemies":"2 Fungi Beasts","floor":12.0,"turns":4.0},{"damage":20.0,"enemies":"The Guardian","floor":16.0,"turns":13.0},{"damage":0.0,"enemies":"3 Byrds","floor":18.0,"turns":2.0},{"damage":0.0,"enemies":"Spheric Guardian","floor":19.0,"turns":3.0},{"damage":0.0,"enemies":"Chosen and Byrds","floor":21.0,"turns":9.0},{"damage":0.0,"enemies":"Gremlin Leader","floor":24.0,"turns":2.0},{"damage":0.0,"enemies":"Snake Plant","floor":25.0,"turns":2.0},{"damage":3.0,"enemies":"Colosseum Slavers","floor":28.0,"turns":4.0},{"damage":6.0,"enemies":"Slavers","floor":29.0,"turns":2.0},{"damage":0.0,"enemies":"Sentry and Sphere","floor":31.0,"turns":6.0},{"damage":0.0,"enemies":"Automaton","floor":33.0,"turns":8.0},{"damage":0.0,"enemies":"3 Darklings","floor":35.0,"turns":2.0},{"damage":0.0,"enemies":"3 Shapes","floor":36.0,"turns":1.0},{"damage":0.0,"enemies":"3 Darklings","floor":37.0,"turns":2.0},{"damage":1,"enemies":"Spire Growth","floor":39,"turns":3},{"damage":3,"enemies":"Reptomancer","floor":42,"turns":3},{"damage":0,"enemies":"Nemesis","floor":45,"turns":3},{"damage":7,"enemies":"2 Orb Walkers","floor":46,"turns":2},{"damage":0,"enemies":"Donu and Deca","floor":50,"turns":2},{"damage":0,"enemies":"Awakened One","floor":51,"turns":4},{"damage":0,"enemies":"Shield and Spear","floor":55,"turns":2},{"damage":19,"enemies":"The Heart","floor":56,"turns":6}],"seed_played":"8792371221974955174","potions_obtained":[{"floor":4.0,"key":"Poison Potion"},{"floor":16.0,"key":"CunningPotion"},{"floor":18.0,"key":"SneckoOil"},{"floor":19.0,"key":"SkillPotion"},{"floor":35.0,"key":"Poison Potion"},{"floor":36.0,"key":"Poison Potion"},{"floor":55,"key":"Dexterity Potion"}],"is_trial":false,"path_per_floor":["M","M","$","M","?","?","?","R","T","R","?","M","R","$","R","B",null,"M","M","?","M","$","R","E","M","T","R","?","E","R","M","R","B",null,"M","M","M","$","M","R","$","E","T","R","E","?","?","?","R","B","B",null,"R","$","E","B",null],"character_chosen":"THE_SILENT","items_purchased":["Membership Card","Mummified Hand","Heel Hook","Deadly Poison+1","Blur+1","Acrobatics+1","Flash of Steel","Peace Pipe","Deep Breath+1","Prepared+1","Energy Potion","BlessingOfTheForge","Secret Technique+1","Mango"],"campfire_rested":2,"item_purchase_floors":[3,3,14,14,14,22,22,38,38,38,54,54,54,54],"current_hp_per_floor":[34,34,34,30,46,51,16,37,37,37,37,28,28,28,49,29,61,61,61,61,61,61,61,61,63,63,63,62,58,58,60,60,62,69,71,71,71,71,70,70,70,68,68,68,70,64,54,54,54,56,58,68,68,85,85,66],"gold":90,"neow_bonus":"TWO_FIFTY_GOLD","is_daily":false,"chose_seed":false,"campfire_upgraded":7,"win_rate":0.0,"timestamp":1612539787,"path_taken":["M","M","$","M","?","?","?","R","T","R","?","M","R","$","R","BOSS","M","M","?","M","$","R","E","M","T","R","?","E","R","M","R","BOSS","M","M","M","$","M","R","$","E","T","R","E","?","?","?","R","BOSS","BOSS","R","$","E","BOSS"],"items_purchased_type":["Relic","Relic","Card","Card","Card","Card","Card","Relic","Card","Card","Potion","Potion","Card","Relic"],"build_version":"2020-12-22","purchased_purges":2,"victory":true,"max_hp_per_floor":[66,66,66,66,66,71,71,71,71,71,71,71,71,71,71,71,71,71,71,71,71,71,71,71,71,71,71,71,71,71,71,71,71,71,71,71,71,71,71,71,71,71,71,71,71,71,71,71,71,71,71,71,71,85,85,85],"card_choices":[{"not_picked":["Deflect","Quick Slash"],"picked":"Backflip","floor":1.0},{"not_picked":["Flying Knee","Deflect"],"picked":"Well Laid Plans","floor":2.0},{"not_picked":["Eviscerate","Infinite Blades"],"picked":"Dagger Throw","floor":4.0},{"not_picked":["Slice","Outmaneuver+1"],"picked":"Backstab","floor":12.0},{"not_picked":["Tools of the Trade","After Image"],"picked":"Grand Finale","floor":16.0},{"not_picked":["Dodge and Roll+1","Deadly Poison+1"],"picked":"Reflex+1","floor":18.0},{"not_picked":["Distraction+1","Heel Hook"],"picked":"Prepared+1","floor":19.0},{"not_picked":["Underhanded Strike","Flying Knee","Finisher"],"picked":"SKIP","floor":21.0},{"not_picked":["Underhanded Strike","Flying Knee","Finisher"],"picked":"SKIP","floor":21.0},{"not_picked":["Skewer","Masterful Stab","Underhanded Strike+1"],"picked":"SKIP","floor":24.0},{"not_picked":["Quick Slash","Caltrops","Setup+1"],"picked":"SKIP","floor":25.0},{"not_picked":["Quick Slash","Setup+1"],"picked":"Caltrops","floor":25.0},{"not_picked":["Bane","Dagger Throw","Blade Dance+1"],"picked":"SKIP","floor":29.0},{"not_picked":["Prepared+1","Distraction+1"],"picked":"Night Terror+1","floor":31.0},{"not_picked":["Night Terror+1","Venomology+1"],"picked":"A Thousand Cuts","floor":33.0},{"not_picked":["Slice","Masterful Stab+1","Backstab"],"picked":"SKIP","floor":35.0},{"not_picked":["Accuracy+1","Flying Knee","All Out Attack"],"picked":"SKIP","floor":36.0},{"not_picked":["Deadly Poison+1","Poisoned Stab","Underhanded Strike+1"],"picked":"SKIP","floor":37.0},{"not_picked":["Poisoned Stab","Endless Agony+1","Slice"],"picked":"SKIP","floor":39},{"not_picked":["Poisoned Stab+1","Underhanded Strike+1","Deadly Poison+1"],"picked":"SKIP","floor":42},{"not_picked":["Bane","Accuracy","Skewer"],"picked":"SKIP","floor":45},{"not_picked":["Dodge and Roll+1","Slice"],"picked":"Grand Finale","floor":46},{"not_picked":["PanicButton+1","Panacea+1"],"picked":"Finesse+1","floor":47},{"not_picked":["Bandage Up+1","Enlightenment+1"],"picked":"Panache","floor":47},{"not_picked":["Impatience+1","Master of Strategy+1"],"picked":"Panache","floor":47},{"not_picked":["Cloak And Dagger+1","Outmaneuver+1","Poisoned Stab"],"picked":"SKIP","floor":55}],"player_experience":377785,"relics_obtained":[{"floor":9.0,"key":"Bottled Lightning"},{"floor":24.0,"key":"Blood Vial"},{"floor":26.0,"key":"Blue Candle"},{"floor":29.0,"key":"Orichalcum"},{"floor":42,"key":"Art of War"},{"floor":45,"key":"MealTicket"},{"floor":45,"key":"HornCleat"},{"floor":46,"key":"Old Coin"},{"floor":55,"key":"Kunai"},{"floor":55,"key":"Eternal Feather"}],"event_choices":[{"damage_healed":16.0,"max_hp_gain":0.0,"max_hp_loss":0.0,"gold_gain":0.0,"event_name":"The Cleric","player_choice":"Healed","floor":5.0,"gold_loss":35.0,"damage_taken":0.0},{"damage_healed":0.0,"max_hp_gain":5.0,"max_hp_loss":0.0,"gold_gain":0.0,"event_name":"Big Fish","player_choice":"Donut","floor":6.0,"gold_loss":0.0,"damage_taken":0.0},{"damage_healed":0.0,"max_hp_gain":0.0,"max_hp_loss":0.0,"gold_gain":0.0,"event_name":"Scrap Ooze","player_choice":"Success","floor":7.0,"gold_loss":0.0,"damage_taken":35.0,"relics_obtained":["Toxic Egg 2"]},{"damage_healed":0.0,"max_hp_gain":0.0,"max_hp_loss":0.0,"gold_gain":65.0,"event_name":"Golden Wing","player_choice":"Gained Gold","floor":11.0,"gold_loss":0.0,"damage_taken":0.0},{"cards_removed":["Envenom"],"damage_healed":0.0,"max_hp_gain":0.0,"max_hp_loss":0.0,"gold_gain":0.0,"event_name":"Back to Basics","player_choice":"Elegance","floor":20.0,"gold_loss":0.0,"damage_taken":0.0},{"damage_healed":0.0,"max_hp_gain":0.0,"max_hp_loss":0.0,"gold_gain":0.0,"event_name":"Colosseum","player_choice":"Fight","floor":28.0,"gold_loss":0.0,"damage_taken":0.0},{"damage_healed":0.0,"max_hp_gain":0.0,"max_hp_loss":0.0,"gold_gain":0.0,"event_name":"Colosseum","player_choice":"Fled From Nobs","floor":28.0,"gold_loss":0.0,"damage_taken":0.0},{"damage_healed":0,"gold_gain":0,"player_choice":"Fight","damage_taken":0,"max_hp_gain":0,"max_hp_loss":0,"event_name":"Mysterious Sphere","floor":46,"gold_loss":0},{"damage_healed":0,"gold_gain":0,"player_choice":"Memory 3","damage_taken":10,"max_hp_gain":0,"max_hp_loss":0,"event_name":"SensoryStone","floor":47,"gold_loss":0},{"damage_healed":0,"gold_gain":0,"player_choice":"0 cards matched","damage_taken":0,"max_hp_gain":0,"max_hp_loss":0,"event_name":"Match and Keep!","floor":48,"gold_loss":0,"cards_obtained":[]},{"damage_healed":0,"gold_gain":0,"player_choice":"0 cards matched","damage_taken":0,"max_hp_gain":0,"max_hp_loss":0,"event_name":"Match and Keep!","floor":48,"gold_loss":0,"cards_obtained":[]}],"is_beta":false,"boss_relics":[{"not_picked":["Sozu","Busted Crown"],"picked":"Pandora\u0027s Box"},{"not_picked":["Tiny House","SlaversCollar"],"picked":"Black Star"}],"items_purged_floors":[3,54],"is_endless":false,"potions_floor_spawned":[4,16,18,19,35,36,55],"ascension_level":20}}