{"host":"dggqshehf2ar9kzd","time":1612556950,"event":{"mods":["BaseMod","Highlight Path","Minty Spire (QoL Compilation)"],"gold_per_floor":[119,131,144,21,39,67,101,101,101,131,157,157,157,157,157,280,280,303,228,50,63,76,76,76,76],"floor_reached":24,"language":"ENG","playtime":1834,"items_purged":["PiercingWail","Quick Slash"],"score":384,"play_id":"09dd8b0d-868c-4040-9ae0-696bf52bf7be","local_time":"20210205152910","daily_mods":["Draft","Diverse","Colorless Cards","Flight","DeadlyEvents","Elite Swarm"],"is_ascension_mode":true,"campfire_choices":[{"floor":8.0,"key":"REST"},{"floor":12.0,"key":"REST"},{"data":"Setup","floor":15.0,"key":"SMITH"},{"data":"Mind Blast","floor":23,"key":"SMITH"}],"circlet_count":0,"master_deck":["Finesse","Gash","Coolheaded","Flex","Mind Blast+1","Conserve Battery","Halt","Madness","ThirdEye","Setup+1","Armaments","Rampage","Cold Snap","Cold Snap","Prepared","Storm of Steel","After Image","Armaments+1","Flex"],"relics":["Unceasing Top","Bag of Marbles","Torii","Molten Egg 2","Sundial","Bottled Flame","Golden Idol","Strawberry","Black Star"],"acts_visited":["Exordium","TheCity"],"potions_floor_usage":[24],"damage_taken":[{"damage":0.0,"enemies":"Jaw Worm","floor":1.0,"turns":3.0},{"damage":0.0,"enemies":"2 Louse","floor":2.0,"turns":2.0},{"damage":2.0,"enemies":"Cultist","floor":3.0,"turns":3.0},{"damage":2.0,"enemies":"Blue Slaver","floor":5.0,"turns":3.0},{"damage":14.0,"enemies":"3 Sentries","floor":6.0,"turns":10.0},{"damage":11.0,"enemies":"Gremlin Nob","floor":7.0,"turns":3.0},{"damage":7.0,"enemies":"3 Sentries","floor":10.0,"turns":7.0},{"damage":41.0,"enemies":"Gremlin Nob","floor":11.0,"turns":5.0},{"damage":0.0,"enemies":"Slime Boss","floor":16.0,"turns":5.0},{"damage":21.0,"enemies":"Chosen","floor":18.0,"turns":5.0},{"damage":1.0,"enemies":"Shell Parasite","floor":21.0,"turns":7.0},{"damage":14.0,"enemies":"Snake Plant","floor":22.0,"turns":5.0},{"damage":32,"enemies":"Book of Stabbing","floor":24,"turns":7}],"seed_played":"3546481414859615227","potions_obtained":[{"floor":1.0,"key":"Block Potion"},{"floor":2.0,"key":"CultistPotion"},{"floor":6.0,"key":"AttackPotion"},{"floor":7.0,"key":"SkillPotion"},{"floor":18.0,"key":"Block Potion"}],"is_trial":true,"path_per_floor":["M","M","M","$","M","E","E","R","T","E","E","R","?","T","R","B",null,"M","?","$","M","M","R","E"],"character_chosen":"DEFECT","items_purchased":["Block Potion","LiquidMemories"],"campfire_rested":2,"item_purchase_floors":[4,20],"current_hp_per_floor":[68,68,66,66,64,50,39,61,61,54,13,35,35,42,42,42,68,47,47,47,46,32,32,0,0],"gold":76,"neow_bonus":"","is_daily":false,"chose_seed":false,"campfire_upgraded":2,"win_rate":0.0,"timestamp":1612556950,"path_taken":["M","M","M","$","M","E","E","R","T","E","E","R","?","?","R","BOSS","M","?","$","M","M","R","E"],"items_purchased_type":["Potion","Potion"],"build_version":"2020-12-22","purchased_purges":2,"victory":false,"max_hp_per_floor":[75,75,75,75,75,75,75,75,75,75,75,75,69,76,76,76,76,76,76,76,76,76,76,76,76],"card_choices":[{"not_picked":["Deadly Poison","Quick Slash"],"picked":"Finesse","floor":0.0},{"not_picked":["Blood for Blood","Turbo"],"picked":"Gash","floor":0.0},{"not_picked":["Turbo","Twin Strike"],"picked":"Coolheaded","floor":0.0},{"not_picked":["Calculated Gamble","Heavy Blade"],"picked":"Flex","floor":0.0},{"not_picked":["Cloak And Dagger","CrushJoints"],"picked":"Mind Blast","floor":0.0},{"not_picked":["Terror","Fusion"],"picked":"Conserve Battery","floor":0.0},{"not_picked":["WindmillStrike","SashWhip"],"picked":"Choke","floor":0.0},{"not_picked":["Perseverance","Evolve"],"picked":"PiercingWail","floor":0.0},{"not_picked":["Iron Wave","Quick Slash"],"picked":"Halt","floor":0.0},{"not_picked":["Rupture","Fusion"],"picked":"Madness","floor":0.0},{"not_picked":["Dodge and Roll","Spot Weakness"],"picked":"ThirdEye","floor":0.0},{"not_picked":["CrushJoints","Heavy Blade"],"picked":"Quick Slash","floor":0.0},{"not_picked":["Body Slam","Forethought"],"picked":"Setup","floor":0.0},{"not_picked":["Anger","Wild Strike"],"picked":"Armaments","floor":0.0},{"not_picked":["Outmaneuver","EmptyFist"],"picked":"Rampage","floor":0.0},{"not_picked":["Double Energy","Flying Knee"],"picked":"Cold Snap","floor":1.0},{"not_picked":["CarveReality","BootSequence"],"picked":"Cold Snap","floor":2.0},{"not_picked":["Redo","Reinforced Body"],"picked":"Prepared","floor":3.0},{"not_picked":["MentalFortress","Deflect","SashWhip"],"picked":"SKIP","floor":5.0},{"not_picked":["Scrawl","Brutality","Establishment"],"picked":"SKIP","floor":6.0},{"not_picked":["Secret Technique","Sadistic Nature","Berserk"],"picked":"SKIP","floor":7.0},{"not_picked":["Feed+1","Ragnarok+1","HandOfGreed+1"],"picked":"SKIP","floor":10.0},{"not_picked":["LessonLearned+1","Limit Break"],"picked":"Storm of Steel","floor":11.0},{"not_picked":["Grand Finale+1","Metamorphosis"],"picked":"After Image","floor":16.0},{"not_picked":["Leap","Terror"],"picked":"Armaments+1","floor":18.0},{"not_picked":["Hologram","Searing Blow+1"],"picked":"Flex","floor":21.0},{"not_picked":["Bane+1","Protect","WaveOfTheHand+1"],"picked":"SKIP","floor":22.0}],"player_experience":341870,"relics_obtained":[{"floor":6.0,"key":"Bag of Marbles"},{"floor":7.0,"key":"Torii"},{"floor":9.0,"key":"Molten Egg 2"},{"floor":10.0,"key":"Sundial"},{"floor":11.0,"key":"Bottled Flame"},{"floor":14.0,"key":"Strawberry"}],"event_choices":[{"damage_healed":0.0,"max_hp_gain":0.0,"max_hp_loss":6.0,"gold_gain":0.0,"event_name":"Golden Idol","player_choice":"Lose Max HP","floor":13.0,"gold_loss":0.0,"damage_taken":0.0,"relics_obtained":["Golden Idol"]},{"cards_removed":["Choke"],"damage_healed":0.0,"max_hp_gain":0.0,"max_hp_loss":0.0,"gold_gain":0.0,"event_name":"Beggar","player_choice":"Gave Gold","floor":19.0,"gold_loss":75.0,"damage_taken":0.0}],"is_beta":false,"boss_relics":[{"not_picked":["Runic Pyramid","Runic Dome"],"picked":"Black Star"}],"items_purged_floors":[4,20],"is_endless":true,"potions_floor_spawned":[1,2,6,7,18],"killed_by":"Book of Stabbing","ascension_level":8}}