{"host":"r53pw7z744tg3fxg","time":1612491288,"event":{"mods":["AchievementEnabler","BaseMod","Colored Map","Colored Powertips","Highlight Path","Minty Spire (QoL Compilation)","Quick Restart","Transform Curses"],"gold_per_floor":[119,136,146,157,176,176,176],"floor_reached":6,"language":"ENG","playtime":293,"items_purged":[],"score":76,"play_id":"aba12e8c-ebd6-426b-a9a6-f11e5263903d","local_time":"20210204191448","is_ascension_mode":true,"campfire_choices":[],"circlet_count":0,"master_deck":["AscendersBane","Strike_P","Strike_P","Strike_P","Strike_P","Defend_P","Defend_P","Defend_P","Defend_P","Eruption","Vigilance","ThirdEye","CrushJoints","FollowUp","PathToVictory","EmptyBody","Sanctity"],"relics":["PureWater"],"acts_visited":["Exordium"],"potions_floor_usage":[5,5,6],"damage_taken":[{"damage":10.0,"enemies":"Cultist","floor":1.0,"turns":4.0},{"damage":4.0,"enemies":"Small Slimes","floor":2.0,"turns":4.0},{"damage":0.0,"enemies":"2 Louse","floor":3.0,"turns":3.0},{"damage":0.0,"enemies":"2 Fungi Beasts","floor":4.0,"turns":2.0},{"damage":12,"enemies":"3 Louse","floor":5,"turns":3},{"damage":21,"enemies":"3 Sentries","floor":6,"turns":5}],"seed_played":"-5116613312167164165","potions_obtained":[{"floor":1.0,"key":"FearPotion"},{"floor":2.0,"key":"Strength Potion"},{"floor":5,"key":"Weak Potion"}],"is_trial":false,"path_per_floor":["M","M","M","M","M","E"],"character_chosen":"WATCHER","items_purchased":[],"campfire_rested":0,"item_purchase_floors":[],"current_hp_per_floor":[51,47,47,47,35,14,14],"gold":176,"neow_bonus":"THREE_CARDS","is_daily":false,"chose_seed":false,"campfire_upgraded":0,"win_rate":0.0,"timestamp":1612491288,"path_taken":["M","M","M","?","M","E"],"items_purchased_type":[],"build_version":"2020-12-22","purchased_purges":0,"victory":false,"max_hp_per_floor":[68,68,68,68,68,68,68],"card_choices":[{"not_picked":["EmptyMind","Indignation"],"picked":"ThirdEye","floor":0.0},{"not_picked":["SignatureMove","Crescendo"],"picked":"CrushJoints","floor":1.0},{"not_picked":["ThirdEye","EmptyBody"],"picked":"FollowUp","floor":2.0},{"not_picked":["JustLucky","CutThroughFate"],"picked":"PathToVictory","floor":3.0},{"not_picked":["Pray","Halt"],"picked":"EmptyBody","floor":4.0},{"not_picked":["PathToVictory","SashWhip"],"picked":"Sanctity","floor":5}],"player_experience":1436778,"relics_obtained":[],"event_choices":[],"is_beta":false,"boss_relics":[],"items_purged_floors":[],"is_endless":false,"potions_floor_spawned":[1,2,5],"killed_by":"3 Sentries","ascension_level":18}}