{"host":"skr63qsdfgeey3it","time":1612550980,"event":{"mods":["BaseMod","Colored Map","Hubris","Minty Spire (QoL Compilation)","Monster B Gone","Reliquary","Replay The Spire","Spicy Shops","StSLib"],"gold_per_floor":[114,114,114,39,58,58,84,84,138,138,138,157,157,176,176,203,203,232,232,249,264,114,114,141,167,167,192,192,192,147,147,162,173,173,247,247,267,267,267,277,277,277],"floor_reached":41,"language":"ENG","playtime":1325,"items_purged":["Doubt"],"score":782,"play_id":"4d177067-83d5-413b-90a3-c54db49181d4","local_time":"20210205124940","is_ascension_mode":true,"campfire_choices":[{"data":"Bash","floor":6,"key":"SMITH"},{"data":"Rampage","floor":8,"key":"SMITH"},{"data":"Offering","floor":17,"key":"SMITH"},{"floor":26,"key":"REST"},{"data":"hubris:ReadiedAction","floor":29,"key":"SMITH"},{"floor":34,"key":"DIG"}],"circlet_count":0,"master_deck":["AscendersBane","Strike_R","Strike_R","Strike_R+1","Strike_R","Strike_R","Defend_R","Defend_R+1","Defend_R","Defend_R","Bash+1","Bludgeon+1","hubris:SharpeningStone","Rampage+1","hubris:ReadiedAction+1","Offering+1","Double Tap","Bludgeon+1","Necronomicurse","True Grit","Feel No Pain","Panache","Thunderclap","Shrug It Off"],"relics":["Burning Blood","reliquary:Buckler","reliquary:Knoch","hubris:Icosahedron","Chameleon Ring","Unceasing Top","Velvet Choker","DollysMirror","Necronomicon","Smiling Mask","Regal Pillow","reliquary:TatteredRug","reliquary:HotPoker","reliquary:JackalopeAntler","SacredBark"],"acts_visited":["Exordium","TheCity","TheBeyond"],"potions_floor_usage":[21,25,35,35],"damage_taken":[{"damage":0,"enemies":"Small Slimes","floor":1,"turns":2},{"damage":7,"enemies":"2 Louse","floor":5,"turns":3},{"damage":8,"enemies":"Gremlin Nob","floor":7,"turns":3},{"damage":0,"enemies":"Cultist","floor":12,"turns":2},{"damage":0,"enemies":"Exordium Wildlife","floor":14,"turns":3},{"damage":17,"enemies":"3 Sentries","floor":16,"turns":5},{"damage":49,"enemies":"Hexaghost","floor":18,"turns":9},{"damage":10,"enemies":"Shell Parasite","floor":20,"turns":2},{"damage":15,"enemies":"3 Byrds","floor":21,"turns":5},{"damage":0,"enemies":"Gremlin Leader","floor":25,"turns":2},{"damage":19,"enemies":"Replay:Snechameleon","floor":27,"turns":2},{"damage":30,"enemies":"Sentry and Sphere","floor":32,"turns":4},{"damage":2,"enemies":"Shelled Parasite and Fungi","floor":33,"turns":3},{"damage":75,"enemies":"Automaton","floor":35,"turns":8},{"damage":16,"enemies":"3 Darklings","floor":37,"turns":4},{"damage":56,"enemies":"3 Shapes","floor":40,"turns":3}],"seed_played":"6329780157974822166","potions_obtained":[{"floor":7,"key":"Reflective Coating"},{"floor":12,"key":"Flashbang"},{"floor":21,"key":"BloodPotion"},{"floor":32,"key":"SteroidPotion"}],"is_trial":false,"path_per_floor":["M","?","?","$","M","R","E","R","T","PTL","PTL","M","?","M","T","E","R","B",null,"M","M","$","?","T","E","R","E","T","R","$","?","M","M","R_BF","B",null,"M","?","?","M","M"],"character_chosen":"IRONCLAD","items_purchased":["DollysMirror","True Grit"],"campfire_rested":1,"item_purchase_floors":[22,30],"current_hp_per_floor":[74,74,74,74,73,73,71,71,71,71,71,75,75,75,75,64,64,21,62,58,49,49,33,33,39,75,62,62,62,62,48,24,80,80,35,69,70,70,70,20,0,0],"gold":277,"neow_bonus":"THREE_RARE_CARDS","is_daily":false,"chose_seed":false,"campfire_upgraded":4,"win_rate":0.0,"timestamp":1612550980,"path_taken":["M","?","?","$","?","R","E","R","T","PTL","PTL","M","?","M","?","E","R","BOSS","M","M","$","?","?","E","R","E","T","R","?","?","?","M","R_BF","BOSS","M","?","?","M","M"],"items_purchased_type":["Relic","Card"],"build_version":"2020-12-22","purchased_purges":1,"victory":false,"max_hp_per_floor":[75,75,75,75,75,75,75,75,75,75,75,75,75,75,75,75,75,75,75,75,75,75,75,75,75,75,75,75,75,75,80,80,80,80,80,80,80,80,80,80,80,80],"card_choices":[{"not_picked":["Barricade","Eclipse"],"picked":"Bludgeon","floor":0},{"not_picked":["Perfected Strike","Clash","Sentinel"],"picked":"SKIP","floor":1},{"not_picked":["Iron Wave","Shrug It Off"],"picked":"hubris:SharpeningStone","floor":5},{"not_picked":["Evolve","True Grit"],"picked":"Rampage","floor":7},{"not_picked":["ReplayTheSpireMod:Limb From Limb","Iron Wave"],"picked":"hubris:ReadiedAction","floor":12},{"not_picked":["Havoc","Perfected Strike","Evolve"],"picked":"SKIP","floor":14},{"not_picked":["True Grit","Pommel Strike"],"picked":"Offering","floor":16},{"not_picked":["Brutality","Barricade"],"picked":"Double Tap","floor":18},{"not_picked":["Uppercut","Heavy Blade","Twin Strike"],"picked":"SKIP","floor":20},{"not_picked":["Pommel Strike","Thunderclap+1","Havoc+1"],"picked":"SKIP","floor":21},{"not_picked":["ReplayTheSpireMod:Muscle Training","Anger","Headbutt"],"picked":"SKIP","floor":25},{"not_picked":["Sentinel+1","Clothesline+1","Dual Wield"],"picked":"SKIP","floor":27},{"not_picked":["Searing Blow","Twin Strike"],"picked":"Feel No Pain","floor":32},{"not_picked":["Searing Blow","hubris:CleavingFinish","Dual Wield"],"picked":"SKIP","floor":33},{"not_picked":["hubris:CleavingFinish+1","Twin Strike","Abandon"],"picked":"SKIP","floor":37},{"not_picked":["Survey Options","Dramatic Entrance"],"picked":"Panache","floor":38},{"not_picked":["Cleave","Iron Wave"],"picked":"Shrug It Off","floor":40}],"player_experience":875913,"relics_obtained":[{"floor":7,"key":"reliquary:Buckler"},{"floor":9,"key":"reliquary:Knoch"},{"floor":15,"key":"Chameleon Ring"},{"floor":16,"key":"Unceasing Top"},{"floor":23,"key":"Necronomicon"},{"floor":24,"key":"Smiling Mask"},{"floor":25,"key":"Regal Pillow"},{"floor":27,"key":"reliquary:TatteredRug"},{"floor":28,"key":"reliquary:HotPoker"},{"floor":34,"key":"reliquary:JackalopeAntler"}],"event_choices":[{"damage_healed":0,"gold_gain":0,"player_choice":"Bought 0 Potions","damage_taken":0,"max_hp_gain":0,"max_hp_loss":0,"event_name":"The Woman in Blue","floor":3,"gold_loss":0},{"damage_healed":0,"gold_gain":0,"player_choice":"Obtained Book","damage_taken":16,"max_hp_gain":0,"max_hp_loss":0,"event_name":"Cursed Tome","floor":23,"gold_loss":0},{"damage_healed":0,"gold_gain":0,"player_choice":"Shed Blood","damage_taken":19,"max_hp_gain":5,"max_hp_loss":0,"event_name":"Forgotten Altar","floor":31,"gold_loss":0},{"damage_healed":0,"gold_gain":0,"player_choice":"Memory 1","damage_taken":0,"max_hp_gain":0,"max_hp_loss":0,"event_name":"SensoryStone","floor":38,"gold_loss":0}],"is_beta":false,"boss_relics":[{"not_picked":["Honey Jar","Runic Cube"],"picked":"Velvet Choker"},{"not_picked":["Black Star","hubris:VirtuousBlindfold"],"picked":"SacredBark"}],"items_purged_floors":[4],"is_endless":false,"potions_floor_spawned":[7,12,21,32],"killed_by":"Sphere and 2 Shapes","ascension_level":14}}