{"host":"fpfqy36ymrhhouft","time":1612546402,"event":{"mods":["100% Spire Juice","Act Like it!","Arknights","BaseMod","Colored Powertips","Downfall","Gensokyo","Hermit","Marisa????????","Minty Spire (QoL Compilation)","Reliquary","Replay The Spire","Spire Arcade","StSLib"],"gold_per_floor":[99,111,127,127,139,139,165,181,181,41,41,58,69,100,114,216,216,16,35,54,54,94,94,94,105,115,15,31,16,16,16,27,27,27,27],"floor_reached":33,"language":"ENG","playtime":3015,"items_purged":[],"score":326,"play_id":"4e819a9e-9f32-4dc1-b631-6f5dc0d6147c","local_time":"20210205103322","is_ascension_mode":false,"campfire_choices":[{"data":"bronze:Goto","floor":1.0,"key":"SMITH"},{"data":"bronze:Fortify","floor":6.0,"key":"SMITH"},{"data":"bronze:Branch","floor":9.0,"key":"SMITH"},{"data":"bronze:Replicate","floor":11.0,"key":"SMITH"},{"floor":18,"key":"RECALL"},{"data":"bronze:SpaghettiCode","floor":23,"key":"SMITH"},{"data":"bronze:Allocate","floor":27,"key":"SMITH"},{"floor":30,"key":"REST"}],"circlet_count":0,"master_deck":["bronze:Replicate+1","bronze:Goto+1","bronze:FineTuning","bronze:Branch+1","Clumsy","bronze:Fortify+1","bronze:ClassDefault","bronze:Optimize","bronze:GetLatest","bronze:Repulsor","bronze:Safeguard","bronze:Allocate+1","bronze:DelayedGuard","bronze:SpaghettiCode+1","bronze:BugBarrage","bronze:Invalidate","bronze:DigitalCarnage","bronze:FollowUp","bronze:Philosophize","bronze:Turbo","bronze:NullPointer","bronze:Invalidate","bronze:Repair","bronze:DelayedSlice","Gensokyo:FourOfAKind","Gensokyo:FourOfAKind","Gensokyo:FourOfAKind","Gensokyo:FourOfAKind","bronze:GetLatest+1","bronze:ItsAFeature+1","bronze:RecursiveStrike","bronze:Shell","bronze:Shield","bronze:MaxOutput+1","bronze:ForceShield","bronze:ShipIt"],"relics":["bronze:BronzeCore","NeowsBlessing","Gensokyo:NagashiBinaDoll","Prayer Wheel","Pen Nib","Pandora\u0027s Box","downfall:HeartBlessingGreen","downfall:HeartBlessingBlue","Bottled Lightning","downfall:HeartBlessingRed"],"acts_visited":["Gensokyo:Gensokyo","Gensokyo:Gensokyoer"],"potions_floor_usage":[25,25,33,33],"damage_taken":[{"damage":0.0,"enemies":"Gensokyo:2_Kodama","floor":2.0,"turns":1.0},{"damage":0.0,"enemies":"Gensokyo:Gryphon","floor":3.0,"turns":1.0},{"damage":0.0,"enemies":"Gensokyo:3_Fairies","floor":5.0,"turns":2.0},{"damage":12.0,"enemies":"Gensokyo:Python_and_Kodama","floor":8.0,"turns":4.0},{"damage":15.0,"enemies":"Gensokyo:3_Kodama","floor":12.0,"turns":4.0},{"damage":6.0,"enemies":"Gensokyo:Kitsune","floor":13.0,"turns":3.0},{"damage":7.0,"enemies":"Gensokyo:Mamizou","floor":14.0,"turns":8.0},{"damage":5.0,"enemies":"Gensokyo:VengefulSpirit","floor":15.0,"turns":5.0},{"damage":17.0,"enemies":"WA_ARCHETYPE_RETAIN","floor":16.0,"turns":7.0},{"damage":0,"enemies":"Gensokyo:CosmicMonolith","floor":19,"turns":4},{"damage":8,"enemies":"Gensokyo:2_Gloops","floor":20,"turns":5},{"damage":21,"enemies":"Gensokyo:Wraith","floor":25,"turns":4},{"damage":0,"enemies":"Gensokyo:Monolith_and_Dog","floor":26,"turns":5},{"damage":20,"enemies":"Gensokyo:Chomper_and_Gloop","floor":28,"turns":5},{"damage":3,"enemies":"downfall:FleeingMerchant","floor":29,"turns":4},{"damage":0,"enemies":"Gensokyo:Swordslinger","floor":32,"turns":4},{"damage":45,"enemies":"IC_MUSHROOM_ARCHETYPE","floor":33,"turns":19}],"seed_played":"-7383203008805837387","potions_obtained":[{"floor":2.0,"key":"Fire Potion"},{"floor":5.0,"key":"ColorlessPotion"},{"floor":15.0,"key":"Strength Potion"},{"floor":16.0,"key":"sneckomod:MuddlingPotion"},{"floor":22,"key":"Block Potion"},{"floor":22,"key":"AttackPotion"},{"floor":25,"key":"Elixir"},{"floor":26,"key":"bronze:CleanCodePotion"},{"floor":32,"key":"Block Potion"}],"is_trial":false,"path_per_floor":["R","M","M","?","M","R","T","M","R","?","R","M","M","E","M","B",null,"R","M","M","?","?","R","T","M","M","R","M","$","R","?","M","B"],"character_chosen":"THE_AUTOMATON","items_purchased":[],"campfire_rested":1,"item_purchase_floors":[],"current_hp_per_floor":[70,70,70,70,70,70,70,58,58,58,58,43,37,30,25,8,70,80,80,72,56,42,42,42,21,31,31,19,16,32,32,32,0,0,0],"gold":27,"neow_bonus":"THREE_ENEMY_KILL","is_daily":false,"chose_seed":false,"campfire_upgraded":6,"win_rate":0.0,"timestamp":1612546402,"path_taken":["R","?","M","?","M","R","T","M","R","?","R","M","?","E","M","BOSS","R","M","M","?","?","R","T","?","M","R","M","$","R","?","M","BOSS"],"items_purchased_type":[],"build_version":"2020-12-22","purchased_purges":0,"victory":false,"max_hp_per_floor":[70,70,70,70,70,70,70,70,70,70,70,70,70,70,70,70,70,80,80,80,56,56,56,56,56,56,56,56,56,56,56,56,56,56,56],"card_choices":[{"not_picked":["bronze:Backtrace","bronze:Iterate"],"picked":"bronze:FineTuning","floor":2.0},{"not_picked":["bronze:CutThrough","bronze:WildBeam"],"picked":"bronze:Branch","floor":3.0},{"not_picked":["bronze:CutThrough","bronze:OilSpill"],"picked":"bronze:Fortify","floor":5.0},{"not_picked":["bronze:Branch","bronze:Allocate"],"picked":"bronze:ClassDefault","floor":8.0},{"not_picked":["bronze:Invalidate","bronze:ShipIt"],"picked":"bronze:Optimize","floor":12.0},{"not_picked":["bronze:Invalidate","bronze:Overheat","bronze:Branch"],"picked":"SKIP","floor":12.0},{"not_picked":["bronze:BitShift","bronze:Invalidate"],"picked":"bronze:GetLatest","floor":13.0},{"not_picked":["bronze:ForLoop","bronze:Iterate"],"picked":"bronze:Repulsor","floor":13.0},{"not_picked":["bronze:Shield","bronze:Repulsor"],"picked":"bronze:Safeguard","floor":14.0},{"not_picked":["bronze:BronzeArmor","bronze:Safeguard"],"picked":"bronze:Allocate","floor":15.0},{"not_picked":["bronze:Overheat","bronze:Deprecate"],"picked":"bronze:DelayedGuard","floor":15.0},{"not_picked":["bronze:Virus","bronze:FindAndReplace"],"picked":"bronze:SpaghettiCode","floor":16.0},{"not_picked":["bronze:GetLatest+1","bronze:FollowUp"],"picked":"bronze:Repair","floor":19},{"not_picked":["bronze:DelayedGuard","bronze:Shield"],"picked":"bronze:DelayedSlice","floor":19},{"not_picked":["bronze:Overheat","bronze:DigitalCarnage","bronze:Iterate"],"picked":"SKIP","floor":20},{"not_picked":["bronze:BugBarrage","bronze:Frontload","bronze:Turbo+1"],"picked":"SKIP","floor":20},{"not_picked":["bronze:Iterate","bronze:Branch"],"picked":"bronze:GetLatest+1","floor":22},{"not_picked":["bronze:DelayedSlice","bronze:Deprecate"],"picked":"bronze:ItsAFeature+1","floor":25},{"not_picked":["bronze:WildBeam+1","bronze:ChildClass+1"],"picked":"bronze:RecursiveStrike","floor":25},{"not_picked":["bronze:Philosophize+1","bronze:BronzeArmor+1"],"picked":"bronze:Shell","floor":26},{"not_picked":["bronze:CutThrough","bronze:DelayedSlice+1"],"picked":"bronze:Shield","floor":26},{"not_picked":["bronze:DelayedSlice","bronze:Philosophize","bronze:ChosenStrike"],"picked":"SKIP","floor":28},{"not_picked":["bronze:Turbo","bronze:Repulsor","bronze:Return+1"],"picked":"SKIP","floor":28},{"not_picked":["bronze:ItsAFeature+1","bronze:CloningBeam"],"picked":"bronze:MaxOutput+1","floor":29},{"not_picked":["bronze:Backtrace","bronze:FineTuning"],"picked":"bronze:ForceShield","floor":32},{"not_picked":["bronze:BuggyMess+1","bronze:Frontload"],"picked":"bronze:ShipIt","floor":32}],"player_experience":766537,"relics_obtained":[{"floor":14.0,"key":"Pen Nib"},{"floor":24,"key":"Bottled Lightning"}],"event_choices":[],"is_beta":false,"boss_relics":[{"not_picked":["reliquary:WritOfMandamus","Replay:Ancient Bell"],"picked":"Pandora\u0027s Box"}],"items_purged_floors":[],"is_endless":false,"potions_floor_spawned":[2,5,15,16,25,26,32],"killed_by":"IC_MUSHROOM_ARCHETYPE","ascension_level":0}}