{"host":"qxeepl7ydvsgmfdb","time":1612508062,"event":{"mods":["AchievementEnabler","BaseMod","Colored Powertips","Minty Spire (QoL Compilation)","Quick Restart","slay the spire mod where everything is the same but ironclad has a cowboy hat"],"gold_per_floor":[113,113,128,303,37,37,37,37,37,37,72,35,35,62,62,163,213,232,232,14,104,118,152,152,177,177,177,177],"floor_reached":27,"language":"ENG","playtime":626,"items_purged":["Doubt"],"score":456,"play_id":"22d004ab-de92-4df9-a42a-5811daf1b8da","local_time":"20210205015422","is_ascension_mode":true,"campfire_choices":[{"data":"All Out Attack","floor":6,"key":"SMITH"},{"data":"Slice","floor":10,"key":"SMITH"},{"data":"Noxious Fumes","floor":13,"key":"SMITH"},{"floor":15,"key":"REST"},{"floor":24,"key":"REST"}],"circlet_count":0,"master_deck":["AscendersBane","Strike_G","Strike_G","Strike_G+1","Strike_G+1","Strike_G","Defend_G","Defend_G","Defend_G","Defend_G","Defend_G","Survivor","Neutralize+1","Cloak And Dagger+1","Slice+1","All Out Attack+1","Parasite","Noxious Fumes+1","Deflect","Die Die Die","Deadly Poison","Dagger Spray","Good Instincts","Corpse Explosion","Slice"],"relics":["Ring of the Snake","NeowsBlessing","Membership Card","Letter Opener","MealTicket","Bag of Preparation","Tiny House","PreservedInsect","Mango","Whetstone","Lantern","Sundial"],"acts_visited":["Exordium","TheCity"],"potions_floor_usage":[16,16,17,23],"damage_taken":[{"damage":0,"enemies":"Cultist","floor":1,"turns":1},{"damage":0,"enemies":"Small Slimes","floor":3,"turns":1},{"damage":0,"enemies":"Lagavulin","floor":11,"turns":1},{"damage":27,"enemies":"3 Sentries","floor":14,"turns":5},{"damage":37,"enemies":"The Guardian","floor":16,"turns":12},{"damage":18,"enemies":"3 Byrds","floor":18,"turns":5},{"damage":29,"enemies":"Shell Parasite","floor":22,"turns":6},{"damage":27,"enemies":"Gremlin Leader","floor":23,"turns":6},{"damage":28,"enemies":"Slavers","floor":25,"turns":3},{"damage":9,"enemies":"3 Cultists","floor":27,"turns":3}],"seed_played":"298411267056646726","potions_obtained":[{"floor":3,"key":"Swift Potion"},{"floor":14,"key":"Weak Potion"},{"floor":17,"key":"Fruit Juice"},{"floor":18,"key":"AttackPotion"}],"is_trial":false,"path_per_floor":["M","?","M","?","$","R","?","$","T","R","E","$","R","E","R","B",null,"M","?","$","?","M","E","R","E","T","M"],"character_chosen":"THE_SILENT","items_purchased":["Membership Card","All Out Attack","CunningPotion","Noxious Fumes","PreservedInsect","Mango"],"campfire_rested":2,"item_purchase_floors":[5,5,5,12,20,20],"current_hp_per_floor":[63,63,63,63,63,63,70,70,70,70,70,70,70,43,64,27,69,51,51,80,62,33,6,34,6,6,0,0],"gold":177,"neow_bonus":"THREE_ENEMY_KILL","is_daily":false,"chose_seed":false,"campfire_upgraded":3,"win_rate":0.0,"timestamp":1612508062,"path_taken":["M","?","?","?","$","R","?","$","T","R","E","?","R","E","R","BOSS","M","?","$","?","M","E","R","E","T","M"],"items_purchased_type":["Relic","Card","Potion","Card","Relic","Relic"],"build_version":"2020-12-22","purchased_purges":1,"victory":false,"max_hp_per_floor":[70,70,70,70,70,70,70,70,70,70,70,70,70,70,70,70,80,80,80,94,94,94,94,94,94,94,94,94],"card_choices":[{"not_picked":["PiercingWail","Dagger Spray"],"picked":"Cloak And Dagger","floor":1},{"not_picked":["Dodge and Roll","Leg Sweep"],"picked":"Slice","floor":3},{"not_picked":["Infinite Blades","Burst","Dodge and Roll"],"picked":"SKIP","floor":11},{"not_picked":["Underhanded Strike","Eviscerate"],"picked":"Deflect","floor":14},{"not_picked":["Wraith Form v2","A Thousand Cuts"],"picked":"Die Die Die","floor":16},{"not_picked":["Sucker Punch","Slice"],"picked":"Deadly Poison","floor":17},{"not_picked":["Noxious Fumes","Underhanded Strike+1"],"picked":"Dagger Spray","floor":18},{"not_picked":["Riddle With Holes","Expertise","Dash"],"picked":"SKIP","floor":22},{"not_picked":["Endless Agony","Expertise"],"picked":"Corpse Explosion","floor":23},{"not_picked":["Dodge and Roll","Outmaneuver"],"picked":"Slice","floor":25}],"player_experience":170568,"relics_obtained":[{"floor":9,"key":"Letter Opener"},{"floor":11,"key":"MealTicket"},{"floor":14,"key":"Bag of Preparation"},{"floor":23,"key":"Whetstone"},{"floor":25,"key":"Lantern"},{"floor":26,"key":"Sundial"}],"event_choices":[{"damage_healed":0,"gold_gain":0,"player_choice":"Forge","damage_taken":0,"max_hp_gain":0,"max_hp_loss":0,"event_name":"Accursed Blacksmith","floor":2,"gold_loss":0,"cards_upgraded":["Cloak And Dagger"]},{"damage_healed":0,"gold_gain":175,"player_choice":"AGREE","damage_taken":0,"max_hp_gain":0,"max_hp_loss":0,"event_name":"Liars Game","floor":4,"gold_loss":0,"cards_obtained":["Doubt"]},{"damage_healed":17,"gold_gain":0,"player_choice":"Healed and dodged fight","damage_taken":0,"max_hp_gain":0,"max_hp_loss":0,"event_name":"Mushrooms","floor":7,"gold_loss":0,"cards_obtained":["Parasite"]},{"damage_healed":0,"gold_gain":0,"player_choice":"Ignored","damage_taken":0,"max_hp_gain":0,"max_hp_loss":0,"event_name":"Vampires","floor":19,"gold_loss":0},{"damage_healed":0,"gold_gain":90,"player_choice":"GOLD CARD ","damage_taken":18,"max_hp_gain":0,"max_hp_loss":0,"event_name":"Knowing Skull","floor":21,"potions_obtained":[],"gold_loss":0,"cards_obtained":["Good Instincts"]}],"is_beta":false,"boss_relics":[{"not_picked":["Velvet Choker","Astrolabe"],"picked":"Tiny House"}],"items_purged_floors":[5],"is_endless":false,"potions_floor_spawned":[3,11,14,18],"killed_by":"3 Cultists","ascension_level":11}}