{"host":"e5u7qs1emxzejr12","time":1612504886,"event":{"mods":["100% Spire Juice","2.2 Compatiblity","Act Like it!","Arknights","Ascension Unlocker","Bard","BaseMod","CapriCore","Card Forge","Colored Powertips","Custom Start","GifTheSpireLib","GungeonMod","Highlight Path","Marisa（F雨　魔理沙）","Minty Spire (QoL Compilation)","MostiFishMod","Pale of the Ancients","Prisma Mod","Quick Restart","Relic Filter Mod","Reliquary","Replay The Spire","StSLib","SuperFastMode","The Blackbeard","WarShipGirlsR/战舰少女R mod","篝火指南"],"gold_per_floor":[117,127,127,137,157,192,192,192,192,223,170,10,38,38,38,112,112,126,46,46,62,81,107,127,127,172,172,199,28,62,72,72,146,246,259,259,306,352,352,352,378,284,364,280,305,139,155,188,56,56,56,56,56,56,83,83],"floor_reached":57,"language":"ZHS","playtime":1806,"items_purged":[],"score":3164,"play_id":"2ea98a70-4798-4c00-be6e-6b991e050239","local_time":"20210205140126","is_ascension_mode":true,"campfire_choices":[{"floor":7.0,"key":"RECALL"},{"floor":15.0,"key":"REST"},{"floor":53,"key":"REST"}],"circlet_count":0,"master_deck":["AscendersBane","rmod:intelligenceanalysis+1","rmod:openingtorpedo+1","rmod:acesubmarine+1","rmod:windflower+1","rmod:generalist+1","rmod:ridicule+1","Necronomicurse","rmod:acesubmarine+1","rmod:firesupport+1","Madness+1","Madness+1","Flash of Steel+1","rmod:ridicule+1","rmod:fletcherpendant+1"],"relics":["rmod:firstchargereward","Hammer of Thor","Seething Fire","Anvil of the Gods","DaveBox","PatriotShield","NeowsBlessing","SynthV:TestCard","reliquary:BallBearing","Ring of Hypnosis","ReplayTheSpireMod:Ring of Exchange","reliquary:TuningFork","DemoMod:LamentConfigurum","ThornShield","Replay:Bottled Flurry","Membership Card","Replay:Bottled Steam","Art of War","Necronomicon","Happy Flower","Calipers","Eternal Feather","Replay:Wanted Poster","WingedGreaves","DemoMod:JetPack","Frozen Eye","Replay:Accelerometer","Bag of Preparation","reliquary:OuijaBoard","BionicSphere","PreservedInsect","reliquary:BoilingFlask","Garlic"],"acts_visited":["Exordium","TheCity","TheBeyond","TheEnding"],"potions_floor_usage":[56],"damage_taken":[{"damage":0.0,"enemies":"Small Slimes","floor":1.0,"turns":1.0},{"damage":0.0,"enemies":"Jaw Worm","floor":2.0,"turns":1.0},{"damage":0.0,"enemies":"2 Louse","floor":4.0,"turns":1.0},{"damage":0.0,"enemies":"Blue Slaver","floor":5.0,"turns":1.0},{"damage":0.0,"enemies":"3 Sentries","floor":6.0,"turns":4.0},{"damage":0.0,"enemies":"Gremlin Nob","floor":10.0,"turns":1.0},{"damage":0.0,"enemies":"Replay:BlueRogue","floor":13.0,"turns":1.0},{"damage":0.0,"enemies":"Fading Forest","floor":16.0,"turns":7.0},{"damage":0.0,"enemies":"2 Thieves","floor":18.0,"turns":1.0},{"damage":0.0,"enemies":"3 Byrds","floor":21.0,"turns":1.0},{"damage":0.0,"enemies":"3 Cultists","floor":22.0,"turns":2.0},{"damage":0.0,"enemies":"Book of Stabbing","floor":23.0,"turns":1.0},{"damage":0.0,"enemies":"Snake Plant","floor":24.0,"turns":1.0},{"damage":0,"enemies":"Slavers","floor":28,"turns":1},{"damage":0,"enemies":"Replay:Snechameleon","floor":30,"turns":1},{"damage":0,"enemies":"Centurion and Healer","floor":31,"turns":1},{"damage":0,"enemies":"Champ","floor":33,"turns":1},{"damage":4,"enemies":"3 Darklings","floor":35,"turns":1},{"damage":0,"enemies":"2 Orb Walkers","floor":37,"turns":1},{"damage":0,"enemies":"Nemesis","floor":41,"turns":1},{"damage":0,"enemies":"Mind Bloom Boss Battle","floor":45,"turns":1},{"damage":0,"enemies":"Orb Walker","floor":47,"turns":2},{"damage":0,"enemies":"Reptomancer","floor":48,"turns":2},{"damage":0,"enemies":"Replay:Hell Engine","floor":50,"turns":1},{"damage":0,"enemies":"Awakened One","floor":51,"turns":4},{"damage":0,"enemies":"Shield and Spear","floor":55,"turns":1},{"damage":52,"enemies":"The Heart","floor":56,"turns":5}],"seed_played":"4188358069473288725","potions_obtained":[{"floor":1.0,"key":"Block Potion"},{"floor":13.0,"key":"Reflective Coating"},{"floor":16.0,"key":"Dexterity Potion"}],"is_trial":false,"path_per_floor":["M","M","?","M","M","E","R","?","T","E","R","$","E","M","R","B",null,"M","?","?","M","M","E","M","$","T","?","E","R","E","M","R","B",null,"M","$","?","?","?","?","E","R","T","$","?","R","M","E","R","B","B",null,"R","$","E","B",null],"character_chosen":"PRAEFECT","items_purchased":["rmod:tearstotiara","DemoMod:LamentConfigurum","Calipers","Frozen Eye","rmod:fletcherpendant","Bag of Preparation","BionicSphere","reliquary:BoilingFlask"],"campfire_rested":2,"item_purchase_floors":[11,12,29,42,42,44,46,49],"current_hp_per_floor":[63,63,63,63,63,63,63,63,63,63,63,63,63,63,70,70,70,70,70,70,70,70,70,70,70,70,49,49,49,49,49,55,55,66,62,62,62,62,49,49,49,55,55,55,55,64,64,64,70,70,70,70,70,70,70,18],"gold":83,"neow_bonus":"THREE_ENEMY_KILL","is_daily":false,"chose_seed":false,"campfire_upgraded":0,"win_rate":0.0,"timestamp":1612504886,"path_taken":["M","M","?","M","M","E","R","?","T","E","R","$","E","M","R","BOSS","M","?","?","M","?","E","M","$","T","?","E","R","E","M","R","BOSS","M","$","?","?","?","?","E","R","T","$","?","R","M","E","R","BOSS","BOSS","R","$","E","BOSS"],"items_purchased_type":["Card","Relic","Relic","Relic","Card","Relic","Relic","Relic"],"build_version":"2020-12-22","purchased_purges":0,"victory":true,"max_hp_per_floor":[70,70,70,70,70,70,70,70,70,70,70,70,70,70,70,70,70,70,70,70,70,70,70,70,70,70,70,70,70,70,70,70,70,70,70,70,70,70,70,70,70,70,70,70,70,70,70,70,70,70,70,70,70,70,70,70],"card_choices":[{"not_picked":["rmod:fuelsupply","rmod:aluminumsupply","rmod:bulid"],"picked":"SKIP","floor":1.0},{"not_picked":["rmod:fletcherpendant","rmod:aluminumsupply","rmod:unsinkable","rmod:ammunitionsupply"],"picked":"rmod:intelligenceanalysis","floor":2.0},{"not_picked":["rmod:ammunitionsupply","rmod:fletcherpendant","rmod:aluminumsupply","rmod:gendarmerie"],"picked":"rmod:tearstotiara","floor":4.0},{"not_picked":["rmod:aggressivemary","rmod:unsinkable","rmod:intelligenceanalysis","rmod:firesupport","rmod:wife"],"picked":"SKIP","floor":5.0},{"not_picked":["rmod:aluminumsupply","rmod:smokecover","rmod:aggressivemary","rmod:highspeedmaneuver"],"picked":"rmod:openingtorpedo","floor":6.0},{"not_picked":["rmod:aviationdawn","rmod:garrisonisland","rmod:heivgo","rmod:goodfighter"],"picked":"rmod:acesubmarine","floor":10.0},{"not_picked":["rmod:tearstotiara","rmod:firesupport","rmod:supportescort","rmod:rockthrower","rmod:aluminumsupply"],"picked":"SKIP","floor":13.0},{"not_picked":["rmod:stealaluminum","rmod:expeditionaryescort","rmod:supriseattacks","rmod:fletcher"],"picked":"rmod:windflower","floor":16.0},{"not_picked":["rmod:guardianhero","rmod:sl+1","rmod:diaomin","rmod:gendarmerie+1","rmod:smokecover"],"picked":"SKIP","floor":18.0},{"not_picked":["rmod:maintain","rmod:steelsupply","rmod:launchingtorpedo","rmod:tearstotiara"],"picked":"rmod:generalist","floor":21.0},{"not_picked":["rmod:aviationdawn","rmod:fuelsupply","rmod:ammunitionsupply","rmod:steelsupply","rmod:sl"],"picked":"SKIP","floor":22.0},{"not_picked":["rmod:supportaircraftcarrier","rmod:diamondstrike","rmod:bulid","rmod:tearstotiara"],"picked":"rmod:ridicule","floor":23.0},{"not_picked":["rmod:fuelsupply+1","rmod:robin","rmod:launchingtorpedo","rmod:heivgo","rmod:intelligenceanalysis"],"picked":"SKIP","floor":24.0},{"not_picked":["rmod:supportescort","rmod:maintain","rmod:robin+1","rmod:goodfighter"],"picked":"rmod:circuitoustactics","floor":28},{"not_picked":["rmod:goodfighter","rmod:intelligenceanalysis","rmod:garrisonisland","rmod:tearstotiara","rmod:supportescort"],"picked":"SKIP","floor":30},{"not_picked":["rmod:aviationdawn","rmod:tearstotiara","rmod:aluminumsupply","rmod:luckystar","rmod:spoils"],"picked":"SKIP","floor":31},{"not_picked":["rmod:highspeedmaneuver","rmod:desperatesituation","rmod:supriseattacks","rmod:windflower"],"picked":"rmod:acesubmarine","floor":33},{"not_picked":["rmod:victimresponsibility","rmod:guardianhero","rmod:bulid","rmod:supportescort"],"picked":"rmod:firesupport+1","floor":35},{"not_picked":["Swift Strike","Survey Options","Mind Blast","ReplayTheSpireMod:Trickstab"],"picked":"Flash of Steel","floor":40},{"not_picked":["rmod:fuelsupply","rmod:guardianhero","rmod:bulid","rmod:goodsister"],"picked":"rmod:ridicule","floor":41},{"not_picked":["rmod:supportescort","rmod:bulid","rmod:advancebysurprise","rmod:ammunitionsupply","rmod:expedition"],"picked":"SKIP","floor":47},{"not_picked":["rmod:diamondstrike","rmod:diaomin+1","rmod:timeschanged","rmod:chargemoney","rmod:ring"],"picked":"SKIP","floor":48},{"not_picked":["rmod:supportescort","rmod:goodsister+1","rmod:spoils","rmod:tearstotiara","rmod:heivgo"],"picked":"SKIP","floor":55}],"player_experience":83178,"relics_obtained":[{"floor":1.0,"key":"SynthV:TestCard"},{"floor":6.0,"key":"reliquary:BallBearing"},{"floor":8.0,"key":"Ring of Hypnosis"},{"floor":8.0,"key":"ReplayTheSpireMod:Ring of Exchange"},{"floor":10.0,"key":"reliquary:TuningFork"},{"floor":13.0,"key":"ThornShield"},{"floor":23.0,"key":"Replay:Bottled Steam"},{"floor":26.0,"key":"Art of War"},{"floor":27,"key":"Necronomicon"},{"floor":28,"key":"Happy Flower"},{"floor":30,"key":"Eternal Feather"},{"floor":37,"key":"WingedGreaves"},{"floor":38,"key":"DemoMod:JetPack"},{"floor":43,"key":"Replay:Accelerometer"},{"floor":45,"key":"reliquary:OuijaBoard"},{"floor":48,"key":"PreservedInsect"},{"floor":55,"key":"Garlic"}],"event_choices":[{"damage_healed":0.0,"max_hp_gain":0.0,"max_hp_loss":0.0,"gold_gain":0.0,"event_name":"Upgrade Shrine","player_choice":"Ignored","floor":20.0,"gold_loss":0.0,"damage_taken":0.0},{"damage_healed":0,"gold_gain":0,"player_choice":"Obtained Book","damage_taken":21,"max_hp_gain":0,"max_hp_loss":0,"event_name":"Cursed Tome","floor":27,"gold_loss":0},{"damage_healed":0,"gold_gain":0,"player_choice":"Fight","damage_taken":0,"max_hp_gain":0,"max_hp_loss":0,"event_name":"Mysterious Sphere","floor":37,"gold_loss":0},{"damage_healed":0,"gold_gain":0,"player_choice":"Embrace Madness","damage_taken":13,"max_hp_gain":0,"max_hp_loss":0,"event_name":"Winding Halls","floor":39,"gold_loss":0,"cards_obtained":["Madness","Madness"]},{"damage_healed":0,"gold_gain":0,"player_choice":"Memory 1","damage_taken":0,"max_hp_gain":0,"max_hp_loss":0,"event_name":"SensoryStone","floor":40,"gold_loss":0},{"damage_healed":0,"gold_gain":0,"player_choice":"Fight","damage_taken":0,"max_hp_gain":0,"max_hp_loss":0,"event_name":"MindBloom","floor":45,"gold_loss":0}],"is_beta":false,"boss_relics":[{"not_picked":["ReplayTheSpireMod:CursedCoin","Ring of Chaos"],"picked":"Membership Card"},{"not_picked":["Medical Kit","DiscerningMonocle"],"picked":"Replay:Wanted Poster"}],"items_purged_floors":[],"is_endless":false,"potions_floor_spawned":[1,13,16,22,24,33,41,47],"ascension_level":20}}