{"host":"cl7476msnyrv13v7","time":1612547606,"event":{"mods":["BaseMod","Colored Map","Colored Powertips","Highlight Path","Minty Spire (QoL Compilation)","Rare Cards Sparkle","Relic Stats"],"gold_per_floor":[109,129,149,224,234,234,234,234],"floor_reached":7,"language":"ENG","playtime":427,"items_purged":[],"score":86,"play_id":"71892645-8c69-400f-9da9-55729da53c4f","local_time":"20210205185326","is_ascension_mode":true,"campfire_choices":[{"data":"Neutralize","floor":6,"key":"SMITH"}],"circlet_count":0,"master_deck":["AscendersBane","Strike_G","Strike_G","Strike_G","Strike_G","Strike_G","Defend_G","Defend_G","Defend_G","Defend_G","Defend_G","Survivor","Neutralize+1","Poisoned Stab","Dagger Throw"],"relics":["Ring of the Snake","Thread and Needle"],"acts_visited":[],"potions_floor_usage":[7],"damage_taken":[{"damage":0,"enemies":"Jaw Worm","floor":1,"turns":5},{"damage":0,"enemies":"Small Slimes","floor":2,"turns":4},{"damage":0,"enemies":"2 Louse","floor":3,"turns":3},{"damage":8,"enemies":"Large Slime","floor":5,"turns":9},{"damage":41,"enemies":"Gremlin Nob","floor":7,"turns":5}],"seed_played":"-5834172754514237184","potions_obtained":[{"floor":2,"key":"FearPotion"}],"is_trial":false,"path_per_floor":["M","M","M","?","M","R","E"],"character_chosen":"THE_SILENT","items_purchased":[],"campfire_rested":0,"item_purchase_floors":[],"current_hp_per_floor":[59,59,59,48,40,40,0,0],"gold":234,"neow_bonus":"ONE_RARE_RELIC","is_daily":false,"chose_seed":false,"campfire_upgraded":1,"win_rate":0.0,"timestamp":1612547606,"path_taken":["M","M","M","?","M","R","E"],"items_purchased_type":[],"build_version":"2020-12-22","purchased_purges":0,"victory":false,"max_hp_per_floor":[60,60,60,60,60,60,60,60],"relic_stats":{"counters":[5,26],"obtain_stats":[{"Thread and Needle":0,"Ring of the Snake":0},{"Thread and Needle":0,"Ring of the Snake":0},{"Thread and Needle":0,"Ring of the Snake":0}],"Ring of the Snake":[10]},"card_choices":[{"not_picked":["Prepared","Bane","Dodge and Roll"],"picked":"SKIP","floor":1},{"not_picked":["Bane","Finisher","Prepared"],"picked":"SKIP","floor":2},{"not_picked":["Flying Knee","Deflect"],"picked":"Poisoned Stab","floor":3},{"not_picked":["Deflect","Well Laid Plans"],"picked":"Dagger Throw","floor":5}],"player_experience":1137212,"relics_obtained":[],"event_choices":[{"damage_healed":0,"gold_gain":75,"player_choice":"Gather Gold","damage_taken":11,"max_hp_gain":0,"max_hp_loss":0,"event_name":"World of Goop","floor":4,"gold_loss":0}],"is_beta":false,"boss_relics":[],"items_purged_floors":[],"is_endless":false,"potions_floor_spawned":[2],"killed_by":"Gremlin Nob","ascension_level":20}}