{"host":"twbuyd87gsx4w7po","time":1612548306,"event":{"mods":["BaseMod","Downfall","Minty Spire (QoL Compilation)","StSLib"],"gold_per_floor":[99,110,130,130,130,161,238,238,266,285,302,334,234,244,260,355,355,355,366,380,113,123,123,150,168,168,199,199,199,199,199],"floor_reached":29,"language":"ENG","playtime":2826,"items_purged":["hexamod:Strike"],"score":372,"play_id":"e732e7ab-b588-4ee7-8190-d523efd25188","local_time":"20210205100506","is_ascension_mode":true,"campfire_choices":[{"data":"hexamod:Float","floor":1.0,"key":"SMITH"},{"data":"hexamod:SuperheatedStrike","floor":13,"key":"SMITH"},{"data":"hexamod:Incineration","floor":18,"key":"SMITH"},{"data":"expansioncontent:DashGenerateEvil","floor":23,"key":"SMITH"}],"circlet_count":0,"master_deck":["hexamod:Strike","hexamod:Strike","hexamod:Defend","hexamod:Defend","hexamod:Defend","hexamod:Defend","hexamod:Sear","hexamod:Float+1","hexamod:SoulSteal","hexamod:FlamesFromBeyond","hexamod:FastForward","hexamod:ThermalTransfer","hexamod:SuperheatedStrike+1","hexamod:HauntingEcho","hexamod:ExtraCrispy","hexamod:Incineration+1","hexamod:Toasty","hexamod:HeatMetal","hexamod:VolcanoVisage","expansioncontent:DashGenerateEvil+1","hexamod:ThirdSeal","hexamod:GhostflameInferno","hexamod:HeatCrush+1","hexamod:FlamesFromBeyond+1"],"relics":["hexamod:SpiritBrand","Potion Belt","Bag of Preparation","Happy Flower","downfall:HeartBlessingBlue","hexamod:IceCube","Orichalcum","hexamod:InflammatoryLetter"],"acts_visited":["Exordium","TheCity"],"potions_floor_usage":[16,20,20,25,29],"damage_taken":[{"damage":0.0,"enemies":"2 Louse","floor":2.0,"turns":4.0},{"damage":0.0,"enemies":"Small Slimes","floor":3.0,"turns":3.0},{"damage":0.0,"enemies":"3 Sentries","floor":6.0,"turns":4.0},{"damage":16.0,"enemies":"Gremlin Nob","floor":9.0,"turns":5.0},{"damage":2.0,"enemies":"Jaw Worm","floor":10.0,"turns":2.0},{"damage":0.0,"enemies":"Large Slime","floor":11.0,"turns":3.0},{"damage":7,"enemies":"Lagavulin","floor":12,"turns":5},{"damage":5,"enemies":"Exordium Wildlife","floor":14,"turns":3},{"damage":6,"enemies":"3 Louse","floor":15,"turns":3},{"damage":48,"enemies":"DF_ARCHETYPE_STREAMLINE","floor":16,"turns":9},{"damage":2,"enemies":"Chosen","floor":19,"turns":4},{"damage":1,"enemies":"3 Byrds","floor":20,"turns":4},{"damage":0,"enemies":"downfall:FleeingMerchant","floor":21,"turns":4},{"damage":20,"enemies":"Sentry and Sphere","floor":22,"turns":5},{"damage":31,"enemies":"Shelled Parasite and Fungi","floor":25,"turns":5},{"damage":22,"enemies":"Gremlin Leader","floor":27,"turns":4},{"damage":19,"enemies":"Slavers","floor":29,"turns":1}],"seed_played":"-6146529912926634956","potions_obtained":[{"floor":3.0,"key":"Block Potion"},{"floor":6.0,"key":"Swift Potion"},{"floor":12,"key":"Fire Potion"},{"floor":14,"key":"ColorlessPotion"},{"floor":16,"key":"SkillPotion"},{"floor":22,"key":"Dexterity Potion"},{"floor":27,"key":"SpeedPotion"}],"is_trial":false,"path_per_floor":["R","M","M","?","?","E","T","?","E","M","M","E","R","M","M","B",null,"R","M","M","$","M","R","T","M","?","E","?","E"],"character_chosen":"THE_SPIRIT","items_purchased":["expansioncontent:DashGenerateEvil"],"campfire_rested":0,"item_purchase_floors":[21],"current_hp_per_floor":[70,70,70,70,75,75,75,75,59,57,57,50,60,55,49,1,85,85,83,82,82,62,62,62,31,31,9,9,0,0,0],"gold":199,"neow_bonus":"THREE_CARDS","is_daily":false,"chose_seed":false,"campfire_upgraded":4,"win_rate":0.0,"timestamp":1612548306,"path_taken":["R","M","M","?","?","E","T","?","E","M","M","E","R","M","M","BOSS","R","M","M","$","M","R","T","M","?","E","?","E"],"items_purchased_type":["Card"],"build_version":"2020-12-22","purchased_purges":1,"victory":false,"max_hp_per_floor":[70,70,70,70,75,75,75,75,75,75,75,75,85,85,85,85,85,85,85,85,85,85,85,85,85,85,85,85,85,85,85],"card_choices":[{"not_picked":["hexamod:InspiringFlames","hexamod:Firestarter"],"picked":"hexamod:SoulSteal","floor":0.0},{"not_picked":["hexamod:SuperheatedStrike","hexamod:DynamicBlow"],"picked":"hexamod:FlamesFromBeyond","floor":2.0},{"not_picked":["hexamod:ShieldOfDarkness","hexamod:RetreatToShadows"],"picked":"hexamod:FastForward","floor":3.0},{"not_picked":["hexamod:HauntingEcho","hexamod:SpectralSpark"],"picked":"hexamod:ThermalTransfer","floor":6.0},{"not_picked":["hexamod:BacktrackSmack","hexamod:Again","hexamod:TurnItUp"],"picked":"SKIP","floor":9.0},{"not_picked":["hexamod:SkipABeat","hexamod:FirstSeal"],"picked":"hexamod:SuperheatedStrike","floor":10.0},{"not_picked":["hexamod:RecurringNightmare","hexamod:GhostLash","hexamod:NightmareStrike"],"picked":"SKIP","floor":11.0},{"not_picked":["hexamod:NightmareStrike","hexamod:FastForward"],"picked":"hexamod:HauntingEcho","floor":12},{"not_picked":["hexamod:SuperheatedStrike","hexamod:GhostOfSpireFuture"],"picked":"hexamod:ExtraCrispy","floor":14},{"not_picked":["hexamod:GhostOfSpirePast","hexamod:FastForward"],"picked":"hexamod:Incineration","floor":15},{"not_picked":["hexamod:FifthSeal","hexamod:UnlimitedPower"],"picked":"hexamod:Toasty","floor":16},{"not_picked":["hexamod:HauntingEcho","hexamod:PowerFromBeyond+1"],"picked":"hexamod:HeatMetal","floor":19},{"not_picked":["hexamod:PhantomFireball","hexamod:RecurringNightmare","hexamod:RadiantFlame"],"picked":"SKIP","floor":20},{"not_picked":["hexamod:RadiantFlame","hexamod:NightmareGuise"],"picked":"hexamod:VolcanoVisage","floor":21},{"not_picked":["hexamod:HeatMetal+1","hexamod:SwordOfDarkness"],"picked":"hexamod:ThirdSeal","floor":22},{"not_picked":["hexamod:ShieldOfDarkness","hexamod:SpectersWail"],"picked":"hexamod:GhostflameInferno","floor":25},{"not_picked":["hexamod:BacktrackSmack","hexamod:HeatMetal"],"picked":"hexamod:HeatCrush+1","floor":25},{"not_picked":["hexamod:HeatMetal","hexamod:FastForward"],"picked":"hexamod:FlamesFromBeyond+1","floor":27},{"not_picked":["hexamod:NecessarySacrifice+1","hexamod:FourthSeal","hexamod:ApocalypseNow"],"picked":"SKIP","floor":27}],"player_experience":404043,"relics_obtained":[{"floor":6.0,"key":"Potion Belt"},{"floor":9.0,"key":"Bag of Preparation"},{"floor":12,"key":"Happy Flower"},{"floor":24,"key":"Orichalcum"},{"floor":27,"key":"hexamod:InflammatoryLetter"}],"event_choices":[{"cards_removed":["hexamod:Strike"],"damage_healed":0.0,"max_hp_gain":0.0,"max_hp_loss":0.0,"gold_gain":0.0,"event_name":"The Cleric","player_choice":"Card Removal","floor":4.0,"gold_loss":0.0,"damage_taken":0.0},{"damage_healed":0.0,"max_hp_gain":5.0,"max_hp_loss":0.0,"gold_gain":0.0,"event_name":"Big Fish","player_choice":"Donut","floor":5.0,"gold_loss":0.0,"damage_taken":0.0}],"is_beta":false,"boss_relics":[{"not_picked":["Coffee Dripper","hexamod:UnbrokenSoul"],"picked":"hexamod:IceCube"}],"items_purged_floors":[21],"is_endless":false,"potions_floor_spawned":[3,6,12,14,16,22,27],"killed_by":"Slavers","ascension_level":2}}