{"host":"ia9e4s524g7bamk7","time":1612516701,"event":{"mods":["AchievementEnabler","BaseMod","Minty Spire (QoL Compilation)","Slay-I"],"gold_per_floor":[119,137,137,147,161,193,143,172,172,172,172,183,218,24,24,125,125,140,140,158,83,99,128,94,107,131,131,149,178,201,253,265,386,461,492,504,89,106,135,479,488,488,488,535,556,584,584,584,593,593],"floor_reached":51,"language":"ENG","playtime":5472,"items_purged":["Strike_G"],"score":939,"play_id":"3799891e-20f4-4d28-b748-c5c073bf12bb","local_time":"20210205101821","is_ascension_mode":true,"campfire_choices":[{"data":"Cloak And Dagger","floor":10.0,"key":"SMITH"},{"data":"Accuracy","floor":15.0,"key":"SMITH"},{"data":"Infinite Blades","floor":27.0,"key":"SMITH"},{"floor":32.0,"key":"REST"},{"floor":41.0,"key":"REST"},{"floor":47,"key":"REST"},{"floor":49,"key":"REST"}],"circlet_count":0,"master_deck":["Survivor","CurseOfTheBell","Dash","Escape Plan","Cloak And Dagger+1","Quick Slash","Flying Knee","Backflip","Accuracy+1","Footwork","Blade Dance","After Image","Cloak And Dagger","Calculated Gamble+1","Prepared","Infinite Blades+1","Prepared+1","After Image","Escape Plan","Envenom+1","Storm of Steel","Crippling Poison","Poisoned Stab","Riddle With Holes","Storm of Steel","Tools of the Trade","Acrobatics","Slice","Storm of Steel","Cloak And Dagger+1","Infinite Blades","Dodge and Roll+1","Infinite Blades+1","Accuracy"],"relics":["Calling Bell","Omamori","Mercury Hourglass","Ice Cream","Ninja Scroll","Calipers","Matryoshka","Snake Skull","GremlinMask","White Beast Statue","Black Star","Unceasing Top","MealTicket","Juzu Bracelet","Strawberry","Shovel","MawBank","Oddly Smooth Stone","CeramicFish","Pandora\u0027s Box","Tingsha","Old Coin","Dream Catcher","Kunai","TungstenRod","Singing Bowl","Anchor"],"acts_visited":["Exordium","TheCity","TheBeyond"],"potions_floor_usage":[46],"damage_taken":[{"damage":0.0,"enemies":"Cultist","floor":1.0,"turns":4.0},{"damage":3.0,"enemies":"2 Louse","floor":2.0,"turns":2.0},{"damage":2.0,"enemies":"Jaw Worm","floor":4.0,"turns":3.0},{"damage":0.0,"enemies":"Looter","floor":5.0,"turns":3.0},{"damage":3.0,"enemies":"Lagavulin","floor":6.0,"turns":5.0},{"damage":4.0,"enemies":"Gremlin Nob","floor":8.0,"turns":4.0},{"damage":6.0,"enemies":"Exordium Wildlife","floor":12.0,"turns":3.0},{"damage":3.0,"enemies":"3 Sentries","floor":13.0,"turns":5.0},{"damage":14.0,"enemies":"Hexaghost","floor":16.0,"turns":11.0},{"damage":14.0,"enemies":"Spheric Guardian","floor":18.0,"turns":4.0},{"damage":0.0,"enemies":"3 Byrds","floor":20.0,"turns":4.0},{"damage":3.0,"enemies":"3 Cultists","floor":22.0,"turns":5.0},{"damage":0.0,"enemies":"Gremlin Leader","floor":23.0,"turns":6.0},{"damage":8.0,"enemies":"Centurion and Healer","floor":25.0,"turns":6.0},{"damage":20.0,"enemies":"Snake Plant","floor":28.0,"turns":3.0},{"damage":18.0,"enemies":"Book of Stabbing","floor":29.0,"turns":5.0},{"damage":21.0,"enemies":"Cultist and Chosen","floor":30.0,"turns":5.0},{"damage":22.0,"enemies":"Slavers","floor":31.0,"turns":7.0},{"damage":14.0,"enemies":"Collector","floor":33.0,"turns":10.0},{"damage":5.0,"enemies":"Orb Walker","floor":35.0,"turns":4.0},{"damage":18.0,"enemies":"3 Darklings","floor":38.0,"turns":4.0},{"damage":19.0,"enemies":"Spire Growth","floor":39.0,"turns":3.0},{"damage":28.0,"enemies":"Reptomancer","floor":40.0,"turns":6.0},{"damage":28.0,"enemies":"2 Orb Walkers","floor":44.0,"turns":6.0},{"damage":0.0,"enemies":"Transient","floor":45.0,"turns":5.0},{"damage":0,"enemies":"Nemesis","floor":46,"turns":8},{"damage":50,"enemies":"Awakened One","floor":50,"turns":10}],"seed_played":"-2907737954090330742","potions_obtained":[{"floor":1.0,"key":"ColorlessPotion"},{"floor":2.0,"key":"SteroidPotion"},{"floor":4.0,"key":"FairyPotion"},{"floor":8.0,"key":"SkillPotion"},{"floor":16.0,"key":"Strength Potion"},{"floor":18.0,"key":"Explosive Potion"},{"floor":22.0,"key":"EssenceOfSteel"},{"floor":23.0,"key":"LiquidBronze"},{"floor":25.0,"key":"PowerPotion"},{"floor":28.0,"key":"PowerPotion"},{"floor":29.0,"key":"DuplicationPotion"},{"floor":31.0,"key":"BlessingOfTheForge"},{"floor":33.0,"key":"LiquidMemories"},{"floor":35.0,"key":"FearPotion"},{"floor":38.0,"key":"LiquidMemories"},{"floor":39.0,"key":"CunningPotion"},{"floor":40.0,"key":"Swift Potion"},{"floor":44.0,"key":"PowerPotion"},{"floor":45.0,"key":"BlessingOfTheForge"},{"floor":46,"key":"SteroidPotion"}],"is_trial":false,"path_per_floor":["M","M","?","M","M","E","?","E","T","R","?","M","E","$","R","B",null,"M","?","M","?","M","E","$","M","T","R","M","E","M","E","R","B",null,"M","?","$","M","M","E","R","?","T","?","M","E","R","?","R","B",null],"character_chosen":"THE_SILENT","items_purchased":["Footwork","Blade Dance","Infinite Blades","Tingsha","Storm of Steel"],"campfire_rested":4,"item_purchase_floors":[14,14,24,37,37],"current_hp_per_floor":[70,67,60,58,58,55,55,51,51,51,51,45,42,42,42,28,70,56,56,56,56,53,53,68,60,67,67,47,29,8,13,36,22,77,72,72,77,59,40,12,35,35,35,7,7,9,34,54,78,28],"gold":593,"neow_bonus":"BOSS_RELIC","is_daily":false,"chose_seed":false,"campfire_upgraded":3,"win_rate":0.0,"timestamp":1612516701,"path_taken":["M","M","?","M","M","E","?","E","T","R","?","?","E","?","R","BOSS","M","?","M","?","M","E","?","M","T","R","M","E","M","E","R","BOSS","M","?","$","M","M","E","R","?","T","?","M","E","R","?","R","BOSS"],"items_purchased_type":["Card","Card","Card","Relic","Card"],"build_version":"2020-12-22","purchased_purges":1,"victory":true,"max_hp_per_floor":[70,70,70,70,70,70,70,70,70,70,70,70,70,70,70,70,70,70,70,70,70,70,70,70,70,77,77,77,77,77,77,77,77,77,77,77,77,77,77,77,77,77,77,77,77,79,81,81,81,81],"card_choices":[{"not_picked":["Cloak And Dagger","Deadly Poison"],"picked":"Dash","floor":1.0},{"not_picked":["Underhanded Strike","Bane"],"picked":"Escape Plan","floor":2.0},{"not_picked":["Flechettes","Escape Plan"],"picked":"Cloak And Dagger","floor":4.0},{"not_picked":["Outmaneuver","Flechettes"],"picked":"Quick Slash","floor":5.0},{"not_picked":["Outmaneuver","Dagger Throw"],"picked":"Flying Knee","floor":6.0},{"not_picked":["Tactician","Distraction","Expertise"],"picked":"SKIP","floor":8.0},{"not_picked":["Outmaneuver","Expertise"],"picked":"Backflip","floor":12.0},{"not_picked":["A Thousand Cuts","Crippling Poison"],"picked":"Accuracy","floor":13.0},{"not_picked":["Venomology","Wraith Form v2"],"picked":"After Image","floor":16.0},{"not_picked":["Deflect","Caltrops+1"],"picked":"Cloak And Dagger","floor":18.0},{"not_picked":["Dagger Throw+1","Eviscerate+1","Dodge and Roll"],"picked":"SKIP","floor":20.0},{"not_picked":["Crippling Poison","Slice"],"picked":"Calculated Gamble+1","floor":22.0},{"not_picked":["Deflect","Cloak And Dagger"],"picked":"Prepared","floor":23.0},{"not_picked":["Bane","Deadly Poison"],"picked":"Prepared+1","floor":25.0},{"not_picked":["Cloak And Dagger","Leg Sweep"],"picked":"After Image","floor":28.0},{"not_picked":["Deadly Poison","Dodge and Roll","Slice+1"],"picked":"SKIP","floor":29.0},{"not_picked":["Dodge and Roll+1","PiercingWail+1"],"picked":"Escape Plan","floor":30.0},{"not_picked":["Footwork","Eviscerate"],"picked":"Envenom","floor":31.0},{"not_picked":["Night Terror","Tools of the Trade"],"picked":"Storm of Steel","floor":33.0},{"not_picked":["Dagger Throw+1","Underhanded Strike","Masterful Stab"],"picked":"SKIP","floor":35.0},{"not_picked":["Leg Sweep","Outmaneuver","Underhanded Strike"],"picked":"SKIP","floor":38.0},{"not_picked":["Dodge and Roll+1","Eviscerate"],"picked":"Cloak And Dagger+1","floor":39.0},{"not_picked":["Dodge and Roll+1","Dagger Throw"],"picked":"Infinite Blades","floor":40.0},{"not_picked":["Deadly Poison+1","Tactician"],"picked":"Dodge and Roll+1","floor":41.0},{"not_picked":["Bane","Prepared+1"],"picked":"Infinite Blades+1","floor":45.0},{"not_picked":["Blur","Bouncing Flask","Deadly Poison"],"picked":"Singing Bowl","floor":46},{"not_picked":["Flying Knee","Well Laid Plans","Heel Hook+1"],"picked":"Singing Bowl","floor":47},{"not_picked":["Dodge and Roll+1","Cloak And Dagger+1"],"picked":"Accuracy","floor":49}],"player_experience":247902,"relics_obtained":[{"floor":0.0,"key":"Omamori"},{"floor":0.0,"key":"Mercury Hourglass"},{"floor":0.0,"key":"Ice Cream"},{"floor":6.0,"key":"Calipers"},{"floor":8.0,"key":"Matryoshka"},{"floor":9.0,"key":"Snake Skull"},{"floor":13.0,"key":"White Beast Statue"},{"floor":23.0,"key":"Unceasing Top"},{"floor":23.0,"key":"MealTicket"},{"floor":26.0,"key":"Juzu Bracelet"},{"floor":26.0,"key":"Strawberry"},{"floor":29.0,"key":"Shovel"},{"floor":29.0,"key":"MawBank"},{"floor":31.0,"key":"Oddly Smooth Stone"},{"floor":31.0,"key":"CeramicFish"},{"floor":40.0,"key":"Old Coin"},{"floor":40.0,"key":"Dream Catcher"},{"floor":43.0,"key":"Kunai"},{"floor":44.0,"key":"TungstenRod"},{"floor":46,"key":"Singing Bowl"},{"floor":46,"key":"Anchor"}],"event_choices":[{"damage_healed":0.0,"max_hp_gain":0.0,"max_hp_loss":0.0,"gold_gain":0.0,"event_name":"Scrap Ooze","player_choice":"Success","floor":3.0,"gold_loss":0.0,"damage_taken":7.0,"relics_obtained":["Ninja Scroll"]},{"cards_removed":["Strike_G"],"damage_healed":0.0,"max_hp_gain":0.0,"max_hp_loss":0.0,"gold_gain":0.0,"event_name":"The Cleric","player_choice":"Card Removal","floor":7.0,"gold_loss":50.0,"damage_taken":0.0},{"damage_healed":0.0,"max_hp_gain":0.0,"max_hp_loss":0.0,"gold_gain":0.0,"event_name":"FaceTrader","player_choice":"Trade","floor":11.0,"gold_loss":0.0,"damage_taken":0.0,"relics_obtained":["GremlinMask"]},{"damage_healed":0.0,"max_hp_gain":0.0,"max_hp_loss":0.0,"gold_gain":0.0,"event_name":"Back to Basics","player_choice":"Simplicity","floor":19.0,"gold_loss":0.0,"damage_taken":0.0,"cards_upgraded":["Strike_G","Strike_G","Strike_G","Defend_G","Defend_G","Defend_G","Defend_G","Defend_G"]},{"cards_removed":["Strike_G"],"damage_healed":0.0,"max_hp_gain":0.0,"max_hp_loss":0.0,"gold_gain":0.0,"event_name":"Beggar","player_choice":"Gave Gold","floor":21.0,"gold_loss":75.0,"damage_taken":0.0},{"damage_healed":0.0,"max_hp_gain":0.0,"max_hp_loss":0.0,"gold_gain":0.0,"event_name":"Upgrade Shrine","player_choice":"Upgraded","floor":36.0,"gold_loss":0.0,"damage_taken":0.0,"cards_upgraded":["Envenom"]},{"cards_removed":["Neutralize"],"damage_healed":0.0,"max_hp_gain":0.0,"max_hp_loss":0.0,"gold_gain":0.0,"event_name":"Falling","player_choice":"Removed Attack","floor":42.0,"gold_loss":0.0,"damage_taken":0.0},{"damage_healed":0.0,"max_hp_gain":0.0,"max_hp_loss":0.0,"gold_gain":0.0,"event_name":"Mysterious Sphere","player_choice":"Fight","floor":44.0,"gold_loss":0.0,"damage_taken":0.0},{"damage_healed":20,"gold_gain":0,"player_choice":"Writhe","damage_taken":0,"max_hp_gain":0,"max_hp_loss":0,"event_name":"Winding Halls","floor":48,"gold_loss":0,"cards_obtained":["Writhe"]}],"is_beta":false,"boss_relics":[{"not_picked":["Runic Dome","SlaversCollar"],"picked":"Black Star"},{"not_picked":["Sozu","Runic Pyramid"],"picked":"Pandora\u0027s Box"}],"items_purged_floors":[14],"is_endless":false,"potions_floor_spawned":[1,2,4,8,16,18,20,22,23,25,28,29,30,31,33,35,38,39,40,44,45,46],"ascension_level":2}}