{"host":"21h5e52imz35vo8g","time":1612517803,"event":{"mods":["AchievementEnabler","BaseMod","Colored Map","Colored Powertips","Googly Eyes","Minty Spire (QoL Compilation)","Quick Restart","Rare Cards Sparkle","Replay The Spire","StSLib"],"gold_per_floor":[117,167,267,4,67,67,151,151,230,261,286,286,323,342,342,457,457,478,68,118,203,196,245,245],"floor_reached":23,"language":"ZHS","playtime":1278,"items_purged":["Defend_R","Languid"],"score":369,"play_id":"db8efc60-5842-48d8-b174-241dbf9ee0b4","local_time":"20210205173643","is_ascension_mode":true,"campfire_choices":[{"data":"Seeing Red","floor":6,"key":"SMITH"},{"data":"ReplayReversal","floor":8,"key":"SMITH"},{"data":"Barricade","floor":15,"key":"SMITH"}],"circlet_count":0,"master_deck":["Strike_R","Strike_R","Strike_R","Strike_R","Strike_R","Defend_R","Defend_R","Defend_R","Bash","Dropkick","Doubt","Writhe","Seeing Red+1","Feel No Pain","Reaper","ReplayReversal+1","Carnage","Writhe","Reckless Charge","Fire Breathing","Barricade+1","Shame","Demonic Infusion","Flame Barrier","Metallicize","RitualDagger","Clumsy"],"relics":["Burning Blood","NeowsBlessing","ReplayTheSpireMod:Ring of Challenge","Ring of Greed","Replay:Bandana","Replay:Wax Seal","BargainBundle","Replay:WaspNest","HornCleat","SsserpentHead","Regal Pillow","Ring of Chaos","ReplayTheSpireMod:TigerMarble","Red Mask"],"acts_visited":["Exordium","TheCity"],"potions_floor_usage":[14,18,21,21],"damage_taken":[{"damage":0,"enemies":"Jaw Worm","floor":1,"turns":1},{"damage":0,"enemies":"2 Louse","floor":5,"turns":2},{"damage":13,"enemies":"Lagavulin","floor":7,"turns":2},{"damage":10,"enemies":"Cultist","floor":10,"turns":4},{"damage":1,"enemies":"Looter","floor":11,"turns":3},{"damage":41,"enemies":"Replay:BlueRogue","floor":13,"turns":9},{"damage":14,"enemies":"Red Slaver","floor":14,"turns":4},{"damage":40,"enemies":"Hexaghost","floor":16,"turns":9},{"damage":5,"enemies":"3 Byrds","floor":18,"turns":3},{"damage":54,"enemies":"Masked Bandits","floor":21,"turns":6},{"damage":16,"enemies":"2 Thieves","floor":22,"turns":4},{"damage":0,"enemies":"Slavers","floor":23,"turns":1}],"seed_played":"-6486440228678394167","potions_obtained":[{"floor":7,"key":"Explosive Potion"},{"floor":10,"key":"LiquidMemories"},{"floor":11,"key":"BloodPotion"},{"floor":14,"key":"HeartOfIron"},{"floor":22,"key":"Weak Potion"}],"is_trial":false,"path_per_floor":["M","?","?","$","M","R","E","R","T","M","M","?","E","M","R","B",null,"M","$","?","?","M","E"],"character_chosen":"IRONCLAD","items_purchased":["BargainBundle","Seeing Red","Feel No Pain","Reaper","Milkshake","Weak Potion","Weak Potion","ReplayTheSpireMod:TigerMarble","Flame Barrier","Metallicize"],"campfire_rested":0,"item_purchase_floors":[4,4,4,4,4,4,4,19,19,19],"current_hp_per_floor":[78,78,78,78,80,80,77,77,77,76,80,80,45,53,53,23,66,71,71,65,17,15,15,15],"gold":245,"neow_bonus":"THREE_ENEMY_KILL","is_daily":false,"chose_seed":false,"campfire_upgraded":3,"win_rate":0.0,"timestamp":1612517803,"path_taken":["M","?","?","$","?","R","E","R","T","M","M","?","E","M","R","BOSS","M","$","?","?","M","E"],"items_purchased_type":["Relic","Card","Card","Card","Potion","Potion","Potion","Relic","Card","Card"],"build_version":"2020-12-22","purchased_purges":2,"victory":false,"max_hp_per_floor":[80,80,80,80,80,80,80,80,80,80,80,80,80,80,80,80,80,80,80,80,80,80,80,80],"card_choices":[{"not_picked":["Warcry","Run Through"],"picked":"Dropkick","floor":1},{"not_picked":["Pummel","Perfected Strike"],"picked":"ReplayReversal","floor":5},{"not_picked":["Intimidate","Havoc"],"picked":"Carnage","floor":7},{"not_picked":["Sword Boomerang","Run Through"],"picked":"Reckless Charge","floor":10},{"not_picked":["Life Link","Twin Strike","Intimidate"],"picked":"SKIP","floor":11},{"not_picked":["Shrug It Off","Second Wind"],"picked":"Fire Breathing","floor":13},{"not_picked":["Cleave","Sentinel"],"picked":"Barricade","floor":14},{"not_picked":["Fiend Fire","Eclipse"],"picked":"Demonic Infusion","floor":16},{"not_picked":["Rage","Flex","Dropkick"],"picked":"SKIP","floor":18},{"not_picked":["Searing Blow","True Grit","Clothesline"],"picked":"SKIP","floor":22}],"player_experience":376405,"relics_obtained":[{"floor":2,"key":"ReplayTheSpireMod:Ring of Challenge"},{"floor":2,"key":"Ring of Greed"},{"floor":2,"key":"Replay:Bandana"},{"floor":2,"key":"Replay:Wax Seal"},{"floor":7,"key":"Replay:WaspNest"},{"floor":9,"key":"HornCleat"},{"floor":13,"key":"Regal Pillow"},{"floor":21,"key":"Red Mask"}],"event_choices":[{"damage_healed":0,"gold_gain":100,"player_choice":"Gold","damage_taken":0,"max_hp_gain":0,"max_hp_loss":0,"event_name":"Wheel of Change","floor":3,"gold_loss":0},{"damage_healed":0,"gold_gain":0,"player_choice":"Trade","damage_taken":0,"relics_obtained":["SsserpentHead"],"max_hp_gain":0,"max_hp_loss":0,"event_name":"FaceTrader","floor":12,"gold_loss":0},{"damage_healed":0,"gold_gain":0,"player_choice":"Joined the Cult","damage_taken":6,"max_hp_gain":0,"max_hp_loss":0,"event_name":"Nest","floor":20,"gold_loss":0,"cards_obtained":["RitualDagger"]},{"damage_healed":0,"gold_gain":0,"player_choice":"Fought Bandits","damage_taken":0,"max_hp_gain":0,"max_hp_loss":0,"event_name":"Masked Bandits","floor":21,"gold_loss":0}],"is_beta":false,"boss_relics":[{"not_picked":["ReplayTheSpireMod:DimensionalGlitch","Replay:Drink Me"],"picked":"Ring of Chaos"}],"items_purged_floors":[4,19],"is_endless":false,"potions_floor_spawned":[7,10,11,14,22],"killed_by":"Slavers","ascension_level":7}}