{"host":"56xwnffi6e9z5l58","time":1612544678,"event":{"mods":["Aspiration","BaseMod","Better Match","Better Note","Better Sensory Stone","BetterRewards","Colored Map","Colored Powertips","Conspire","Downfall","GifTheSpireLib","Hermit","Highlight Path","Hubris","Infinite Spire","Key Reminder","Minty Spire (QoL Compilation)","Permanent Neow","Quick Restart","Rare Cards Sparkle","Replay The Spire","StSLib","Stuff the Spire","SuperFastMode","Unceasing Turn Reminder"],"gold_per_floor":[99,115,133,148,160,198,198,4,4,39,39,39,144,194,212,212,212],"floor_reached":16,"language":"ENG","playtime":530,"items_purged":[],"score":116,"play_id":"3386578f-6cba-459b-a6fc-6fbff6a4e6a0","local_time":"20210206010438","is_ascension_mode":true,"campfire_choices":[{"floor":1,"key":"DIG"},{"data":"expansioncontent:DashGenerateEvil","floor":9,"key":"SMITH"},{"data":"hermit:FinalCanter","floor":12,"key":"SMITH"}],"circlet_count":0,"master_deck":["hermit:Strike_Hermit","hermit:Strike_Hermit","hermit:Strike_Hermit","hermit:Strike_Hermit","hermit:Defend_Hermit","hermit:Defend_Hermit","hermit:Defend_Hermit","hermit:Defend_Hermit","hermit:Snapshot","hermit:Covet","hermit:RoundhouseKick","hermit:ItchyTrigger","hermit:Scavenge","hermit:FinalCanter+1","hermit:Enervate","hermit:ShadowCloak","expansioncontent:DashGenerateEvil+1","hermit:GhostlyPresence","hermit:PistolWhip","Overencumbered"],"relics":["hermit:Momento","Centennial Puzzle","Blue Doll","conspire:DecoderRing","Juzu Bracelet","hubris:Icosahedron","downfall:CloakOfManyFaces","CultistMask","FaceOfCleric","NlothsMask","GremlinMask","SsserpentHead","PrismaticShard"],"acts_visited":["Exordium"],"potions_floor_usage":[8,10,13,15],"damage_taken":[{"damage":0,"enemies":"Small Slimes","floor":2,"turns":2},{"damage":1,"enemies":"Jaw Worm","floor":3,"turns":3},{"damage":1,"enemies":"Cultist","floor":4,"turns":3},{"damage":0,"enemies":"Exordium Wildlife","floor":5,"turns":4},{"damage":9,"enemies":"3 Sentries","floor":6,"turns":7},{"damage":6,"enemies":"downfall:FleeingMerchant","floor":8,"turns":5},{"damage":10,"enemies":"Gremlin Nob","floor":10,"turns":5},{"damage":36,"enemies":"downfall:FaceTrader","floor":13,"turns":17},{"damage":8,"enemies":"Lots of Slimes","floor":15,"turns":4},{"damage":9,"enemies":"WA_ARCHETYPE_RETAIN","floor":16,"turns":1}],"seed_played":"-1885043156630483604","potions_obtained":[{"floor":2,"key":"ColorlessPotion"},{"floor":3,"key":"Weak Potion"},{"floor":4,"key":"AttackPotion"},{"floor":13,"key":"Fire Potion"}],"is_trial":false,"path_per_floor":["R_BF","M","M","M","M","E","T","$","R","E","?","R","?","?","M","B"],"character_chosen":"HERMIT","items_purchased":["expansioncontent:DashGenerateEvil"],"campfire_rested":0,"item_purchase_floors":[8],"current_hp_per_floor":[75,75,74,73,73,64,64,58,58,48,48,48,12,12,5,0,0],"gold":212,"neow_bonus":"ONE_RANDOM_RARE_CARD","is_daily":false,"chose_seed":false,"campfire_upgraded":2,"win_rate":0.0,"timestamp":1612544678,"path_taken":["R_BF","M","M","M","M","E","T","$","R","E","?","R","?","?","M","BOSS"],"items_purchased_type":["Card"],"build_version":"2020-12-22","purchased_purges":0,"victory":false,"max_hp_per_floor":[75,75,75,75,75,75,75,75,75,75,75,75,75,75,76,76,76],"card_choices":[{"not_picked":["hermit:Dive","hermit:Snipe"],"picked":"hermit:ItchyTrigger","floor":2},{"not_picked":["hermit:Snipe","hermit:Glare"],"picked":"hermit:Scavenge","floor":3},{"not_picked":["hermit:Quickdraw","hermit:Dive"],"picked":"hermit:FinalCanter","floor":4},{"not_picked":["hermit:Showdown","hermit:NoHoldsBarred"],"picked":"hermit:Enervate","floor":5},{"not_picked":["hermit:Misfire","hermit:WideOpen"],"picked":"hermit:ShadowCloak","floor":6},{"not_picked":["hermit:ItchyTrigger","hermit:HighCaliber","hermit:Roulette"],"picked":"SKIP","floor":8},{"not_picked":["hermit:Midnight","hermit:Spite"],"picked":"hermit:GhostlyPresence","floor":10},{"not_picked":["hermit:Coalescence","hermit:Roulette"],"picked":"hermit:PistolWhip","floor":13},{"not_picked":["Underhanded Strike","Skim","bronze:Overheat"],"picked":"SKIP","floor":15},{"not_picked":["Underhanded Strike","Skim","bronze:Overheat"],"picked":"SKIP","floor":15}],"player_experience":1016322,"relics_obtained":[{"floor":1,"key":"Centennial Puzzle"},{"floor":6,"key":"Blue Doll"},{"floor":7,"key":"conspire:DecoderRing"},{"floor":10,"key":"Juzu Bracelet"},{"floor":13,"key":"downfall:CloakOfManyFaces"}],"event_choices":[],"is_beta":false,"boss_relics":[],"items_purged_floors":[],"is_endless":false,"potions_floor_spawned":[2,3,4,13],"killed_by":"WA_ARCHETYPE_RETAIN","ascension_level":1}}