{"host":"a6lkfb6c2wawj5iq","time":1612543278,"event":{"mods":["AchievementEnabler","BaseMod","Jorbs\u0027s Wanderer Trilogy","Minty Spire (QoL Compilation)","Relic Stats","StSLib"],"gold_per_floor":[210,264,280,280,291,325,325,421,421,431,205,235,13,13,24,24,94,94,191,191,209,49,67,67,80,80,80,132,132,132],"floor_reached":70,"language":"ENG","playtime":1447,"items_purged":["stsjorbsmod:Exhale"],"score":526,"play_id":"29c51035-2694-4220-99c3-59f0a58b6686","local_time":"20210205114118","is_ascension_mode":false,"campfire_choices":[{"data":"stsjorbsmod:ShrapnelBloom","floor":67,"key":"SMITH"}],"circlet_count":0,"master_deck":["stsjorbsmod:CULLCard","stsjorbsmod:Apparition_Cull","stsjorbsmod:Paralysis","stsjorbsmod:SpiritShield_Cull","stsjorbsmod:Withering","stsjorbsmod:Possession","stsjorbsmod:DemonicCoup","stsjorbsmod:Accumulation","stsjorbsmod:Feint","stsjorbsmod:Rebuttal","stsjorbsmod:FalseBlessings","stsjorbsmod:GrimDirge","stsjorbsmod:Sentinel_Cull","stsjorbsmod:Rebuttal","stsjorbsmod:Cyclone","stsjorbsmod:ShrapnelBloom+1","stsjorbsmod:Poultergeist","stsjorbsmod:ReapAndSow","stsjorbsmod:Wail+1","stsjorbsmod:Assertion","stsjorbsmod:TickingCurse","stsjorbsmod:DrainLife","stsjorbsmod:Miracle_Cull+1"],"relics":["stsjorbsmod:BookOfTrialsRelic","Pear","Orichalcum","Pandora\u0027s Box","Red Mask","Chemical X","FossilizedHelix","Meat on the Bone","SlaversCollar","White Beast Statue","Pocketwatch"],"acts_visited":["Exordium","TheCity","TheBeyond"],"potions_floor_usage":[34,50,70],"damage_taken":[{"damage":0,"enemies":"2 Louse","floor":1,"turns":2},{"damage":10,"enemies":"Jaw Worm","floor":5,"turns":4},{"damage":0,"enemies":"Small Slimes","floor":10,"turns":2},{"damage":59,"enemies":"3 Sentries","floor":12,"turns":12},{"damage":3,"enemies":"Slime Boss","floor":25,"turns":8},{"damage":22,"enemies":"3 Byrds","floor":34,"turns":3},{"damage":2,"enemies":"Masked Bandits","floor":38,"turns":2},{"damage":1,"enemies":"Chosen","floor":43,"turns":3},{"damage":11,"enemies":"Automaton","floor":50,"turns":7},{"damage":0,"enemies":"3 Darklings","floor":57,"turns":1},{"damage":14,"enemies":"3 Shapes","floor":59,"turns":2},{"damage":9,"enemies":"Sphere and 2 Shapes","floor":63,"turns":3},{"damage":0,"enemies":"2 Orb Walkers","floor":68,"turns":1},{"damage":11,"enemies":"Writhing Mass","floor":70,"turns":3}],"seed_played":"6944621893167864198","potions_obtained":[{"floor":12,"key":"Ancient Potion"},{"floor":25,"key":"BlessingOfTheForge"},{"floor":43,"key":"DistilledChaos"},{"floor":63,"key":"LiquidMemories"}],"is_trial":false,"path_per_floor":["M","?","M","T","M","E","R","B",null,"M","$","?","$","T","M","?","T","R","B",null,"M","$","M","?","M","T","R","?","M"],"character_chosen":"CULL","items_purchased":["stsjorbsmod:ReapAndSow","Chemical X","DistilledChaos","stsjorbsmod:DrainLife"],"campfire_rested":0,"item_purchase_floors":[37,41,41,58],"current_hp_per_floor":[76,76,64,74,74,15,33,30,52,28,28,25,25,25,22,22,22,26,12,15,15,15,15,14,11,11,11,11,0,0],"gold":132,"neow_bonus":"TEN_PERCENT_HP_BONUS","is_daily":false,"chose_seed":false,"campfire_upgraded":1,"win_rate":0.0,"timestamp":1612543278,"path_taken":["M","?","M","T","M","E","R","BOSS","M","$","?","$","T","M","?","?","R","BOSS","M","$","M","?","M","T","R","?","M"],"items_purchased_type":["Card","Relic","Potion","Card"],"build_version":"2020-12-22","purchased_purges":1,"victory":false,"max_hp_per_floor":[76,76,70,80,79,57,60,52,52,28,28,25,25,25,22,22,22,26,15,15,15,15,15,14,11,11,11,11,7,7],"relic_stats":{"counters":[14,53],"Pandora\u0027s Box":["stsjorbsmod:GrimDirge","stsjorbsmod:Sentinel_Cull","stsjorbsmod:Rebuttal","stsjorbsmod:Cyclone"],"Chemical X":[10],"Orichalcum":[156],"obtain_stats":[{"SlaversCollar":56,"Pear":9,"stsjorbsmod:BookOfTrialsRelic":0,"Pandora\u0027s Box":33,"Red Mask":38,"Chemical X":41,"Orichalcum":12,"FossilizedHelix":42,"White Beast Statue":66,"Meat on the Bone":47,"Pocketwatch":68},{"SlaversCollar":9,"Pear":2,"stsjorbsmod:BookOfTrialsRelic":0,"Pandora\u0027s Box":5,"Red Mask":7,"Chemical X":7,"Orichalcum":4,"FossilizedHelix":7,"White Beast Statue":12,"Meat on the Bone":8,"Pocketwatch":13},{"SlaversCollar":43,"Pear":6,"stsjorbsmod:BookOfTrialsRelic":0,"Pandora\u0027s Box":28,"Red Mask":33,"Chemical X":33,"Orichalcum":20,"FossilizedHelix":33,"White Beast Statue":49,"Meat on the Bone":36,"Pocketwatch":50}],"Meat on the Bone":17,"Pocketwatch":[2]},"card_choices":[{"not_picked":["stsjorbsmod:Godsbane","stsjorbsmod:SilverStrike"],"picked":"stsjorbsmod:Accumulation","floor":1},{"not_picked":["stsjorbsmod:Flame","stsjorbsmod:FocusedRage"],"picked":"stsjorbsmod:Feint","floor":5},{"not_picked":["stsjorbsmod:Wail","stsjorbsmod:SilverStrike"],"picked":"stsjorbsmod:Rebuttal","floor":10},{"not_picked":["stsjorbsmod:SilverStrike","stsjorbsmod:Brooding","stsjorbsmod:WastingStrike"],"picked":"SKIP","floor":12},{"not_picked":["stsjorbsmod:Anxiety","stsjorbsmod:Tragedy"],"picked":"stsjorbsmod:FalseBlessings","floor":25},{"not_picked":["stsjorbsmod:Ritual","stsjorbsmod:GrimDirge"],"picked":"stsjorbsmod:Poultergeist","floor":34},{"not_picked":["stsjorbsmod:Accumulation","stsjorbsmod:PollutedStrike"],"picked":"stsjorbsmod:Wail+1","floor":38},{"not_picked":["stsjorbsmod:Melt","stsjorbsmod:Trouble","stsjorbsmod:Godsbane"],"picked":"SKIP","floor":43},{"not_picked":["stsjorbsmod:Cleanse+1","stsjorbsmod:ForcedPresence+1","stsjorbsmod:SilverStrike"],"picked":"SKIP","floor":57},{"not_picked":["stsjorbsmod:Goosebumps+1","stsjorbsmod:Feint+1"],"picked":"stsjorbsmod:Miracle_Cull+1","floor":59},{"not_picked":["stsjorbsmod:Abjure","stsjorbsmod:Toll+1","stsjorbsmod:Phantasm+1"],"picked":"SKIP","floor":63}],"player_experience":208207,"relics_obtained":[{"floor":9,"key":"Pear"},{"floor":12,"key":"Orichalcum"},{"floor":38,"key":"Red Mask"},{"floor":42,"key":"FossilizedHelix"},{"floor":47,"key":"Meat on the Bone"},{"floor":66,"key":"White Beast Statue"},{"floor":68,"key":"Pocketwatch"}],"event_choices":[{"damage_healed":0,"gold_gain":54,"player_choice":"Gained Gold","damage_taken":0,"max_hp_gain":0,"max_hp_loss":0,"event_name":"Golden Wing","floor":3,"gold_loss":0},{"damage_healed":0,"gold_gain":0,"player_choice":"Fought Bandits","damage_taken":0,"max_hp_gain":0,"max_hp_loss":0,"event_name":"Masked Bandits","floor":38,"gold_loss":0},{"cards_removed":["stsjorbsmod:ProdigalMemory"],"damage_healed":0,"gold_gain":0,"player_choice":"Elegance","damage_taken":0,"max_hp_gain":0,"max_hp_loss":0,"event_name":"Back to Basics","floor":45,"gold_loss":0},{"damage_healed":0,"gold_gain":0,"player_choice":"Max HP","damage_taken":0,"max_hp_gain":0,"max_hp_loss":1,"event_name":"Winding Halls","floor":61,"gold_loss":0},{"damage_healed":0,"gold_gain":0,"player_choice":"Fight","damage_taken":0,"max_hp_gain":0,"max_hp_loss":0,"event_name":"Mysterious Sphere","floor":68,"gold_loss":0}],"is_beta":false,"boss_relics":[{"not_picked":["Busted Crown","Velvet Choker"],"picked":"Pandora\u0027s Box"},{"not_picked":["Black Star","Runic Dome"],"picked":"SlaversCollar"}],"items_purged_floors":[37],"is_endless":false,"potions_floor_spawned":[12,25,43,63,68],"killed_by":"Writhing Mass","ascension_level":0}}