{"host":"kbho7qfijxoxak3f","time":1612510135,"event":{"mods":["2.2 Compatiblity","Act Like it!","BaseMod","Challenge The Spire","Colored Map","Conspire","Highlight Path","Lobotomy","Minty Spire (QoL Compilation)","Pale of the Ancients","Quick Restart","StSLib"],"gold_per_floor":[109,125,125,164,176,176,176],"floor_reached":6,"language":"ZHS","playtime":261,"items_purged":[],"score":58,"play_id":"38a12000-2559-4dc4-95a7-516c696c6534","local_time":"20210205152855","is_ascension_mode":true,"campfire_choices":[],"circlet_count":0,"master_deck":["AscendersBane","Strike_B","Strike_B","Strike_B","Strike_B","Defend_B","Defend_B","Defend_B","Defend_B","Zap","Dualcast","Murderer","Coolheaded","FieryBird","Capacitor","Conserve Battery","Yin"],"relics":["Cracked Core","CogitoBucket","conspire:DeflatedDodgeball","Vajra"],"acts_visited":["Exordium"],"potions_floor_usage":[],"damage_taken":[{"damage":0,"enemies":"Cultist","floor":1,"turns":4},{"damage":7,"enemies":"Small Slimes","floor":2,"turns":3},{"damage":34,"enemies":"conspire:MimicChest","floor":4,"turns":8},{"damage":9,"enemies":"Jaw Worm","floor":5,"turns":5},{"damage":0,"enemies":"3 Sentries","floor":6,"turns":1}],"seed_played":"-4043830944330050383","potions_obtained":[{"floor":1,"key":"ColorlessPotion"},{"floor":4,"key":"FocusPotion"}],"is_trial":false,"path_per_floor":["M","M","?","?","M","E"],"character_chosen":"DEFECT","items_purchased":[],"campfire_rested":0,"item_purchase_floors":[],"current_hp_per_floor":[68,61,49,15,15,15,15],"gold":176,"neow_bonus":"","is_daily":false,"chose_seed":false,"campfire_upgraded":0,"win_rate":0.0,"timestamp":1612510135,"path_taken":["M","?","?","?","M","E"],"items_purchased_type":[],"build_version":"2020-12-22","purchased_purges":0,"victory":false,"max_hp_per_floor":[75,75,75,75,75,75,75],"card_choices":[{"not_picked":["GreedKing","OldLady"],"picked":"Murderer","floor":1},{"not_picked":["Aggregate","Go for the Eyes"],"picked":"Coolheaded","floor":1},{"not_picked":["UniverseFragment","BeautyBeast"],"picked":"FieryBird","floor":2},{"not_picked":["Redo","Rebound"],"picked":"Capacitor","floor":2},{"not_picked":["Go for the Eyes","Barrage"],"picked":"Conserve Battery","floor":4},{"not_picked":["Scorched","DreamingCurrent"],"picked":"Yin","floor":5},{"not_picked":["Redo","Sunder","Turbo"],"picked":"SKIP","floor":5}],"player_experience":552358,"relics_obtained":[{"floor":4,"key":"Vajra"}],"event_choices":[{"damage_healed":0,"gold_gain":0,"player_choice":"Success","damage_taken":12,"relics_obtained":["conspire:DeflatedDodgeball"],"max_hp_gain":0,"max_hp_loss":0,"event_name":"Scrap Ooze","floor":3,"gold_loss":0}],"is_beta":false,"boss_relics":[],"items_purged_floors":[],"is_endless":false,"potions_floor_spawned":[1,4],"killed_by":"3 Sentries","ascension_level":12}}