{"host":"x730sfaw5rd1mxd8","time":1612568678,"event":{"mods":["BaseMod","BetterRewards","Colored Powertips","Highlight Path","Minty Spire (QoL Compilation)","Relic Sorter","Relic Stats","Replay The Spire","StSLib"],"gold_per_floor":[118,128,128,140,153,178,188,219,219,219,219,247,267,267,295,311,311,384,384,403,414,414,434,451,485,485,516,516,549,549,549,565,310,310,389,389,403,328,348,348,368,397,52,81,81,92,117,117,132,166,166,166,166,166,93,119,119],"floor_reached":58,"language":"ENG","playtime":3774,"items_purged":["Strike_R","Strike_R","Strike_R"],"score":2746,"play_id":"245f8366-03ef-4987-9c1e-5f221213742d","local_time":"20210205184438","is_ascension_mode":true,"campfire_choices":[{"data":"Apotheosis","floor":14.0,"key":"SMITH"},{"data":"Evolve","floor":17.0,"key":"SMITH"},{"floor":26.0,"key":"RECALL"},{"floor":30.0,"key":"REST"},{"floor":34.0,"key":"REST"},{"floor":48.0,"key":"REST"},{"floor":51.0,"key":"REST"},{"floor":54.0,"key":"REST"}],"circlet_count":0,"master_deck":["AscendersBane","Defend_R","Defend_R","Defend_R","Defend_R","Bash","Evolve+1","Shrug It Off","Headbutt","Apotheosis+1","True Grit+1","Spot Weakness","Cleave","True Grit","Whirlwind","ReplayTheSpireMod:Limb From Limb","Offering","Brutality","Limit Break","Headbutt","ReplayTheSpireMod:Stacked","Blood for Blood","Immolate","Rage","Feel No Pain","Limit Break","Reaper","Fiend Fire","Spot Weakness","Feel No Pain","Dual Wield+1"],"relics":["Burning Blood","PreservedInsect","Centennial Puzzle","Replay:Towering Pillar of Hats","Snack Pack","OrangePellets","Red Skull","Omamori","Quantum Egg","Eternal Feather","Singing Bowl","Anchor","Pear","Fusion Hammer","Dream Catcher","Regal Pillow","Letter Opener","Sling","Cursed Key","Strawberry","DollysMirror","FossilizedHelix","Replay:WaspNest","Pet Ghost","Replay:Kaleidoscope","Blood Vial"],"acts_visited":["Exordium","TheCity","TheBeyond","TheEnding"],"potions_floor_usage":[],"damage_taken":[{"damage":0.0,"enemies":"Jaw Worm","floor":1.0,"turns":4.0},{"damage":0.0,"enemies":"Cultist","floor":2.0,"turns":5.0},{"damage":10.0,"enemies":"Small Slimes","floor":4.0,"turns":3.0},{"damage":6.0,"enemies":"Exordium Thugs","floor":5.0,"turns":5.0},{"damage":14.0,"enemies":"Replay:BlueRogue","floor":6.0,"turns":5.0},{"damage":5.0,"enemies":"Gremlin Gang","floor":7.0,"turns":4.0},{"damage":0.0,"enemies":"Gremlin Nob","floor":8.0,"turns":2.0},{"damage":15.0,"enemies":"Lagavulin","floor":12.0,"turns":7.0},{"damage":6.0,"enemies":"Blue Slaver","floor":13.0,"turns":4.0},{"damage":6.0,"enemies":"Replay:BlueRogue","floor":15.0,"turns":3.0},{"damage":8.0,"enemies":"Exordium Wildlife","floor":16.0,"turns":3.0},{"damage":42.0,"enemies":"Hexaghost","floor":18.0,"turns":6.0},{"damage":8.0,"enemies":"Chosen","floor":20.0,"turns":4.0},{"damage":10.0,"enemies":"Shell Parasite","floor":21.0,"turns":4.0},{"damage":27.0,"enemies":"Sentry and Sphere","floor":23.0,"turns":4.0},{"damage":10.0,"enemies":"3 Cultists","floor":24.0,"turns":4.0},{"damage":10.0,"enemies":"Gremlin Leader","floor":25.0,"turns":4.0},{"damage":17.0,"enemies":"Book of Stabbing","floor":27.0,"turns":4.0},{"damage":10.0,"enemies":"Gremlin Leader","floor":29.0,"turns":3.0},{"damage":9.0,"enemies":"Chosen and Byrds","floor":32.0,"turns":4.0},{"damage":65.0,"enemies":"Automaton","floor":35.0,"turns":8.0},{"damage":6.0,"enemies":"3 Shapes","floor":37.0,"turns":1.0},{"damage":10.0,"enemies":"3 Darklings","floor":39.0,"turns":3.0},{"damage":17.0,"enemies":"Sphere and 2 Shapes","floor":41.0,"turns":4.0},{"damage":17.0,"enemies":"Nemesis","floor":42.0,"turns":3.0},{"damage":7.0,"enemies":"R_Hoarder","floor":44.0,"turns":5.0},{"damage":17.0,"enemies":"Maw","floor":46.0,"turns":7.0},{"damage":15.0,"enemies":"Nemesis","floor":47.0,"turns":5.0},{"damage":4.0,"enemies":"Writhing Mass","floor":49.0,"turns":7.0},{"damage":13.0,"enemies":"R_Hoarder","floor":50.0,"turns":5.0},{"damage":27.0,"enemies":"Donu and Deca","floor":52.0,"turns":6.0},{"damage":58,"enemies":"Shield and Spear","floor":56,"turns":4},{"damage":59,"enemies":"The Heart","floor":57,"turns":8}],"seed_played":"861208373943142865","potions_obtained":[{"floor":4.0,"key":"ColorlessPotion"},{"floor":7.0,"key":"AttackPotion"},{"floor":12.0,"key":"Block Potion"},{"floor":13.0,"key":"EssenceOfSteel"},{"floor":16.0,"key":"BloodPotion"},{"floor":25.0,"key":"EntropicBrew"}],"is_trial":false,"path_per_floor":["M","M","?","M","M","E","M","E","PTL","PTL","T","E","M","R","E","M","R","B",null,"M","M","?","M","M","E","R","E","T","E","R","?","M","$","R","B",null,"M","?","M","?","M","E","$","E","T","M","E","R","M","E","R","B",null,"R","$","E","B",null],"character_chosen":"IRONCLAD","items_purchased":["PreservedInsect","Centennial Puzzle","Evolve","Shrug It Off","Headbutt","Apotheosis","Snack Pack","True Grit+1","OrangePellets","Spot Weakness","Metallicize","Cleave","Red Skull","Sling","Feel No Pain","DollysMirror","Feel No Pain"],"campfire_rested":5,"item_purchase_floors":[0,0,0,0,0,0,0,0,0,0,0,0,0,33,43,43,55],"current_hp_per_floor":[75,75,75,71,73,65,68,75,75,75,75,70,72,79,89,89,89,59,82,82,82,77,62,60,62,77,66,66,68,101,101,101,101,103,48,89,91,91,89,89,82,84,84,89,89,80,71,120,122,124,126,105,121,126,126,126,126],"gold":119,"neow_bonus":"","is_daily":false,"chose_seed":false,"campfire_upgraded":2,"win_rate":0.0,"timestamp":1612568678,"path_taken":["M","M","?","M","?","E","M","E","PTL","PTL","T","E","M","R","E","M","R","BOSS","M","M","?","M","?","E","R","E","T","E","R","?","M","$","R","BOSS","M","?","?","?","M","E","$","E","T","M","E","R","M","E","R","BOSS","R","$","E","BOSS"],"items_purchased_type":["Relic","Relic","Card","Card","Card","Card","Relic","Card","Relic","Card","Card","Card","Relic","Relic","Card","Relic","Card"],"build_version":"2020-12-22","purchased_purges":3,"victory":true,"max_hp_per_floor":[75,75,75,75,75,75,75,75,75,75,75,77,79,79,89,89,89,89,89,91,93,93,95,95,97,97,97,97,99,101,101,101,101,103,103,103,103,103,105,105,107,116,116,118,118,118,118,120,122,124,126,126,126,126,126,126,126],"relic_stats":{"Regal Pillow":37,"Singing Bowl":34,"counters":[477,2194],"Eternal Feather":57,"PreservedInsect":596,"Letter Opener":[210],"Cursed Key":1,"Burning Blood":1474,"Blood Vial":0,"OrangePellets":[10],"Centennial Puzzle":[90],"Dream Catcher":6,"obtain_stats":[{"Golden Egg":8,"Replay:Accelerometer":52,"Whetstone":14,"Ginger":6,"Bottled Tornado":44,"Boot":53,"Sling":0,"Old Coin":47,"Blood Vial":20,"Replay:Wanted Poster":34,"Replay:Ringing Soul":54,"Sundial":28,"Replay:Bronze Core":34,"MealTicket":27,"Fusion Hammer":19,"Replay:Bottled Flurry":0,"Kunai":53,"Replay:Wax Seal":43,"Electric Blood":17,"Replay:Bottled Steam":6,"Pear":9,"Blue Candle":30,"Counterbalance":11,"Velvet Choker":19,"Eternal Feather":9,"Akabeko":27,"SlaversCollar":17,"Bird Faced Urn":12,"Pandora\u0027s Box":34,"Mark of Pain":0,"Kintsugi":17,"Abe\u0027s Treasure":17,"Unceasing Top":49,"Regal Pillow":9,"Lantern":14,"Singing Bowl":10,"Torii":0,"Magic Flower":11,"StoneCalendar":14,"Painkiller Herb":17,"Blue Doll":27,"King of Hearts":12,"Bag of Preparation":9,"Cursed Key":34,"Smiling Mask":24,"Ancient Tea Set":40,"Burning Blood":0,"Pet Ghost":23,"Replay:Rubber Ducky":0,"Matryoshka":0,"Shovel":46,"WingedGreaves":8,"Chemical X":41,"Replay:Bottled Eggs":27,"InkBottle":26,"Paper Frog":9,"Potion Belt":48,"Lee\u0027s Waffle":20,"Golden Idol":11,"Self Forming Clay":7,"Thread and Needle":50,"The Courier":14,"PreservedInsect":22,"Omamori":40,"Frozen Egg 2":0,"MawBank":26,"Busted Crown":17,"Ornamental Fan":50,"Orrery":0,"Turnip":46,"Art of War":40,"Garlic":32,"Champion Belt":56,"Bottled Lightning":9,"ReplayTheSpireMod:Lightbulb":0,"Toy Ornithopter":25,"Ice Cream":14,"Divine Protection":42,"Calipers":6,"Gremlin Horn":9,"CeramicFish":43,"Vajra":0,"Sozu":17,"Centennial Puzzle":9,"DollysMirror":43,"Strawberry":28,"Honey Jar":17,"Philosopher\u0027s Stone":17,"Iron Hammer":0,"Toxic Egg 2":9,"Girya":19,"Happy Flower":27,"ReplayTheSpireMod:CursedCoin":0,"Dead Branch":13,"Replay:Grab Bag":17,"Oddly Smooth Stone":26,"Charon\u0027s Ashes":39,"Letter Opener":25,"Replay:Kaleidoscope":50,"War Paint":8,"Question Card":0,"OrangePellets":53,"Replay:Baseball":38,"ReplayTheSpireMod:Spearhead":24,"ReplayTheSpireMod:Shallot":30,"Shuriken":55,"Bronze Scales":12,"Simple Rune":28,"Onion Ring":45,"Molten Egg 2":7,"ReplayTheSpireMod:TigerMarble":13,"Black Star":17,"Grinning Jar":25,"Pocketwatch":0,"Darkstone Periapt":5,"ReplayFunnel":19,"Iron Core":3,"Replay:PocketPolymizer":34,"Black Blood":17,"Mango":6,"Juzu Bracelet":42,"Incense Burner":12,"Replay:Mystery Machine":0,"ClockworkSouvenir":0,"Dream Catcher":43,"Nunchaku":38,"Replay:Bandana":0,"TheAbacus":0,"Chameleon Ring":24,"Mummified Hand":0,"Pantograph":23,"Gambling Chip":24,"Replay:Bottled Snecko":6,"Red Skull":6,"Runic Pyramid":34,"Gremlin Food":0,"BargainBundle":0,"Replay:Towering Pillar of Hats":0,"Quantum Egg":32,"Guide Book":53,"Replay:WaspNest":0,"Orichalcum":48,"Odd Mushroom":10,"Medical Kit":53,"White Beast Statue":0,"Mercury Hourglass":43,"Calling Bell":34,"Anchor":10,"CaptainsWheel":49,"ChewingGum":17,"Another Sword":42,"Snack Pack":8,"Bag of Marbles":12,"Membership Card":0,"TungstenRod":40,"FossilizedHelix":28},{"Golden Egg":68,"Replay:Accelerometer":153,"Whetstone":70,"Ginger":401,"Bottled Tornado":247,"Boot":153,"Sling":360,"Old Coin":88,"Blood Vial":26,"Replay:Wanted Poster":241,"Replay:Ringing Soul":220,"Sundial":108,"Replay:Bronze Core":311,"MealTicket":58,"Fusion Hammer":456,"Replay:Bottled Flurry":251,"Kunai":153,"Replay:Wax Seal":438,"Electric Blood":51,"Replay:Bottled Steam":364,"Pear":347,"Blue Candle":30,"Counterbalance":349,"Velvet Choker":72,"Eternal Feather":255,"Akabeko":138,"SlaversCollar":24,"Bird Faced Urn":22,"Pandora\u0027s Box":208,"Mark of Pain":0,"Kintsugi":352,"Abe\u0027s Treasure":102,"Unceasing Top":120,"Regal Pillow":275,"Lantern":324,"Singing Bowl":21,"Torii":186,"Magic Flower":49,"StoneCalendar":166,"Painkiller Herb":259,"Blue Doll":358,"King of Hearts":277,"Bag of Preparation":68,"Cursed Key":31,"Smiling Mask":106,"Ancient Tea Set":437,"Burning Blood":0,"Pet Ghost":56,"Replay:Rubber Ducky":93,"Matryoshka":93,"Shovel":151,"WingedGreaves":255,"Chemical X":114,"Replay:Bottled Eggs":78,"InkBottle":377,"Paper Frog":226,"Potion Belt":119,"Lee\u0027s Waffle":340,"Golden Idol":5,"Self Forming Clay":97,"Thread and Needle":90,"The Courier":7,"PreservedInsect":11,"Omamori":245,"Frozen Egg 2":14,"MawBank":106,"Busted Crown":8,"Ornamental Fan":120,"Orrery":330,"Turnip":38,"Art of War":36,"Garlic":109,"Champion Belt":92,"Bottled Lightning":129,"ReplayTheSpireMod:Lightbulb":93,"Toy Ornithopter":306,"Ice Cream":23,"Divine Protection":148,"Calipers":294,"Gremlin Horn":20,"CeramicFish":115,"Vajra":221,"Sozu":338,"Centennial Puzzle":5,"DollysMirror":469,"Strawberry":13,"Honey Jar":231,"Philosopher\u0027s Stone":167,"Iron Hammer":155,"Toxic Egg 2":192,"Girya":134,"Happy Flower":203,"ReplayTheSpireMod:CursedCoin":155,"Dead Branch":165,"Replay:Grab Bag":279,"Oddly Smooth Stone":57,"Charon\u0027s Ashes":213,"Letter Opener":266,"Replay:Kaleidoscope":474,"War Paint":163,"Question Card":221,"OrangePellets":219,"Replay:Baseball":83,"ReplayTheSpireMod:Spearhead":202,"ReplayTheSpireMod:Shallot":206,"Shuriken":91,"Bronze Scales":6,"Simple Rune":78,"Onion Ring":116,"Molten Egg 2":226,"ReplayTheSpireMod:TigerMarble":132,"Black Star":407,"Grinning Jar":137,"Pocketwatch":41,"Darkstone Periapt":18,"ReplayFunnel":103,"Iron Core":188,"Replay:PocketPolymizer":433,"Black Blood":279,"Mango":19,"Juzu Bracelet":87,"Incense Burner":131,"Replay:Mystery Machine":93,"ClockworkSouvenir":123,"Dream Catcher":37,"Nunchaku":83,"Replay:Bandana":123,"TheAbacus":61,"Chameleon Ring":170,"Mummified Hand":155,"Pantograph":12,"Gambling Chip":27,"Replay:Bottled Snecko":161,"Red Skull":47,"Runic Pyramid":142,"Gremlin Food":155,"BargainBundle":251,"Replay:Towering Pillar of Hats":444,"Quantum Egg":80,"Guide Book":249,"Replay:WaspNest":93,"Orichalcum":218,"Odd Mushroom":422,"Medical Kit":394,"White Beast Statue":155,"Mercury Hourglass":181,"Calling Bell":433,"Anchor":69,"CaptainsWheel":152,"ChewingGum":279,"Another Sword":181,"Snack Pack":48,"Bag of Marbles":257,"Membership Card":93,"TungstenRod":214,"FossilizedHelix":239},{"Golden Egg":270,"Replay:Accelerometer":693,"Whetstone":276,"Ginger":1860,"Bottled Tornado":1111,"Boot":693,"Sling":1690,"Old Coin":374,"Blood Vial":107,"Replay:Wanted Poster":1084,"Replay:Ringing Soul":1002,"Sundial":475,"Replay:Bronze Core":1396,"MealTicket":230,"Fusion Hammer":2097,"Replay:Bottled Flurry":1133,"Kunai":693,"Replay:Wax Seal":2016,"Electric Blood":208,"Replay:Bottled Steam":1707,"Pear":1608,"Blue Candle":123,"Counterbalance":1619,"Velvet Choker":287,"Eternal Feather":1149,"Akabeko":613,"SlaversCollar":100,"Bird Faced Urn":86,"Pandora\u0027s Box":935,"Mark of Pain":0,"Kintsugi":1635,"Abe\u0027s Treasure":449,"Unceasing Top":539,"Regal Pillow":1226,"Lantern":1469,"Singing Bowl":82,"Torii":830,"Magic Flower":200,"StoneCalendar":746,"Painkiller Herb":1169,"Blue Doll":1675,"King of Hearts":1234,"Bag of Preparation":270,"Cursed Key":130,"Smiling Mask":466,"Ancient Tea Set":2011,"Burning Blood":0,"Pet Ghost":224,"Replay:Rubber Ducky":411,"Matryoshka":411,"Shovel":679,"WingedGreaves":1149,"Chemical X":510,"Replay:Bottled Eggs":311,"InkBottle":1760,"Paper Frog":1023,"Potion Belt":538,"Lee\u0027s Waffle":1566,"Golden Idol":17,"Self Forming Clay":425,"Thread and Needle":385,"The Courier":25,"PreservedInsect":40,"Omamori":1101,"Frozen Egg 2":51,"MawBank":466,"Busted Crown":30,"Ornamental Fan":539,"Orrery":1509,"Turnip":156,"Art of War":146,"Garlic":481,"Champion Belt":400,"Bottled Lightning":578,"ReplayTheSpireMod:Lightbulb":411,"Toy Ornithopter":1366,"Ice Cream":93,"Divine Protection":660,"Calipers":1310,"Gremlin Horn":78,"CeramicFish":521,"Vajra":1010,"Sozu":1554,"Centennial Puzzle":17,"DollysMirror":2147,"Strawberry":48,"Honey Jar":1045,"Philosopher\u0027s Stone":751,"Iron Hammer":713,"Toxic Egg 2":857,"Girya":598,"Happy Flower":908,"ReplayTheSpireMod:CursedCoin":713,"Dead Branch":743,"Replay:Grab Bag":1251,"Oddly Smooth Stone":226,"Charon\u0027s Ashes":957,"Letter Opener":1198,"Replay:Kaleidoscope":2176,"War Paint":736,"Question Card":1010,"OrangePellets":999,"Replay:Baseball":343,"ReplayTheSpireMod:Spearhead":903,"ReplayTheSpireMod:Shallot":922,"Shuriken":395,"Bronze Scales":20,"Simple Rune":311,"Onion Ring":524,"Molten Egg 2":1023,"ReplayTheSpireMod:TigerMarble":589,"Black Star":1894,"Grinning Jar":609,"Pocketwatch":170,"Darkstone Periapt":65,"ReplayFunnel":454,"Iron Core":838,"Replay:PocketPolymizer":1997,"Black Blood":1251,"Mango":73,"Juzu Bracelet":367,"Incense Burner":585,"Replay:Mystery Machine":411,"ClockworkSouvenir":554,"Dream Catcher":151,"Nunchaku":343,"Replay:Bandana":554,"TheAbacus":244,"Chameleon Ring":764,"Mummified Hand":713,"Pantograph":44,"Gambling Chip":111,"Replay:Bottled Snecko":730,"Red Skull":189,"Runic Pyramid":629,"Gremlin Food":713,"BargainBundle":1133,"Replay:Towering Pillar of Hats":2046,"Quantum Egg":320,"Guide Book":1122,"Replay:WaspNest":411,"Orichalcum":988,"Odd Mushroom":1954,"Medical Kit":1829,"White Beast Statue":713,"Mercury Hourglass":808,"Calling Bell":1997,"Anchor":273,"CaptainsWheel":682,"ChewingGum":1251,"Another Sword":808,"Snack Pack":196,"Bag of Marbles":1159,"Membership Card":411,"TungstenRod":963,"FossilizedHelix":1074}]},"card_choices":[{"not_picked":["Heavy Blade","Replay:Undeath\u0027s Touch"],"picked":"True Grit","floor":1.0},{"not_picked":["Warcry","Armaments","Clash"],"picked":"SKIP","floor":2.0},{"not_picked":["True Grit","ReplayTheSpireMod:Strike From Hell"],"picked":"Whirlwind","floor":4.0},{"not_picked":["Warcry","Corruption","Wild Strike"],"picked":"SKIP","floor":5.0},{"not_picked":["Iron Wave","Run Through"],"picked":"ReplayTheSpireMod:Limb From Limb","floor":6.0},{"not_picked":["Havoc","Sever Soul","Twin Strike"],"picked":"SKIP","floor":7.0},{"not_picked":["Warcry","Reckless Charge"],"picked":"Offering","floor":8.0},{"not_picked":["Perfected Strike","Rampage","Carnage"],"picked":"Singing Bowl","floor":12.0},{"not_picked":["Headbutt","Thunderclap","Massacre"],"picked":"Singing Bowl","floor":13.0},{"not_picked":["Clash","Perfected Strike"],"picked":"Brutality","floor":15.0},{"not_picked":["Body Slam","ReplayTheSpireMod:Strike From Hell"],"picked":"Anger","floor":16.0},{"not_picked":["Feed","Demonic Infusion"],"picked":"Limit Break","floor":18.0},{"not_picked":["Dual Wield","ReplayTheSpireMod:Corrosion Curse","Metallicize"],"picked":"Singing Bowl","floor":20.0},{"not_picked":["Dual Wield","Twin Strike","Life Link"],"picked":"Singing Bowl","floor":21.0},{"not_picked":["Burning Pact","Replay:Undeath\u0027s Touch","Ghostly Armor"],"picked":"Singing Bowl","floor":23.0},{"not_picked":["Thunderclap","Cleave+1"],"picked":"Headbutt","floor":24.0},{"not_picked":["Anger+1","Hemokinesis","Dark Embrace"],"picked":"Singing Bowl","floor":25.0},{"not_picked":["Reckless Charge","Twin Strike"],"picked":"ReplayTheSpireMod:Stacked","floor":27.0},{"not_picked":["Rampage","Sever Soul","Life Link"],"picked":"Singing Bowl","floor":29.0},{"not_picked":["Clash","Dark Embrace","Reckless Charge"],"picked":"Singing Bowl","floor":30.0},{"not_picked":["Shockwave","ReplayTheSpireMod:Strike From Hell"],"picked":"Blood for Blood","floor":32.0},{"not_picked":["Anger","ReplayReversal","ReplayTheSpireMod:Strike From Hell"],"picked":"Singing Bowl","floor":34.0},{"not_picked":["Eclipse","Limit Break"],"picked":"Immolate","floor":35.0},{"not_picked":["Shrug It Off","Clash"],"picked":"Rage","floor":37.0},{"not_picked":["Fire Breathing+1","Whirlwind","Dual Wield"],"picked":"Singing Bowl","floor":39.0},{"not_picked":["Seeing Red","Armaments+1","Sever Soul"],"picked":"Singing Bowl","floor":41.0},{"not_picked":["Clothesline","Thunderclap","Shockwave"],"picked":"Singing Bowl","floor":42.0},{"not_picked":["Twin Strike+1","ReplayTheSpireMod:Strike From Hell+1","Havoc"],"picked":"Singing Bowl","floor":44.0},{"not_picked":["Combust","Heavy Blade"],"picked":"Reaper","floor":46.0},{"not_picked":["ReplayTheSpireMod:Muscle Training","Headbutt"],"picked":"Fiend Fire","floor":47.0},{"not_picked":["ReplayTheSpireMod:Strike From Hell+1","Heavy Blade","Cleave"],"picked":"Singing Bowl","floor":48.0},{"not_picked":["Flex","True Grit","Headbutt+1"],"picked":"Singing Bowl","floor":49.0},{"not_picked":["Metallicize","Demonic Infusion","Warcry"],"picked":"Singing Bowl","floor":50.0},{"not_picked":["Abandon","Warcry+1","Pummel"],"picked":"Singing Bowl","floor":51.0},{"not_picked":["Thunderclap","ReplayTheSpireMod:LeadingStrike+1"],"picked":"Spot Weakness","floor":54.0},{"not_picked":["Double Tap","Armaments"],"picked":"Dual Wield+1","floor":56}],"player_experience":4088534,"relics_obtained":[{"floor":6.0,"key":"Quantum Egg"},{"floor":8.0,"key":"Eternal Feather"},{"floor":11.0,"key":"Singing Bowl"},{"floor":12.0,"key":"Anchor"},{"floor":15.0,"key":"Pear"},{"floor":25.0,"key":"Dream Catcher"},{"floor":27.0,"key":"Regal Pillow"},{"floor":29.0,"key":"Letter Opener"},{"floor":42.0,"key":"Strawberry"},{"floor":44.0,"key":"FossilizedHelix"},{"floor":45.0,"key":"Replay:WaspNest"},{"floor":47.0,"key":"Pet Ghost"},{"floor":50.0,"key":"Replay:Kaleidoscope"},{"floor":56,"key":"Blood Vial"}],"event_choices":[{"cards_removed":["Metallicize"],"damage_healed":0.0,"max_hp_gain":0.0,"max_hp_loss":0.0,"gold_gain":0.0,"event_name":"WeMeetAgain","player_choice":"Gave Card","floor":3.0,"gold_loss":0.0,"damage_taken":0.0,"relics_obtained":["Omamori"]},{"damage_healed":0.0,"max_hp_gain":0.0,"max_hp_loss":0.0,"gold_gain":0.0,"event_name":"The Woman in Blue","player_choice":"Bought 0 Potions","floor":22.0,"gold_loss":0.0,"damage_taken":0.0},{"cards_removed":["Strike_R"],"damage_healed":0.0,"max_hp_gain":0.0,"max_hp_loss":0.0,"gold_gain":0.0,"event_name":"Bonfire Elementals","player_choice":"Offered Basic","floor":31.0,"gold_loss":0.0,"damage_taken":0.0},{"cards_removed":["Strike_R"],"damage_healed":0.0,"max_hp_gain":0.0,"max_hp_loss":0.0,"gold_gain":0.0,"event_name":"Designer","player_choice":"Single Remove","floor":38.0,"gold_loss":75.0,"damage_taken":0.0},{"cards_removed":["Anger"],"damage_healed":0.0,"max_hp_gain":0.0,"max_hp_loss":0.0,"gold_gain":0.0,"event_name":"Falling","player_choice":"Removed Attack","floor":40.0,"gold_loss":0.0,"damage_taken":0.0}],"is_beta":false,"boss_relics":[{"not_picked":["Replay:Ancient Bell","Replay:Bronze Core"],"picked":"Fusion Hammer"},{"not_picked":["Ring of Chaos","Pandora\u0027s Box"],"picked":"Cursed Key"}],"items_purged_floors":[0,33,43],"is_endless":false,"potions_floor_spawned":[4,7,12,13,16,18,23,25,27,32,35,39,41,44,46,50],"ascension_level":15}}