{"host":"hw4a6ivmtgcf119c","time":1612493025,"event":{"mods":["Abigail Mod","Aspiration","Astrologer","BaseMod","Better Third Choice","BetterRewards","Conspire","DeckTracker","Energized Spire","Gremlin Mod","Halation","Hermit","Hubris","Jorbs\u0027s Wanderer Trilogy","Marisa????????","Minty Spire (QoL Compilation)","Rare Cards Sparkle","StSLib","The Alterego","The Animator","The Bladedancer","The Cursed","The Disciple","The Hayseed","The Hierophant","The Marked","The Mystic","The Necromancer","The Poker Player","The Servant 0.9.4","The Spell Scribe","WarShipGirlsR/????R mod"],"gold_per_floor":[119,130,54,0,100,128,142,154,178,178,178,213,213,241,241,341,341,352,332,332,10,25,57,57,86,86,113,113,113,113,113,113,209,209,225,279,48,61,90,121,140,170,220,220,220,140,164,193,205,217],"floor_reached":51,"language":"ENG","playtime":4009,"items_purged":["astrologer:Defend","astrologer:Strike","astrologer:Strike"],"score":1022,"play_id":"f4d6a50d-0957-43ed-a922-401d5032a4d2","local_time":"20210204204345","is_ascension_mode":true,"campfire_choices":[{"data":"astrologer:CosmicExpanse","floor":11,"key":"SMITH"},{"floor":15,"key":"REST"},{"data":"conspire:Banana","floor":24,"key":"SMITH"},{"data":"Enlightenment","floor":32,"key":"SMITH"},{"floor":44,"key":"REST"},{"floor":49,"key":"REST"}],"circlet_count":0,"master_deck":["astrologer:Strike","astrologer:Strike","astrologer:Defend","astrologer:Defend","astrologer:Defend","astrologer:NorthStar","astrologer:TheFool","astrologer:Prestidigitation","astrologer:NeutronStar","astrologer:Fireball","Enlightenment+1","astrologer:CosmicExpanse+1","astrologer:Conjunction","astrologer:Conjunction","astrologer:Stardust","astrologer:Stardust","astrologer:Starfield","astrologer:ShiningStar","astrologer:TheMoon","astrologer:HeatDeath","astrologer:TheStar+1","conspire:Banana+1","astrologer:SolarFlare","astrologer:Conjunction","astrologer:Novile","astrologer:SpaceDust","astrologer:Premonition","astrologer:TheSun+1","astrologer:ReadTheStars","astrologer:Novile+1","Panache","astrologer:Cataclysm+1","astrologer:ReadTheStars+1","astrologer:TheMagician+1","astrologer:Moonlight+1","astrologer:NeutronStar+1","astrologer:TheStar+1"],"relics":["astrologer:SkyMirror","FossilizedHelix","Tiny Chest","hubris:Towel","aspiration:HummingbirdHeart","hubris:FruitBowl","Strawberry","Velvet Choker","Dead Branch","hubris:FunFungus","Centennial Puzzle","Mango","Lantern","MutagenicStrength","hubris:Icosahedron","Molten Egg 2","conspire:SpecialSausage","CatCart","Mummified Hand","Thread and Needle","The Courier","conspire:TopHat","MawBank"],"acts_visited":["Exordium","TheCity","TheBeyond"],"potions_floor_usage":[6,14,36,36,41],"damage_taken":[{"damage":0,"enemies":"2 Louse","floor":1,"turns":3},{"damage":2,"enemies":"Small Slimes","floor":2,"turns":3},{"damage":31,"enemies":"Lagavulin","floor":6,"turns":5},{"damage":0,"enemies":"Cultist","floor":7,"turns":3},{"damage":0,"enemies":"Blue Slaver","floor":8,"turns":3},{"damage":8,"enemies":"Gremlin Nob","floor":12,"turns":4},{"damage":11,"enemies":"Lagavulin","floor":14,"turns":6},{"damage":5,"enemies":"Slime Boss","floor":16,"turns":12},{"damage":0,"enemies":"conspire:FuzzyDice","floor":18,"turns":5},{"damage":0,"enemies":"Shell Parasite","floor":22,"turns":5},{"damage":0,"enemies":"conspire:Head Lice","floor":23,"turns":4},{"damage":0,"enemies":"conspire:SneckoGhost","floor":25,"turns":4},{"damage":0,"enemies":"conspire:Head Lice","floor":27,"turns":5},{"damage":4,"enemies":"Champ","floor":33,"turns":8},{"damage":0,"enemies":"3 Shapes","floor":35,"turns":6},{"damage":105,"enemies":"Orin","floor":36,"turns":11},{"damage":0,"enemies":"Orb Walker","floor":38,"turns":3},{"damage":16,"enemies":"conspire:MimicChest","floor":39,"turns":7},{"damage":4,"enemies":"Nemesis","floor":40,"turns":5},{"damage":0,"enemies":"Writhing Mass","floor":41,"turns":5},{"damage":17,"enemies":"Giant Head","floor":42,"turns":8},{"damage":0,"enemies":"Nemesis","floor":48,"turns":5},{"damage":39,"enemies":"Awakened One","floor":50,"turns":11}],"seed_played":"-6047870386060706074","potions_obtained":[{"floor":2,"key":"Swift Potion"},{"floor":6,"key":"SkillPotion"},{"floor":14,"key":"DistilledChaos"},{"floor":23,"key":"Explosive Potion"},{"floor":35,"key":"Weak Potion"},{"floor":38,"key":"SteroidPotion"},{"floor":42,"key":"SpeedPotion"},{"floor":45,"key":"Energy Potion"},{"floor":45,"key":"Energy Potion"},{"floor":45,"key":"ColorlessPotion"}],"is_trial":false,"path_per_floor":["M","M","$","?","?","E","M","M","T","?","R","E","$","E","R","B",null,"M","?","T","$","M","E","R","E","T","E","?","?","?","T","R","B",null,"M","?","$","M","?","E","M","E","T","R","?","$","T","E","R","B",null],"character_chosen":"ASTROLOGER","items_purchased":["astrologer:Fireball","hubris:FruitBowl","astrologer:TheStar","conspire:Banana","astrologer:SolarFlare","astrologer:Conjunction","Panache","astrologer:Cataclysm+1"],"campfire_rested":3,"item_purchase_floors":[3,13,21,21,21,21,37,37],"current_hp_per_floor":[77,75,75,81,81,50,50,50,50,50,50,42,18,17,44,39,93,93,93,93,93,94,95,95,98,119,122,122,122,122,122,122,122,125,128,37,37,42,37,45,54,52,52,95,95,95,95,102,146,122],"gold":229,"neow_bonus":"TEN_PERCENT_HP_BONUS","is_daily":false,"chose_seed":false,"campfire_upgraded":3,"win_rate":0.0,"timestamp":1612493025,"path_taken":["M","M","$","?","?","E","M","?","T","?","R","E","?","E","R","BOSS","M","?","?","$","M","E","R","E","T","E","?","?","?","?","R","BOSS","M","?","$","M","?","E","M","E","T","R","?","$","?","E","R","BOSS"],"items_purchased_type":["Card","Relic","Card","Card","Card","Card","Card","Card"],"build_version":"2020-12-22","purchased_purges":3,"victory":true,"max_hp_per_floor":[77,77,77,83,83,83,83,83,83,83,83,83,83,93,93,93,93,93,93,93,93,94,95,95,98,119,122,122,122,122,122,122,125,125,128,134,134,134,137,140,143,146,146,146,146,146,146,149,149,152],"card_choices":[{"not_picked":["astrologer:ReadTheStars","astrologer:Eclipse"],"picked":"astrologer:Prestidigitation","floor":1},{"not_picked":["astrologer:MeteorShower","astrologer:Stardust"],"picked":"astrologer:NeutronStar","floor":2},{"not_picked":["astrologer:Stardust","astrologer:Opposition"],"picked":"astrologer:CosmicExpanse","floor":6},{"not_picked":["astrologer:CometStrike","astrologer:Divination"],"picked":"astrologer:Conjunction","floor":7},{"not_picked":["astrologer:Divination","astrologer:Eclipse"],"picked":"astrologer:Conjunction","floor":8},{"not_picked":["astrologer:Radiance","astrologer:Still"],"picked":"astrologer:Stardust","floor":12},{"not_picked":["astrologer:TheMoon","astrologer:SolarFlare"],"picked":"astrologer:Stardust","floor":14},{"not_picked":["astrologer:BlackHole","astrologer:Trine"],"picked":"astrologer:Starfield","floor":16},{"not_picked":["astrologer:CometStrike+1","astrologer:Eclipse"],"picked":"astrologer:ShiningStar","floor":18},{"not_picked":[],"picked":"astrologer:TheMoon","floor":19},{"not_picked":[],"picked":"astrologer:HeatDeath","floor":19},{"not_picked":["astrologer:Opposition","astrologer:Radiance+1","astrologer:StarOfMisfortune"],"picked":"SKIP","floor":22},{"not_picked":["astrologer:SpaceDust","astrologer:HeatDeath"],"picked":"astrologer:Novile","floor":23},{"not_picked":["astrologer:MeteorShower+1","astrologer:Observe+1"],"picked":"astrologer:SpaceDust","floor":25},{"not_picked":["astrologer:Quincunx+1","astrologer:Temperance"],"picked":"astrologer:Premonition","floor":27},{"not_picked":["astrologer:HeatDeath+1","astrologer:Fate"],"picked":"astrologer:TheSun+1","floor":33},{"not_picked":["astrologer:MeteorShower+1","astrologer:Conjunction"],"picked":"astrologer:ReadTheStars","floor":35},{"not_picked":["astrologer:CometStrike+1","astrologer:WheelofFortune"],"picked":"astrologer:Novile+1","floor":36},{"not_picked":["astrologer:Opposition+1","astrologer:WheelofFortune"],"picked":"astrologer:ReadTheStars+1","floor":38},{"not_picked":["astrologer:SpaceDust+1","astrologer:GlassStar"],"picked":"astrologer:TheMagician+1","floor":40},{"not_picked":["astrologer:FrozenStar","astrologer:StarOfRegret+1"],"picked":"astrologer:Moonlight+1","floor":41},{"not_picked":["astrologer:Moonlight+1","astrologer:Stardust+1"],"picked":"astrologer:NeutronStar+1","floor":42},{"not_picked":["astrologer:Fireball+1","astrologer:TheLovers+1"],"picked":"astrologer:TheStar+1","floor":48}],"player_experience":428926,"relics_obtained":[{"floor":6,"key":"FossilizedHelix"},{"floor":9,"key":"Tiny Chest"},{"floor":12,"key":"aspiration:HummingbirdHeart"},{"floor":14,"key":"Strawberry"},{"floor":20,"key":"Dead Branch"},{"floor":23,"key":"hubris:FunFungus"},{"floor":25,"key":"Centennial Puzzle"},{"floor":26,"key":"Mango"},{"floor":27,"key":"Lantern"},{"floor":31,"key":"Molten Egg 2"},{"floor":36,"key":"CatCart"},{"floor":39,"key":"Mummified Hand"},{"floor":40,"key":"Thread and Needle"},{"floor":42,"key":"The Courier"},{"floor":43,"key":"conspire:TopHat"},{"floor":48,"key":"MawBank"}],"event_choices":[{"damage_healed":0,"gold_gain":0,"player_choice":"RENOUNCE","damage_taken":54,"max_hp_gain":0,"max_hp_loss":0,"event_name":"betterThird:BetterSerpent","floor":4,"gold_loss":54,"cards_obtained":["Enlightenment"]},{"damage_healed":0,"gold_gain":100,"player_choice":"Gold","damage_taken":0,"max_hp_gain":0,"max_hp_loss":0,"event_name":"Wheel of Change","floor":5,"gold_loss":0},{"damage_healed":0,"gold_gain":0,"player_choice":"Inject Mutagens","damage_taken":0,"relics_obtained":["MutagenicStrength"],"max_hp_gain":0,"max_hp_loss":0,"event_name":"Drug Dealer","floor":28,"gold_loss":0},{"damage_healed":0,"gold_gain":0,"player_choice":"Upgraded","damage_taken":0,"max_hp_gain":0,"max_hp_loss":0,"event_name":"Upgrade Shrine","floor":30,"gold_loss":0,"cards_upgraded":["astrologer:TheStar"]},{"damage_healed":0,"gold_gain":0,"player_choice":"Fight","damage_taken":0,"max_hp_gain":0,"max_hp_loss":0,"event_name":"OrinTheCat","floor":36,"gold_loss":0},{"damage_healed":0,"gold_gain":0,"player_choice":"Got Potions","damage_taken":0,"max_hp_gain":0,"max_hp_loss":0,"event_name":"Lab","floor":45,"gold_loss":0}],"is_beta":false,"boss_relics":[{"not_picked":["Busted Crown","energizedSpire:StickyHand"],"picked":"Velvet Choker"},{"not_picked":["energizedSpire:OgreHead","hubris:BlackHole"],"picked":"conspire:SpecialSausage"}],"items_purged_floors":[13,21,46],"is_endless":false,"potions_floor_spawned":[2,6,14,23,35,38,42,48],"ascension_level":1}}