{"host":"q9718omregw4er46","time":1612559261,"event":{"mods":["BaseMod","Bestiary","Minty Spire (QoL Compilation)","Quick Restart","Relic Stats"],"gold_per_floor":[114,134,209,225,236,236,267,267,336,261,261,261,291,311,311,390,390,402,402,133,133,151,178,178,206,206,206,234,234,251,279,279,356,356,367,382,282,297,297,297,331,331,358,374,386,386,29,49,49,49,49],"floor_reached":50,"language":"ENG","playtime":1931,"items_purged":["Strike_P","Strike_P"],"score":1116,"play_id":"57b902df-67b5-4431-ac23-fd4cb554c110","local_time":"20210206020741","is_ascension_mode":true,"campfire_choices":[{"data":"SashWhip","floor":6.0,"key":"SMITH"},{"floor":8.0,"key":"DIG"},{"floor":12.0,"key":"DIG"},{"floor":15.0,"key":"DIG"},{"floor":24,"key":"DIG"},{"floor":27,"key":"REST"},{"floor":32,"key":"REST"},{"floor":40,"key":"DIG"},{"floor":42,"key":"DIG"},{"floor":46,"key":"RECALL"},{"floor":49,"key":"DIG"}],"circlet_count":0,"master_deck":["AscendersBane","Strike_P+1","Defend_P","Defend_P","Defend_P","Defend_P","Eruption+1","Vigilance","SashWhip+1","Consecrate","Wireheading","Wallop","Blasphemy+1","TalkToTheHand","Ragnarok","MentalFortress","EmptyMind","CutThroughFate","FearNoEvil+1","Vault+1","LessonLearned+1","MentalFortress","EmptyMind+1","Decay","Conclude+1","ReachHeaven+1","CutThroughFate+1"],"relics":["Velvet Choker","Shovel","Toy Ornithopter","StrikeDummy","Kunai","CaptainsWheel","Fusion Hammer","Enchiridion","Shuriken","Mercury Hourglass","Boot","Gremlin Horn","Matryoshka","MealTicket","Snecko Eye","Bottled Flame","White Beast Statue","Darkstone Periapt","Ornamental Fan","CeramicFish","Molten Egg 2","Anchor"],"acts_visited":["Exordium","TheCity","TheBeyond"],"potions_floor_usage":[23,23,28,41],"damage_taken":[{"damage":0.0,"enemies":"Cultist","floor":1.0,"turns":3.0},{"damage":0.0,"enemies":"2 Louse","floor":2.0,"turns":3.0},{"damage":1.0,"enemies":"Jaw Worm","floor":4.0,"turns":3.0},{"damage":3.0,"enemies":"Blue Slaver","floor":5.0,"turns":3.0},{"damage":15.0,"enemies":"Lagavulin","floor":7.0,"turns":6.0},{"damage":7.0,"enemies":"3 Sentries","floor":13.0,"turns":5.0},{"damage":11.0,"enemies":"Looter","floor":14.0,"turns":3.0},{"damage":5.0,"enemies":"Hexaghost","floor":16.0,"turns":9.0},{"damage":1,"enemies":"Spheric Guardian","floor":18,"turns":3},{"damage":0,"enemies":"Chosen","floor":22,"turns":1},{"damage":7,"enemies":"Slavers","floor":23,"turns":2},{"damage":16,"enemies":"Gremlin Leader","floor":25,"turns":4},{"damage":11,"enemies":"Book of Stabbing","floor":28,"turns":6},{"damage":1,"enemies":"Snecko","floor":30,"turns":4},{"damage":9,"enemies":"Gremlin Leader","floor":31,"turns":4},{"damage":20,"enemies":"Collector","floor":33,"turns":7},{"damage":2,"enemies":"3 Darklings","floor":35,"turns":4},{"damage":0,"enemies":"Orb Walker","floor":36,"turns":4},{"damage":17,"enemies":"4 Shapes","floor":38,"turns":3},{"damage":5,"enemies":"Reptomancer","floor":41,"turns":8},{"damage":26,"enemies":"Spire Growth","floor":44,"turns":5},{"damage":0,"enemies":"Maw","floor":45,"turns":7},{"damage":12,"enemies":"3 Darklings","floor":48,"turns":5},{"damage":45,"enemies":"Awakened One","floor":50,"turns":10}],"seed_played":"-6166269547566248424","potions_obtained":[{"floor":2.0,"key":"EssenceOfSteel"},{"floor":7.0,"key":"SkillPotion"},{"floor":14.0,"key":"DistilledChaos"},{"floor":25,"key":"SkillPotion"},{"floor":28,"key":"FearPotion"},{"floor":30,"key":"Swift Potion"},{"floor":35,"key":"Regen Potion"},{"floor":44,"key":"SteroidPotion"},{"floor":45,"key":"PowerPotion"}],"is_trial":false,"path_per_floor":["M","M","?","M","M","R","E","R","T","?","?","R","E","M","R","B",null,"M","?","$","?","M","E","R","E","T","R","E","?","M","E","R","B",null,"M","M","$","M","?","R","E","R","T","M","M","R","$","M","R","B"],"character_chosen":"WATCHER","items_purchased":["Ragnarok","MentalFortress","Molten Egg 2","ReachHeaven+1"],"campfire_rested":2,"item_purchase_floors":[20,20,47,47],"current_hp_per_floor":[61,61,50,49,46,46,31,31,31,31,31,31,29,18,18,13,54,53,32,32,32,32,35,35,19,19,39,33,14,13,4,25,5,56,54,54,69,52,52,52,67,67,67,41,41,41,56,44,44,0,0],"gold":49,"neow_bonus":"BOSS_RELIC","is_daily":false,"chose_seed":false,"campfire_upgraded":1,"win_rate":0.0,"timestamp":1612559261,"path_taken":["M","M","?","M","M","R","E","R","T","?","?","R","E","M","R","BOSS","M","?","$","?","M","E","R","E","T","R","E","?","M","E","R","BOSS","M","M","$","M","?","R","E","R","T","M","?","R","$","M","R","BOSS"],"items_purchased_type":["Card","Card","Relic","Card"],"build_version":"2020-12-22","purchased_purges":2,"victory":false,"max_hp_per_floor":[68,68,68,68,68,68,68,68,68,68,68,68,68,68,68,68,68,68,68,68,68,68,68,68,68,68,68,68,73,73,73,73,73,73,73,73,73,73,73,73,73,73,73,73,73,73,73,73,73,73,73],"relic_stats":{"Darkstone Periapt":0,"Gremlin Horn":[21,21],"counters":[24,112],"CeramicFish":18,"Boot":[10],"Mercury Hourglass":[371],"Shovel":7,"Shuriken":[38],"Ornamental Fan":[56],"Snecko Eye":[99,89,77,83],"MealTicket":30,"Kunai":[46],"obtain_stats":[{"Darkstone Periapt":42,"Gremlin Horn":26,"CeramicFish":43,"Velvet Choker":0,"Enchiridion":19,"Boot":25,"White Beast Statue":41,"Mercury Hourglass":24,"CaptainsWheel":15,"Bottled Flame":40,"Anchor":49,"Shovel":7,"Matryoshka":28,"Shuriken":23,"Ornamental Fan":43,"Snecko Eye":34,"MealTicket":31,"Molten Egg 2":47,"Fusion Hammer":17,"Kunai":13,"PureWater":0,"StrikeDummy":12,"Toy Ornithopter":8},{"Darkstone Periapt":20,"Gremlin Horn":12,"CeramicFish":20,"Velvet Choker":0,"Enchiridion":9,"Boot":12,"White Beast Statue":20,"Mercury Hourglass":11,"CaptainsWheel":7,"Bottled Flame":19,"Anchor":23,"Shovel":5,"Matryoshka":13,"Shuriken":11,"Ornamental Fan":20,"Snecko Eye":16,"MealTicket":15,"Molten Egg 2":22,"Fusion Hammer":8,"Kunai":6,"PureWater":0,"StrikeDummy":5,"Toy Ornithopter":5},{"Darkstone Periapt":85,"Gremlin Horn":45,"CeramicFish":85,"Velvet Choker":0,"Enchiridion":38,"Boot":45,"White Beast Statue":85,"Mercury Hourglass":41,"CaptainsWheel":26,"Bottled Flame":77,"Anchor":102,"Shovel":18,"Matryoshka":51,"Shuriken":41,"Ornamental Fan":85,"Snecko Eye":66,"MealTicket":59,"Molten Egg 2":97,"Fusion Hammer":35,"Kunai":23,"PureWater":0,"StrikeDummy":18,"Toy Ornithopter":18}],"Toy Ornithopter":25},"card_choices":[{"not_picked":["Prostrate","EmptyBody"],"picked":"SashWhip","floor":1.0},{"not_picked":["FollowUp","Halt"],"picked":"Consecrate","floor":2.0},{"not_picked":["Consecrate","Nirvana","EmptyBody"],"picked":"SKIP","floor":4.0},{"not_picked":["Consecrate","Collect"],"picked":"Wireheading","floor":5.0},{"not_picked":["Pray","Brilliance","Consecrate"],"picked":"SKIP","floor":7.0},{"not_picked":["ThirdEye","ClearTheMind"],"picked":"Wallop","floor":13.0},{"not_picked":["CrushJoints","ForeignInfluence","ClearTheMind"],"picked":"SKIP","floor":14.0},{"not_picked":["SpiritShield","MasterReality"],"picked":"Blasphemy","floor":16.0},{"not_picked":["ClearTheMind","FlyingSleeves"],"picked":"TalkToTheHand","floor":18},{"not_picked":["BattleHymn+1","FlurryOfBlows","CrushJoints"],"picked":"SKIP","floor":22},{"not_picked":["WreathOfFlame","LikeWater"],"picked":"EmptyMind","floor":23},{"not_picked":["CrushJoints","FollowUp","Consecrate"],"picked":"SKIP","floor":25},{"not_picked":["Protect","MasterReality"],"picked":"CutThroughFate","floor":28},{"not_picked":["Study","Crescendo+1"],"picked":"FearNoEvil","floor":30},{"not_picked":["EmptyFist","Protect"],"picked":"Vault","floor":31},{"not_picked":["MasterReality","Establishment"],"picked":"LessonLearned","floor":33},{"not_picked":["JustLucky+1","Crescendo"],"picked":"MentalFortress","floor":35},{"not_picked":["PathToVictory","Prostrate+1","Halt"],"picked":"SKIP","floor":36},{"not_picked":["FlyingSleeves","SashWhip"],"picked":"EmptyMind+1","floor":38},{"not_picked":["FearNoEvil","ClearTheMind+1"],"picked":"Conclude","floor":41},{"not_picked":["PathToVictory","JustLucky","EmptyMind+1"],"picked":"SKIP","floor":44},{"not_picked":["ClearTheMind","Evaluate","JustLucky"],"picked":"SKIP","floor":45},{"not_picked":["SpiritShield","FlyingSleeves+1"],"picked":"CutThroughFate+1","floor":48}],"player_experience":781950,"relics_obtained":[{"floor":7.0,"key":"Shovel"},{"floor":8.0,"key":"Toy Ornithopter"},{"floor":12.0,"key":"StrikeDummy"},{"floor":13.0,"key":"Kunai"},{"floor":15.0,"key":"CaptainsWheel"},{"floor":19,"key":"Enchiridion"},{"floor":23,"key":"Shuriken"},{"floor":24,"key":"Mercury Hourglass"},{"floor":25,"key":"Boot"},{"floor":26,"key":"Gremlin Horn"},{"floor":28,"key":"Matryoshka"},{"floor":31,"key":"MealTicket"},{"floor":40,"key":"Bottled Flame"},{"floor":41,"key":"White Beast Statue"},{"floor":42,"key":"Darkstone Periapt"},{"floor":43,"key":"Ornamental Fan"},{"floor":43,"key":"CeramicFish"},{"floor":49,"key":"Anchor"}],"event_choices":[{"damage_healed":0.0,"max_hp_gain":0.0,"max_hp_loss":0.0,"gold_gain":75.0,"event_name":"World of Goop","player_choice":"Gather Gold","floor":3.0,"gold_loss":0.0,"damage_taken":11.0},{"cards_removed":["Strike_P"],"damage_healed":0.0,"max_hp_gain":0.0,"max_hp_loss":0.0,"gold_gain":0.0,"event_name":"The Cleric","player_choice":"Card Removal","floor":10.0,"gold_loss":75.0,"damage_taken":0.0},{"damage_healed":0.0,"max_hp_gain":0.0,"max_hp_loss":0.0,"gold_gain":0.0,"event_name":"Liars Game","player_choice":"Ignored","floor":11.0,"gold_loss":0.0,"damage_taken":0.0},{"damage_healed":0,"gold_gain":0,"player_choice":"Obtained Book","damage_taken":21,"max_hp_gain":0,"max_hp_loss":0,"event_name":"Cursed Tome","floor":19,"gold_loss":0},{"damage_healed":0,"gold_gain":0,"player_choice":"Ignored","damage_taken":0,"max_hp_gain":0,"max_hp_loss":0,"event_name":"The Mausoleum","floor":21,"gold_loss":0},{"damage_healed":0,"gold_gain":0,"player_choice":"Shed Blood","damage_taken":24,"max_hp_gain":5,"max_hp_loss":0,"event_name":"Forgotten Altar","floor":29,"gold_loss":0},{"damage_healed":0,"gold_gain":0,"player_choice":"Cursed","damage_taken":0,"max_hp_gain":0,"max_hp_loss":0,"event_name":"Wheel of Change","floor":39,"gold_loss":0,"cards_obtained":["Decay"]}],"is_beta":false,"boss_relics":[{"not_picked":["Cursed Key","SacredBark"],"picked":"Fusion Hammer"},{"not_picked":["Astrolabe","Runic Dome"],"picked":"Snecko Eye"}],"items_purged_floors":[20,37],"is_endless":false,"potions_floor_spawned":[2,7,14,25,28,30,35,36,44,45,48],"killed_by":"Awakened One","ascension_level":20}}