{"host":"rolltorest","time":1612559238,"event":{"mods":["BaseMod","Minty Spire (QoL Compilation)","Relic Stats","Slay the Relics Exporter","StSLib"],"gold_per_floor":[12,31,48,48,13,38,38,73,73,85,85,85,111,111,111,185,185,201,201,201,201,212,242,242,268,268,25,43,43,56,85,85,159,159,169,180,200,200,210,230,260,260,260,260,285,285,299,332,332,332,332,332,332,90,124,124,124],"floor_reached":56,"language":"ENG","playtime":2123,"items_purged":["Strike_G","Strike_G"],"score":2176,"play_id":"f9afe4ed-87f8-4fef-93e2-6ea2e4f2ba6e","local_time":"20210205130718","is_ascension_mode":true,"campfire_choices":[{"data":"Accuracy","floor":11,"key":"SMITH"},{"data":"Blade Dance","floor":15,"key":"SMITH"},{"data":"Wraith Form v2","floor":24,"key":"SMITH"},{"data":"Accuracy","floor":29,"key":"SMITH"},{"data":"Accuracy","floor":32,"key":"SMITH"},{"data":"Calculated Gamble","floor":42,"key":"SMITH"},{"data":"Blade Dance","floor":44,"key":"SMITH"},{"data":"Storm of Steel","floor":46,"key":"SMITH"},{"floor":49,"key":"RECALL"},{"data":"Blade Dance","floor":53,"key":"SMITH"}],"circlet_count":0,"master_deck":["AscendersBane","Strike_G","Strike_G","Strike_G+1","Defend_G","Defend_G","Defend_G","Defend_G","Defend_G","Survivor","Neutralize+1","Storm of Steel+1","Accuracy+1","Leg Sweep","Blade Dance+1","Poisoned Stab","Noxious Fumes","Deflect","Wraith Form v2+1","Underhanded Strike+1","Necronomicurse","Accuracy+1","Skewer+1","Accuracy+1","PiercingWail","Predator+1","Malaise","Blade Dance+1","Calculated Gamble+1","PiercingWail","Tools of the Trade","Blade Dance+1","Backflip","PiercingWail"],"relics":["Ring of the Snake","Ninja Scroll","Bag of Marbles","Kunai","Toy Ornithopter","Molten Egg 2","CultistMask","Runic Pyramid","Necronomicon","Oddly Smooth Stone","Meat on the Bone","Whetstone","Chemical X","Anchor","Coffee Dripper","Orichalcum","Smiling Mask","Ancient Tea Set","Pen Nib"],"acts_visited":["Exordium","TheCity","TheBeyond","TheEnding"],"potions_floor_usage":[6,8,33,41,48,48,51,56,56],"damage_taken":[{"damage":11,"enemies":"Jaw Worm","floor":1,"turns":7},{"damage":12,"enemies":"Small Slimes","floor":2,"turns":2},{"damage":7,"enemies":"Cultist","floor":3,"turns":4},{"damage":11,"enemies":"Gremlin Nob","floor":6,"turns":3},{"damage":0,"enemies":"3 Sentries","floor":8,"turns":7},{"damage":0,"enemies":"Blue Slaver","floor":10,"turns":2},{"damage":0,"enemies":"Gremlin Nob","floor":13,"turns":3},{"damage":17,"enemies":"Slime Boss","floor":16,"turns":11},{"damage":0,"enemies":"Chosen","floor":18,"turns":1},{"damage":0,"enemies":"2 Thieves","floor":22,"turns":1},{"damage":0,"enemies":"Book of Stabbing","floor":23,"turns":3},{"damage":5,"enemies":"Slavers","floor":25,"turns":4},{"damage":6,"enemies":"Shelled Parasite and Fungi","floor":28,"turns":2},{"damage":0,"enemies":"Cultist and Chosen","floor":30,"turns":3},{"damage":12,"enemies":"Book of Stabbing","floor":31,"turns":4},{"damage":16,"enemies":"Automaton","floor":33,"turns":7},{"damage":1,"enemies":"3 Darklings","floor":35,"turns":6},{"damage":0,"enemies":"3 Shapes","floor":36,"turns":4},{"damage":0,"enemies":"Transient","floor":37,"turns":6},{"damage":0,"enemies":"Writhing Mass","floor":39,"turns":5},{"damage":0,"enemies":"Maw","floor":40,"turns":4},{"damage":22,"enemies":"Nemesis","floor":41,"turns":7},{"damage":0,"enemies":"Giant Head","floor":45,"turns":7},{"damage":0,"enemies":"3 Darklings","floor":47,"turns":2},{"damage":3,"enemies":"Reptomancer","floor":48,"turns":5},{"damage":13,"enemies":"Awakened One","floor":50,"turns":16},{"damage":12,"enemies":"Donu and Deca","floor":51,"turns":8},{"damage":20,"enemies":"Shield and Spear","floor":55,"turns":5},{"damage":67,"enemies":"The Heart","floor":56,"turns":9}],"seed_played":"-571049656652333934","potions_obtained":[{"floor":1,"key":"Poison Potion"},{"floor":2,"key":"DistilledChaos"},{"floor":13,"key":"Energy Potion"},{"floor":16,"key":"LiquidMemories"},{"floor":36,"key":"GamblersBrew"},{"floor":45,"key":"LiquidMemories"},{"floor":48,"key":"AttackPotion"}],"is_trial":false,"path_per_floor":["M","M","M","?","?","E","$","E","T","M","R","T","E","?","R","B",null,"M","?","?","?","M","E","R","E","T","$","M","R","M","E","R","B",null,"M","M","M","?","M","M","E","R","T","R","E","R","M","E","R","B","B",null,"R","$","E","B"],"character_chosen":"THE_SILENT","items_purchased":["Chemical X","GhostInAJar","GamblersBrew"],"campfire_rested":0,"item_purchase_floors":[27,54,54],"current_hp_per_floor":[48,36,29,29,45,34,34,34,34,34,34,34,34,34,34,17,54,54,54,33,33,33,33,33,28,28,28,34,34,34,34,34,35,58,57,57,57,57,57,57,40,40,40,40,40,40,40,47,47,34,39,57,57,57,37,0,0],"gold":124,"neow_bonus":"THREE_RARE_CARDS","is_daily":false,"chose_seed":false,"campfire_upgraded":9,"win_rate":0.0,"timestamp":1612559238,"path_taken":["M","M","M","?","?","E","?","E","T","M","R","?","E","?","R","BOSS","M","?","?","?","M","E","R","E","T","$","?","R","M","E","R","BOSS","M","M","M","?","M","M","E","R","T","R","E","R","M","E","R","BOSS","BOSS","R","$","E","BOSS"],"items_purchased_type":["Relic","Potion","Potion"],"build_version":"2020-12-18","purchased_purges":2,"victory":false,"max_hp_per_floor":[66,66,66,66,66,66,66,66,66,66,66,66,66,66,66,66,66,66,66,66,66,66,66,66,66,66,66,66,66,66,66,66,66,66,66,66,66,63,63,63,63,63,63,63,63,63,63,63,63,63,63,63,63,63,63,63,63],"relic_stats":{"counters":[29,148],"Pen Nib":[3],"Necronomicon":[35],"Kunai":[133],"Whetstone":["Neutralize","Strike_G"],"Chemical X":[22],"Orichalcum":[90],"Smiling Mask":50,"obtain_stats":[{"Oddly Smooth Stone":23,"Pen Nib":55,"Whetstone":26,"Orichalcum":41,"Smiling Mask":45,"Ancient Tea Set":48,"Anchor":31,"Ninja Scroll":6,"Molten Egg 2":13,"CultistMask":14,"Bag of Marbles":8,"Necronomicon":20,"Coffee Dripper":34,"Kunai":9,"Chemical X":27,"Toy Ornithopter":12,"Ring of the Snake":0,"Runic Pyramid":17,"Meat on the Bone":25},{"Oddly Smooth Stone":11,"Pen Nib":28,"Whetstone":12,"Orichalcum":22,"Smiling Mask":23,"Ancient Tea Set":25,"Anchor":15,"Ninja Scroll":4,"Molten Egg 2":7,"CultistMask":7,"Bag of Marbles":5,"Necronomicon":9,"Coffee Dripper":16,"Kunai":5,"Chemical X":12,"Toy Ornithopter":6,"Ring of the Snake":0,"Runic Pyramid":8,"Meat on the Bone":12},{"Oddly Smooth Stone":44,"Pen Nib":139,"Whetstone":48,"Orichalcum":96,"Smiling Mask":103,"Ancient Tea Set":110,"Anchor":57,"Ninja Scroll":16,"Molten Egg 2":28,"CultistMask":28,"Bag of Marbles":23,"Necronomicon":40,"Coffee Dripper":64,"Kunai":23,"Chemical X":48,"Toy Ornithopter":25,"Ring of the Snake":0,"Runic Pyramid":39,"Meat on the Bone":48}],"Toy Ornithopter":35,"Ring of the Snake":[58],"Meat on the Bone":48},"card_choices":[{"not_picked":["A Thousand Cuts","After Image"],"picked":"Storm of Steel","floor":0},{"not_picked":["Cloak And Dagger","Backflip"],"picked":"Accuracy","floor":1},{"not_picked":["Blade Dance","Sucker Punch"],"picked":"Leg Sweep","floor":2},{"not_picked":["Dodge and Roll","Skewer"],"picked":"Blade Dance","floor":3},{"not_picked":["Bane","Dagger Throw"],"picked":"Poisoned Stab","floor":6},{"not_picked":["Bouncing Flask","Dodge and Roll"],"picked":"Noxious Fumes","floor":8},{"not_picked":["Escape Plan","Prepared","Deflect"],"picked":"SKIP","floor":10},{"not_picked":["Venomology","Tactician"],"picked":"Deflect","floor":13},{"not_picked":["Venomology","Glass Knife+1"],"picked":"Wraith Form v2","floor":16},{"not_picked":["Sucker Punch+1","Bane+1"],"picked":"Underhanded Strike+1","floor":18},{"not_picked":["Dodge and Roll","Noxious Fumes"],"picked":"Accuracy","floor":22},{"not_picked":["Cloak And Dagger","Quick Slash+1","Flechettes+1"],"picked":"SKIP","floor":23},{"not_picked":["Blur","Quick Slash+1"],"picked":"Skewer+1","floor":25},{"not_picked":["Slice+1","Underhanded Strike+1"],"picked":"Accuracy","floor":28},{"not_picked":["Deadly Poison","Sucker Punch+1"],"picked":"PiercingWail","floor":30},{"not_picked":["Distraction","All Out Attack+1"],"picked":"Predator+1","floor":31},{"not_picked":["Doppelganger","A Thousand Cuts"],"picked":"Malaise","floor":33},{"not_picked":["Bane+1","Deflect"],"picked":"Blade Dance","floor":35},{"not_picked":["Quick Slash+1","Eviscerate+1"],"picked":"Calculated Gamble","floor":36},{"not_picked":["Prepared","Slice+1","Catalyst"],"picked":"SKIP","floor":37},{"not_picked":["Deadly Poison","Prepared","Dagger Spray+1"],"picked":"SKIP","floor":39},{"not_picked":["Underhanded Strike+1","Quick Slash+1"],"picked":"PiercingWail","floor":40},{"not_picked":["Masterful Stab+1","Bane+1"],"picked":"Tools of the Trade","floor":41},{"not_picked":["Crippling Poison","Cloak And Dagger","Prepared"],"picked":"SKIP","floor":45},{"not_picked":["Finisher+1","PiercingWail"],"picked":"Blade Dance","floor":47},{"not_picked":["Noxious Fumes","Escape Plan"],"picked":"Backflip","floor":48},{"not_picked":["Sucker Punch+1","Caltrops"],"picked":"PiercingWail","floor":55}],"player_experience":1867959,"relics_obtained":[{"floor":6,"key":"Ninja Scroll"},{"floor":8,"key":"Bag of Marbles"},{"floor":9,"key":"Kunai"},{"floor":12,"key":"Toy Ornithopter"},{"floor":13,"key":"Molten Egg 2"},{"floor":20,"key":"Necronomicon"},{"floor":23,"key":"Oddly Smooth Stone"},{"floor":25,"key":"Meat on the Bone"},{"floor":26,"key":"Whetstone"},{"floor":31,"key":"Anchor"},{"floor":41,"key":"Orichalcum"},{"floor":45,"key":"Smiling Mask"},{"floor":48,"key":"Ancient Tea Set"},{"floor":55,"key":"Pen Nib"}],"event_choices":[{"damage_healed":0,"gold_gain":0,"player_choice":"Ignored","damage_taken":0,"max_hp_gain":0,"max_hp_loss":0,"event_name":"Liars Game","floor":4,"gold_loss":0},{"damage_healed":16,"gold_gain":0,"player_choice":"Healed","damage_taken":0,"max_hp_gain":0,"max_hp_loss":0,"event_name":"The Cleric","floor":5,"gold_loss":35},{"damage_healed":0,"gold_gain":0,"player_choice":"Trade","damage_taken":0,"relics_obtained":["CultistMask"],"max_hp_gain":0,"max_hp_loss":0,"event_name":"FaceTrader","floor":14,"gold_loss":0},{"damage_healed":0,"gold_gain":0,"player_choice":"Ignored","damage_taken":0,"max_hp_gain":0,"max_hp_loss":0,"event_name":"The Mausoleum","floor":19,"gold_loss":0},{"damage_healed":0,"gold_gain":0,"player_choice":"Obtained Book","damage_taken":21,"max_hp_gain":0,"max_hp_loss":0,"event_name":"Cursed Tome","floor":20,"gold_loss":0},{"damage_healed":0,"gold_gain":0,"player_choice":"Got Potions","damage_taken":0,"max_hp_gain":0,"max_hp_loss":0,"event_name":"Lab","floor":21,"gold_loss":0},{"damage_healed":0,"gold_gain":0,"player_choice":"Max HP","damage_taken":0,"max_hp_gain":0,"max_hp_loss":3,"event_name":"Winding Halls","floor":38,"gold_loss":0}],"is_beta":true,"boss_relics":[{"not_picked":["Busted Crown","Pandora\u0027s Box"],"picked":"Runic Pyramid"},{"not_picked":["Astrolabe","Black Star"],"picked":"Coffee Dripper"}],"items_purged_floors":[27,54],"is_endless":false,"potions_floor_spawned":[1,2,13,16,22,23,31,36,37,45,48],"killed_by":"The Heart","ascension_level":20}}