{"host":"8srk5r1dwtmjotwd","time":1612490580,"event":{"mods":["AchievementEnabler","Act Like it!","BaseMod","Beaked The Cultist","Bestiary","Better Note","Better Third Choice","Colored Map","Colored Powertips","Friendly Minions","GifTheSpireLib","Halation","Hallownest","Hermit","Hubris","Infinite Spire","Mimic Mod","Minty Spire (QoL Compilation)","Morshu Shopkeeper - ENHANCED","Quick Restart","Rare Cards Sparkle","Reliquary","Replay The Spire","Shop Mod","StSLib","SuperFastMode","Synergy Search","The Bug Knight","The Construct","The Cursed","Thieving Mod","Yohane!","everything is the same but u backflip on backflip","slay the spire mod where everything is the same but ironclad has a cowboy hat"],"gold_per_floor":[109,120,136,136,146,146,166,185,185,185,460,460,476,489,489,591,591,610,625,625,642,662,662,662,697,697,697,697,697],"floor_reached":28,"language":"ENG","playtime":2099,"items_purged":[],"score":234,"play_id":"2c93b3f1-eb04-4b69-b6b4-f1121c08daee","local_time":"20210204210300","is_ascension_mode":false,"campfire_choices":[{"floor":6.0,"key":"REST"},{"data":"Infernal Blade","floor":10.0,"key":"SMITH"},{"data":"Heavy Blade","floor":12.0,"key":"SMITH"},{"data":"Rage","floor":15.0,"key":"SMITH"},{"floor":23.0,"key":"REST"},{"floor":27.0,"key":"REST"}],"circlet_count":0,"master_deck":["Strike_R","Strike_R","Strike_R","Strike_R","Strike_R","Defend_R","Defend_R","Defend_R","Defend_R","Bash","hubris:ReadiedAction","Replay:Undeath\u0027s Touch","Infernal Blade+1","Pain","Flex+1","Heavy Blade+1","Heavy Blade","Regret","Rampage","Rage+1","Feed","Life Link+1","ReplayReversal","Flex+1","Perfected Strike"],"relics":["Burning Blood","NeowsBlessing","WarpedTongs","Sundial","infinitespire:Burning Sword","Potion Belt","StoneCalendar"],"acts_visited":["Exordium","TheCity"],"potions_floor_usage":[28],"damage_taken":[{"damage":0.0,"enemies":"Cultist","floor":1.0,"turns":1.0},{"damage":0.0,"enemies":"Small Slimes","floor":2.0,"turns":1.0},{"damage":0.0,"enemies":"2 Louse","floor":3.0,"turns":1.0},{"damage":22.0,"enemies":"Lots of Slimes","floor":5.0,"turns":7.0},{"damage":9.0,"enemies":"2 Fungi Beasts","floor":7.0,"turns":3.0},{"damage":0.0,"enemies":"Gremlin Gang","floor":8.0,"turns":1.0},{"damage":9.0,"enemies":"Exordium Thugs","floor":13.0,"turns":3.0},{"damage":12.0,"enemies":"Looter","floor":14.0,"turns":2.0},{"damage":75.0,"enemies":"Fading Forest","floor":16.0,"turns":11.0},{"damage":11.0,"enemies":"Chosen","floor":18.0,"turns":3.0},{"damage":24.0,"enemies":"2 Thieves","floor":19.0,"turns":3.0},{"damage":31.0,"enemies":"Cultist and Chosen","floor":21.0,"turns":5.0},{"damage":15.0,"enemies":"Chosen and Byrds","floor":22.0,"turns":3.0},{"damage":42.0,"enemies":"Slavers","floor":25.0,"turns":3.0},{"damage":41,"enemies":"Book of Stabbing","floor":28,"turns":3}],"seed_played":"2386413092495985036","potions_obtained":[{"floor":1.0,"key":"SpeedPotion"},{"floor":2.0,"key":"Toxic Potion"},{"floor":5.0,"key":"Weak Potion"},{"floor":16.0,"key":"DistilledChaos"},{"floor":19.0,"key":"FearPotion"}],"is_trial":false,"path_per_floor":["M","M","M","?","M","R","M","M","T","R","?","R","M","M","R","B",null,"M","M","?","M","M","R","?","E","T","R","E"],"character_chosen":"IRONCLAD","items_purchased":[],"campfire_rested":3,"item_purchase_floors":[],"current_hp_per_floor":[80,80,80,80,64,80,77,80,80,80,80,80,77,71,71,12,80,75,57,57,32,23,47,47,14,14,38,0,0],"gold":697,"neow_bonus":"THREE_ENEMY_KILL","is_daily":false,"chose_seed":false,"campfire_upgraded":3,"win_rate":0.0,"timestamp":1612490580,"path_taken":["M","M","?","?","M","R","?","M","T","R","?","R","M","?","R","BOSS","M","?","?","M","?","R","?","E","T","R","E"],"items_purchased_type":[],"build_version":"2020-12-22","purchased_purges":0,"victory":false,"max_hp_per_floor":[80,80,80,80,80,80,80,80,80,80,80,80,80,80,80,80,80,80,80,80,80,80,80,80,83,83,83,83,83],"card_choices":[{"not_picked":["Perfected Strike","ReplayTheSpireMod:Strike From Hell"],"picked":"hubris:ReadiedAction","floor":1.0},{"not_picked":["Run Through","Anger"],"picked":"Replay:Undeath\u0027s Touch","floor":2.0},{"not_picked":["Reckless Charge","Replay:Undeath\u0027s Touch"],"picked":"Infernal Blade","floor":3.0},{"not_picked":["Sword Boomerang","Sever Soul"],"picked":"Flex","floor":5.0},{"not_picked":["Rampage","ReplayTheSpireMod:Strike From Hell"],"picked":"Heavy Blade","floor":7.0},{"not_picked":["Body Slam","ReplayTheSpireMod:Strike From Hell"],"picked":"Heavy Blade","floor":8.0},{"not_picked":["Armaments","Run Through"],"picked":"Rampage","floor":13.0},{"not_picked":["Run Through","Wild Strike"],"picked":"Rage","floor":14.0},{"not_picked":["Reaper","Replay:Many Hands"],"picked":"Feed","floor":16.0},{"not_picked":["Twin Strike","Anger"],"picked":"Life Link+1","floor":18.0},{"not_picked":["Clash","Feel No Pain","Shrug It Off"],"picked":"SKIP","floor":19.0},{"not_picked":["True Grit+1","Cleave+1"],"picked":"ReplayReversal","floor":21.0},{"not_picked":["Clothesline","ReplayTheSpireMod:Limb From Limb","ReplayTheSpireMod:Stacked"],"picked":"SKIP","floor":22.0},{"not_picked":["Warcry","Double Tap"],"picked":"Perfected Strike","floor":25.0}],"player_experience":102987,"relics_obtained":[{"floor":9.0,"key":"Sundial"},{"floor":25.0,"key":"Potion Belt"},{"floor":26.0,"key":"StoneCalendar"}],"event_choices":[{"damage_healed":0.0,"max_hp_gain":0.0,"max_hp_loss":0.0,"gold_gain":0.0,"event_name":"Accursed Blacksmith","player_choice":"Rummage","floor":4.0,"gold_loss":0.0,"damage_taken":0.0,"relics_obtained":["WarpedTongs"],"cards_obtained":["Pain"]},{"damage_healed":0.0,"max_hp_gain":0.0,"max_hp_loss":0.0,"gold_gain":275.0,"event_name":"Golden Shrine","player_choice":"Desecrate","floor":11.0,"gold_loss":0.0,"damage_taken":0.0,"cards_obtained":["Regret"]},{"damage_healed":0.0,"max_hp_gain":0.0,"max_hp_loss":0.0,"gold_gain":0.0,"event_name":"Upgrade Shrine","player_choice":"Upgraded","floor":20.0,"gold_loss":0.0,"damage_taken":0.0,"cards_upgraded":["Flex"]},{"cards_removed":["Flex"],"damage_healed":0.0,"max_hp_gain":0.0,"max_hp_loss":0.0,"gold_gain":0.0,"event_name":"betterNote:BetterNote","player_choice":"Take \u0026 Give","floor":24.0,"gold_loss":0.0,"damage_taken":0.0,"cards_obtained":["Flex"]}],"is_beta":false,"boss_relics":[{"not_picked":["hubris:RunicObelisk","Fusion Hammer"],"picked":"infinitespire:Burning Sword"}],"items_purged_floors":[],"is_endless":false,"potions_floor_spawned":[1,2,5,16,19],"killed_by":"Book of Stabbing","ascension_level":0}}