{"host":"izaayrkpa5ecuvkh","time":1612508582,"event":{"mods":["AchievementEnabler","BaseMod","Colored Powertips","Highlight Path","Minty Spire (QoL Compilation)","Quick Restart","Relic Stats","StSLib","Transform Curses"],"gold_per_floor":[112,132,82,94,18,18,45,80,126,126,141,141,141,158,158,253,253,268,288,298,308,25,25,25],"floor_reached":23,"language":"ENG","playtime":9320,"items_purged":["Strike_B"],"score":212,"play_id":"f15fb81e-5d85-451d-bcc5-75ccaccb173a","local_time":"20210205020302","is_ascension_mode":true,"campfire_choices":[{"data":"Zap","floor":6,"key":"SMITH"},{"data":"Magnetism","floor":10,"key":"SMITH"},{"floor":12,"key":"REST"},{"floor":15,"key":"REST"}],"circlet_count":0,"master_deck":["Strike_B","Strike_B","Defend_B","Defend_B","Defend_B","Zap+1","Dualcast","Magnetism+1","FTL","Streamline","Streamline","Gash","Stack","FTL","Aggregate","Leap","Core Surge","Gash","Reprogram","Go for the Eyes","Reinforced Body","Scrape","Skim","Dramatic Entrance"],"relics":["Cracked Core","Blue Candle","Blood Vial","Nuclear Battery"],"acts_visited":["Exordium","TheCity"],"potions_floor_usage":[8,21,23],"damage_taken":[{"damage":6,"enemies":"2 Louse","floor":1,"turns":3},{"damage":7,"enemies":"Jaw Worm","floor":2,"turns":3},{"damage":1,"enemies":"Cultist","floor":4,"turns":3},{"damage":33,"enemies":"Lagavulin","floor":8,"turns":6},{"damage":13,"enemies":"Lots of Slimes","floor":11,"turns":3},{"damage":16,"enemies":"3 Louse","floor":14,"turns":3},{"damage":22,"enemies":"Hexaghost","floor":16,"turns":9},{"damage":20,"enemies":"3 Byrds","floor":18,"turns":5},{"damage":10,"enemies":"Chosen","floor":19,"turns":4},{"damage":10,"enemies":"Snecko","floor":20,"turns":4},{"damage":17,"enemies":"3 Cultists","floor":21,"turns":5},{"damage":9,"enemies":"Slavers","floor":23,"turns":4}],"seed_played":"8091475720846638193","potions_obtained":[{"floor":2,"key":"BlessingOfTheForge"},{"floor":16,"key":"SpeedPotion"},{"floor":21,"key":"Swift Potion"}],"is_trial":false,"path_per_floor":["M","M","?","M","$","R","T","E","T","R","M","R","?","M","R","B",null,"M","M","M","M","$","E"],"character_chosen":"DEFECT","items_purchased":["Gash","Stack","Scrape","Skim","Dramatic Entrance"],"campfire_rested":2,"item_purchase_floors":[5,5,22,22,22],"current_hp_per_floor":[62,55,55,54,54,54,54,21,21,21,10,30,30,16,36,16,68,48,40,32,17,17,10,10],"gold":25,"neow_bonus":"RANDOM_COLORLESS_2","is_daily":false,"chose_seed":false,"campfire_upgraded":2,"win_rate":0.0,"timestamp":1612508582,"path_taken":["M","M","?","M","$","R","?","E","T","R","M","R","?","?","R","BOSS","M","?","M","M","$","E"],"items_purchased_type":["Card","Card","Card","Card","Card"],"build_version":"2020-12-22","purchased_purges":1,"victory":false,"max_hp_per_floor":[68,68,68,68,68,68,68,68,68,68,68,68,68,68,68,68,68,68,68,68,68,68,68,68],"relic_stats":{"Blood Vial":14,"counters":[12,52],"Blue Candle":[0],"obtain_stats":[{"Blood Vial":9,"Blue Candle":8,"Cracked Core":0,"Nuclear Battery":17},{"Blood Vial":4,"Blue Candle":4,"Cracked Core":0,"Nuclear Battery":7},{"Blood Vial":15,"Blue Candle":15,"Cracked Core":0,"Nuclear Battery":30}]},"card_choices":[{"not_picked":["Chrysalis","Secret Technique"],"picked":"Magnetism","floor":0},{"not_picked":["Compile Driver","Double Energy"],"picked":"FTL","floor":1},{"not_picked":["Leap","Chill"],"picked":"Streamline","floor":2},{"not_picked":["Coolheaded","Stack"],"picked":"Streamline","floor":4},{"not_picked":["Force Field","Capacitor"],"picked":"FTL","floor":8},{"not_picked":["Hello World","Chaos"],"picked":"Aggregate","floor":11},{"not_picked":["Ball Lightning","Glacier"],"picked":"Leap","floor":14},{"not_picked":["Thunder Strike","Multi-Cast"],"picked":"Core Surge","floor":16},{"not_picked":["Scrape","Compile Driver"],"picked":"Gash","floor":18},{"not_picked":["Coolheaded","Ball Lightning"],"picked":"Reprogram","floor":19},{"not_picked":["Ball Lightning","Hologram"],"picked":"Go for the Eyes","floor":20},{"not_picked":["Coolheaded","Redo"],"picked":"Reinforced Body","floor":21}],"player_experience":186034,"relics_obtained":[{"floor":8,"key":"Blue Candle"},{"floor":9,"key":"Blood Vial"}],"event_choices":[{"cards_removed":["Defend_B"],"damage_healed":0,"gold_gain":0,"player_choice":"Card Removal","damage_taken":0,"max_hp_gain":0,"max_hp_loss":0,"event_name":"The Cleric","floor":3,"gold_loss":50},{"cards_removed":["Strike_B"],"damage_healed":0,"gold_gain":0,"player_choice":"Offered Basic","damage_taken":0,"max_hp_gain":0,"max_hp_loss":0,"event_name":"Bonfire Elementals","floor":13,"gold_loss":0}],"is_beta":false,"boss_relics":[{"not_picked":["Velvet Choker","Tiny House"],"picked":"Nuclear Battery"}],"items_purged_floors":[22],"is_endless":false,"potions_floor_spawned":[2,16,21],"killed_by":"Slavers","ascension_level":2}}