{"host":"ox77rn1xcurm2t5a","time":1612547369,"event":{"mods":["2.2 Compatiblity","AchievementEnabler","Act Like it!","Aspiration","BaseMod","Best Route Mod","Better Match","Better Note","Better Sensory Stone","Block Reminder","Colored Map","Colored Powertips","Conjunction","Conspire","Custom Start","Energized Spire","GifTheSpireLib","Gold Saver","Gremlin Skip","Halation","Highlight Path","Hubris","Infinite Spire","Minty Spire (QoL Compilation)","Pale of the Ancients","Quick Restart","Replay The Spire","Reworked Bosses","ShortenTheSpire","Spire Exporter","StSLib","Stuff the Spire","Wandering Minibosses"],"gold_per_floor":[115,115,130,5520,5445,5445,5478,5478,5478,5513,5513,5544,5544,5564,5564,5640,5640,5657,4832,4846,4859,4859,4859,4886,4903,4978,5005,5005,5039,5039,5068,5068,5145,5145,5163,5175,4632,4651,4661,4661,4679,4708,4780,4791,4791,4791,4810,4045,4045,4045,4045,4045,3459,3486,3486,3486],"floor_reached":55,"language":"ENG","playtime":4411,"items_purged":["Strike_B","Strike_B","Strike_B"],"score":1547,"play_id":"522a0872-cf5a-497a-a4e8-0eaef2ae62bb","local_time":"20210205194929","is_ascension_mode":true,"campfire_choices":[{"floor":6.0,"key":"RECALL"},{"data":"Defragment","floor":8.0,"key":"SMITH"},{"data":"Zap","floor":15.0,"key":"SMITH"},{"data":"Barrage","floor":23.0,"key":"SMITH"},{"data":"Defragment","floor":28.0,"key":"SMITH"},{"data":"Dualcast","floor":30.0,"key":"SMITH"},{"data":"Cold Snap","floor":32.0,"key":"SMITH"},{"data":"wanderingMiniBosses:FinaleOfPromise","floor":40,"key":"SMITH"},{"data":"Echo Form","floor":49,"key":"SMITH"},{"data":"Loop","floor":49,"key":"SMITH"},{"data":"Ball Lightning","floor":52,"key":"SMITH"},{"data":"Defend_B","floor":52,"key":"SMITH"}],"circlet_count":0,"master_deck":["AscendersBane","Defend_B","Defend_B+1","Defend_B+1","Defend_B+1","Zap+1","Dualcast+1","Cold Snap+1","Defragment+1","Barrage+1","Gash","Gash","Barrage+1","Redo+1","Cold Snap+1","StuffTheSpire:Plugnplay+1","Defragment+1","Echo Form+1","Ball Lightning+1","wanderingMiniBosses:FinaleOfPromise+1","Gash","Cold Snap+1","FIFO Queue+1","Loop+1","Coolheaded"],"relics":["Cracked Core","NeowsBlessing","Singing Bowl","DataDisk","hubris:BallOfYels","StuffTheSpire:RunicConfusion","TungstenRod","StuffTheSpire:ForceGauntlet","Bottled Tornado","Meat on the Bone","Incense Burner","aspiration:FetidBarrel","Toy Ornithopter","infinitespire:Cupcake","wanderingMiniBosses:Blackblade","Lee\u0027s Waffle","Lantern","Simple Rune","hubris:PeanutButter","Replay:Arrowhead","InkBottle","Cauldron","Letter Opener","halation:Sosunser","aspiration:TomeofQuesting"],"acts_visited":["TheCity","TheBeyond","TheEnding"],"potions_floor_usage":[42,44,50,50,54,54],"damage_taken":[{"damage":0.0,"enemies":"2 Louse","floor":1.0,"turns":1.0},{"damage":0.0,"enemies":"Jaw Worm","floor":3.0,"turns":1.0},{"damage":0.0,"enemies":"3 Sentries","floor":7.0,"turns":1.0},{"damage":0.0,"enemies":"Gremlin Nob","floor":10.0,"turns":3.0},{"damage":14.0,"enemies":"3 Sentries","floor":12.0,"turns":6.0},{"damage":2.0,"enemies":"Small Slimes","floor":14.0,"turns":2.0},{"damage":20.0,"enemies":"Hexaghost","floor":16.0,"turns":10.0},{"damage":2.0,"enemies":"conspire:FuzzyDice","floor":18.0,"turns":7.0},{"damage":20.0,"enemies":"2 Thieves","floor":20.0,"turns":3.0},{"damage":16.0,"enemies":"Cultist and Chosen","floor":21.0,"turns":5.0},{"damage":10.0,"enemies":"conspire:Head Lice","floor":24.0,"turns":11.0},{"damage":0.0,"enemies":"Snecko","floor":25.0,"turns":4.0},{"damage":21.0,"enemies":"Replay:Snechameleon","floor":27.0,"turns":5.0},{"damage":14.0,"enemies":"Gremlin Leader","floor":29.0,"turns":6.0},{"damage":18.0,"enemies":"Nightmare","floor":31.0,"turns":6.0},{"damage":37.0,"enemies":"bossMod:newChamp","floor":33.0,"turns":9.0},{"damage":18.0,"enemies":"Orb Walker","floor":35.0,"turns":3.0},{"damage":11.0,"enemies":"3 Shapes","floor":36.0,"turns":3.0},{"damage":5,"enemies":"Transient","floor":38,"turns":5},{"damage":0,"enemies":"Spire Growth","floor":39,"turns":4},{"damage":32,"enemies":"3 Darklings","floor":41,"turns":4},{"damage":0,"enemies":"R_Hoarder","floor":42,"turns":5},{"damage":15,"enemies":"Jaw Worm Horde","floor":44,"turns":2},{"damage":0,"enemies":"Transient","floor":47,"turns":5},{"damage":18,"enemies":"conspire:OrnateMirror","floor":50,"turns":7},{"damage":35,"enemies":"Shield and Spear","floor":54,"turns":6},{"damage":77,"enemies":"The Heart","floor":55,"turns":5}],"seed_played":"400545243133710470","potions_obtained":[{"floor":3.0,"key":"Weak Potion"},{"floor":12.0,"key":"SpeedPotion"},{"floor":14.0,"key":"Flashbang"},{"floor":21.0,"key":"Regen Potion"},{"floor":24.0,"key":"EssenceOfSteel"},{"floor":29.0,"key":"BlessingOfTheForge"},{"floor":38,"key":"Weak Potion"},{"floor":41,"key":"Adrenaline Potion"},{"floor":47,"key":"SneckoOil"},{"floor":48,"key":"Regen Potion"},{"floor":48,"key":"PowerPotion"}],"is_trial":false,"path_per_floor":["M","?","M","$","?","R","E","R","T","E","?","E","?","M","R","B",null,"M","$","M","M","?","R","E","M","T","E","R","E","R","NM","R","B",null,"M","M","$","M","M","R","M","E","T","M","?","?","M","$","R","B",null,"R","$","E","B"],"character_chosen":"DEFECT","items_purchased":["Defragment","Regen Potion","Barrage","Singing Bowl","TungstenRod","StuffTheSpire:ForceGauntlet","Redo+1","Regen Potion","Gash","Lee\u0027s Waffle","Lantern","Cold Snap+1","Replay:Arrowhead","InkBottle","Cauldron","Letter Opener","halation:Sosunser","Coolheaded","FocusPotion","Block Potion"],"campfire_rested":0,"item_purchase_floors":[4,4,4,4,19,19,19,19,37,37,37,37,48,48,48,53,53,53,53,53],"current_hp_per_floor":[64,64,64,64,64,64,66,66,66,73,73,59,59,59,59,41,68,66,66,55,41,41,41,46,48,48,39,39,39,39,35,35,15,68,50,53,94,91,91,91,61,66,66,58,54,54,56,56,56,63,92,92,92,69,0,0],"gold":3486,"neow_bonus":"THREE_ENEMY_KILL","is_daily":false,"chose_seed":false,"campfire_upgraded":11,"win_rate":0.0,"timestamp":1612547369,"path_taken":["M","?","M","$","?","R","E","R","T","E","?","E","?","M","R","BOSS","M","$","M","M","?","R","E","M","T","E","R","E","R","NM","R","BOSS","M","M","$","M","M","R","M","E","T","M","?","?","?","$","R","BOSS","R","$","E","BOSS"],"items_purchased_type":["Card","Potion","Card","Relic","Relic","Relic","Card","Potion","Card","Relic","Relic","Card","Relic","Relic","Relic","Relic","Relic","Card","Potion","Potion"],"build_version":"2020-12-22","purchased_purges":3,"victory":false,"max_hp_per_floor":[71,71,71,71,71,71,73,73,73,73,73,73,73,75,75,77,77,77,77,77,79,79,79,79,81,81,81,81,83,83,85,85,85,85,85,87,94,96,96,96,98,98,98,100,100,100,102,102,102,102,102,102,102,104,104,104],"card_choices":[{"not_picked":["Stack","conspire:Rain","Melter"],"picked":"SKIP","floor":1.0},{"not_picked":["Turbo","Coolheaded"],"picked":"Cold Snap","floor":3.0},{"not_picked":["Skim","Conserve Battery","Scrape"],"picked":"Singing Bowl","floor":7.0},{"not_picked":["Compile Driver","Panic Button"],"picked":"Gash","floor":10.0},{"not_picked":["Go for the Eyes","StuffTheSpire:SnapShoot"],"picked":"Gash","floor":12.0},{"not_picked":["conspire:SharedLibrary","Scrape","Panic Button"],"picked":"Singing Bowl","floor":14.0},{"not_picked":["ReplayRNGCard","hubris:Prefetch","Reboot"],"picked":"Singing Bowl","floor":16.0},{"not_picked":["StuffTheSpire:LoadUp","Time Bomb+1"],"picked":"Barrage+1","floor":18.0},{"not_picked":["Barrage","Panic Button"],"picked":"Cold Snap+1","floor":20.0},{"not_picked":["Sunder","Rebound","BasicCrystalCard"],"picked":"Singing Bowl","floor":21.0},{"not_picked":["ReplayTheSpireMod:Dual Polarity","ReplayTheSpireMod:Fabricate Wheel"],"picked":"StuffTheSpire:Plugnplay+1","floor":24.0},{"not_picked":["Hologram","Coolheaded","Stack"],"picked":"Singing Bowl","floor":25.0},{"not_picked":["Compile Driver","Panic Button"],"picked":"Defragment","floor":27.0},{"not_picked":["Tempest","Hello World","StuffTheSpire:Plugnplay"],"picked":"Singing Bowl","floor":29.0},{"not_picked":["Recycle","ReplayRNGCard","FIFO Queue"],"picked":"Singing Bowl","floor":31.0},{"not_picked":["Meteor Strike","hubris:DoWhile"],"picked":"Echo Form","floor":33.0},{"not_picked":["Turbo","Rebound+1"],"picked":"Ball Lightning","floor":35.0},{"not_picked":[],"picked":"wanderingMiniBosses:FinaleOfPromise","floor":36.0},{"not_picked":["Hologram","Stack","Go for the Eyes"],"picked":"Singing Bowl","floor":36.0},{"not_picked":["ReplayGash","StuffTheSpire:Plugnplay","Reprogram"],"picked":"Singing Bowl","floor":38},{"not_picked":["StuffTheSpire:SnapShoot","Gash"],"picked":"FIFO Queue+1","floor":39},{"not_picked":["ReplayTheSpireMod:Calculation Training+1","StuffTheSpire:Synthwave","Static Discharge"],"picked":"Singing Bowl","floor":41},{"not_picked":["Compile Driver","Conserve Battery"],"picked":"Loop","floor":42},{"not_picked":["Cold Snap","StuffTheSpire:Plugnplay+1","Beam Cell+1"],"picked":"Singing Bowl","floor":44},{"not_picked":["Compile Driver","Hologram","Beam Cell"],"picked":"Singing Bowl","floor":47},{"not_picked":["Streamline","conspire:SharedLibrary","Ball Lightning"],"picked":"Singing Bowl","floor":54}],"player_experience":3032345,"relics_obtained":[{"floor":10.0,"key":"DataDisk"},{"floor":12.0,"key":"hubris:BallOfYels"},{"floor":24.0,"key":"Bottled Tornado"},{"floor":26.0,"key":"Meat on the Bone"},{"floor":27.0,"key":"Incense Burner"},{"floor":29.0,"key":"aspiration:FetidBarrel"},{"floor":31.0,"key":"Toy Ornithopter"},{"floor":36.0,"key":"wanderingMiniBosses:Blackblade"},{"floor":42,"key":"Simple Rune"},{"floor":43,"key":"hubris:PeanutButter"},{"floor":54,"key":"aspiration:TomeofQuesting"}],"event_choices":[{"cards_removed":["Strike_B"],"damage_healed":0.0,"max_hp_gain":0.0,"max_hp_loss":0.0,"gold_gain":0.0,"event_name":"The Cleric","player_choice":"Card Removal","floor":5.0,"gold_loss":75.0,"damage_taken":0.0},{"damage_healed":0,"gold_gain":0,"player_choice":"Leave","damage_taken":0,"max_hp_gain":0,"max_hp_loss":0,"event_name":"conspire:Investor","floor":45,"gold_loss":0},{"damage_healed":0,"gold_gain":0,"player_choice":"Ignored","damage_taken":0,"max_hp_gain":0,"max_hp_loss":0,"event_name":"SecretPortal","floor":46,"gold_loss":0}],"is_beta":false,"boss_relics":[{"not_picked":["aspiration:Stellarator","Snecko Eye"],"picked":"StuffTheSpire:RunicConfusion"},{"not_picked":["energizedSpire:UnstableMolecules","Runic Dome"],"picked":"infinitespire:Cupcake"}],"items_purged_floors":[4,19,37],"is_endless":false,"potions_floor_spawned":[3,12,14,21,24,29,38,41,47],"killed_by":"The Heart","ascension_level":16}}