{"host":"61y0z9o9vf3ujftj","time":1612533251,"event":{"mods":["BaseMod","Colored Map","Colored Powertips","GifTheSpireLib","HexUI Lib","Highlight Path","Minty Spire (QoL Compilation)","Permanent Neow","Relic Stats","StSLib","ojb\u0027s Info Mod"],"gold_per_floor":[119,138,157,12,12,12,28,28,28,38,71,82,110,126,126,205,205,220,145,145,156,167,167,199,199,199,219,219,251,251,251,251,328,328,342,342,617,633,193,218,218,218,218,247,247,0,10,26,26,26],"floor_reached":51,"language":"ENG","playtime":2653,"items_purged":["Brutality","Strike_R","Doubt"],"score":1334,"play_id":"88ac78b0-134e-4b44-badb-01036dcd2ede","local_time":"20210205075411","is_ascension_mode":true,"campfire_choices":[{"data":"Bash","floor":6.0,"key":"SMITH"},{"data":"Flame Barrier","floor":8.0,"key":"SMITH"},{"data":"Shockwave","floor":15.0,"key":"SMITH"},{"data":"Carnage","floor":23.0,"key":"SMITH"},{"data":"Immolate","floor":28.0,"key":"SMITH"},{"data":"Whirlwind","floor":32.0,"key":"SMITH"},{"data":"Immolate","floor":49,"key":"SMITH"}],"circlet_count":0,"master_deck":["AscendersBane","Strike_R","Strike_R","Strike_R","Defend_R","Defend_R","Defend_R","Defend_R","Bash+1","Flame Barrier+1","Seeing Red+1","Intimidate","Cleave","Power Through+1","Twin Strike","Shockwave+1","Second Wind","Shrug It Off+1","Carnage+1","Whirlwind+1","Clothesline","Immolate+1","Dark Embrace","Immolate+1","Whirlwind","Evolve","Blood for Blood","Whirlwind","Mind Blast","Reaper","Entrench","Parasite"],"relics":["Burning Blood","Bronze Scales","Omamori","WarpedTongs","Shuriken","Matryoshka","Kunai","Snecko Eye","Juzu Bracelet","Pen Nib","PreservedInsect","Blue Candle","War Paint","Nilry\u0027s Codex","SacredBark","Chemical X","Anchor","Oddly Smooth Stone","Smiling Mask","Pocketwatch","Ornamental Fan"],"acts_visited":["Exordium","TheCity","TheBeyond"],"potions_floor_usage":[50],"damage_taken":[{"damage":1.0,"enemies":"Cultist","floor":1.0,"turns":3.0},{"damage":1.0,"enemies":"Jaw Worm","floor":2.0,"turns":4.0},{"damage":9.0,"enemies":"Small Slimes","floor":3.0,"turns":3.0},{"damage":3.0,"enemies":"Blue Slaver","floor":7.0,"turns":3.0},{"damage":3.0,"enemies":"Red Slaver","floor":10.0,"turns":3.0},{"damage":15.0,"enemies":"Lagavulin","floor":11.0,"turns":8.0},{"damage":0.0,"enemies":"3 Louse","floor":12.0,"turns":2.0},{"damage":23.0,"enemies":"3 Sentries","floor":13.0,"turns":8.0},{"damage":3.0,"enemies":"Looter","floor":14.0,"turns":4.0},{"damage":16.0,"enemies":"Hexaghost","floor":16.0,"turns":10.0},{"damage":0.0,"enemies":"3 Byrds","floor":18.0,"turns":3.0},{"damage":0.0,"enemies":"Chosen","floor":21.0,"turns":4.0},{"damage":15.0,"enemies":"Sentry and Sphere","floor":22.0,"turns":6.0},{"damage":18.0,"enemies":"Book of Stabbing","floor":24.0,"turns":4.0},{"damage":14.0,"enemies":"Shelled Parasite and Fungi","floor":27.0,"turns":4.0},{"damage":0.0,"enemies":"Gremlin Leader","floor":29.0,"turns":3.0},{"damage":31.0,"enemies":"Automaton","floor":33.0,"turns":8.0},{"damage":0.0,"enemies":"3 Shapes","floor":35.0,"turns":2.0},{"damage":23.0,"enemies":"3 Darklings","floor":38.0,"turns":3.0},{"damage":0.0,"enemies":"Reptomancer","floor":40.0,"turns":1.0},{"damage":26,"enemies":"Nemesis","floor":44,"turns":5},{"damage":10,"enemies":"Writhing Mass","floor":47,"turns":8},{"damage":0,"enemies":"Sphere and 2 Shapes","floor":48,"turns":3},{"damage":22,"enemies":"Awakened One","floor":50,"turns":9}],"seed_played":"3477305676873564252","potions_obtained":[{"floor":3.0,"key":"GamblersBrew"},{"floor":12.0,"key":"ColorlessPotion"},{"floor":13.0,"key":"SkillPotion"},{"floor":24.0,"key":"SpeedPotion"},{"floor":27.0,"key":"Strength Potion"},{"floor":40.0,"key":"DuplicationPotion"},{"floor":44,"key":"GamblersBrew"}],"is_trial":false,"path_per_floor":["M","M","M","$","?","R","M","R","T","M","E","M","E","M","R","B",null,"M","$","?","M","M","R","E","?","T","M","R","E","?","?","R","B",null,"M","?","?","M","$","E","?","?","T","E","?","$","M","M","R","B",null],"character_chosen":"IRONCLAD","items_purchased":["Omamori","Chemical X","Anchor","Blood for Blood","Reaper","Entrench"],"campfire_rested":0,"item_purchase_floors":[4,39,39,39,46,46],"current_hp_per_floor":[73,75,72,72,72,72,75,75,75,75,66,72,55,58,58,48,68,74,74,74,75,66,66,54,54,54,46,46,52,52,36,36,11,59,65,65,65,48,48,54,44,44,44,24,71,71,71,71,71,55],"gold":26,"neow_bonus":"RANDOM_COMMON_RELIC","is_daily":false,"chose_seed":false,"campfire_upgraded":7,"win_rate":0.0,"timestamp":1612533251,"path_taken":["M","M","M","?","?","R","M","R","T","?","E","M","E","M","R","BOSS","M","$","?","M","M","R","E","?","T","M","R","E","?","?","R","BOSS","M","?","?","M","$","E","?","?","T","E","?","$","M","M","R","BOSS"],"items_purchased_type":["Relic","Relic","Relic","Card","Card","Card"],"build_version":"2020-12-22","purchased_purges":3,"victory":true,"max_hp_per_floor":[75,75,75,75,75,75,75,75,75,75,75,75,75,75,75,75,75,75,75,75,75,75,75,75,75,75,75,75,75,75,75,75,75,75,75,75,75,75,75,75,75,71,71,71,71,71,71,71,71,71],"relic_stats":{"counters":[24,111],"Blue Candle":[0],"Pen Nib":[9],"PreservedInsect":157,"Juzu Bracelet":3,"War Paint":["Seeing Red","Shrug It Off"],"Smiling Mask":75,"Burning Blood":126,"WarpedTongs":[101],"Shuriken":[19],"Ornamental Fan":[24],"Bronze Scales":[340],"Snecko Eye":[113,104,91,129],"Kunai":[17],"Chemical X":[18],"obtain_stats":[{"Nilry\u0027s Codex":31,"Blue Candle":26,"SacredBark":34,"Oddly Smooth Stone":40,"Pen Nib":25,"PreservedInsect":26,"Omamori":4,"Juzu Bracelet":24,"War Paint":29,"Smiling Mask":43,"Burning Blood":0,"WarpedTongs":5,"Anchor":39,"Matryoshka":11,"Shuriken":9,"Ornamental Fan":44,"Bronze Scales":0,"Snecko Eye":17,"Kunai":13,"Chemical X":39,"Pocketwatch":43},{"Nilry\u0027s Codex":16,"Blue Candle":14,"SacredBark":17,"Oddly Smooth Stone":20,"Pen Nib":14,"PreservedInsect":14,"Omamori":3,"Juzu Bracelet":14,"War Paint":16,"Smiling Mask":20,"Burning Blood":0,"WarpedTongs":3,"Anchor":19,"Matryoshka":6,"Shuriken":4,"Ornamental Fan":21,"Bronze Scales":0,"Snecko Eye":10,"Kunai":8,"Chemical X":19,"Pocketwatch":20},{"Nilry\u0027s Codex":72,"Blue Candle":65,"SacredBark":80,"Oddly Smooth Stone":86,"Pen Nib":65,"PreservedInsect":65,"Omamori":10,"Juzu Bracelet":65,"War Paint":72,"Smiling Mask":86,"Burning Blood":0,"WarpedTongs":10,"Anchor":85,"Matryoshka":24,"Shuriken":13,"Ornamental Fan":91,"Bronze Scales":0,"Snecko Eye":48,"Kunai":34,"Chemical X":85,"Pocketwatch":86}],"Pocketwatch":[21]},"card_choices":[{"not_picked":["Wild Strike","Dropkick"],"picked":"Flame Barrier","floor":1.0},{"not_picked":["True Grit","Thunderclap"],"picked":"Seeing Red","floor":2.0},{"not_picked":["Reckless Charge","Warcry"],"picked":"Intimidate","floor":3.0},{"not_picked":["Heavy Blade","Havoc"],"picked":"Cleave","floor":7.0},{"not_picked":["Rampage","Berserk"],"picked":"Power Through","floor":10.0},{"not_picked":["Sword Boomerang","Bludgeon"],"picked":"Twin Strike","floor":11.0},{"not_picked":["Warcry","Clash"],"picked":"Shockwave","floor":12.0},{"not_picked":["Seeing Red","Wild Strike","Shockwave"],"picked":"SKIP","floor":13.0},{"not_picked":["Seeing Red","Wild Strike","Shockwave"],"picked":"SKIP","floor":13.0},{"not_picked":["Armaments","Heavy Blade"],"picked":"Second Wind","floor":14.0},{"not_picked":["Demon Form","Bludgeon"],"picked":"Brutality","floor":16.0},{"not_picked":["Anger+1","Body Slam+1"],"picked":"Shrug It Off","floor":18.0},{"not_picked":["Spot Weakness","Anger"],"picked":"Carnage","floor":21.0},{"not_picked":["Dropkick+1","True Grit"],"picked":"Whirlwind","floor":22.0},{"not_picked":["Havoc+1","Twin Strike"],"picked":"Clothesline","floor":24.0},{"not_picked":["Armaments","Sentinel"],"picked":"Immolate","floor":27.0},{"not_picked":["Shrug It Off","Rampage+1"],"picked":"Dark Embrace","floor":29.0},{"not_picked":["Exhume","Offering"],"picked":"Immolate","floor":33.0},{"not_picked":["Iron Wave","Perfected Strike"],"picked":"Whirlwind","floor":35.0},{"not_picked":["Wild Strike+1","Armaments"],"picked":"Evolve","floor":38.0},{"not_picked":["Thunderclap","Armaments+1"],"picked":"Whirlwind","floor":40.0},{"not_picked":["Panacea","Blind"],"picked":"Mind Blast","floor":41.0},{"not_picked":["Sword Boomerang+1","Offering","Warcry+1"],"picked":"SKIP","floor":44},{"not_picked":["Sword Boomerang+1","Hemokinesis","Cleave"],"picked":"SKIP","floor":47},{"not_picked":["Shrug It Off","Armaments","Wild Strike"],"picked":"SKIP","floor":48}],"player_experience":525754,"relics_obtained":[{"floor":9.0,"key":"Shuriken"},{"floor":11.0,"key":"Matryoshka"},{"floor":13.0,"key":"Kunai"},{"floor":24.0,"key":"Juzu Bracelet"},{"floor":26.0,"key":"PreservedInsect"},{"floor":26.0,"key":"Blue Candle"},{"floor":29.0,"key":"War Paint"},{"floor":31.0,"key":"Nilry\u0027s Codex"},{"floor":40.0,"key":"Oddly Smooth Stone"},{"floor":43.0,"key":"Smiling Mask"},{"floor":43.0,"key":"Pocketwatch"},{"floor":44,"key":"Ornamental Fan"}],"event_choices":[{"damage_healed":0.0,"max_hp_gain":0.0,"max_hp_loss":0.0,"gold_gain":0.0,"event_name":"Accursed Blacksmith","player_choice":"Rummage","floor":5.0,"gold_loss":0.0,"damage_taken":0.0,"relics_obtained":["WarpedTongs"],"cards_obtained":["Pain"]},{"damage_healed":0.0,"max_hp_gain":0.0,"max_hp_loss":0.0,"gold_gain":0.0,"event_name":"Upgrade Shrine","player_choice":"Upgraded","floor":20.0,"gold_loss":0.0,"damage_taken":0.0,"cards_upgraded":["Power Through"]},{"damage_healed":0.0,"max_hp_gain":0.0,"max_hp_loss":0.0,"gold_gain":0.0,"event_name":"WeMeetAgain","player_choice":"Gave Potion","floor":25.0,"gold_loss":0.0,"damage_taken":0.0,"relics_obtained":["Pen Nib"]},{"damage_healed":0.0,"max_hp_gain":0.0,"max_hp_loss":0.0,"gold_gain":0.0,"event_name":"Ghosts","player_choice":"Ignored","floor":30.0,"gold_loss":0.0,"damage_taken":0.0},{"damage_healed":0.0,"max_hp_gain":0.0,"max_hp_loss":0.0,"gold_gain":0.0,"event_name":"Cursed Tome","player_choice":"Obtained Book","floor":31.0,"gold_loss":0.0,"damage_taken":16.0},{"cards_removed":["Strike_R"],"damage_healed":0.0,"max_hp_gain":0.0,"max_hp_loss":0.0,"gold_gain":0.0,"event_name":"Falling","player_choice":"Removed Attack","floor":36.0,"gold_loss":0.0,"damage_taken":0.0},{"damage_healed":0.0,"max_hp_gain":0.0,"max_hp_loss":0.0,"gold_gain":275.0,"event_name":"Golden Shrine","player_choice":"Desecrate","floor":37.0,"gold_loss":0.0,"damage_taken":0.0,"cards_obtained":["Regret"]},{"damage_healed":0.0,"max_hp_gain":0.0,"max_hp_loss":0.0,"gold_gain":0.0,"event_name":"SensoryStone","player_choice":"Memory 3","floor":41.0,"gold_loss":0.0,"damage_taken":10.0},{"damage_healed":0.0,"max_hp_gain":0.0,"max_hp_loss":4.0,"gold_gain":0.0,"event_name":"Winding Halls","player_choice":"Max HP","floor":42.0,"gold_loss":0.0,"damage_taken":0.0},{"damage_healed":47,"gold_gain":0,"player_choice":"Heal","damage_taken":0,"max_hp_gain":0,"max_hp_loss":0,"event_name":"MindBloom","floor":45,"gold_loss":0,"cards_obtained":["Doubt"]}],"is_beta":false,"boss_relics":[{"not_picked":["SlaversCollar","Runic Dome"],"picked":"Snecko Eye"},{"not_picked":["Tiny House","Runic Cube"],"picked":"SacredBark"}],"items_purged_floors":[19,39,46],"is_endless":false,"potions_floor_spawned":[3,12,13,24,27,40,44,47],"ascension_level":14}}