{"host":"92wx9z21c4p52du4","time":1612555849,"event":{"mods":["BaseMod","Downfall","Hermit","Minty Spire (QoL Compilation)","Reliquary","StSLib","The Hierophant"],"gold_per_floor":[99,111,128,147,164,164,191,191,24,9,21,40,54,81,97,97,97,97],"floor_reached":16,"language":"ENG","playtime":675,"items_purged":[],"score":106,"play_id":"20d92fc5-a39e-447f-a26f-9ee98d03ea07","local_time":"20210205141049","is_ascension_mode":false,"campfire_choices":[{"floor":1,"key":"DIG"},{"floor":6,"key":"DIG"}],"circlet_count":0,"master_deck":["bronze:Strike","bronze:Strike","bronze:Strike","bronze:Strike","bronze:Defend","bronze:Defend","bronze:Defend","bronze:Defend","bronze:Replicate","bronze:Goto","Regret","bronze:Flail","bronze:BugBarrage","bronze:Invalidate","bronze:Frontload","bronze:FindAndReplace","bronze:CloningBeam","bronze:Mutator","bronze:BronzeOrb","bronze:FollowUp","bronze:FineTuning","bronze:InfiniteLoop","bronze:Constructor","bronze:InfiniteBeams"],"relics":["bronze:BronzeCore","Shovel","Toy Ornithopter","The Courier","Happy Flower","Potion Belt"],"acts_visited":["Exordium"],"potions_floor_usage":[13,14],"damage_taken":[{"damage":4,"enemies":"2 Louse","floor":2,"turns":4},{"damage":7,"enemies":"Cultist","floor":3,"turns":4},{"damage":0,"enemies":"Small Slimes","floor":4,"turns":2},{"damage":14,"enemies":"Red Slaver","floor":5,"turns":3},{"damage":1,"enemies":"downfall:FleeingMerchant","floor":9,"turns":4},{"damage":16,"enemies":"downfall:FleeingMerchant","floor":10,"turns":4},{"damage":1,"enemies":"Blue Slaver","floor":11,"turns":3},{"damage":4,"enemies":"Exordium Wildlife","floor":12,"turns":3},{"damage":17,"enemies":"Exordium Thugs","floor":13,"turns":5},{"damage":12,"enemies":"Gremlin Nob","floor":14,"turns":4},{"damage":3,"enemies":"Large Slime","floor":15,"turns":4},{"damage":3,"enemies":"WA_ARCHETYPE_RETAIN","floor":16,"turns":1}],"seed_played":"5338438793597359","potions_obtained":[{"floor":2,"key":"PowerPotion"},{"floor":3,"key":"bronze:CleanCodePotion"},{"floor":8,"key":"Energy Potion"},{"floor":14,"key":"Fire Potion"},{"floor":15,"key":"bronze:BurnAndBuffPotion"}],"is_trial":false,"path_per_floor":["R","M","M","M","M","R","T","?","$","$","M","M","M","E","M","B"],"character_chosen":"THE_AUTOMATON","items_purchased":["bronze:CloningBeam","bronze:Mutator"],"campfire_rested":0,"item_purchase_floors":[9,9],"current_hp_per_floor":[70,66,59,59,45,45,45,45,44,28,27,23,11,4,1,0,0,0],"gold":97,"neow_bonus":"ONE_RARE_RELIC","is_daily":false,"chose_seed":false,"campfire_upgraded":0,"win_rate":0.0,"timestamp":1612555849,"path_taken":["R","M","M","M","M","R","T","?","?","$","M","?","M","E","M","BOSS"],"items_purchased_type":["Card","Card"],"build_version":"2020-12-22","purchased_purges":0,"victory":false,"max_hp_per_floor":[70,70,70,70,70,70,70,70,70,70,70,70,70,70,70,70,70,70],"card_choices":[{"not_picked":["bronze:FollowUp","bronze:Separator"],"picked":"bronze:Flail","floor":2},{"not_picked":["bronze:Frontload","bronze:WildBeam"],"picked":"bronze:BugBarrage","floor":3},{"not_picked":["bronze:DelayedSlice","bronze:Frontload"],"picked":"bronze:Invalidate","floor":4},{"not_picked":["bronze:OilSpill","bronze:Repulsor"],"picked":"bronze:Frontload","floor":5},{"not_picked":["bronze:Overheat","bronze:Turbo"],"picked":"bronze:FindAndReplace","floor":9},{"not_picked":["bronze:BugBarrage","bronze:DelayedSlice"],"picked":"bronze:BronzeOrb","floor":10},{"not_picked":["bronze:ItsAFeature","bronze:Separator"],"picked":"bronze:FollowUp","floor":11},{"not_picked":["bronze:Repulsor","bronze:WildBeam"],"picked":"bronze:FineTuning","floor":12},{"not_picked":["bronze:Safeguard","bronze:Shield"],"picked":"bronze:InfiniteLoop","floor":13},{"not_picked":["bronze:Refactor","bronze:Invalidate"],"picked":"bronze:Constructor","floor":14},{"not_picked":["bronze:CloningBeam","bronze:WildBeam"],"picked":"bronze:InfiniteBeams","floor":15}],"player_experience":276744,"relics_obtained":[{"floor":1,"key":"Toy Ornithopter"},{"floor":6,"key":"The Courier"},{"floor":7,"key":"Happy Flower"},{"floor":14,"key":"Potion Belt"}],"event_choices":[{"damage_healed":0,"gold_gain":0,"player_choice":"Got Potions","damage_taken":0,"max_hp_gain":0,"max_hp_loss":0,"event_name":"Lab","floor":8,"gold_loss":0}],"is_beta":false,"boss_relics":[],"items_purged_floors":[],"is_endless":false,"potions_floor_spawned":[2,3,11,14,15],"killed_by":"WA_ARCHETYPE_RETAIN","ascension_level":0}}