{"host":"jqln3q8z91cyrmpl","time":1612509174,"event":{"mods":["AchievementEnabler","BaseMod","Colored Map","DeckTracker","Keyboard Shortcuts","Minty Spire (QoL Compilation)","SuperFastMode"],"gold_per_floor":[99,99,99,99,99,99,99,99,99,99,99,99,99,99,99,99,99,99],"floor_reached":17,"language":"KOR","playtime":570,"items_purged":[],"score":251,"play_id":"85e43790-19e2-4d91-b609-246fa970f0cb","local_time":"20210205161254","is_ascension_mode":true,"campfire_choices":[{"data":"Jack Of All Trades","floor":6,"key":"SMITH"},{"data":"Defragment","floor":15,"key":"SMITH"}],"circlet_count":0,"master_deck":["AscendersBane","Strike_B","Strike_B","Strike_B+1","Defend_B","Defend_B","Defend_B","Defend_B","Zap","Dualcast","Genetic Algorithm","Cold Snap","Jack Of All Trades+1","Melter","Glacier","Sweeping Beam","Self Repair","Defragment+1","Reboot","Steam Power"],"relics":["Ectoplasm","Anchor","Mercury Hourglass","Odd Mushroom","Blue Candle","Tiny House"],"acts_visited":["Exordium","TheCity"],"potions_floor_usage":[14],"damage_taken":[{"damage":7,"enemies":"Jaw Worm","floor":1,"turns":3},{"damage":0,"enemies":"2 Louse","floor":2,"turns":3},{"damage":9,"enemies":"Small Slimes","floor":7,"turns":4},{"damage":7,"enemies":"Lagavulin","floor":8,"turns":9},{"damage":0,"enemies":"2 Fungi Beasts","floor":10,"turns":3},{"damage":1,"enemies":"Large Slime","floor":11,"turns":5},{"damage":0,"enemies":"The Mushroom Lair","floor":12,"turns":4},{"damage":0,"enemies":"3 Louse","floor":13,"turns":2},{"damage":8,"enemies":"Gremlin Nob","floor":14,"turns":4},{"damage":23,"enemies":"Hexaghost","floor":16,"turns":12}],"seed_played":"353890452197239501","potions_obtained":[{"floor":1,"key":"Ancient Potion"},{"floor":8,"key":"Weak Potion"},{"floor":13,"key":"ColorlessPotion"},{"floor":14,"key":"Energy Potion"}],"is_trial":false,"path_per_floor":["M","M","?","?","?","R","M","E","T","M","M","?","M","E","R","B",null],"character_chosen":"DEFECT","items_purchased":[],"campfire_rested":0,"item_purchase_floors":[],"current_hp_per_floor":[61,61,61,61,61,61,52,45,45,45,51,58,65,57,57,41,72,72],"gold":99,"neow_bonus":"BOSS_RELIC","is_daily":false,"chose_seed":false,"campfire_upgraded":2,"win_rate":0.0,"timestamp":1612509174,"path_taken":["M","M","?","?","?","R","M","E","T","M","?","?","M","E","R","BOSS"],"items_purchased_type":[],"build_version":"2020-12-22","purchased_purges":0,"victory":false,"max_hp_per_floor":[75,75,75,75,75,75,75,75,75,75,75,75,75,75,75,75,80,80],"card_choices":[{"not_picked":["Streamline","Barrage"],"picked":"Genetic Algorithm","floor":1},{"not_picked":["Leap","Redo"],"picked":"Cold Snap","floor":2},{"not_picked":["Turbo","Gash"],"picked":"Glacier","floor":7},{"not_picked":["Undo","Cold Snap"],"picked":"Sweeping Beam","floor":8},{"not_picked":["Heatsinks","Conserve Battery"],"picked":"Self Repair","floor":10},{"not_picked":["Melter","Barrage","Heatsinks"],"picked":"SKIP","floor":11},{"not_picked":["Sunder","Steam"],"picked":"Defragment","floor":12},{"not_picked":["Hello World","Melter","Beam Cell"],"picked":"SKIP","floor":13},{"not_picked":["FTL","Ball Lightning","Sweeping Beam"],"picked":"SKIP","floor":14},{"not_picked":["Multi-Cast","Amplify"],"picked":"Reboot","floor":16},{"not_picked":["Force Field","Steam"],"picked":"Steam Power","floor":17}],"player_experience":419274,"relics_obtained":[{"floor":8,"key":"Anchor"},{"floor":9,"key":"Mercury Hourglass"},{"floor":12,"key":"Odd Mushroom"},{"floor":14,"key":"Blue Candle"}],"event_choices":[{"damage_healed":0,"gold_gain":0,"player_choice":"Ignored","damage_taken":0,"max_hp_gain":0,"max_hp_loss":0,"event_name":"Liars Game","floor":3,"gold_loss":0},{"cards_removed":["Strike_B"],"damage_healed":0,"gold_gain":0,"player_choice":"Forget","damage_taken":0,"max_hp_gain":0,"max_hp_loss":0,"event_name":"Living Wall","floor":4,"gold_loss":0},{"damage_healed":0,"gold_gain":0,"player_choice":"2 cards matched","damage_taken":0,"max_hp_gain":0,"max_hp_loss":0,"event_name":"Match and Keep!","floor":5,"gold_loss":0,"cards_obtained":["Jack Of All Trades","Melter"]},{"damage_healed":0,"gold_gain":0,"player_choice":"2 cards matched","damage_taken":0,"max_hp_gain":0,"max_hp_loss":0,"event_name":"Match and Keep!","floor":5,"gold_loss":0,"cards_obtained":["Jack Of All Trades","Melter"]},{"damage_healed":0,"gold_gain":0,"player_choice":"Fought Mushrooms","damage_taken":0,"max_hp_gain":0,"max_hp_loss":0,"event_name":"Mushrooms","floor":12,"gold_loss":0}],"is_beta":false,"boss_relics":[{"not_picked":["Runic Dome","Snecko Eye"],"picked":"Tiny House"}],"items_purged_floors":[],"is_endless":false,"potions_floor_spawned":[1,8,13,14],"ascension_level":10}}