{"host":"1fg1a150gjswaegv","time":1612507569,"event":{"mods":["AchievementEnabler","BaseMod","Downfall","Hermit","Minty Spire (QoL Compilation)","StSLib"],"gold_per_floor":[99,112,125,183,183,194,194,94,94,104,123,135,148,158,168,264,264,264,276,287,116,116,116,187,187,87,113,113,98,110,110,126,126,126,126],"floor_reached":33,"language":"ENG","playtime":2692,"items_purged":[],"score":286,"play_id":"96d59651-d6f2-4f4c-a4df-6f6affb2c2df","local_time":"20210205004609","is_ascension_mode":false,"campfire_choices":[{"floor":1,"key":"RECALL"},{"floor":8,"key":"REST"},{"data":"champ:HeartStrike","floor":18,"key":"SMITH"},{"floor":26,"key":"REST"}],"circlet_count":0,"master_deck":["champ:Defend","champ:Defend","champ:Defend","champ:Defend","champ:Execute","champ:Taunt","champ:FocusedBerserking","champ:BerserkersShout","champ:CalledShot","champ:FanOfKnives","champ:Duel","champ:HeartStrike+1","champ:BringItOn","champ:HoldFirm","champ:RapidStrikes","champ:Haymaker","champ:DefensiveShout","champ:VampiricStrike","champ:EnGarde","champ:FlashCut","champ:Encircle","Pride","Bite","Bite","Bite","Bite","Bite","Necronomicurse","champ:Shatter","champ:StanceDance","champ:FocusedDefense+1","champ:ArenaPreparation+1","champ:GutPunch"],"relics":["champ:ChampionCrown","Anchor","TungstenRod","downfall:HeartBlessingRed","Runic Pyramid","Boot","Dream Catcher","Necronomicon","downfall:HeartBlessingBlue","Mercury Hourglass","Matryoshka"],"acts_visited":["Exordium","TheCity"],"potions_floor_usage":[4,16,16,27,29,33,33],"damage_taken":[{"damage":10,"enemies":"Small Slimes","floor":2,"turns":3},{"damage":21,"enemies":"Jaw Worm","floor":3,"turns":4},{"damage":100,"enemies":"Lagavulin Event","floor":4,"turns":8},{"damage":40,"enemies":"Cultist","floor":6,"turns":4},{"damage":33,"enemies":"Large Slime","floor":10,"turns":3},{"damage":21,"enemies":"Lots of Slimes","floor":11,"turns":2},{"damage":16,"enemies":"3 Louse","floor":12,"turns":4},{"damage":17,"enemies":"2 Fungi Beasts","floor":13,"turns":2},{"damage":38,"enemies":"Large Slime","floor":14,"turns":6},{"damage":9,"enemies":"Red Slaver","floor":15,"turns":3},{"damage":23,"enemies":"WA_ARCHETYPE_RETAIN","floor":16,"turns":4},{"damage":17,"enemies":"Shell Parasite","floor":19,"turns":4},{"damage":26,"enemies":"3 Byrds","floor":20,"turns":6},{"damage":33,"enemies":"downfall:FleeingMerchant","floor":21,"turns":4},{"damage":91,"enemies":"Gremlin Leader","floor":27,"turns":9},{"damage":2,"enemies":"downfall:FleeingMerchant","floor":29,"turns":4},{"damage":8,"enemies":"Sentry and Sphere","floor":30,"turns":3},{"damage":17,"enemies":"Cultist and Chosen","floor":32,"turns":5},{"damage":42,"enemies":"SI_MIRROR_ARCHETYPE","floor":33,"turns":6}],"seed_played":"1358100337490726489","potions_obtained":[{"floor":3,"key":"sneckomod:MuddlingPotion"},{"floor":6,"key":"FearPotion"},{"floor":12,"key":"champ:OpenerPotion"},{"floor":15,"key":"hexamod:SoulburnPotion"},{"floor":16,"key":"Energy Potion"},{"floor":20,"key":"FearPotion"},{"floor":28,"key":"CultistPotion"},{"floor":30,"key":"EssenceOfSteel"}],"is_trial":false,"path_per_floor":["R","M","M","?","?","M","T","R","?","M","M","M","M","M","M","B",null,"R","M","M","$","?","?","T","?","R","E","?","$","M","T","M","B"],"character_chosen":"THE_CHAMP","items_purchased":["Boot"],"campfire_rested":2,"item_purchase_floors":[21],"current_hp_per_floor":[99,99,93,58,43,33,33,62,62,69,73,72,75,82,83,75,99,99,99,98,99,99,69,69,54,79,26,26,30,34,34,36,0,0,0],"gold":126,"neow_bonus":"TEN_PERCENT_HP_BONUS","is_daily":false,"chose_seed":false,"campfire_upgraded":1,"win_rate":0.0,"timestamp":1612507569,"path_taken":["R","M","M","?","?","?","T","R","?","?","M","M","M","M","M","BOSS","R","M","M","$","?","?","T","?","R","E","?","$","M","?","M","BOSS"],"items_purchased_type":["Relic"],"build_version":"2020-12-22","purchased_purges":0,"victory":false,"max_hp_per_floor":[99,99,99,99,99,99,99,99,99,99,99,99,99,99,99,99,99,99,99,99,99,99,69,69,69,79,79,79,79,79,79,79,79,79,79],"card_choices":[{"not_picked":["champ:FlashCut","champ:Backstep"],"picked":"champ:FocusedBerserking","floor":2},{"not_picked":["champ:PreemptiveStrike","champ:Circumvent"],"picked":"champ:BerserkersShout","floor":3},{"not_picked":["champ:FalseCounter","champ:PreemptiveStrike"],"picked":"champ:CalledShot","floor":4},{"not_picked":["champ:PerfectedStrike","champ:GutPunch"],"picked":"champ:FanOfKnives","floor":6},{"not_picked":["champ:Circumvent","champ:SkillfulDodge"],"picked":"champ:HeartStrike","floor":10},{"not_picked":["champ:Shatter","champ:ShieldWall"],"picked":"champ:BringItOn","floor":11},{"not_picked":["champ:RisingSlash","champ:Lariat"],"picked":"champ:HoldFirm","floor":12},{"not_picked":["champ:Circumvent","champ:FlashCut"],"picked":"champ:RapidStrikes","floor":13},{"not_picked":["champ:FalseCounter","champ:Backstep"],"picked":"champ:Haymaker","floor":14},{"not_picked":["champ:TornadoPunch","champ:Circumvent"],"picked":"champ:DefensiveShout","floor":15},{"not_picked":["champ:Devastate","champ:CheapShot"],"picked":"champ:VampiricStrike","floor":16},{"not_picked":["champ:FancyFootwork","champ:FanOfKnives"],"picked":"champ:EnGarde","floor":19},{"not_picked":["champ:FalseCounter+1","champ:SetATrap"],"picked":"champ:FlashCut","floor":20},{"not_picked":["champ:CalledShot","champ:PreciseThrust"],"picked":"champ:Encircle","floor":21},{"not_picked":["champ:FanOfKnives+1","champ:TornadoPunch"],"picked":"champ:Shatter","floor":26},{"not_picked":["champ:CrownThrow","champ:FancyFootwork"],"picked":"champ:StanceDance","floor":27},{"not_picked":["champ:Shatter+1","champ:TornadoPunch"],"picked":"champ:FocusedDefense+1","floor":29},{"not_picked":["champ:LastStand","champ:Haymaker"],"picked":"champ:ArenaPreparation+1","floor":30},{"not_picked":["champ:PreciseThrust+1","champ:FanOfKnives+1"],"picked":"champ:GutPunch","floor":32}],"player_experience":43505,"relics_obtained":[{"floor":4,"key":"Anchor"},{"floor":7,"key":"TungstenRod"},{"floor":25,"key":"Necronomicon"},{"floor":27,"key":"Mercury Hourglass"},{"floor":31,"key":"Matryoshka"}],"event_choices":[{"damage_healed":0,"gold_gain":0,"player_choice":"Stole Relic","damage_taken":0,"relics_obtained":["Dream Catcher"],"max_hp_gain":0,"max_hp_loss":0,"event_name":"Addict","floor":22,"gold_loss":0,"cards_obtained":["Pride"]},{"damage_healed":0,"gold_gain":0,"player_choice":"Became a vampire","damage_taken":0,"max_hp_gain":0,"max_hp_loss":30,"event_name":"Vampires","floor":23,"gold_loss":0,"cards_obtained":["Bite","Bite","Bite","Bite","Bite"]}],"is_beta":false,"boss_relics":[{"not_picked":["bronze:MakeshiftBattery","champ:ChampionCrownUpgraded"],"picked":"Runic Pyramid"}],"items_purged_floors":[],"is_endless":false,"potions_floor_spawned":[3,6,12,15,16,20,30],"killed_by":"SI_MIRROR_ARCHETYPE","ascension_level":0}}