{"host":"2i1rjl87isetstuj","time":1612506705,"event":{"mods":["BaseMod","Better Vampires","Challenge The Spire","Lobotomy","LobotomyExtend","Marked Mod","Minty Spire (QoL Compilation)","Quick Restart","Shop Mod","StSLib","Waifu the Spire","óô»ðÖ¸ÄÏ"],"gold_per_floor":[111,125,144,144,161,173,173,248,261,330,330,330,330,330,330,330],"floor_reached":14,"language":"ZHS","playtime":417,"items_purged":[],"score":82,"play_id":"229143ba-f0f3-450c-b1f3-e41bdcb2bed9","local_time":"20210205143145","is_ascension_mode":false,"campfire_choices":[],"circlet_count":0,"master_deck":["SpecialBullet","SpecialBullet","SpecialBullet","SpecialBullet","SpecialBullet","SpecialBullet","SpecialBullet","SpecialBullet","ControlCode","InformationCode","SecurityCode","Scorched","MeatLantern","Woodsman","WristCuter","Wellcheers","SomewhereSpear"],"relics":["CogitoBucket","Pocketwatch","MagicBullet_r","LetterFromLob","Frozen Egg 2","HellTrain","Kunai","Golden Idol"],"acts_visited":["Exordium"],"potions_floor_usage":[],"damage_taken":[{"damage":5,"enemies":"2 Louse","floor":1,"turns":2},{"damage":0,"enemies":"Cultist","floor":1,"turns":1},{"damage":50,"enemies":"Jaw Worm","floor":2,"turns":1},{"damage":0,"enemies":"2 Louse","floor":4,"turns":1},{"damage":0,"enemies":"2 Fungi Beasts","floor":5,"turns":1},{"damage":78,"enemies":"Exordium Wildlife","floor":8,"turns":3},{"damage":20,"enemies":"Exordium Thugs","floor":14,"turns":1}],"seed_played":"4842942369063917158","potions_obtained":[{"floor":1,"key":"LiquidBronze"},{"floor":2,"key":"Strength Potion"},{"floor":4,"key":"FairyPotion"}],"is_trial":false,"path_per_floor":["M","?","M","M","?","M","M","R","?","M","T","R","?","T","R","M"],"character_chosen":"Angela","items_purchased":[],"campfire_rested":0,"item_purchase_floors":[],"current_hp_per_floor":[52,70,28,28,36,59,59,48,32,32,32,15,15,15,0,0],"gold":330,"neow_bonus":"ONE_RARE_RELIC","is_daily":false,"chose_seed":false,"campfire_upgraded":0,"win_rate":0.0,"timestamp":1612506705,"path_taken":["M","?","M","M","?","?","M","R","?","M","T","R","?","?","R","M"],"items_purchased_type":[],"build_version":"2020-12-22","purchased_purges":0,"victory":false,"max_hp_per_floor":[70,70,70,70,70,70,70,70,70,70,70,70,70,70,70,70],"card_choices":[{"not_picked":["Bloodbath","VoidDream"],"picked":"Scorched","floor":1},{"not_picked":["RapturousDream","Harmony"],"picked":"SKIP","floor":1},{"not_picked":["CrumblingArmor","OSAHOGD"],"picked":"MeatLantern","floor":1},{"not_picked":["Tough","Regret_ego"],"picked":"SKIP","floor":1},{"not_picked":["Gaze"],"picked":"Loneliness","floor":2},{"not_picked":["SpiderBud","DreamingCurrent"],"picked":"Woodsman","floor":4},{"not_picked":["ScreamingWedge"],"picked":"WristCuter","floor":4},{"not_picked":["Bloodbath","HappyTeddy"],"picked":"Wellcheers","floor":5},{"not_picked":["WristCuter","Tough"],"picked":"SKIP","floor":5},{"not_picked":["Laetitia_ego"],"picked":"SomewhereSpear","floor":8}],"player_experience":127840,"relics_obtained":[{"floor":1,"key":"LetterFromLob"},{"floor":1,"key":"LetterFromLob"},{"floor":9,"key":"Kunai"}],"event_choices":[{"cards_removed":["Loneliness"],"damage_healed":0,"gold_gain":0,"player_choice":"Gave Card","damage_taken":0,"relics_obtained":["Frozen Egg 2"],"max_hp_gain":0,"max_hp_loss":0,"event_name":"WeMeetAgain","floor":3,"gold_loss":0},{"damage_healed":0,"gold_gain":75,"player_choice":"Gather Gold","damage_taken":11,"max_hp_gain":0,"max_hp_loss":0,"event_name":"World of Goop","floor":7,"gold_loss":0},{"damage_healed":0,"gold_gain":0,"player_choice":"Take Damage","damage_taken":17,"relics_obtained":["Golden Idol"],"max_hp_gain":0,"max_hp_loss":0,"event_name":"Golden Idol","floor":11,"gold_loss":0}],"is_beta":false,"boss_relics":[],"items_purged_floors":[],"is_endless":false,"potions_floor_spawned":[1,2,4],"killed_by":"Exordium Thugs","ascension_level":0}}