{"host":"by8i6f8xc0ywpsd5","time":1612520908,"event":{"mods":["BaseMod","Colored Map","Minty Spire (QoL Compilation)","Relic Stats"],"gold_per_floor":[111,127,146,163,175,207,207,237,237,269,284,318,332,350,350,350,350],"floor_reached":16,"language":"ENG","playtime":591,"items_purged":[],"score":322,"play_id":"5d35dc19-63c3-433b-9c51-530303368ba9","local_time":"20210205122828","is_ascension_mode":true,"campfire_choices":[{"data":"Flex","floor":7,"key":"SMITH"},{"data":"Carnage","floor":15,"key":"SMITH"}],"circlet_count":0,"master_deck":["AscendersBane","Strike_R","Strike_R","Strike_R","Strike_R","Strike_R","Defend_R","Defend_R","Defend_R","Defend_R","Bash","Hemokinesis","Flame Barrier","Carnage+1","Shrug It Off","Flex+1","Headbutt","Iron Wave","Sword Boomerang","Power Through","Disarm","Sentinel"],"relics":["Burning Blood","Oddly Smooth Stone","Calipers","Eternal Feather","Bag of Marbles","Question Card"],"acts_visited":["Exordium"],"potions_floor_usage":[6,8,10,12,12,16],"damage_taken":[{"damage":5,"enemies":"Cultist","floor":1,"turns":4},{"damage":2,"enemies":"Small Slimes","floor":2,"turns":3},{"damage":2,"enemies":"Jaw Worm","floor":3,"turns":3},{"damage":2,"enemies":"Exordium Wildlife","floor":4,"turns":3},{"damage":5,"enemies":"Looter","floor":5,"turns":2},{"damage":2,"enemies":"Gremlin Nob","floor":6,"turns":2},{"damage":39,"enemies":"Lagavulin","floor":8,"turns":8},{"damage":45,"enemies":"Gremlin Nob","floor":10,"turns":5},{"damage":7,"enemies":"Blue Slaver","floor":11,"turns":4},{"damage":4,"enemies":"3 Sentries","floor":12,"turns":5},{"damage":3,"enemies":"Exordium Wildlife","floor":13,"turns":5},{"damage":2,"enemies":"Exordium Thugs","floor":14,"turns":3},{"damage":29,"enemies":"Hexaghost","floor":16,"turns":9}],"seed_played":"3739759409106524560","potions_obtained":[{"floor":2,"key":"BlessingOfTheForge"},{"floor":5,"key":"Fire Potion"},{"floor":6,"key":"Dexterity Potion"},{"floor":8,"key":"Regen Potion"},{"floor":11,"key":"Explosive Potion"},{"floor":12,"key":"SneckoOil"}],"is_trial":false,"path_per_floor":["M","M","M","M","M","E","R","E","T","E","M","E","M","M","R","B"],"character_chosen":"IRONCLAD","items_purchased":[],"campfire_rested":0,"item_purchase_floors":[],"current_hp_per_floor":[69,73,75,75,75,75,75,42,42,8,7,9,12,16,28,0,0],"gold":350,"neow_bonus":"RANDOM_COMMON_RELIC","is_daily":false,"chose_seed":false,"campfire_upgraded":2,"win_rate":0.0,"timestamp":1612520908,"path_taken":["M","M","?","M","M","E","R","E","T","E","M","E","M","?","R","BOSS"],"items_purchased_type":[],"build_version":"2020-12-22","purchased_purges":0,"victory":false,"max_hp_per_floor":[75,75,75,75,75,75,75,75,75,75,75,75,75,75,75,75,75],"relic_stats":{"counters":[13,56],"Eternal Feather":12,"Question Card":2,"obtain_stats":[{"Calipers":6,"Oddly Smooth Stone":0,"Eternal Feather":8,"Bag of Marbles":10,"Question Card":12,"Burning Blood":0},{"Calipers":6,"Oddly Smooth Stone":0,"Eternal Feather":7,"Bag of Marbles":8,"Question Card":10,"Burning Blood":0},{"Calipers":17,"Oddly Smooth Stone":0,"Eternal Feather":25,"Bag of Marbles":30,"Question Card":39,"Burning Blood":0}],"Burning Blood":61},"card_choices":[{"not_picked":["Cleave","Twin Strike"],"picked":"Hemokinesis","floor":1},{"not_picked":["Clash","Pummel"],"picked":"Flame Barrier","floor":2},{"not_picked":["Perfected Strike","Seeing Red"],"picked":"Carnage","floor":3},{"not_picked":["Cleave","Anger"],"picked":"Shrug It Off","floor":4},{"not_picked":["Armaments","Infernal Blade"],"picked":"Flex","floor":5},{"not_picked":["Flex","Barricade"],"picked":"Headbutt","floor":6},{"not_picked":["Fire Breathing","Sever Soul"],"picked":"Iron Wave","floor":8},{"not_picked":["Twin Strike","Pommel Strike"],"picked":"Sword Boomerang","floor":10},{"not_picked":["Warcry","Pommel Strike"],"picked":"Power Through","floor":11},{"not_picked":["Berserk","Feel No Pain"],"picked":"Disarm","floor":12},{"not_picked":["Wild Strike","Armaments","Perfected Strike","Barricade"],"picked":"SKIP","floor":13},{"not_picked":["Fire Breathing","Dropkick","Thunderclap"],"picked":"Sentinel","floor":14}],"player_experience":1759989,"relics_obtained":[{"floor":6,"key":"Calipers"},{"floor":8,"key":"Eternal Feather"},{"floor":10,"key":"Bag of Marbles"},{"floor":12,"key":"Question Card"}],"event_choices":[],"is_beta":false,"boss_relics":[],"items_purged_floors":[],"is_endless":false,"potions_floor_spawned":[2,5,6,8,11,12],"killed_by":"Hexaghost","ascension_level":20}}