{"host":"i0avyit1s6jb1siw","time":1612533450,"event":{"mods":["BaseMod","DeckTracker","Dota2Spire","Highlight Path","Minty Spire (QoL Compilation)","Quick Restart","StSLib","SuperFastMode"],"gold_per_floor":[114,114,126,138,152,152,165,90,90,114,56,56,84,99,118,118,192,192,192,266,316,293,343,79,96,96,126,26,26,26],"floor_reached":29,"language":"ENG","playtime":576,"items_purged":["Slice","Unload"],"score":666,"play_id":"a94f1867-414b-4aaf-9e97-68236c3df849","local_time":"20210205145730","is_ascension_mode":true,"campfire_choices":[{"floor":6,"key":"REST"},{"floor":12,"key":"REST"},{"floor":16,"key":"REST"},{"data":"Noxious Fumes","floor":19,"key":"SMITH"}],"circlet_count":0,"master_deck":["AscendersBane","Survivor","Neutralize","Eviscerate","Glass Knife","Setup","Doppelganger","Leg Sweep","Flying Knee","Sucker Punch","Riddle With Holes+1","Predator","Noxious Fumes+1","Cloak And Dagger","Blur","Malaise","PiercingWail","Cloak And Dagger+1","Cloak And Dagger+1","Deflect"],"relics":["Pandora\u0027s Box","PreservedInsect","Regal Pillow","Dota2Spire:ArcaneBoots","Odd Mushroom","Runic Pyramid","Tiny House","Dota2Spire:Desolator","Dota2Spire:BlackKingBar"],"acts_visited":["Exordium","TheCity"],"potions_floor_usage":[17,17,27],"damage_taken":[{"damage":4,"enemies":"2 Louse","floor":1,"turns":2},{"damage":0,"enemies":"Small Slimes","floor":3,"turns":2},{"damage":9,"enemies":"Jaw Worm","floor":4,"turns":3},{"damage":10,"enemies":"Red Slaver","floor":5,"turns":3},{"damage":13,"enemies":"Blue Slaver","floor":7,"turns":3},{"damage":10,"enemies":"The Mushroom Lair","floor":13,"turns":4},{"damage":8,"enemies":"Exordium Thugs","floor":14,"turns":4},{"damage":14,"enemies":"3 Louse","floor":15,"turns":3},{"damage":27,"enemies":"Slime Boss","floor":17,"turns":10},{"damage":21,"enemies":"Slime Boss","floor":20,"turns":7},{"damage":11,"enemies":"2 Thieves","floor":22,"turns":4},{"damage":25,"enemies":"3 Byrds","floor":25,"turns":7},{"damage":14,"enemies":"Slavers","floor":27,"turns":4},{"damage":40,"enemies":"Shelled Parasite and Fungi","floor":29,"turns":4}],"seed_played":"5834931356814947717","potions_obtained":[{"floor":1,"key":"CunningPotion"},{"floor":4,"key":"Weak Potion"},{"floor":17,"key":"FairyPotion"},{"floor":20,"key":"Explosive Potion"}],"is_trial":false,"path_per_floor":["M","?","M","M","M","R","M","$","T","T","?","R","?","M","M","R","B",null,"R","B",null,"M","?","$","M","?","E","$","M"],"character_chosen":"THE_SILENT","items_purchased":["Dota2Spire:Desolator"],"campfire_rested":3,"item_purchase_floors":[24],"current_hp_per_floor":[55,29,29,20,10,29,16,16,16,16,16,50,40,32,18,52,25,25,25,4,56,45,45,45,20,20,6,6,0,0],"gold":26,"neow_bonus":"BOSS_RELIC","is_daily":false,"chose_seed":false,"campfire_upgraded":1,"win_rate":0.0,"timestamp":1612533450,"path_taken":["M","?","M","M","M","R","M","$","T","T","?","R","?","?","M","R","BOSS","R","BOSS","M","?","$","M","?","E","$","M"],"items_purchased_type":["Relic"],"build_version":"2020-12-22","purchased_purges":2,"victory":false,"max_hp_per_floor":[66,66,66,66,66,66,66,66,66,66,66,66,66,66,66,66,66,66,66,66,71,71,71,71,71,71,71,71,71,71],"card_choices":[{"not_picked":["Escape Plan","Flechettes"],"picked":"Predator","floor":1},{"not_picked":["Terror","Dodge and Roll"],"picked":"Noxious Fumes","floor":3},{"not_picked":["Noxious Fumes","Outmaneuver","Poisoned Stab"],"picked":"SKIP","floor":4},{"not_picked":["Sucker Punch","Bane","Masterful Stab"],"picked":"SKIP","floor":5},{"not_picked":["Concentrate","Poisoned Stab"],"picked":"Cloak And Dagger","floor":7},{"not_picked":["Flechettes","Bullet Time"],"picked":"Blur","floor":13},{"not_picked":["Outmaneuver","Slice","Flechettes"],"picked":"SKIP","floor":14},{"not_picked":["Predator","Deadly Poison","Prepared"],"picked":"SKIP","floor":15},{"not_picked":["Night Terror","Storm of Steel"],"picked":"Malaise","floor":17},{"not_picked":["All Out Attack","Deflect"],"picked":"PiercingWail","floor":21},{"not_picked":["Reflex","Expertise"],"picked":"Cloak And Dagger+1","floor":22},{"not_picked":["Bane","Venomology","Noxious Fumes"],"picked":"SKIP","floor":25},{"not_picked":["Backstab+1","Distraction"],"picked":"Deflect","floor":27}],"player_experience":2410991,"relics_obtained":[{"floor":9,"key":"Regal Pillow"},{"floor":10,"key":"Dota2Spire:ArcaneBoots"},{"floor":13,"key":"Odd Mushroom"},{"floor":27,"key":"Dota2Spire:BlackKingBar"}],"event_choices":[{"damage_healed":0,"gold_gain":0,"player_choice":"Success","damage_taken":26,"relics_obtained":["PreservedInsect"],"max_hp_gain":0,"max_hp_loss":0,"event_name":"Scrap Ooze","floor":2,"gold_loss":0},{"damage_healed":0,"gold_gain":0,"player_choice":"Left Gold","damage_taken":0,"max_hp_gain":0,"max_hp_loss":0,"event_name":"World of Goop","floor":11,"gold_loss":58},{"damage_healed":0,"gold_gain":0,"player_choice":"Fought Mushrooms","damage_taken":0,"max_hp_gain":0,"max_hp_loss":0,"event_name":"Mushrooms","floor":13,"gold_loss":0},{"damage_healed":0,"gold_gain":50,"player_choice":"Stole From Cult","damage_taken":0,"max_hp_gain":0,"max_hp_loss":0,"event_name":"Nest","floor":23,"gold_loss":0},{"damage_healed":0,"gold_gain":0,"player_choice":"Copied","damage_taken":0,"max_hp_gain":0,"max_hp_loss":0,"event_name":"Duplicator","floor":26,"gold_loss":0,"cards_obtained":["Cloak And Dagger"]}],"is_beta":false,"boss_relics":[{"not_picked":["Velvet Choker","Black Star"],"picked":"Runic Pyramid"},{"not_picked":["Philosopher\u0027s Stone","Fusion Hammer"],"picked":"Tiny House"}],"items_purged_floors":[8,28],"is_endless":false,"potions_floor_spawned":[1,4,5,17,20],"killed_by":"Shelled Parasite and Fungi","ascension_level":20}}