{"host":"b5jaqh8y266k2cz4","time":1612502381,"event":{"mods":["AchievementEnabler","Aspiration","BaseMod","Colored Powertips","Conspire","Downfall","Googly Eyes","Hermit","Highlight Path","Hubris","Infinite Spire","MarisaÅiñ∂âJÅ@ñÇóùçπÅj","Mimic Mod","Minty Spire (QoL Compilation)","Quick Restart","Replay The Spire","Spikes Relics","StSLib","Synergy Search","The Animator","The Cursed","The Jungle","The Necromancer","The Servant 0.9.4","The Wild Card","slay the spire mod where everything is the same but ironclad has a cowboy hat"],"gold_per_floor":[117,117,117,128,128,161,161,197,250,123,142,167,167,180,180,278,278,296,83,83,8,8,8,8,8,8,8,8,41,60,90,90,194,194,212,212,212,229,248,279,279,308,342,342,342,342],"floor_reached":45,"language":"ENG","playtime":1823,"items_purged":["Overencumbered"],"score":617,"play_id":"5ebc7d16-e4bf-44f3-bd77-70c9cf146256","local_time":"20210205001941","is_ascension_mode":true,"campfire_choices":[{"data":"Bone_Bullets","floor":7,"key":"SMITH"},{"data":"Bone_Armor","floor":15,"key":"SMITH"},{"data":"Bone_Armory","floor":23,"key":"SMITH"},{"data":"Summon_Undead_Army","floor":25,"key":"SMITH"},{"data":"Skeleton_Dragon","floor":27,"key":"SMITH"},{"data":"Summon_Death_Knight","floor":41,"key":"SMITH"},{"floor":44,"key":"REST"}],"circlet_count":0,"master_deck":["Strike_W","Strike_W+1","Strike_W","Strike_W","Defend_W","Defend_W+1","Defend_W","Defend_W+1","Negative_Energy_Arrows","Bone_Wall","Finger_Of_Death+1","Bone_Bullets+1","Bone_Spikes+1","Negative_Energy_Shield","Summon_Undead+1","Summon_Lich","Finger_Of_Death","Bone_Armor+1","Skeleton_Dragon+1","Summon_Undead_Army+1","Bone_Armory+1","Spectral_Walk","Bone_Shift","Bone_Armory+1","Summon_Death_Knight+1","Bone_Bullets","Summon_Undead_Army","Finger_Of_Death+1","Bone_Bullets+1","Bones_to_Steel","Pain","Clumsy","Bone_Shift+1"],"relics":["Vampire_Amulet","NeowsBlessing","Snack Pack","infinitespire:PuzzleCube","Vajra","Bag of Marbles","conspire:SpecialSausage","War Paint","Kunai","Runic Pyramid","WingedGreaves","infinitespire:FocusingShard","infinitespire:Lucky Rock","infinitespire:Eraser","Philosopher\u0027s Stone","downfall:ExtraCursedKey","hubris:MysteriousPyramids","hubris:GlazedTorus","hubris:Potato"],"acts_visited":["Exordium","TheCity","TheBeyond"],"potions_floor_usage":[31,31,33,40,40,40,42,42],"damage_taken":[{"damage":0,"enemies":"2 Louse","floor":1,"turns":1},{"damage":0,"enemies":"Small Slimes","floor":4,"turns":1},{"damage":0,"enemies":"3 Sentries","floor":6,"turns":1},{"damage":0,"enemies":"Cultist","floor":8,"turns":7},{"damage":0,"enemies":"Cultist","floor":11,"turns":2},{"damage":19,"enemies":"Lagavulin","floor":12,"turns":5},{"damage":2,"enemies":"Looter","floor":14,"turns":2},{"damage":0,"enemies":"Slime Boss","floor":16,"turns":6},{"damage":0,"enemies":"Shell Parasite","floor":18,"turns":5},{"damage":20,"enemies":"Gremlin Leader","floor":29,"turns":7},{"damage":0,"enemies":"Chosen","floor":30,"turns":5},{"damage":6,"enemies":"Book of Stabbing","floor":31,"turns":5},{"damage":55,"enemies":"Automaton","floor":33,"turns":9},{"damage":8,"enemies":"3 Shapes","floor":35,"turns":4},{"damage":11,"enemies":"Orb Walker","floor":38,"turns":4},{"damage":28,"enemies":"4 Shapes","floor":39,"turns":5},{"damage":51,"enemies":"Reptomancer","floor":40,"turns":7},{"damage":8,"enemies":"Giant Head","floor":42,"turns":8},{"damage":4,"enemies":"Spire Growth","floor":43,"turns":7},{"damage":41,"enemies":"infinitespire:Three Voidlings","floor":45,"turns":5},{"damage":52,"enemies":"Nightmare_Alpha","floor":45,"turns":7}],"seed_played":"5612635620596365946","potions_obtained":[{"floor":4,"key":"DistilledChaos"},{"floor":11,"key":"Dexterity Potion"},{"floor":12,"key":"Elixir"},{"floor":14,"key":"Guardian:BlockOnCardUsePotion"},{"floor":16,"key":"AttackPotion"},{"floor":33,"key":"Elixir"},{"floor":35,"key":"EntropicBrew"},{"floor":40,"key":"AttackPotion"}],"is_trial":false,"path_per_floor":["M","?","?","M","?","E","R","MIM","T","$","M","E","$","M","R","B",null,"M","$","?","$","?","R","AVR","R","T","R","?","E","M","E","R","B",null,"M","?","?","M","M","E","R","E","MIM","R","?"],"character_chosen":"NECROMANCER","items_purchased":["Summon_Undead+1","Summon_Lich","Bone_Armory","War Paint"],"campfire_rested":1,"item_purchase_floors":[10,10,19,19],"current_hp_per_floor":[75,60,68,72,72,75,75,75,75,75,75,66,66,66,66,75,75,75,75,75,75,75,75,75,75,75,75,75,63,67,63,75,28,75,71,71,71,66,52,34,34,36,38,60,0,0],"gold":342,"neow_bonus":"THREE_ENEMY_KILL","is_daily":false,"chose_seed":false,"campfire_upgraded":6,"win_rate":0.0,"timestamp":1612502381,"path_taken":["M","?","?","?","?","E","R","?","T","$","?","E","?","M","R","BOSS","M","$","?","?","?","R","AVR","R","T","R","?","E","M","E","R","BOSS","M","?","?","M","M","E","R","E","MIM","R","?"],"items_purchased_type":["Card","Card","Card","Relic"],"build_version":"2020-12-22","purchased_purges":1,"victory":false,"max_hp_per_floor":[75,75,75,75,75,75,75,75,75,75,75,75,75,75,75,75,75,75,75,75,75,75,75,75,75,75,75,75,75,75,75,75,75,75,75,75,75,75,75,75,75,75,75,75,75,75],"card_choices":[{"not_picked":["Death_Coil","Blood_Whip"],"picked":"Finger_Of_Death","floor":1},{"not_picked":["Chill_Blood","Negative_Energy_Sphere"],"picked":"Bone_Bullets","floor":4},{"not_picked":["Negative_Energy_Mist","Blood_Magic"],"picked":"Bone_Spikes","floor":6},{"not_picked":["Vampiric_Strike","Negative_Energy_Sphere"],"picked":"Negative_Energy_Shield","floor":8},{"not_picked":["Negative_Energy_Shield","Stop_Heart"],"picked":"Finger_Of_Death","floor":11},{"not_picked":["Blood_Curse","Negative_Energy_Bomb"],"picked":"Bone_Armor","floor":12},{"not_picked":["Epidemic","Negative_Energy_Javelin","Blood_Curse"],"picked":"SKIP","floor":14},{"not_picked":["Requiem","Blood_Wake"],"picked":"Skeleton_Dragon","floor":16},{"not_picked":["Acid_Javelin","Blood_Whip"],"picked":"Summon_Undead_Army","floor":18},{"not_picked":["Life_Drain+1","Negative_Energy_Sphere"],"picked":"Bone_Shift","floor":29},{"not_picked":["Chill_Blood+1","Epidemic"],"picked":"Bone_Armory+1","floor":30},{"not_picked":["Consume_Illness","Blood_Shield+1","Hellfire"],"picked":"SKIP","floor":31},{"not_picked":["Detonate_Bones","Cloudkill"],"picked":"Summon_Death_Knight","floor":33},{"not_picked":["Stop_Heart","Exploit"],"picked":"Bone_Bullets","floor":35},{"not_picked":["Blood_Shield","Scare"],"picked":"Summon_Undead_Army","floor":38},{"not_picked":["Bone_Spikes","Life_Drain+1"],"picked":"Finger_Of_Death+1","floor":39},{"not_picked":["Death_Knell","Toxic_Smoke_Screen+1"],"picked":"Bone_Bullets+1","floor":40},{"not_picked":["Life_Tap+1","Negative_Energy_Javelin"],"picked":"Bones_to_Steel","floor":42},{"not_picked":["Blood_Whip","Life_Drain"],"picked":"Bone_Shift+1","floor":43}],"player_experience":365957,"relics_obtained":[{"floor":6,"key":"Snack Pack"},{"floor":8,"key":"infinitespire:PuzzleCube"},{"floor":9,"key":"Vajra"},{"floor":12,"key":"Bag of Marbles"},{"floor":26,"key":"infinitespire:FocusingShard"},{"floor":29,"key":"infinitespire:Lucky Rock"},{"floor":31,"key":"infinitespire:Eraser"},{"floor":40,"key":"hubris:MysteriousPyramids"},{"floor":42,"key":"hubris:GlazedTorus"},{"floor":43,"key":"hubris:Potato"}],"event_choices":[{"damage_healed":0,"gold_gain":0,"player_choice":"Entered Light","damage_taken":15,"max_hp_gain":0,"max_hp_loss":0,"event_name":"Shining Light","floor":2,"gold_loss":0,"cards_upgraded":["Finger_Of_Death","Strike_W"]},{"damage_healed":0,"gold_gain":0,"player_choice":"Disagree","damage_taken":0,"max_hp_gain":0,"max_hp_loss":0,"event_name":"conspire:LoneGhost","floor":5,"gold_loss":0},{"damage_healed":0,"gold_gain":0,"player_choice":"Read","damage_taken":0,"max_hp_gain":0,"max_hp_loss":0,"event_name":"The Library","floor":28,"gold_loss":0,"cards_obtained":["Spectral_Walk"]}],"is_beta":false,"boss_relics":[{"not_picked":["infinitespire:Cupcake","ReplayTheSpireMod:DimensionalGlitch"],"picked":"conspire:SpecialSausage"},{"not_picked":["Ring of Chaos","Pandora\u0027s Box"],"picked":"Philosopher\u0027s Stone"}],"items_purged_floors":[21],"is_endless":false,"potions_floor_spawned":[4,11,12,14,16,29,33,35,39,40],"killed_by":"Nightmare_Alpha","ascension_level":1}}