{"host":"ng82i9wxdhd5pdzq","time":1612489031,"event":{"mods":["2.2 Compatiblity","BaseMod","Colored Map","Downfall","Googly Eyes","Minty Spire (QoL Compilation)","StSLib"],"gold_per_floor":[99,109,94,94,98,114,114,137,174,74,126,166,204,227,244,269,269,269],"floor_reached":16,"language":"ENG","playtime":974,"items_purged":[],"score":118,"play_id":"28802fe5-b093-46ec-b049-cb70624b23be","local_time":"20210204193711","is_ascension_mode":true,"campfire_choices":[{"floor":1,"key":"RECALL"},{"data":"sneckomod:WideSting","floor":10,"key":"SMITH"}],"circlet_count":0,"master_deck":["sneckomod:Strike","sneckomod:Strike","sneckomod:Strike","sneckomod:Defend","sneckomod:Defend","sneckomod:Defend","sneckomod:TailWhip","sneckomod:SnekBite","sneckomod:Unknown","sneckomod:Unknown","sneckomod:Unknown0Cost","sneckomod:GlitteringGambit","sneckomod:UnknownExhaust","sneckomod:UnknownStrength","sneckomod:Transmogrify","sneckomod:WideSting+1","sneckomod:UnendingSupply","sneckomod:UnknownExhaust","sneckomod:UnknownBlock","sneckomod:SnakeSap","sneckomod:Unknown1Cost"],"relics":["expansioncontent:StudyCardRelic","downfall:HeartBlessingRed","Bronze Scales","Bottled Lightning","Gremlin Horn"],"acts_visited":["Exordium"],"potions_floor_usage":[16],"damage_taken":[{"damage":0,"enemies":"2 Louse","floor":2,"turns":3},{"damage":0,"enemies":"downfall:FleeingMerchant","floor":3,"turns":4},{"damage":0,"enemies":"downfall:FleeingMerchant","floor":5,"turns":4},{"damage":2,"enemies":"Jaw Worm","floor":6,"turns":3},{"damage":12,"enemies":"downfall:FleeingMerchant","floor":8,"turns":4},{"damage":0,"enemies":"Small Slimes","floor":9,"turns":2},{"damage":21,"enemies":"Gremlin Nob","floor":11,"turns":4},{"damage":7,"enemies":"Exordium Thugs","floor":12,"turns":3},{"damage":23,"enemies":"Lagavulin","floor":13,"turns":4},{"damage":0,"enemies":"Large Slime","floor":14,"turns":3},{"damage":3,"enemies":"Red Slaver","floor":15,"turns":3},{"damage":18,"enemies":"SI_SHIV_ARCHETYPE","floor":16,"turns":3}],"seed_played":"5514753210188923467","potions_obtained":[{"floor":6,"key":"hexamod:SoulburnPotion"},{"floor":9,"key":"BlessingOfTheForge"},{"floor":13,"key":"bronze:BurnAndBuffPotion"}],"is_trial":false,"path_per_floor":["R","M","$","?","$","M","T","$","M","R","E","M","E","M","M","B"],"character_chosen":"THE_SNECKO","items_purchased":[],"campfire_rested":0,"item_purchase_floors":[],"current_hp_per_floor":[90,90,90,83,83,81,81,69,69,69,48,41,18,18,15,0,0,0],"gold":269,"neow_bonus":"BOSS_RELIC","is_daily":false,"chose_seed":false,"campfire_upgraded":1,"win_rate":0.0,"timestamp":1612489031,"path_taken":["R","M","$","?","$","M","T","$","M","R","E","M","E","M","M","BOSS"],"items_purchased_type":[],"build_version":"2020-12-22","purchased_purges":0,"victory":false,"max_hp_per_floor":[90,90,90,90,90,90,90,90,90,90,90,90,90,90,90,90,90,90],"card_choices":[{"not_picked":["sneckomod:QuickMove","sneckomod:DiceBlock"],"picked":"sneckomod:Unknown0Cost","floor":2},{"not_picked":["sneckomod:QuickBite","sneckomod:SoulDraw"],"picked":"sneckomod:GlitteringGambit","floor":3},{"not_picked":["sneckomod:SoulCleanse","sneckomod:ImprovisedAttack"],"picked":"sneckomod:UnknownExhaust","floor":5},{"not_picked":["sneckomod:SoulDraw","sneckomod:WideSting"],"picked":"sneckomod:UnknownStrength","floor":6},{"not_picked":["sneckomod:DiceBlock","sneckomod:MixItUp"],"picked":"sneckomod:Transmogrify","floor":8},{"not_picked":["sneckomod:DiceBlock","sneckomod:QuickBite"],"picked":"sneckomod:WideSting","floor":9},{"not_picked":["sneckomod:DefensiveFlair","sneckomod:SoulCleanse"],"picked":"sneckomod:UnendingSupply","floor":11},{"not_picked":["sneckomod:IronFang","sneckomod:WideSting"],"picked":"sneckomod:UnknownExhaust","floor":12},{"not_picked":["sneckomod:UnknownUncommonSkill","sneckomod:UnknownX"],"picked":"sneckomod:UnknownBlock","floor":13},{"not_picked":["sneckomod:DiceCrush","sneckomod:QuickBite"],"picked":"sneckomod:SnakeSap","floor":14},{"not_picked":["sneckomod:RainOfDice","sneckomod:IronFang"],"picked":"sneckomod:Unknown1Cost","floor":15}],"player_experience":639607,"relics_obtained":[{"floor":7,"key":"Bronze Scales"},{"floor":9,"key":"Anchor"},{"floor":11,"key":"Bronze Scales"},{"floor":11,"key":"Bottled Lightning"},{"floor":13,"key":"Gremlin Horn"}],"event_choices":[{"damage_healed":0,"gold_gain":0,"player_choice":"Success","damage_taken":7,"relics_obtained":["Anchor"],"max_hp_gain":0,"max_hp_loss":0,"event_name":"Scrap Ooze","floor":4,"gold_loss":0}],"is_beta":false,"boss_relics":[],"items_purged_floors":[],"is_endless":false,"potions_floor_spawned":[6,9,13,14],"killed_by":"SI_SHIV_ARCHETYPE","ascension_level":1}}