{"host":"2haferq23ht5nrlk","time":1612530275,"event":{"mods":["ATMod(°¢èªMod)","BaseMod","BetterRewards","Colored Powertips","Conspire","Dota2Spire","KomeijiMod","Lobotomy","Minty Spire (QoL Compilation)","Quick Restart","Relic Filter Mod","Relic Stats","Reliquary","Replay The Spire","Spicy Shops","StSLib","UnlockEverythingMod","¡¾ÒÅÎï¿¨ÅÆ¡¿REMEMod"],"gold_per_floor":[111,36,36,49,61,61,61],"floor_reached":6,"language":"ZHS","playtime":183,"items_purged":[],"score":72,"play_id":"f4744a20-2f63-4435-8ccb-13e1a44b9ad7","local_time":"20210205210435","daily_mods":["DeadlyEvents"],"is_ascension_mode":true,"campfire_choices":[],"circlet_count":0,"master_deck":["AscendersBane","Strike_R","Strike_R","Strike_R","Strike_R","Defend_R","Defend_R","Defend_R","Defend_R","Bash","AT_ChampionKick+1","After Image","Entrench","Burning Pact","REME_FearOfPain"],"relics":["Burning Blood","AT_ATBox","REME_ComplimentaryCards"],"acts_visited":["Exordium"],"potions_floor_usage":[6],"damage_taken":[{"damage":14,"enemies":"Jaw Worm","floor":1,"turns":4},{"damage":5,"enemies":"Small Slimes","floor":4,"turns":3},{"damage":18,"enemies":"Cultist","floor":5,"turns":5},{"damage":57,"enemies":"Gremlin Nob","floor":6,"turns":4}],"seed_played":"-4158734713435365518","potions_obtained":[{"floor":5,"key":"SteroidPotion"}],"is_trial":true,"path_per_floor":["M","?","?","M","M","E"],"character_chosen":"IRONCLAD","items_purchased":[],"campfire_rested":0,"item_purchase_floors":[],"current_hp_per_floor":[60,60,60,61,49,0,0],"gold":61,"neow_bonus":"","is_daily":false,"chose_seed":false,"campfire_upgraded":0,"win_rate":0.0,"timestamp":1612530275,"path_taken":["M","?","?","M","M","E"],"items_purchased_type":[],"build_version":"2020-12-22","purchased_purges":0,"victory":false,"max_hp_per_floor":[75,75,75,75,75,75,75],"relic_stats":{"counters":[4,16],"obtain_stats":[{"AT_ATBox":0,"Burning Blood":0,"REME_ComplimentaryCards":0},{"AT_ATBox":0,"Burning Blood":0,"REME_ComplimentaryCards":0},{"AT_ATBox":0,"Burning Blood":0,"REME_ComplimentaryCards":0}],"Burning Blood":18},"card_choices":[{"not_picked":["Perfected Strike","conspire:ExplosiveBarrier"],"picked":"Entrench","floor":1},{"not_picked":["Headbutt","Wild Strike"],"picked":"Burning Pact","floor":4},{"not_picked":["Searing Blow","Fire Breathing"],"picked":"REME_FearOfPain","floor":5}],"player_experience":21302,"relics_obtained":[],"event_choices":[{"cards_removed":["Strike_R"],"damage_healed":0,"gold_gain":0,"player_choice":"Card Removal","damage_taken":0,"max_hp_gain":0,"max_hp_loss":0,"event_name":"The Cleric","floor":2,"gold_loss":75},{"damage_healed":0,"gold_gain":0,"player_choice":"Forge","damage_taken":0,"max_hp_gain":0,"max_hp_loss":0,"event_name":"Accursed Blacksmith","floor":3,"gold_loss":0,"cards_upgraded":["AT_ChampionKick"]}],"is_beta":false,"boss_relics":[],"items_purged_floors":[],"is_endless":true,"potions_floor_spawned":[5],"killed_by":"Gremlin Nob","ascension_level":20}}