{"host":"w6ebodudjlk2jwu4","time":1612532008,"event":{"mods":["Act Like it!","Bard","BaseMod","Beaked The Cultist","Colored Map","Glutton Mod","Hermit","Highlight Path","Infinite Spire","Jorbs\u0027s Wanderer Trilogy","Koishi","Mad Scientist","Marisa????????","Minty Spire (QoL Compilation)","Relic Stats","Replay The Spire","Robot Space Explorer","StSLib","The Administrix","The Blue Laboratory","The Bug Knight","The Construct","The Cursed","The Marked","The Mystic","The Servant 0.9.4","The Witch","Wandering Minibosses"],"gold_per_floor":[116,116,116,8,21,55,74,104,156,175,175,30,30,63,63,166,166,76,126,126,138,138,138],"floor_reached":22,"language":"ENG","playtime":2107,"items_purged":[],"score":210,"play_id":"1964ccb9-8bd6-449c-b955-6b92998bf569","local_time":"20210205053328","is_ascension_mode":true,"campfire_choices":[{"data":"beaked:Insight","floor":11,"key":"SMITH"},{"data":"beaked:MachineSpirit","floor":15,"key":"SMITH"}],"circlet_count":0,"master_deck":["beaked:Strike_Y+1","beaked:Strike_Y","beaked:Strike_Y","beaked:Strike_Y","beaked:Strike_Y","beaked:Defend_Y","beaked:Defend_Y","beaked:Defend_Y","beaked:Defend_Y","beaked:Ceremony","beaked:Ceremony","beaked:Insight+1","beaked:CheekyTricks","beaked:AwakenedForm+1","beaked:Foresight","beaked:Daydream","beaked:StickSmack","beaked:MachineSpirit+1","Scorching Beam","Self Repair","beaked:SacrificialScars","Adrenaline","ReplayTheSpireMod:RavenHex","infinitespire:Collect","beaked:Foresight"],"relics":["beaked:MendingPlumage","Regal Pillow","Meat on the Bone","Bag of Marbles","Juzu Bracelet","Omamori","Blue Candle","beaked:SacredDeck"],"acts_visited":["Exordium","TheCity"],"potions_floor_usage":[16,16],"damage_taken":[{"damage":12,"enemies":"Small Slimes","floor":1,"turns":6},{"damage":15,"enemies":"Jaw Worm","floor":5,"turns":6},{"damage":7,"enemies":"Replay:BlueRogue","floor":6,"turns":7},{"damage":3,"enemies":"Cultist","floor":7,"turns":5},{"damage":4,"enemies":"HollowMod:MossKnight","floor":8,"turns":11},{"damage":49,"enemies":"Lots of Slimes","floor":10,"turns":7},{"damage":35,"enemies":"Lagavulin","floor":14,"turns":9},{"damage":74,"enemies":"Slime Boss","floor":16,"turns":11},{"damage":49,"enemies":"2 Thieves","floor":18,"turns":5},{"damage":22,"enemies":"Snake Plant","floor":21,"turns":7},{"damage":71,"enemies":"Cultist and Chosen","floor":22,"turns":8}],"seed_played":"4114953829529875771","potions_obtained":[{"floor":5,"key":"Languid Potion"},{"floor":7,"key":"Milkshake"}],"is_trial":false,"path_per_floor":["M","?","?","$","M","E","M","E","T","M","R","$","?","E","R","B",null,"M","?","AVR","M","M"],"character_chosen":"BEAKED_THE_CULTIST","items_purchased":["beaked:AwakenedForm+1","Omamori"],"campfire_rested":0,"item_purchase_floors":[4,12],"current_hp_per_floor":[50,40,40,40,39,49,50,50,50,35,35,35,35,38,38,16,50,28,28,28,43,0,0],"gold":138,"neow_bonus":"RANDOM_COMMON_RELIC","is_daily":false,"chose_seed":false,"campfire_upgraded":2,"win_rate":0.0,"timestamp":1612532008,"path_taken":["M","?","?","$","M","E","?","E","T","M","R","?","?","E","R","BOSS","M","?","AVR","M","M"],"items_purchased_type":["Card","Relic"],"build_version":"2020-12-22","purchased_purges":0,"victory":false,"max_hp_per_floor":[50,50,50,50,50,50,50,50,50,50,50,50,50,50,50,50,50,52,52,52,55,57,57],"relic_stats":{"Regal Pillow":0,"counters":[11,82],"Blue Candle":[0],"Juzu Bracelet":0,"obtain_stats":[{"Regal Pillow":0,"Blue Candle":14,"beaked:SacredDeck":17,"Bag of Marbles":8,"Juzu Bracelet":9,"Omamori":12,"beaked:MendingPlumage":0,"Meat on the Bone":6},{"Regal Pillow":0,"Blue Candle":7,"beaked:SacredDeck":8,"Bag of Marbles":5,"Juzu Bracelet":5,"Omamori":6,"beaked:MendingPlumage":0,"Meat on the Bone":3},{"Regal Pillow":0,"Blue Candle":51,"beaked:SacredDeck":62,"Bag of Marbles":35,"Juzu Bracelet":35,"Omamori":42,"beaked:MendingPlumage":0,"Meat on the Bone":19}],"Meat on the Bone":36},"card_choices":[{"not_picked":["beaked:Poke","beaked:Brace"],"picked":"beaked:Insight","floor":1},{"not_picked":["beaked:DigDeeper","beaked:FeelMyPain","beaked:Tweet"],"picked":"SKIP","floor":5},{"not_picked":["ReplayTheSpireMod:Prepare the Ceremony","beaked:TuckingFeathers"],"picked":"beaked:Foresight","floor":6},{"not_picked":["beaked:Cower","beaked:MimicWarrior"],"picked":"beaked:Daydream","floor":7},{"not_picked":["beaked:DarkTribute","beaked:SacrificialScars"],"picked":"beaked:StickSmack","floor":8},{"not_picked":["beaked:Replenish","beaked:Foresight"],"picked":"beaked:MachineSpirit","floor":10},{"not_picked":["beaked:CrazyRituals","beaked:Insight","beaked:SacrificialAttack"],"picked":"SKIP","floor":14},{"not_picked":["beaked:LiftOff","beaked:DarkTribute"],"picked":"beaked:SacrificialScars","floor":16},{"not_picked":["beaked:Tweet+1","beaked:Daydream"],"picked":"ReplayTheSpireMod:RavenHex","floor":18},{"not_picked":["beaked:Windmill","beaked:FeelMyPain+1"],"picked":"beaked:Foresight","floor":21}],"player_experience":188748,"relics_obtained":[{"floor":6,"key":"Meat on the Bone"},{"floor":8,"key":"Bag of Marbles"},{"floor":9,"key":"Juzu Bracelet"},{"floor":14,"key":"Blue Candle"}],"event_choices":[{"damage_healed":0,"gold_gain":0,"player_choice":"Entered Light","damage_taken":10,"max_hp_gain":0,"max_hp_loss":0,"event_name":"Shining Light","floor":2,"gold_loss":0,"cards_upgraded":["beaked:Ceremony","beaked:Strike_Y"]},{"damage_healed":0,"gold_gain":0,"cards_transformed":["beaked:Strike_Y"],"player_choice":"Transformed","damage_taken":0,"max_hp_gain":0,"max_hp_loss":0,"event_name":"Transmorgrifier","floor":3,"gold_loss":0,"cards_obtained":["beaked:CheekyTricks"]},{"damage_healed":0,"gold_gain":100,"player_choice":"Bet on Murderer","damage_taken":0,"max_hp_gain":0,"max_hp_loss":0,"event_name":"The Joust","floor":19,"gold_loss":50}],"is_beta":false,"boss_relics":[{"not_picked":["Busted Crown","Replay:Drink Me"],"picked":"beaked:SacredDeck"}],"items_purged_floors":[],"is_endless":false,"potions_floor_spawned":[5,7],"killed_by":"Cultist and Chosen","ascension_level":1}}