{"host":"xiain65d2hovry7l","time":1612546211,"event":{"mods":["2.2 Compatiblity","Act Like it!","BaseMod","Better Match","Better Note","BetterRewards","Challenge The Spire","Colored Map","Colored Powertips","Downfall","Friendly Minions","Mimic Mod","Minty Spire (QoL Compilation)","Remilia??????","StSLib","The Administrix","The Construct","The Necromancer","The Servant 0.9.4","Unknown Chances"],"gold_per_floor":[99,119,135,152,152,44,44,74,90,109,121,148,48,73,84,180,180,80,90,108,124,224,224,260,160,177,177,207,220,220,78,92,189,189,189,201,215,215,232,232,264,292,309,309,341,341,360,17,37,37,37,62,11,11,11,11],"floor_reached":57,"language":"ENG","playtime":5722,"items_purged":["Pain","Guardian:Repulse"],"score":1332,"play_id":"120217cc-1772-4aff-b778-a28b324d965f","local_time":"20210205183011","is_ascension_mode":true,"campfire_choices":[{"data":"Guardian:TwinSlam","floor":1.0,"key":"SMITH"},{"floor":13.0,"key":"RECALL"},{"data":"expansioncontent:Chronoboost","floor":18.0,"key":"SMITH"},{"data":"Guardian:PolyBeam","floor":25,"key":"SMITH"},{"data":"Guardian:StasisField","floor":27,"key":"SMITH"},{"data":"Guardian:PolyBeam","floor":40,"key":"SMITH"},{"floor":46,"key":"REST"},{"data":"Guardian:Orbwalk","floor":54,"key":"SMITH"}],"circlet_count":0,"master_deck":["Guardian:Strike_Guardian","Guardian:Defend_Guardian","Guardian:Defend_Guardian","Guardian:Defend_Guardian","Guardian:Defend_Guardian","Guardian:CurlUp","Guardian:TwinSlam+1","Guardian:VentSteam","Guardian:StasisField+1","expansioncontent:Chronoboost+1","Guardian:Orbwalk+1","Guardian:Reroute","Guardian:TimeBomb","Guardian:PolyBeam+1","Guardian:Suspension+1","Guardian:BronzeArmor+1","Guardian:VentSteam","Guardian:PolyBeam+1","Guardian:BronzeOrb","Guardian:ExploitGems","Guardian:TemporalShield","Guardian:RevengeProtocol","Guardian:ShieldCharger+1","Pain","Guardian:PrismaticBarrier+1","Guardian:TimeSifter+1","Guardian:Orbwalk+1","Guardian:Repulse+1","Guardian:TemporalShield"],"relics":["Velvet Choker","Pantograph","FossilizedHelix","Sundial","downfall:HeartBlessingGreen","Bottled Lightning","SlaversCollar","downfall:HeartBlessingRed","Toy Ornithopter","downfall:HeartBlessingBlue","Guardian:PickAxe","Ancient Tea Set","Empty Cage","Du-Vu Doll","Frozen Egg 2","Incense Burner","Lee\u0027s Waffle","Pear"],"acts_visited":["Exordium","TheCity","TheBeyond","TheEnding"],"potions_floor_usage":[28,32,33,33,42,43,43,48,56,56,56],"damage_taken":[{"damage":1.0,"enemies":"Jaw Worm","floor":2.0,"turns":3.0},{"damage":1.0,"enemies":"Cultist","floor":3.0,"turns":4.0},{"damage":5.0,"enemies":"2 Louse","floor":4.0,"turns":3.0},{"damage":4.0,"enemies":"downfall:FleeingMerchant","floor":6.0,"turns":4.0},{"damage":11.0,"enemies":"Gremlin Nob","floor":8.0,"turns":4.0},{"damage":0.0,"enemies":"Blue Slaver","floor":9.0,"turns":4.0},{"damage":11.0,"enemies":"Gremlin Gang","floor":10.0,"turns":8.0},{"damage":8.0,"enemies":"Exordium Thugs","floor":11.0,"turns":7.0},{"damage":2.0,"enemies":"Lagavulin","floor":12.0,"turns":10.0},{"damage":22.0,"enemies":"3 Sentries","floor":14.0,"turns":8.0},{"damage":5.0,"enemies":"3 Louse","floor":15.0,"turns":4.0},{"damage":4.0,"enemies":"DF_ARCHETYPE_STREAMLINE","floor":16.0,"turns":9.0},{"damage":2.0,"enemies":"Chosen","floor":19.0,"turns":7.0},{"damage":10.0,"enemies":"3 Byrds","floor":20.0,"turns":5.0},{"damage":13,"enemies":"3 Cultists","floor":21,"turns":5},{"damage":10,"enemies":"downfall:LadyInBlue","floor":22,"turns":8},{"damage":0,"enemies":"Centurion and Healer","floor":24,"turns":9},{"damage":9,"enemies":"Centurion and Healer","floor":26,"turns":4},{"damage":15,"enemies":"Book of Stabbing","floor":28,"turns":7},{"damage":9,"enemies":"Snake Plant","floor":29,"turns":4},{"damage":3,"enemies":"downfall:FleeingMerchant","floor":31,"turns":4},{"damage":13,"enemies":"Cultist and Chosen","floor":32,"turns":4},{"damage":0,"enemies":"WA_ARCHETYPE_CALM","floor":33,"turns":9},{"damage":0,"enemies":"Orb Walker","floor":36,"turns":5},{"damage":22,"enemies":"3 Shapes","floor":37,"turns":4},{"damage":13,"enemies":"Jaw Worm Horde","floor":39,"turns":5},{"damage":2,"enemies":"Transient","floor":41,"turns":13},{"damage":35,"enemies":"Nemesis","floor":42,"turns":7},{"damage":25,"enemies":"Transient","floor":43,"turns":5},{"damage":9,"enemies":"Reptomancer","floor":45,"turns":7},{"damage":28,"enemies":"Spire Growth","floor":47,"turns":5},{"damage":3,"enemies":"downfall:FleeingMerchant","floor":48,"turns":4},{"damage":0,"enemies":"Maw","floor":49,"turns":7},{"damage":9,"enemies":"IC_BLOCK_ARCHETYPE","floor":50,"turns":10},{"damage":13,"enemies":"downfall:CharBossMerchant","floor":52,"turns":8},{"damage":16,"enemies":"downfall:NeowBoss","floor":55,"turns":16},{"damage":44,"enemies":"downfall:NeowBossFinal","floor":56,"turns":12}],"seed_played":"-729463062878076222","potions_obtained":[{"floor":3.0,"key":"LiquidMemories"},{"floor":5.0,"key":"DuplicationPotion"},{"floor":5.0,"key":"Strength Potion"},{"floor":8.0,"key":"champ:CounterPotion"},{"floor":12.0,"key":"DuplicationPotion"},{"floor":14.0,"key":"Ancient Potion"},{"floor":22,"key":"SpeedPotion"},{"floor":22,"key":"Regen Potion"},{"floor":29,"key":"BlessingOfTheForge"},{"floor":32,"key":"sneckomod:MuddlingPotion"},{"floor":33,"key":"PowerPotion"},{"floor":39,"key":"bronze:BurnAndBuffPotion"},{"floor":42,"key":"AttackPotion"},{"floor":43,"key":"Fruit Juice"},{"floor":47,"key":"Slimebound:ThreeZeroPotion"},{"floor":49,"key":"AttackPotion"},{"floor":52,"key":"PowerPotion"}],"is_trial":false,"path_per_floor":["R","M","M","M","?","$","T","E","M","M","M","E","R","E","M","B",null,"R","M","M","M","?","?","MIM","R","M","R","E","M","?","$","M","B",null,"R","M","M","?","M","R","MIM","E","M","?","E","R","M","$","M","B",null,"E","$","R","B","B",null],"character_chosen":"GUARDIAN","items_purchased":["expansioncontent:Chronoboost","Guardian:TemporalShield","Lee\u0027s Waffle","Guardian:Repulse+1","SpeedPotion","SpeedPotion"],"campfire_rested":1,"item_purchase_floors":[6,31,48,48,48,53],"current_hp_per_floor":[80,79,78,73,73,69,69,58,58,47,39,37,37,15,10,31,80,80,78,68,55,45,45,45,55,46,46,48,39,39,36,28,63,90,90,90,68,81,68,68,66,36,26,26,17,49,21,115,115,106,115,112,112,112,109,91],"gold":11,"neow_bonus":"BOSS_RELIC","is_daily":false,"chose_seed":false,"campfire_upgraded":6,"win_rate":0.0,"timestamp":1612546211,"path_taken":["R","M","M","M","?","$","T","E","M","?","M","E","R","E","M","BOSS","R","M","M","M","?","?","MIM","R","M","R","E","M","?","$","M","BOSS","R","M","M","?","M","R","MIM","E","M","?","E","R","M","$","M","BOSS","E","$","R","BOSS","BOSS"],"items_purchased_type":["Card","Card","Relic","Card","Potion","Potion"],"build_version":"2020-12-22","purchased_purges":2,"victory":true,"max_hp_per_floor":[80,80,80,80,80,80,80,80,80,80,80,80,80,80,80,80,80,80,80,80,80,80,80,80,90,90,90,90,90,90,90,90,90,90,90,90,90,103,103,103,103,103,108,108,108,108,108,115,115,115,115,125,125,125,125,125],"card_choices":[{"not_picked":["Guardian:Suspension","Guardian:Gem_Cyan"],"picked":"Guardian:VentSteam","floor":2.0},{"not_picked":["Guardian:ArmoredProtocol","Guardian:RollAttack"],"picked":"Guardian:Gem_Green","floor":3.0},{"not_picked":["Guardian:VentSteam","Guardian:Gem_Cyan"],"picked":"Guardian:StasisField","floor":4.0},{"not_picked":["Guardian:Harden","Guardian:Suspension","Guardian:RollAttack"],"picked":"SKIP","floor":6.0},{"not_picked":["Guardian:Suspension","Guardian:PrimingBeam"],"picked":"Guardian:Gem_Green","floor":8.0},{"not_picked":["Guardian:ChargeCore","Guardian:Planning"],"picked":"Guardian:Repulse","floor":9.0},{"not_picked":["Guardian:TimeCapacitor","Guardian:SentryBeam"],"picked":"Guardian:Gem_Purple","floor":10.0},{"not_picked":["Guardian:TemporalShield","Guardian:Planning"],"picked":"Guardian:Orbwalk","floor":11.0},{"not_picked":["Guardian:FierceBash","Guardian:TimeCapacitor"],"picked":"Guardian:Reroute","floor":12.0},{"not_picked":["Guardian:Harden","Guardian:RollAttack"],"picked":"Guardian:TimeBomb","floor":14.0},{"not_picked":["Guardian:ChargeUp","Guardian:DonusPower"],"picked":"Guardian:PolyBeam","floor":15.0},{"not_picked":["Guardian:TimeSifter","Guardian:GemFire"],"picked":"Guardian:Gem_Synthetic","floor":16.0},{"not_picked":["Guardian:Incinerate","Guardian:BodySlam"],"picked":"Guardian:Suspension+1","floor":19.0},{"not_picked":["Guardian:RollAttack","Guardian:EvasiveProtocol"],"picked":"Guardian:BronzeArmor+1","floor":20},{"not_picked":["Guardian:Gem_Lightblue","Guardian:WalkerClaw","Guardian:Gem_Fragmented"],"picked":"SKIP","floor":21},{"not_picked":["Guardian:Gem_Lightblue","Guardian:WalkerClaw","Guardian:Gem_Fragmented"],"picked":"SKIP","floor":21},{"not_picked":["Guardian:Reroute+1","Guardian:Planning"],"picked":"Guardian:VentSteam","floor":22},{"not_picked":["Guardian:Suspension","Guardian:Clone+1"],"picked":"Guardian:PolyBeam","floor":24},{"not_picked":["Guardian:Planning","Guardian:Recover+1"],"picked":"Guardian:BronzeOrb","floor":26},{"not_picked":["Guardian:Gem_Cyan","Guardian:PiercingHide"],"picked":"Guardian:ExploitGems","floor":28},{"not_picked":["Guardian:WalkerClaw","Guardian:Gem_Lightblue"],"picked":"Guardian:Gem_Crimson","floor":29},{"not_picked":["Guardian:Reroute+1","Guardian:Preprogram","Guardian:Repulse"],"picked":"SKIP","floor":31},{"not_picked":["Guardian:Gem_Blue","Guardian:BronzeArmor"],"picked":"Guardian:Gem_Red","floor":32},{"not_picked":["Guardian:StasisStrike","Guardian:FastForward"],"picked":"Guardian:RevengeProtocol","floor":33},{"not_picked":["Guardian:TemporalShield","Guardian:Gem_Green"],"picked":"Guardian:ShieldCharger+1","floor":36},{"not_picked":["Guardian:CrystalBeam+1","Guardian:RollAttack","Guardian:BronzeOrb+1"],"picked":"SKIP","floor":37},{"not_picked":["Guardian:Gem_Purple","Guardian:BronzeOrb+1"],"picked":"Guardian:PrismaticBarrier+1","floor":39},{"not_picked":["Guardian:PrimingBeam+1","Guardian:ArmoredProtocol+1"],"picked":"Guardian:Gem_Crimson","floor":42},{"not_picked":["Guardian:RollAttack","Guardian:Gem_Green"],"picked":"Guardian:Gem_Blue","floor":43},{"not_picked":["Guardian:Preprogram+1","Guardian:PolyBeam+1","Guardian:SpikerProtocol+1"],"picked":"SKIP","floor":45},{"not_picked":["Guardian:Gem_Purple","Guardian:Gem_Blue"],"picked":"Guardian:TimeSifter+1","floor":47},{"not_picked":["Guardian:Recover","Guardian:RollAttack+1"],"picked":"Guardian:Orbwalk+1","floor":48},{"not_picked":["Guardian:CrystalBeam+1","Guardian:Reroute"],"picked":"Guardian:TemporalShield","floor":49},{"not_picked":["Guardian:Gem_Cyan","Guardian:ShieldCharger+1","Guardian:WalkerClaw+1"],"picked":"SKIP","floor":52}],"player_experience":716199,"relics_obtained":[{"floor":7.0,"key":"Pantograph"},{"floor":8.0,"key":"FossilizedHelix"},{"floor":12.0,"key":"Sundial"},{"floor":14.0,"key":"Bottled Lightning"},{"floor":22,"key":"Toy Ornithopter"},{"floor":28,"key":"Guardian:PickAxe"},{"floor":41,"key":"Du-Vu Doll"},{"floor":42,"key":"Frozen Egg 2"},{"floor":45,"key":"Incense Burner"},{"floor":52,"key":"Pear"}],"event_choices":[{"damage_healed":0.0,"max_hp_gain":0.0,"max_hp_loss":0.0,"gold_gain":0.0,"event_name":"Lab","player_choice":"Got Potions","floor":5.0,"gold_loss":0.0,"damage_taken":0.0},{"damage_healed":0,"gold_gain":0,"player_choice":"Ignored","damage_taken":0,"max_hp_gain":0,"max_hp_loss":0,"event_name":"betterNote:BetterNote","floor":23,"gold_loss":0,"cards_obtained":["Guardian:Recover"]}],"is_beta":false,"boss_relics":[{"not_picked":["Fusion Hammer","Black Star"],"picked":"SlaversCollar"},{"not_picked":["Busted Crown","Snecko Eye"],"picked":"Empty Cage"}],"items_purged_floors":[31,48],"is_endless":false,"potions_floor_spawned":[3,8,12,14,15,16,21,22,26,29,32,33,39,42,43,47,49,52],"ascension_level":1}}