{"host":"312klq0911jlgvh2","time":1612486054,"event":{"mods":["100% Spire Juice","2.2 Compatiblity","AchievementEnabler","Act Like it!","Ascension Unlocker","Aspiration","Astrologer","BaseMod","Beaked The Cultist","Block Reminder","Chen","Clockwork Mod","Colored Powertips","Conspire","Custom Start","Downfall","Energized Spire","Evolution","Friendly Minions","Gensokyo","GifTheSpireLib","Gold Saver","GungeonMod","Halation","Hermit","HololiveMod","Hubris","Infinite Spire","Jedi Mod","Koishi","Marisa????????","Mimic Mod","Minty Spire (QoL Compilation)","Prisma Mod","Random Character Button","Reimu??????","Relic Sorter","Reliquary","Remilia??????","Replay The Spire","Retaliation","RumiaBox-????????","Spikes Relics","StS++","StSLib","Stuff the Spire","Synergy Search","The Animator","The Blue Laboratory","The Bug Knight","The Poker Player","TheVacant","Trackpad","Uncapped","UnlockEverythingMod","yUi"],"gold_per_floor":[1892,1892,1892,1907,1907,1907,1940,1958,1983,2016,2029,1498,1516,1530,1530,1530,1530],"floor_reached":16,"language":"ENG","playtime":658,"items_purged":["Strike_P"],"score":137,"play_id":"f93cf76d-c98b-4d25-b5a6-f1782ef1bb02","local_time":"20210204194733","is_ascension_mode":false,"campfire_choices":[{"data":"SashWhip","floor":6,"key":"SMITH"},{"data":"hubris:DuctTapeCard","floor":15,"key":"SMITH"}],"circlet_count":0,"master_deck":["Strike_P","Strike_P","Strike_P+1","Defend_P","Defend_P","Defend_P","Defend_P","Eruption","Vigilance","SashWhip+1","Judgement","hubris:DuctTapeCard+2","ClearTheMind","EmptyBody","EmptyFist"],"relics":["PureWater","EVO:Axolotl","NeowsBlessing","ReplayTheSpireMod:Lightbulb","StuffTheSpire:Barrel","hubris:DuctTape","BlackRope","Replay:Baseball"],"acts_visited":["Exordium"],"potions_floor_usage":[10],"damage_taken":[{"damage":0,"enemies":"2 Louse","floor":1,"turns":1},{"damage":0,"enemies":"Small Slimes","floor":4,"turns":1},{"damage":0,"enemies":"Gremlin Nob","floor":7,"turns":1},{"damage":0,"enemies":"Cultist","floor":8,"turns":2},{"damage":16,"enemies":"Lagavulin","floor":10,"turns":7},{"damage":2,"enemies":"Blue Slaver","floor":11,"turns":2},{"damage":0,"enemies":"conspire:2 RoseBushes","floor":13,"turns":4},{"damage":2,"enemies":"Gremlin Gang","floor":14,"turns":4},{"damage":53,"enemies":"The Guardian","floor":16,"turns":9}],"seed_played":"-2794543220523267607","potions_obtained":[{"floor":1,"key":"SteroidPotion"},{"floor":8,"key":"ZuzhouPotion:ReiMu"}],"is_trial":false,"path_per_floor":["M","?","?","M","MIM","R","E","M","T","E","M","$","M","M","R","B"],"character_chosen":"WATCHER","items_purchased":["BlackRope","Replay:Baseball"],"campfire_rested":0,"item_purchase_floors":[12,12],"current_hp_per_floor":[72,72,72,72,72,72,72,72,72,56,54,54,54,52,52,0,0],"gold":1530,"neow_bonus":"THREE_ENEMY_KILL","is_daily":false,"chose_seed":false,"campfire_upgraded":2,"win_rate":0.0,"timestamp":1612486053,"path_taken":["M","?","?","M","?","R","E","M","T","E","M","$","M","M","R","BOSS"],"items_purchased_type":["Relic","Relic"],"build_version":"2020-12-22","purchased_purges":1,"victory":false,"max_hp_per_floor":[72,72,72,72,72,72,72,72,72,72,72,72,72,72,72,72,72],"card_choices":[{"not_picked":["Indignation","Tantrum"],"picked":"Replay:BluntJabs","floor":1},{"not_picked":["Replay:Cycle","EmptyFist"],"picked":"SashWhip","floor":4},{"not_picked":["LikeWater","EmptyMind"],"picked":"Judgement","floor":7},{"not_picked":["ClearTheMind","Consecrate"],"picked":"CarveReality","floor":8},{"not_picked":["Crescendo","StSpp:Renounce"],"picked":"ClearTheMind","floor":10},{"not_picked":["Replay:Cycle","StSpp:Purify"],"picked":"EmptyBody","floor":11},{"not_picked":["DevaForm","StSpp:LatentStrike"],"picked":"EmptyFist","floor":13},{"not_picked":["Protect","ForeignInfluence","EmptyFist"],"picked":"SKIP","floor":14}],"player_experience":558390,"relics_obtained":[{"floor":7,"key":"ReplayTheSpireMod:Lightbulb"},{"floor":9,"key":"StuffTheSpire:Barrel"},{"floor":10,"key":"hubris:DuctTape"}],"event_choices":[{"damage_healed":0,"gold_gain":0,"player_choice":"Leave","damage_taken":0,"max_hp_gain":0,"max_hp_loss":0,"event_name":"conspire:Investor","floor":2,"gold_loss":0}],"is_beta":false,"boss_relics":[],"items_purged_floors":[12],"is_endless":false,"potions_floor_spawned":[1,8,13],"killed_by":"The Guardian","ascension_level":0}}