{"host":"23qk1co0p3p8qz56","time":1612505053,"event":{"mods":["100% Spire Juice","AchievementEnabler","Act Like it!","Arknights","BaseMod","Better Note","Better Third Choice","BetterRewards","CapriCore","Chen","Colored Map","Gold Saver","Koishi","Lobotomy","LobotomyExtend","Marisa（霧雨　魔理沙）","Minty Spire (QoL Compilation)","Prisma Mod","Reimu（博??梦）","StSLib","The Alterego","The Animator","The Immortal","The Senshi","Waifu the Spire","Yuri Mod"],"gold_per_floor":[210,223,242,252,267,292,292,309,309,309,309,321,385,398,398,398,398],"floor_reached":16,"language":"ENG","playtime":921,"items_purged":[],"score":106,"play_id":"482cad6d-7843-4df5-981e-c7e833d336b2","local_time":"20210204230413","is_ascension_mode":false,"campfire_choices":[{"floor":7,"key":"REST"},{"floor":15,"key":"REST"}],"circlet_count":0,"master_deck":["Strike_G","Strike_G","Strike_G","Strike_G","Strike_G","Defend_G","Defend_G","Defend_G","Defend_G","Defend_G","Survivor","Neutralize","Quick Slash","Unload","Tactician","Deflect","Footwork","Calculated Gamble","Eviscerate","Dagger Spray","Flechettes"],"relics":["Ring of the Snake","LetterFromLob","Pen Nib","Toy Ornithopter","Nunchaku"],"acts_visited":["Exordium"],"potions_floor_usage":[],"damage_taken":[{"damage":4,"enemies":"Jaw Worm","floor":1,"turns":6},{"damage":4,"enemies":"Small Slimes","floor":2,"turns":5},{"damage":0,"enemies":"2 Louse","floor":3,"turns":3},{"damage":5,"enemies":"Looter","floor":4,"turns":4},{"damage":4,"enemies":"2 Fungi Beasts","floor":5,"turns":4},{"damage":45,"enemies":"Gremlin Nob","floor":6,"turns":5},{"damage":2,"enemies":"Blue Slaver","floor":8,"turns":4},{"damage":12,"enemies":"Exordium Wildlife","floor":12,"turns":4},{"damage":2,"enemies":"2 Fungi Beasts","floor":14,"turns":2},{"damage":38,"enemies":"Hexaghost","floor":16,"turns":11}],"seed_played":"3050184308846296930","potions_obtained":[{"floor":3,"key":"Dexterity Potion"},{"floor":4,"key":"SpeedPotion"},{"floor":6,"key":"DuplicationPotion"},{"floor":8,"key":"CultistPotion"}],"is_trial":false,"path_per_floor":["M","M","M","M","M","E","R","M","T","?","T","M","?","M","R","B"],"character_chosen":"THE_SILENT","items_purchased":[],"campfire_rested":2,"item_purchase_floors":[],"current_hp_per_floor":[66,62,62,57,53,8,29,27,27,27,27,15,15,13,34,0,0],"gold":398,"neow_bonus":"HUNDRED_GOLD","is_daily":false,"chose_seed":false,"campfire_upgraded":0,"win_rate":0.0,"timestamp":1612505053,"path_taken":["M","M","M","M","M","E","R","M","T","?","?","M","?","M","R","BOSS"],"items_purchased_type":[],"build_version":"2020-12-22","purchased_purges":0,"victory":false,"max_hp_per_floor":[70,70,70,70,70,70,70,70,70,70,70,70,70,70,70,70,70],"card_choices":[{"not_picked":["Deadly Poison","Leg Sweep"],"picked":"Quick Slash","floor":1},{"not_picked":["Sucker Punch","Blade Dance"],"picked":"Unload","floor":2},{"not_picked":["All Out Attack","Calculated Gamble"],"picked":"Tactician","floor":3},{"not_picked":["Distraction","All Out Attack"],"picked":"Deflect","floor":4},{"not_picked":["Bouncing Flask","Tactician"],"picked":"Footwork","floor":5},{"not_picked":["Tactician","Deadly Poison"],"picked":"Calculated Gamble","floor":6},{"not_picked":["Slice","Blade Dance"],"picked":"Eviscerate","floor":8},{"not_picked":["Prepared","Masterful Stab"],"picked":"Dagger Spray","floor":12},{"not_picked":["Quick Slash","Acrobatics"],"picked":"Flechettes","floor":14}],"player_experience":24949,"relics_obtained":[{"floor":1,"key":"LetterFromLob"},{"floor":6,"key":"Pen Nib"},{"floor":9,"key":"Toy Ornithopter"},{"floor":11,"key":"Nunchaku"}],"event_choices":[{"damage_healed":0,"gold_gain":0,"player_choice":"Ignored","damage_taken":309,"max_hp_gain":0,"max_hp_loss":0,"event_name":"betterThird:BetterSerpent","floor":10,"gold_loss":0},{"damage_healed":0,"gold_gain":64,"player_choice":"Gained Gold","damage_taken":0,"max_hp_gain":0,"max_hp_loss":0,"event_name":"Golden Wing","floor":13,"gold_loss":0}],"is_beta":false,"boss_relics":[],"items_purged_floors":[],"is_endless":false,"potions_floor_spawned":[3,4,6,8],"killed_by":"Hexaghost","ascension_level":0}}