{"host":"rx3fqeecbcmic2ko","time":1612555646,"event":{"mods":["BaseMod","Better Sensory Stone","Disable Question Mark Monsters","Energized Spire","Hyrulean Relics","Minty Spire (QoL Compilation)","Quick Restart","Relic Filter","Small Relic Pack","StSLib","The Bug Knight","The Wild Card"],"gold_per_floor":[110,110,179,229,279,279,362,362,362,427,510,575,575,639,639,737,737,755,775,825,945,910,910,970,1020,1020],"floor_reached":25,"language":"ENG","playtime":801,"items_purged":[],"score":236,"play_id":"8c669b4c-00cb-48d1-95d6-fb866729286d","local_time":"20210205150726","is_ascension_mode":false,"campfire_choices":[{"data":"Blade Dance","floor":6,"key":"SMITH"},{"floor":8,"key":"REST"},{"floor":13,"key":"REST"},{"floor":15,"key":"REST"},{"floor":23,"key":"REST"}],"circlet_count":0,"master_deck":["Strike_G","Strike_G","Strike_G","Strike_G","Strike_G","Defend_G","Defend_G","Defend_G","Defend_G","Defend_G","Survivor","Neutralize","Blade Dance+1","Slice","Corpse Explosion","All Out Attack","Catalyst","Poisoned Stab","Envenom","Bouncing Flask+1","Deadly Poison","Accuracy"],"relics":["relicPack:KazumaCape","SsserpentHead","Letter Opener","Toy Ornithopter","Pocketwatch","energizedSpire:DeadBattery","Enchiridion","Pear","Bronze Scales"],"acts_visited":["Exordium","TheCity"],"potions_floor_usage":[1,11,16,16,18],"damage_taken":[{"damage":1,"enemies":"Cultist","floor":1,"turns":4},{"damage":7,"enemies":"Small Slimes","floor":3,"turns":3},{"damage":21,"enemies":"3 Sentries","floor":7,"turns":11},{"damage":6,"enemies":"Jaw Worm","floor":10,"turns":3},{"damage":26,"enemies":"Lagavulin","floor":11,"turns":6},{"damage":8,"enemies":"2 Fungi Beasts","floor":12,"turns":3},{"damage":5,"enemies":"Exordium Wildlife","floor":14,"turns":2},{"damage":53,"enemies":"The Guardian","floor":16,"turns":10},{"damage":30,"enemies":"2 Thieves","floor":18,"turns":4},{"damage":5,"enemies":"Chosen","floor":19,"turns":3},{"damage":13,"enemies":"Shelled Parasite and Fungi","floor":24,"turns":3},{"damage":45,"enemies":"Gremlin Leader","floor":25,"turns":4}],"seed_played":"-4531332096070075649","potions_obtained":[{"floor":7,"key":"FearPotion"},{"floor":10,"key":"BlessingOfTheForge"},{"floor":12,"key":"SmokeBomb"},{"floor":14,"key":"Poison Potion"},{"floor":18,"key":"SpeedPotion"},{"floor":19,"key":"LiquidBronze"}],"is_trial":false,"path_per_floor":["M","?","M","?","?","R","E","R","T","M","E","M","R","M","R","B",null,"M","M","?","T","?","R","M","E"],"character_chosen":"THE_SILENT","items_purchased":[],"campfire_rested":4,"item_purchase_floors":[],"current_hp_per_floor":[69,69,62,62,62,62,41,62,62,56,35,27,48,43,64,21,70,45,40,24,34,34,58,45,0,0],"gold":1020,"neow_bonus":"BOSS_RELIC","is_daily":false,"chose_seed":false,"campfire_upgraded":1,"win_rate":0.0,"timestamp":1612555646,"path_taken":["M","?","?","?","?","R","E","R","T","M","E","M","R","M","R","BOSS","M","M","?","?","?","R","?","E"],"items_purchased_type":[],"build_version":"2020-12-22","purchased_purges":0,"victory":false,"max_hp_per_floor":[70,70,70,70,70,70,70,70,70,70,70,70,70,70,70,70,70,70,70,70,80,80,80,80,80,80],"card_choices":[{"not_picked":["Bane","Flying Knee"],"picked":"Blade Dance","floor":1},{"not_picked":["Masterful Stab","Flying Knee"],"picked":"Slice","floor":3},{"not_picked":["Prepared","Leg Sweep"],"picked":"Corpse Explosion","floor":7},{"not_picked":["Quick Slash","Choke","Underhanded Strike"],"picked":"SKIP","floor":10},{"not_picked":["Quick Slash","Leg Sweep"],"picked":"All Out Attack","floor":11},{"not_picked":["Dagger Throw","Calculated Gamble"],"picked":"Catalyst","floor":12},{"not_picked":["Well Laid Plans","Skewer"],"picked":"Poisoned Stab","floor":14},{"not_picked":["Grand Finale","Doppelganger"],"picked":"Envenom","floor":16},{"not_picked":["Flying Knee","Concentrate"],"picked":"Bouncing Flask+1","floor":18},{"not_picked":["Dagger Throw","Dagger Spray"],"picked":"Deadly Poison","floor":19},{"not_picked":["Distraction+1","Poisoned Stab+1"],"picked":"Accuracy","floor":24}],"player_experience":88910,"relics_obtained":[{"floor":7,"key":"Letter Opener"},{"floor":9,"key":"Toy Ornithopter"},{"floor":11,"key":"Pocketwatch"},{"floor":20,"key":"Enchiridion"},{"floor":21,"key":"Pear"}],"event_choices":[{"damage_healed":0,"gold_gain":0,"player_choice":"Trade","damage_taken":0,"relics_obtained":["SsserpentHead"],"max_hp_gain":0,"max_hp_loss":0,"event_name":"FaceTrader","floor":2,"gold_loss":0},{"damage_healed":0,"gold_gain":0,"player_choice":"Ignored","damage_taken":0,"max_hp_gain":0,"max_hp_loss":0,"event_name":"Golden Wing","floor":5,"gold_loss":0},{"damage_healed":0,"gold_gain":0,"player_choice":"Obtained Book","damage_taken":16,"max_hp_gain":0,"max_hp_loss":0,"event_name":"Cursed Tome","floor":20,"gold_loss":0},{"damage_healed":0,"gold_gain":0,"player_choice":"Obtained Relic","damage_taken":0,"relics_obtained":["Bronze Scales"],"max_hp_gain":0,"max_hp_loss":0,"event_name":"Addict","floor":22,"gold_loss":85}],"is_beta":false,"boss_relics":[{"not_picked":["Black Star","HoveringKite"],"picked":"energizedSpire:DeadBattery"}],"items_purged_floors":[],"is_endless":false,"potions_floor_spawned":[7,10,12,14,18,19],"killed_by":"Gremlin Leader","ascension_level":0}}