{"host":"c2vrdknshfutmcsq","time":1612514887,"event":{"mods":["BaseMod","Minty Spire (QoL Compilation)"],"gold_per_floor":[111,111,186,200,67,94,111,11,11,11,30,30,30],"floor_reached":12,"language":"ENG","playtime":447,"items_purged":["Strike_B","Strike_B"],"score":201,"play_id":"b4be4a58-cd52-4633-ab5d-304983fc83a9","local_time":"20210205094807","is_ascension_mode":true,"campfire_choices":[{"data":"Dualcast","floor":10,"key":"SMITH"}],"circlet_count":0,"master_deck":["AscendersBane","Strike_B+1","Strike_B+1","Defend_B","Defend_B","Defend_B","Defend_B","Zap","Dualcast+1","Streamline","Compile Driver","Conserve Battery","Darkness","Buffer","Stack"],"relics":["Cracked Core","NeowsBlessing","Pantograph","StrikeDummy"],"acts_visited":["Exordium"],"potions_floor_usage":[7,11],"damage_taken":[{"damage":0,"enemies":"2 Louse","floor":1,"turns":1},{"damage":0,"enemies":"Jaw Worm","floor":4,"turns":1},{"damage":0,"enemies":"3 Sentries","floor":6,"turns":1},{"damage":0,"enemies":"Small Slimes","floor":7,"turns":4},{"damage":5,"enemies":"Gremlin Gang","floor":11,"turns":5},{"damage":0,"enemies":"Gremlin Nob","floor":12,"turns":3}],"seed_played":"-6401321770929129171","potions_obtained":[{"floor":6,"key":"ColorlessPotion"},{"floor":7,"key":"Fruit Juice"}],"is_trial":false,"path_per_floor":["M","?","?","M","$","E","M","$","T","R","M","E"],"character_chosen":"DEFECT","items_purchased":["Conserve Battery"],"campfire_rested":0,"item_purchase_floors":[5],"current_hp_per_floor":[64,43,32,32,32,32,37,37,37,37,32,32,32],"gold":30,"neow_bonus":"THREE_ENEMY_KILL","is_daily":false,"chose_seed":false,"campfire_upgraded":1,"win_rate":0.0,"timestamp":1612514887,"path_taken":["M","?","?","M","$","E","M","$","T","R","M","E"],"items_purchased_type":["Card"],"build_version":"2020-12-22","purchased_purges":2,"victory":false,"max_hp_per_floor":[71,71,71,71,71,71,76,76,76,76,76,76,76],"card_choices":[{"not_picked":["Beam Cell","Cold Snap"],"picked":"Streamline","floor":1},{"not_picked":["Consume","Go for the Eyes"],"picked":"Compile Driver","floor":4},{"not_picked":["Barrage","Leap"],"picked":"Darkness","floor":6},{"not_picked":["Cold Snap","Static Discharge"],"picked":"Buffer","floor":7},{"not_picked":["Capacitor","Streamline"],"picked":"Stack","floor":11}],"player_experience":1345738,"relics_obtained":[{"floor":6,"key":"Pantograph"},{"floor":9,"key":"StrikeDummy"}],"event_choices":[{"damage_healed":0,"gold_gain":0,"player_choice":"Entered Light","damage_taken":21,"max_hp_gain":0,"max_hp_loss":0,"event_name":"Shining Light","floor":2,"gold_loss":0,"cards_upgraded":["Strike_B","Strike_B"]},{"damage_healed":0,"gold_gain":75,"player_choice":"Gather Gold","damage_taken":11,"max_hp_gain":0,"max_hp_loss":0,"event_name":"World of Goop","floor":3,"gold_loss":0}],"is_beta":false,"boss_relics":[],"items_purged_floors":[5,8],"is_endless":false,"potions_floor_spawned":[6,7],"killed_by":"Gremlin Nob","ascension_level":19}}