{"host":"75zx7uhsgygk98v8","time":1612566293,"event":{"mods":["BaseMod","Colored Map","Colored Powertips","Downfall","Googly Eyes","Highlight Path","Minty Spire (QoL Compilation)","StSLib"],"gold_per_floor":[99,99,116,41,26,26,26,39,55,5,22,57,7,69,89,186,186,36,51,51,51,61,72,72,102,52,52,67,78,88,118,136,231,231,81,99,149,59,77,77,158,170,199,49,69,98,98,127,142,142,142,142,142,142],"floor_reached":52,"language":"ENG","playtime":6794,"items_purged":["downfall:Bewildered"],"score":897,"play_id":"3ed4e181-30ab-4043-b930-9591804e8425","local_time":"20210205170453","is_ascension_mode":true,"campfire_choices":[{"floor":1,"key":"RECALL"},{"data":"Slimebound:Split","floor":10,"key":"SMITH"},{"data":"Slimebound:MassFeed","floor":13,"key":"SMITH"},{"data":"Slimebound:PrepareCrush","floor":18,"key":"SMITH"},{"data":"Slimebound:DisruptingSlam","floor":26,"key":"SMITH"},{"data":"Slimebound:OozeBath","floor":35,"key":"SMITH"},{"data":"Slimebound:GoopSpray","floor":44,"key":"SMITH"}],"circlet_count":0,"master_deck":["Slimebound:Tackle","Slimebound:Defend_Slimebound","Slimebound:Defend_Slimebound+1","Slimebound:Defend_Slimebound","Slimebound:Defend_Slimebound+1","Slimebound:Split+1","Slimebound:CorrosiveSpit","downfall:Malfunctioning","Slimebound:GoopSpray+1","Slimebound:Prepare","Slimebound:SlimeSpikes","Slimebound:Nibble","Slimebound:MassFeed+1","Slimebound:LeechingTouch","Slimebound:PrepareCrush+1","Slimebound:Replication","Bite","Bite","Bite","Bite","Bite","Slimebound:RejuvenatingLick","Slimebound:FormOfPuddle","Slimebound:DisruptingSlam+1","Slimebound:HungryTackle","Slimebound:SplitSpecialist","Slimebound:MegaLick","Slimebound:OozeBath+1","Slimebound:RainOfGoop+1","Slimebound:MegaLick+1","Slimebound:SplitSpecialist","Slimebound:LivingWall","Slimebound:Prepare","Slimebound:LeadByExample+1","Slimebound:Recollect+1","Slimebound:WasteNot","Slimebound:AcidTongue+1","Slimebound:ForwardTackle+1"],"relics":["Slimebound:AbsorbEndCombat","Slimebound:GreedOozeRelic","Slimebound:SlimedSkullRelic","Orichalcum","Philosopher\u0027s Stone","downfall:HeartBlessingGreen","Happy Flower","Potion Belt","sneckomod:BabySnecko","Question Card","Coffee Dripper","downfall:HeartBlessingRed","Mango","Frozen Egg 2","Slimebound:AggressiveSlimeRelic","downfall:HeartBlessingBlue","Pantograph","The Courier","Lantern"],"acts_visited":["Exordium","TheCity","TheBeyond","TheEnding"],"potions_floor_usage":[14,23,25,33,42,43,45,46,50,52],"damage_taken":[{"damage":5,"enemies":"Small Slimes","floor":3,"turns":4},{"damage":3,"enemies":"downfall:FleeingMerchant","floor":5,"turns":4},{"damage":0,"enemies":"2 Louse","floor":8,"turns":2},{"damage":3,"enemies":"Jaw Worm","floor":9,"turns":3},{"damage":1,"enemies":"Large Slime","floor":11,"turns":4},{"damage":27,"enemies":"Gremlin Nob","floor":12,"turns":5},{"damage":24,"enemies":"Lagavulin Event","floor":14,"turns":6},{"damage":2,"enemies":"Exordium Wildlife","floor":15,"turns":4},{"damage":49,"enemies":"WA_ARCHETYPE_RETAIN","floor":16,"turns":13},{"damage":0,"enemies":"Shell Parasite","floor":19,"turns":4},{"damage":33,"enemies":"Snake Plant","floor":22,"turns":4},{"damage":23,"enemies":"Centurion and Healer","floor":23,"turns":7},{"damage":0,"enemies":"Book of Stabbing","floor":25,"turns":5},{"damage":7,"enemies":"Snecko","floor":28,"turns":5},{"damage":28,"enemies":"Shelled Parasite and Fungi","floor":29,"turns":3},{"damage":0,"enemies":"Chosen and Byrds","floor":30,"turns":4},{"damage":28,"enemies":"Slavers","floor":31,"turns":4},{"damage":17,"enemies":"Snake Plant","floor":32,"turns":4},{"damage":59,"enemies":"IC_MUSHROOM_ARCHETYPE","floor":33,"turns":8},{"damage":16,"enemies":"3 Darklings","floor":36,"turns":5},{"damage":0,"enemies":"3 Darklings","floor":37,"turns":3},{"damage":3,"enemies":"downfall:FleeingMerchant","floor":38,"turns":4},{"damage":7,"enemies":"Orb Walker","floor":39,"turns":3},{"damage":19,"enemies":"Spire Growth","floor":42,"turns":5},{"damage":27,"enemies":"Reptomancer","floor":43,"turns":4},{"damage":0,"enemies":"3 Darklings","floor":45,"turns":4},{"damage":9,"enemies":"Nemesis","floor":46,"turns":5},{"damage":22,"enemies":"Reptomancer","floor":48,"turns":4},{"damage":15,"enemies":"Maw","floor":49,"turns":4},{"damage":103,"enemies":"DF_ARCHETYPE_ORBS","floor":50,"turns":8},{"damage":149,"enemies":"downfall:CharBossMerchant","floor":52,"turns":8}],"seed_played":"8450914199068907976","potions_obtained":[{"floor":8,"key":"LiquidMemories"},{"floor":11,"key":"PowerPotion"},{"floor":14,"key":"LiquidMemories"},{"floor":16,"key":"bronze:BurnAndBuffPotion"},{"floor":23,"key":"Regen Potion"},{"floor":28,"key":"LiquidBronze"},{"floor":29,"key":"GamblersBrew"},{"floor":31,"key":"BlessingOfTheForge"},{"floor":32,"key":"ColorlessPotion"},{"floor":37,"key":"ColorlessPotion"},{"floor":42,"key":"SkillPotion"},{"floor":43,"key":"SkillPotion"},{"floor":46,"key":"Weak Potion"},{"floor":49,"key":"DuplicationPotion"}],"is_trial":false,"path_per_floor":["R","?","M","?","$","?","T","M","M","R","M","E","R","?","M","B",null,"R","M","?","?","M","M","T","E","R","?","M","M","M","E","M","B",null,"R","M","?","$","M","?","T","M","E","R","M","E","?","E","M","B",null,"E"],"character_chosen":"SLIMEBOUND","items_purchased":[],"campfire_rested":0,"item_purchase_floors":[],"current_hp_per_floor":[71,71,68,68,70,75,75,76,76,76,76,53,53,35,45,8,88,88,88,61,61,38,41,41,69,69,69,68,58,66,54,43,4,81,81,73,101,103,102,102,102,99,86,96,113,116,116,101,100,30,121,0,0,0],"gold":142,"neow_bonus":"TEN_PERCENT_HP_BONUS","is_daily":false,"chose_seed":false,"campfire_upgraded":6,"win_rate":0.0,"timestamp":1612566293,"path_taken":["R","?","M","?","$","?","T","M","M","R","M","E","R","?","M","BOSS","R","M","?","?","M","M","T","E","R","?","M","?","M","E","M","BOSS","R","M","?","$","M","?","T","M","E","R","M","E","?","E","M","BOSS","E"],"items_purchased_type":[],"build_version":"2020-12-22","purchased_purges":1,"victory":false,"max_hp_per_floor":[71,71,71,71,71,76,76,76,76,76,76,76,76,76,84,88,88,88,88,61,61,61,69,69,69,69,69,69,73,77,81,81,81,81,81,85,103,103,107,107,107,111,111,121,121,121,121,121,121,121,121,121,121,121],"card_choices":[{"not_picked":["Slimebound:FinishingTackle","Slimebound:PressTheAttack"],"picked":"Slimebound:GoopSpray","floor":3},{"not_picked":["Slimebound:SplitBruiser","Slimebound:FinishingTackle"],"picked":"Slimebound:Prepare","floor":5},{"not_picked":["Slimebound:FinishingTackle","Slimebound:ItLooksTasty"],"picked":"Slimebound:SlimeSpikes","floor":8},{"not_picked":["Slimebound:FinishingTackle","Slimebound:ItLooksTasty","Slimebound:ComboTackle"],"picked":"SKIP","floor":9},{"not_picked":["Slimebound:GoopSpray","Slimebound:GoopTackle"],"picked":"Slimebound:Nibble","floor":11},{"not_picked":["Slimebound:Equalize","Slimebound:RollThrough"],"picked":"Slimebound:MassFeed","floor":12},{"not_picked":["Slimebound:ComboTackle","Slimebound:BestDefense"],"picked":"Slimebound:LevelUp","floor":14},{"not_picked":["Slimebound:SplitBruiser","Slimebound:ItLooksTasty"],"picked":"Slimebound:LeechingTouch","floor":15},{"not_picked":["Slimebound:TagTeam","Slimebound:WasteNot"],"picked":"Slimebound:PrepareCrush","floor":16},{"not_picked":["Slimebound:SplitAcid","Slimebound:SamplingLick"],"picked":"Slimebound:Replication","floor":19},{"not_picked":["Slimebound:SplitAcid","Slimebound:LevelUp"],"picked":"Slimebound:RejuvenatingLick","floor":22},{"not_picked":["Slimebound:LeechingTouch","Slimebound:RollThrough"],"picked":"Slimebound:FormOfPuddle","floor":23},{"not_picked":["Slimebound:GrowthPunch+1","Slimebound:RollThrough"],"picked":"Slimebound:DisruptingSlam","floor":25},{"not_picked":["Slimebound:GoopSpray","Slimebound:SlimeTap+1"],"picked":"Slimebound:HungryTackle","floor":28},{"not_picked":["Slimebound:GoopTackle","Slimebound:Chomp","Slimebound:FinishingTackle+1"],"picked":"SKIP","floor":29},{"not_picked":["Slimebound:Replication+1","Slimebound:LeechEnergy"],"picked":"Slimebound:SplitSpecialist","floor":30},{"not_picked":["Slimebound:ItLooksTasty","Slimebound:FirmFortitude","Slimebound:FlameTackle+1"],"picked":"SKIP","floor":31},{"not_picked":["Slimebound:Prepare","Slimebound:Schlurp","Slimebound:RollThrough"],"picked":"Slimebound:MegaLick","floor":32},{"not_picked":["Slimebound:MassRepurpose","Slimebound:TagTeam","Slimebound:PrepareCrush"],"picked":"Slimebound:OozeBath","floor":33},{"not_picked":["Slimebound:HauntingLick+1","Slimebound:ComboTackle+1","Slimebound:SlimeSpikes"],"picked":"Slimebound:RainOfGoop+1","floor":36},{"not_picked":["Slimebound:SplitLeeching+1","Slimebound:Prepare","Slimebound:PressTheAttack"],"picked":"Slimebound:MegaLick+1","floor":37},{"not_picked":["Slimebound:Replication","Slimebound:OozeBath","Slimebound:ItLooksTasty+1"],"picked":"Slimebound:SplitSpecialist","floor":38},{"not_picked":["Slimebound:ViciousTackle+1","Slimebound:HauntingLick","Slimebound:RollThrough"],"picked":"Slimebound:LivingWall","floor":39},{"not_picked":["Slimebound:PressTheAttack","Slimebound:SlimeTap","Slimebound:ServeAndProtect+1"],"picked":"Slimebound:Prepare","floor":42},{"not_picked":["Slimebound:HungryTackle","Slimebound:SamplingLick+1","Slimebound:Dissolve+1"],"picked":"Slimebound:LeadByExample+1","floor":43},{"not_picked":["Slimebound:SamplingLick+1","Slimebound:SplitAcid+1","Slimebound:SplitLeeching"],"picked":"Slimebound:Recollect+1","floor":45},{"not_picked":["Slimebound:FinishingTackle+1","Slimebound:FlameTackle","Slimebound:SplitBruiser"],"picked":"Slimebound:WasteNot","floor":46},{"not_picked":["Slimebound:ItLooksTasty","Slimebound:FlameTackle+1","Slimebound:SplitLeeching"],"picked":"Slimebound:AcidTongue+1","floor":48},{"not_picked":["Slimebound:MegaLick","Slimebound:SamplingLick+1","Slimebound:RollThrough"],"picked":"Slimebound:ForwardTackle+1","floor":49}],"player_experience":1376202,"relics_obtained":[{"floor":12,"key":"Slimebound:SlimedSkullRelic"},{"floor":14,"key":"Orichalcum"},{"floor":24,"key":"Happy Flower"},{"floor":25,"key":"Potion Belt"},{"floor":31,"key":"Question Card"},{"floor":37,"key":"Mango"},{"floor":41,"key":"Frozen Egg 2"},{"floor":43,"key":"Slimebound:AggressiveSlimeRelic"},{"floor":46,"key":"Pantograph"},{"floor":47,"key":"The Courier"},{"floor":48,"key":"Lantern"}],"event_choices":[{"damage_healed":0,"gold_gain":0,"player_choice":"Donut","damage_taken":0,"max_hp_gain":5,"max_hp_loss":0,"event_name":"Big Fish","floor":6,"gold_loss":0},{"damage_healed":0,"gold_gain":0,"player_choice":"Became a vampire","damage_taken":0,"max_hp_gain":0,"max_hp_loss":27,"event_name":"Vampires","floor":20,"gold_loss":0,"cards_obtained":["Bite","Bite","Bite","Bite","Bite"]},{"damage_healed":0,"gold_gain":0,"player_choice":"Ignored","damage_taken":0,"max_hp_gain":0,"max_hp_loss":0,"event_name":"Ghosts","floor":21,"gold_loss":0},{"cards_removed":["Slimebound:LevelUp"],"damage_healed":0,"gold_gain":0,"player_choice":"Removed Power","damage_taken":0,"max_hp_gain":0,"max_hp_loss":0,"event_name":"Falling","floor":40,"gold_loss":0}],"is_beta":false,"boss_relics":[{"not_picked":["Runic Dome","Calling Bell"],"picked":"Philosopher\u0027s Stone"},{"not_picked":["Cursed Key","SacredBark"],"picked":"Coffee Dripper"}],"items_purged_floors":[38],"is_endless":false,"potions_floor_spawned":[8,11,14,16,23,28,29,31,32,37,42,43,46,49],"killed_by":"downfall:CharBossMerchant","ascension_level":1}}