{"host":"56xwnffi6e9z5l58","time":1612545293,"event":{"mods":["Aspiration","BaseMod","Better Match","Better Note","Better Sensory Stone","BetterRewards","Colored Map","Colored Powertips","Conspire","Downfall","GifTheSpireLib","Hermit","Highlight Path","Hubris","Infinite Spire","Key Reminder","Minty Spire (QoL Compilation)","Permanent Neow","Quick Restart","Rare Cards Sparkle","Replay The Spire","StSLib","Stuff the Spire","SuperFastMode","Unceasing Turn Reminder"],"gold_per_floor":[99,118,118,142,127,147,196,12,12,12],"floor_reached":9,"language":"ENG","playtime":224,"items_purged":[],"score":51,"play_id":"5d0da87d-9d02-486a-89c3-7c81e06296cc","local_time":"20210206011453","is_ascension_mode":true,"campfire_choices":[{"floor":1,"key":"DIG"}],"circlet_count":0,"master_deck":["hermit:Strike_Hermit","hermit:Strike_Hermit","hermit:Strike_Hermit","hermit:Strike_Hermit","hermit:Defend_Hermit","hermit:Defend_Hermit","hermit:Defend_Hermit","hermit:Snapshot","hermit:Covet","hermit:Reprieve","hermit:BigShot","hermit:Grudge","hermit:GoldenBullet","hermit:ShadowCloak","Mayhem"],"relics":["hermit:Momento","Replay:WaspNest","Dream Catcher","Potion Belt"],"acts_visited":["Exordium"],"potions_floor_usage":[],"damage_taken":[{"damage":2,"enemies":"Jaw Worm","floor":2,"turns":4},{"damage":10,"enemies":"downfall:FleeingMerchant","floor":5,"turns":4},{"damage":2,"enemies":"Small Slimes","floor":6,"turns":3},{"damage":10,"enemies":"downfall:FleeingMerchant","floor":8,"turns":4},{"damage":44,"enemies":"3 Sentries","floor":9,"turns":4}],"seed_played":"-5334106423928991012","potions_obtained":[{"floor":6,"key":"SkillPotion"}],"is_trial":false,"path_per_floor":["R_BF","M","?","T","$","M","T","$","E"],"character_chosen":"HERMIT","items_purchased":["Mayhem"],"campfire_rested":0,"item_purchase_floors":[8],"current_hp_per_floor":[54,52,52,52,42,40,40,34,0,0],"gold":12,"neow_bonus":"THREE_RARE_CARDS","is_daily":false,"chose_seed":false,"campfire_upgraded":0,"win_rate":0.0,"timestamp":1612545293,"path_taken":["R_BF","M","?","?","$","M","T","$","E"],"items_purchased_type":["Card"],"build_version":"2020-12-22","purchased_purges":0,"victory":false,"max_hp_per_floor":[75,75,75,75,75,75,75,75,75,75],"card_choices":[{"not_picked":["hermit:Magnum","hermit:FromBeyond"],"picked":"hermit:Reprieve","floor":0},{"not_picked":["hermit:ItchyTrigger","hermit:CalledShot"],"picked":"hermit:BigShot","floor":2},{"not_picked":["hermit:LoneWolf","hermit:CalledShot"],"picked":"hermit:Grudge","floor":5},{"not_picked":["hermit:Ricochet","hermit:LuckOfTheDraw"],"picked":"hermit:GoldenBullet","floor":6},{"not_picked":["hermit:Malice","hermit:Shortfuse"],"picked":"hermit:ShadowCloak","floor":8}],"player_experience":1016322,"relics_obtained":[{"floor":1,"key":"Replay:WaspNest"},{"floor":4,"key":"Dream Catcher"},{"floor":7,"key":"Potion Belt"}],"event_choices":[],"is_beta":false,"boss_relics":[],"items_purged_floors":[],"is_endless":false,"potions_floor_spawned":[6],"killed_by":"3 Sentries","ascension_level":1}}