{"host":"omgphoea13lnyb7y","time":1612555887,"event":{"mods":["Aspiration","BaseMod","Better Note","BetterRewards","Colored Map","DeckTracker","Hubris","Minty Spire (QoL Compilation)","StSLib","The Construct","The Cursed","The Jungle","The Necromancer"],"gold_per_floor":[116,116,191,209,108,138,138,197,272,290,302,322,352,15,15,118,118,130,130,130,163,173,173,201,23,76,76,108,118,145,161,161,263,263,273,323,545,560,576,576,576,604,604,631,351,172,172,189,189,189,189,189,12,37,37],"floor_reached":56,"language":"ENG","playtime":2630,"items_purged":["Injury","Strike_B","Strike_B","Strike_B"],"score":1524,"play_id":"5268af15-6ac4-4907-973e-d072e8978e12","local_time":"20210205121127","is_ascension_mode":true,"campfire_choices":[{"data":"Beam Cell","floor":7,"key":"SMITH"},{"floor":15,"key":"REST"},{"floor":23,"key":"REST"},{"floor":27,"key":"REST"},{"floor":32,"key":"REST"},{"floor":40,"key":"REST"},{"floor":47,"key":"RECALL"},{"data":"hubris:DoWhile","floor":49,"key":"SMITH"},{"data":"Leap","floor":52,"key":"SMITH"}],"circlet_count":0,"master_deck":["Strike_B","Defend_B","Defend_B+1","Defend_B","Defend_B+1","Zap","Dualcast","Beam Cell+1","Gash+1","Gash+1","Steam","Gash+1","Sweeping Beam+1","Steam","Seek","Hologram+1","Reprogram","Go for the Eyes+1","Beam Cell+1","Gash+1","Gash+1","Leap+1","Machine Learning","Gash+1","Ball Lightning+1","Conserve Battery+1","Melter+1","Scrape+1","Leap","hubris:DoWhile+1","Conserve Battery+1","Gash+1","Barrage+1"],"relics":["FrozenCore","NeowsBlessing","Molten Egg 2","Bottled Flame","Pantograph","Centennial Puzzle","Membership Card","Lizard Tail","Inserter","Red Mask","aspiration:Lifesprig","Eternal Feather","PreservedInsect","hubris:ToyBattleship","hubris:DeckOfHolding","Ice Cream","hubris:64BitClover","construct:FoamFinger","HornCleat","Vajra","War Paint","Orrery","Shuriken","Strawberry"],"acts_visited":["Exordium","TheCity","TheBeyond","TheEnding"],"potions_floor_usage":[13,21,24,28,30,36,39,44,50,55,55,55,55],"damage_taken":[{"damage":0,"enemies":"Small Slimes","floor":1,"turns":1},{"damage":0,"enemies":"2 Louse","floor":4,"turns":1},{"damage":0,"enemies":"Gremlin Nob","floor":6,"turns":1},{"damage":13,"enemies":"Gremlin Nob","floor":8,"turns":3},{"damage":6,"enemies":"Jaw Worm","floor":10,"turns":2},{"damage":10,"enemies":"Large Slime","floor":11,"turns":3},{"damage":0,"enemies":"3 Louse","floor":12,"turns":2},{"damage":19,"enemies":"3 Sentries","floor":13,"turns":7},{"damage":8,"enemies":"Slime Boss","floor":16,"turns":7},{"damage":30,"enemies":"3 Byrds","floor":18,"turns":4},{"damage":43,"enemies":"Masked Bandits","floor":21,"turns":6},{"damage":0,"enemies":"Chosen","floor":22,"turns":4},{"damage":34,"enemies":"Book of Stabbing","floor":24,"turns":5},{"damage":5,"enemies":"Gremlin Leader","floor":28,"turns":3},{"damage":27,"enemies":"Snake Plant","floor":29,"turns":4},{"damage":6,"enemies":"Book of Stabbing","floor":30,"turns":3},{"damage":14,"enemies":"Centurion and Healer","floor":31,"turns":4},{"damage":21,"enemies":"Champ","floor":33,"turns":7},{"damage":1,"enemies":"Orb Walker","floor":35,"turns":3},{"damage":25,"enemies":"Mind Bloom Boss Battle","floor":36,"turns":6},{"damage":12,"enemies":"3 Shapes","floor":38,"turns":5},{"damage":16,"enemies":"Spire Growth","floor":39,"turns":4},{"damage":19,"enemies":"Giant Head","floor":42,"turns":7},{"damage":4,"enemies":"Nemesis","floor":44,"turns":5},{"damage":19,"enemies":"Sphere and 2 Shapes","floor":48,"turns":5},{"damage":0,"enemies":"hubris:GrandSnecko","floor":50,"turns":7},{"damage":37,"enemies":"Shield and Spear","floor":54,"turns":5},{"damage":79,"enemies":"The Heart","floor":55,"turns":7}],"seed_played":"-2873328179686789415","potions_obtained":[{"floor":1,"key":"FairyPotion"},{"floor":10,"key":"Energy Potion"},{"floor":12,"key":"Strength Potion"},{"floor":13,"key":"SpeedPotion"},{"floor":21,"key":"DuplicationPotion"},{"floor":24,"key":"Block Potion"},{"floor":29,"key":"construct:ShiftPotion"},{"floor":30,"key":"PotionOfCapacity"},{"floor":35,"key":"Dexterity Potion"},{"floor":38,"key":"Weak Potion"},{"floor":44,"key":"Fruit Juice"}],"is_trial":false,"path_per_floor":["M","?","?","M","$","E","R","?","T","M","M","M","E","$","R","B",null,"M","?","?","?","M","R","E","$","T","R","E","M","E","M","R","B",null,"M","?","?","M","M","R","?","E","T","E","$","$","R","M","R","B",null,"R","$","E","B",null],"character_chosen":"DEFECT","items_purchased":["Gash+1","Membership Card","Steam","Lizard Tail","Eternal Feather","Vajra","War Paint","Scrape+1","Leap","Strength Potion","Orrery","Shuriken","EntropicBrew"],"campfire_rested":5,"item_purchase_floors":[5,14,14,14,25,45,45,45,45,46,46,53,53],"current_hp_per_floor":[75,75,64,64,64,64,64,51,51,45,35,35,16,16,38,55,75,45,45,45,2,2,24,22,22,22,56,51,24,18,4,38,42,75,74,50,50,38,22,59,59,40,40,41,41,41,59,40,58,80,80,80,80,50,40],"gold":37,"neow_bonus":"THREE_ENEMY_KILL","is_daily":false,"chose_seed":false,"campfire_upgraded":3,"win_rate":0.0,"timestamp":1612555887,"path_taken":["M","?","?","M","$","E","R","?","T","M","M","M","E","$","R","BOSS","M","?","?","?","?","R","E","$","T","R","E","M","E","M","R","BOSS","M","?","?","M","M","R","?","E","T","E","?","$","R","M","R","BOSS","R","$","E","BOSS"],"items_purchased_type":["Card","Relic","Card","Relic","Relic","Relic","Relic","Card","Card","Potion","Relic","Relic","Potion"],"build_version":"2020-12-22","purchased_purges":4,"victory":true,"max_hp_per_floor":[75,75,75,75,75,75,75,75,75,75,75,75,75,75,75,75,75,75,75,75,75,75,75,75,75,75,75,75,75,75,75,75,75,75,75,75,75,75,75,75,75,75,75,80,80,80,80,80,80,80,80,80,80,87,87],"card_choices":[{"not_picked":["Doom and Gloom","Capacitor"],"picked":"Beam Cell","floor":1},{"not_picked":["Ball Lightning+1","Redo"],"picked":"Gash+1","floor":4},{"not_picked":["Aggregate","Barrage+1","Conserve Battery"],"picked":"SKIP","floor":6},{"not_picked":["Static Discharge","Streamline+1"],"picked":"Steam","floor":8},{"not_picked":["Ball Lightning+1","Coolheaded"],"picked":"Gash+1","floor":10},{"not_picked":["Sweeping Beam+1","Streamline+1","Skim"],"picked":"SKIP","floor":11},{"not_picked":["Capacitor","Conserve Battery","Recycle"],"picked":"SKIP","floor":12},{"not_picked":["Rip and Tear+1","Stack"],"picked":"Sweeping Beam+1","floor":13},{"not_picked":["Electrodynamics","Creative AI"],"picked":"Seek","floor":16},{"not_picked":["Conserve Battery+1","Rebound+1"],"picked":"Hologram","floor":18},{"not_picked":["Self Repair+1","Ball Lightning+1"],"picked":"Reprogram","floor":21},{"not_picked":["Rebound+1","Force Field"],"picked":"Go for the Eyes+1","floor":22},{"not_picked":["Turbo+1","Defragment"],"picked":"Beam Cell+1","floor":24},{"not_picked":["Rebound+1","Defragment+1"],"picked":"Gash+1","floor":28},{"not_picked":["Heatsinks+1","Redo+1"],"picked":"Gash+1","floor":29},{"not_picked":["Blizzard+1","Self Repair","Capacitor"],"picked":"SKIP","floor":30},{"not_picked":["Blizzard+1","Storm"],"picked":"Leap","floor":31},{"not_picked":["Hyperbeam+1","hubris:Prefetch"],"picked":"Machine Learning","floor":33},{"not_picked":["Redo","Ball Lightning+1"],"picked":"Gash+1","floor":35},{"not_picked":["Redo+1","Chill"],"picked":"Ball Lightning+1","floor":38},{"not_picked":["Static Discharge+1","Reprogram","Stack"],"picked":"SKIP","floor":39},{"not_picked":["Blizzard+1","Turbo+1"],"picked":"Conserve Battery+1","floor":42},{"not_picked":["Chill+1","Beam Cell+1"],"picked":"Melter+1","floor":44},{"not_picked":["Coolheaded+1","Darkness+1"],"picked":"hubris:DoWhile","floor":46},{"not_picked":["Go for the Eyes+1","Compile Driver+1"],"picked":"Conserve Battery+1","floor":46},{"not_picked":["Beam Cell+1","Compile Driver+1"],"picked":"Gash+1","floor":46},{"not_picked":["Compile Driver+1","Barrage+1","Ball Lightning+1"],"picked":"SKIP","floor":48},{"not_picked":["Fission","Conserve Battery"],"picked":"Barrage+1","floor":54}],"player_experience":72375,"relics_obtained":[{"floor":6,"key":"Bottled Flame"},{"floor":13,"key":"Centennial Puzzle"},{"floor":21,"key":"Red Mask"},{"floor":24,"key":"aspiration:Lifesprig"},{"floor":26,"key":"PreservedInsect"},{"floor":28,"key":"hubris:ToyBattleship"},{"floor":30,"key":"hubris:DeckOfHolding"},{"floor":36,"key":"Ice Cream"},{"floor":42,"key":"hubris:64BitClover"},{"floor":43,"key":"construct:FoamFinger"},{"floor":44,"key":"HornCleat"},{"floor":54,"key":"Strawberry"}],"event_choices":[{"damage_healed":0,"gold_gain":75,"player_choice":"Gather Gold","damage_taken":11,"max_hp_gain":0,"max_hp_loss":0,"event_name":"World of Goop","floor":3,"gold_loss":0},{"damage_healed":0,"gold_gain":30,"player_choice":"Searched \u00273\u0027 times","damage_taken":0,"relics_obtained":["Pantograph"],"max_hp_gain":0,"max_hp_loss":0,"event_name":"Dead Adventurer","floor":8,"gold_loss":0},{"damage_healed":0,"gold_gain":0,"player_choice":"Ignored","damage_taken":0,"max_hp_gain":0,"max_hp_loss":0,"event_name":"Ghosts","floor":20,"gold_loss":0},{"damage_healed":0,"gold_gain":0,"player_choice":"Fought Bandits","damage_taken":0,"max_hp_gain":0,"max_hp_loss":0,"event_name":"Masked Bandits","floor":21,"gold_loss":0},{"damage_healed":0,"gold_gain":0,"player_choice":"Fight","damage_taken":0,"max_hp_gain":0,"max_hp_loss":0,"event_name":"MindBloom","floor":36,"gold_loss":0},{"damage_healed":0,"gold_gain":222,"player_choice":"Wore Mask","damage_taken":0,"max_hp_gain":0,"max_hp_loss":0,"event_name":"Tomb of Lord Red Mask","floor":37,"gold_loss":0}],"is_beta":false,"boss_relics":[{"not_picked":["Runic Dome","Runic Pyramid"],"picked":"Inserter"},{"not_picked":["Fusion Hammer","aspiration:FutureDiary"],"picked":"FrozenCore"}],"items_purged_floors":[5,25,45,46],"is_endless":false,"potions_floor_spawned":[1,10,12,13,16,21,24,28,29,30,35,38,44],"ascension_level":3}}