{"host":"2wp95sdfrgw3k439","time":1612504339,"event":{"mods":["BaseMod","Better Altar","Better Skull","Better Third Choice","Curses Come First","Minty Spire (QoL Compilation)","Permanent Neow","StSLib"],"gold_per_floor":[109,109,127,202,202,202,217,236,236,251,266,266,306,306,306,436,436,436,436,436,436,436,436,436,436],"floor_reached":24,"language":"ENG","playtime":772,"items_purged":[],"score":320,"play_id":"207f5a12-d44f-49a6-bc9b-c931304a4255","local_time":"20210204225219","is_ascension_mode":true,"campfire_choices":[{"floor":6,"key":"REST"},{"floor":12,"key":"REST"},{"data":"Footwork","floor":15,"key":"SMITH"},{"floor":23,"key":"REST"}],"circlet_count":0,"master_deck":["Strike_G","Strike_G","Strike_G","Strike_G","Strike_G","Defend_G","Defend_G","Defend_G","Defend_G","Defend_G","Survivor","Neutralize","Bane","Dagger Spray","Poisoned Stab","Terror","Blur","Footwork+1","Riddle With Holes","Phantasmal Killer","RitualDagger","Neutralize"],"relics":["Philosopher\u0027s Stone","Golden Idol","Calipers","WingedGreaves","Letter Opener","Ectoplasm","Blood Vial"],"acts_visited":["Exordium","TheCity"],"potions_floor_usage":[11,13,22,22],"damage_taken":[{"damage":5,"enemies":"Jaw Worm","floor":1,"turns":6},{"damage":2,"enemies":"Small Slimes","floor":3,"turns":4},{"damage":3,"enemies":"2 Louse","floor":7,"turns":3},{"damage":5,"enemies":"Blue Slaver","floor":8,"turns":4},{"damage":2,"enemies":"Looter","floor":10,"turns":3},{"damage":0,"enemies":"Gremlin Gang","floor":11,"turns":2},{"damage":0,"enemies":"Gremlin Nob","floor":13,"turns":2},{"damage":21,"enemies":"The Guardian","floor":16,"turns":11},{"damage":16,"enemies":"Shell Parasite","floor":18,"turns":5},{"damage":0,"enemies":"Spheric Guardian","floor":22,"turns":2},{"damage":57,"enemies":"Book of Stabbing","floor":24,"turns":6}],"seed_played":"-3863312270253786598","potions_obtained":[{"floor":7,"key":"SteroidPotion"},{"floor":10,"key":"Explosive Potion"},{"floor":16,"key":"Strength Potion"},{"floor":18,"key":"Swift Potion"}],"is_trial":false,"path_per_floor":["M","?","M","?","?","R","M","M","T","M","M","R","E","T","R","B",null,"M","?","?","?","M","R","E"],"character_chosen":"THE_SILENT","items_purchased":[],"campfire_rested":3,"item_purchase_floors":[],"current_hp_per_floor":[58,41,39,28,33,55,52,47,47,45,45,67,67,67,67,46,68,52,32,26,26,28,50,0,0],"gold":436,"neow_bonus":"BOSS_RELIC","is_daily":false,"chose_seed":false,"campfire_upgraded":1,"win_rate":0.0,"timestamp":1612504339,"path_taken":["M","?","M","?","?","R","M","M","T","M","?","R","E","?","R","BOSS","M","?","?","?","M","R","E"],"items_purchased_type":[],"build_version":"2020-12-22","purchased_purges":0,"victory":false,"max_hp_per_floor":[70,70,70,70,75,75,75,75,75,75,75,75,75,75,75,75,75,75,75,75,75,75,75,75,75],"card_choices":[{"not_picked":["Dodge and Roll","Backflip"],"picked":"Bane","floor":1},{"not_picked":["Deflect","Outmaneuver"],"picked":"Dagger Spray","floor":3},{"not_picked":["Dagger Throw","Distraction"],"picked":"Poisoned Stab","floor":7},{"not_picked":["Cloak And Dagger","Flying Knee"],"picked":"Terror","floor":8},{"not_picked":["Blade Dance","Caltrops"],"picked":"Blur","floor":10},{"not_picked":["PiercingWail","Acrobatics"],"picked":"Footwork","floor":11},{"not_picked":["Expertise","Slice"],"picked":"Riddle With Holes","floor":13},{"not_picked":["Adrenaline","Tools of the Trade"],"picked":"Phantasmal Killer","floor":16},{"not_picked":["Acrobatics","Calculated Gamble","Dagger Spray"],"picked":"SKIP","floor":18},{"not_picked":["All Out Attack","Poisoned Stab","Sucker Punch"],"picked":"SKIP","floor":22}],"player_experience":548028,"relics_obtained":[{"floor":9,"key":"Calipers"},{"floor":13,"key":"WingedGreaves"},{"floor":14,"key":"Letter Opener"}],"event_choices":[{"damage_healed":0,"gold_gain":0,"player_choice":"Take Damage","damage_taken":17,"relics_obtained":["Golden Idol"],"max_hp_gain":0,"max_hp_loss":0,"event_name":"Golden Idol","floor":2,"gold_loss":0},{"damage_healed":0,"gold_gain":75,"player_choice":"Gold","damage_taken":11,"max_hp_gain":0,"max_hp_loss":0,"event_name":"betterThird:BetterGoop","floor":4,"gold_loss":0},{"damage_healed":0,"gold_gain":0,"player_choice":"Donut","damage_taken":0,"max_hp_gain":5,"max_hp_loss":0,"event_name":"Big Fish","floor":5,"gold_loss":0},{"damage_healed":0,"gold_gain":0,"player_choice":" Vial ","damage_taken":20,"relics_obtained":["Blood Vial"],"max_hp_gain":52,"max_hp_loss":32,"event_name":"betterAltar:BetterAltar","floor":19,"potions_obtained":[],"relics_lost":[],"gold_loss":0},{"damage_healed":0,"gold_gain":0,"player_choice":"Dagger","damage_taken":6,"max_hp_gain":0,"max_hp_loss":0,"event_name":"betterThird:BetterNest","floor":20,"gold_loss":0,"cards_obtained":["RitualDagger"]},{"damage_healed":0,"gold_gain":0,"player_choice":"1 cards matched","damage_taken":0,"max_hp_gain":0,"max_hp_loss":0,"event_name":"Match and Keep!","floor":21,"gold_loss":0,"cards_obtained":["Neutralize"]}],"is_beta":false,"boss_relics":[{"not_picked":["SacredBark","Runic Dome"],"picked":"Ectoplasm"}],"items_purged_floors":[],"is_endless":false,"potions_floor_spawned":[7,10,16,18],"killed_by":"Book of Stabbing","ascension_level":9}}