{"host":"0k696jvpnlqjk4gh","time":1612563099,"event":{"mods":["AchievementEnabler","BaseMod","Colored Map","Colored Powertips","Minty Spire (QoL Compilation)","Quick Restart"],"gold_per_floor":[116,116,116,116,132,132,157,90,117,117,144,144,144,187,187,315,315,334,358,358,168,187,187,187,187,234,252,271,271,291,304,304,304,304],"floor_reached":33,"language":"ENG","playtime":989,"items_purged":[],"score":328,"play_id":"b2f65123-6379-4d9f-8277-0089e2d9c5a3","local_time":"20210205221139","is_ascension_mode":true,"campfire_choices":[{"data":"Doom and Gloom","floor":6.0,"key":"SMITH"},{"floor":12.0,"key":"REST"},{"data":"White Noise","floor":15.0,"key":"SMITH"},{"floor":23.0,"key":"REST"},{"floor":29,"key":"REST"},{"floor":32,"key":"REST"}],"circlet_count":0,"master_deck":["Strike_B","Strike_B","Strike_B","Defend_B","Defend_B","Defend_B","Defend_B","Zap","Dualcast","Redo+1","Doom and Gloom+1","Static Discharge","Self Repair","White Noise+1","Capacitor","Creative AI+1","Gash+1","Glacier"],"relics":["Black Star","White Beast Statue","Blood Vial","Bronze Scales","PreservedInsect","Odd Mushroom","Golden Idol","Mummified Hand","Anchor","Busted Crown","Happy Flower"],"acts_visited":["Exordium","TheCity"],"potions_floor_usage":[28,28,28,31],"damage_taken":[{"damage":8.0,"enemies":"Jaw Worm","floor":1.0,"turns":4.0},{"damage":2.0,"enemies":"2 Louse","floor":5.0,"turns":2.0},{"damage":31.0,"enemies":"Gremlin Nob","floor":7.0,"turns":4.0},{"damage":13.0,"enemies":"The Mushroom Lair","floor":11.0,"turns":3.0},{"damage":20.0,"enemies":"3 Sentries","floor":14.0,"turns":3.0},{"damage":12.0,"enemies":"Slime Boss","floor":16.0,"turns":5.0},{"damage":23.0,"enemies":"Chosen","floor":18.0,"turns":5.0},{"damage":36.0,"enemies":"3 Byrds","floor":19.0,"turns":3.0},{"damage":15.0,"enemies":"Snake Plant","floor":22.0,"turns":2.0},{"damage":0.0,"enemies":"Book of Stabbing","floor":24.0,"turns":2.0},{"damage":18.0,"enemies":"Chosen and Byrds","floor":27.0,"turns":4.0},{"damage":18,"enemies":"Snecko","floor":28,"turns":4},{"damage":22,"enemies":"Sentry and Sphere","floor":30,"turns":4},{"damage":21,"enemies":"Snake Plant","floor":31,"turns":4},{"damage":64,"enemies":"Automaton","floor":33,"turns":6}],"seed_played":"1019132433804939139","potions_obtained":[{"floor":1.0,"key":"FocusPotion"},{"floor":11.0,"key":"BlessingOfTheForge"},{"floor":14.0,"key":"PowerPotion"},{"floor":16.0,"key":"PowerPotion"},{"floor":18.0,"key":"GamblersBrew"},{"floor":19.0,"key":"EssenceOfSteel"},{"floor":20.0,"key":"Energy Potion"},{"floor":20.0,"key":"EssenceOfDarkness"},{"floor":20.0,"key":"SmokeBomb"},{"floor":22.0,"key":"LiquidMemories"},{"floor":27,"key":"EssenceOfDarkness"},{"floor":28,"key":"Block Potion"},{"floor":30,"key":"SpeedPotion"},{"floor":31,"key":"PotionOfCapacity"}],"is_trial":false,"path_per_floor":["M","?","$","?","M","R","E","$","T","T","?","R","?","E","R","B",null,"M","M","?","$","M","R","E","?","T","M","M","R","M","M","R","B"],"character_chosen":"DEFECT","items_purchased":["Self Repair","Happy Flower","Glacier"],"campfire_rested":4,"item_purchase_floors":[8,21,21],"current_hp_per_floor":[67,67,67,67,65,65,34,34,34,34,30,52,52,41,41,38,69,53,26,26,26,13,33,42,42,42,33,24,44,31,19,39,0,0],"gold":304,"neow_bonus":"BOSS_RELIC","is_daily":false,"chose_seed":false,"campfire_upgraded":2,"win_rate":0.0,"timestamp":1612563099,"path_taken":["M","?","$","?","?","R","E","$","T","?","?","R","?","E","R","BOSS","M","M","?","$","?","R","E","?","T","?","M","R","M","M","R","BOSS"],"items_purchased_type":["Card","Relic","Card"],"build_version":"2020-12-22","purchased_purges":0,"victory":false,"max_hp_per_floor":[75,75,75,75,75,75,75,75,75,75,75,75,69,69,69,69,69,69,69,69,69,69,69,69,69,69,69,69,69,69,69,69,69,69],"card_choices":[{"not_picked":["Consume","Turbo"],"picked":"Redo","floor":1.0},{"not_picked":["Coolheaded","Consume","Undo"],"picked":"SKIP","floor":5.0},{"not_picked":["Cold Snap","Leap"],"picked":"Static Discharge","floor":7.0},{"not_picked":["Scrape","Sweeping Beam"],"picked":"White Noise","floor":11.0},{"not_picked":["Fission","Hologram"],"picked":"Capacitor","floor":14.0},{"not_picked":["Multi-Cast","Core Surge"],"picked":"Creative AI","floor":16.0},{"not_picked":[],"picked":"Gash+1","floor":18.0},{"not_picked":["Leap"],"picked":"SKIP","floor":19.0},{"not_picked":["Capacitor"],"picked":"SKIP","floor":22.0},{"not_picked":["Genetic Algorithm+1"],"picked":"SKIP","floor":27},{"not_picked":["Hologram"],"picked":"SKIP","floor":28},{"not_picked":["Rebound"],"picked":"SKIP","floor":30},{"not_picked":["Stack+1"],"picked":"SKIP","floor":31}],"player_experience":180504,"relics_obtained":[{"floor":7.0,"key":"White Beast Statue"},{"floor":7.0,"key":"Blood Vial"},{"floor":9.0,"key":"Bronze Scales"},{"floor":10.0,"key":"PreservedInsect"},{"floor":11.0,"key":"Odd Mushroom"},{"floor":14.0,"key":"Mummified Hand"},{"floor":14.0,"key":"Anchor"}],"event_choices":[{"damage_healed":0.0,"max_hp_gain":0.0,"max_hp_loss":0.0,"gold_gain":0.0,"cards_transformed":["Strike_B"],"event_name":"Living Wall","player_choice":"Change","floor":2.0,"gold_loss":0.0,"damage_taken":0.0,"cards_obtained":["Doom and Gloom"]},{"damage_healed":0.0,"max_hp_gain":0.0,"max_hp_loss":0.0,"gold_gain":0.0,"event_name":"Upgrade Shrine","player_choice":"Upgraded","floor":4.0,"gold_loss":0.0,"damage_taken":0.0,"cards_upgraded":["Redo"]},{"damage_healed":0.0,"max_hp_gain":0.0,"max_hp_loss":0.0,"gold_gain":0.0,"event_name":"Mushrooms","player_choice":"Fought Mushrooms","floor":11.0,"gold_loss":0.0,"damage_taken":0.0},{"damage_healed":0.0,"max_hp_gain":0.0,"max_hp_loss":6.0,"gold_gain":0.0,"event_name":"Golden Idol","player_choice":"Lose Max HP","floor":13.0,"gold_loss":0.0,"damage_taken":0.0,"relics_obtained":["Golden Idol"]},{"damage_healed":0.0,"max_hp_gain":0.0,"max_hp_loss":0.0,"gold_gain":0.0,"event_name":"Lab","player_choice":"Got Potions","floor":20.0,"gold_loss":0.0,"damage_taken":0.0},{"damage_healed":0.0,"max_hp_gain":0.0,"max_hp_loss":0.0,"gold_gain":0.0,"event_name":"Upgrade Shrine","player_choice":"Upgraded","floor":25.0,"gold_loss":0.0,"damage_taken":0.0,"cards_upgraded":["Creative AI"]}],"is_beta":false,"boss_relics":[{"not_picked":["Snecko Eye","Philosopher\u0027s Stone"],"picked":"Busted Crown"}],"items_purged_floors":[],"is_endless":false,"potions_floor_spawned":[1,11,14,16,18,19,22,24,27,28,30,31],"killed_by":"Automaton","ascension_level":4}}