{"host":"t0r9wuv4zaiwets7","time":1612484537,"event":{"mods":["AchievementEnabler","BaseMod","Bestiary","Colored Map","Colored Powertips","Downfall","Highlight Path","Minty Spire (QoL Compilation)","StSLib"],"gold_per_floor":[0,13,23,41,26,26,26,201,64,64,76,76,107,207,223,327,327,227,238,303,553,260,275,275,295,51,112,31,31,58,75,91,187,187,187,199,262,312,379,392,418,432,187,305,305,355,355,366,380,380],"floor_reached":51,"language":"ENG","playtime":3282,"items_purged":["Doubt","Slimebound:Strike_Slimebound","Pain"],"score":755,"play_id":"2d64a843-fed5-4fc6-8d8c-c9a0caae4fdf","local_time":"20210204162217","is_ascension_mode":true,"campfire_choices":[{"data":"Slimebound:Split","floor":1.0,"key":"SMITH"},{"data":"Slimebound:Gluttony","floor":10.0,"key":"SMITH"},{"floor":12.0,"key":"REST"},{"data":"Slimebound:MassRepurpose","floor":18.0,"key":"SMITH"},{"floor":29.0,"key":"REST"},{"data":"Slimebound:SelfFormingGoo","floor":35.0,"key":"SMITH"},{"data":"expansioncontent:InvincibleStrength","floor":45,"key":"SMITH"},{"floor":47,"key":"REST"}],"circlet_count":0,"master_deck":["Slimebound:Tackle","Slimebound:Defend_Slimebound","Slimebound:Defend_Slimebound","Slimebound:Defend_Slimebound","Slimebound:Defend_Slimebound","Slimebound:Split+1","Slimebound:CorrosiveSpit","Slimebound:SplitMire","Slimebound:Gluttony+1","Slimebound:SplitBruiser","Slimebound:DivideAndConquer","Slimebound:DivideAndConquer","Slimebound:HauntingLick","Slimebound:SplitAcid","Slimebound:Equalize","Slimebound:RejuvenatingLick","Slimebound:SplitBruiser","Slimebound:MassRepurpose+1","Slimebound:LeadByExample","Slimebound:ProtectTheBoss","expansioncontent:QuickStudy","expansioncontent:InvincibleStrength+1","Slimebound:HauntingLick","Slimebound:MassRepurpose+1","Slimebound:Chomp+1","Slimebound:RejuvenatingLick","Slimebound:SplitAcid","Slimebound:SplitAcid","Slimebound:SelfFormingGoo+1","Slimebound:FinishingTackle+1","Slimebound:ProtectTheBoss","Slimebound:ItLooksTasty+1","Slimebound:DivideAndConquer+1","Slimebound:Nibble"],"relics":["Slimebound:AbsorbEndCombat","Dead Branch","Pocketwatch","Nunchaku","Toy Ornithopter","downfall:CloakOfManyFaces","CultistMask","FaceOfCleric","NlothsMask","GremlinMask","SsserpentHead","Busted Crown","downfall:HeartBlessingGreen","Akabeko","Chemical X","DollysMirror","Gremlin Horn","Philosopher\u0027s Stone","Smiling Mask","Letter Opener","Eternal Feather"],"acts_visited":["Exordium","TheCity","TheBeyond"],"potions_floor_usage":[40,50,50],"damage_taken":[{"damage":11.0,"enemies":"Jaw Worm","floor":2.0,"turns":4.0},{"damage":5.0,"enemies":"2 Louse","floor":3.0,"turns":2.0},{"damage":8.0,"enemies":"Small Slimes","floor":4.0,"turns":4.0},{"damage":4.0,"enemies":"downfall:FleeingMerchant","floor":5.0,"turns":4.0},{"damage":15.0,"enemies":"downfall:FleeingMerchant","floor":9.0,"turns":4.0},{"damage":4.0,"enemies":"Gremlin Gang","floor":11.0,"turns":3.0},{"damage":21.0,"enemies":"3 Sentries","floor":13.0,"turns":4.0},{"damage":13.0,"enemies":"downfall:FaceTrader","floor":14.0,"turns":4.0},{"damage":12.0,"enemies":"Blue Slaver","floor":15.0,"turns":2.0},{"damage":30.0,"enemies":"DF_ARCHETYPE_STREAMLINE","floor":16.0,"turns":6.0},{"damage":2.0,"enemies":"Chosen","floor":19.0,"turns":2.0},{"damage":32.0,"enemies":"Snake Plant","floor":20.0,"turns":3.0},{"damage":3.0,"enemies":"downfall:FleeingMerchant","floor":22.0,"turns":4.0},{"damage":17.0,"enemies":"Snecko","floor":23.0,"turns":4.0},{"damage":20.0,"enemies":"Centurion and Healer","floor":25.0,"turns":4.0},{"damage":18.0,"enemies":"Chosen and Byrds","floor":27.0,"turns":4.0},{"damage":31.0,"enemies":"Slavers","floor":30.0,"turns":4.0},{"damage":3.0,"enemies":"Snecko","floor":31.0,"turns":2.0},{"damage":20.0,"enemies":"Snake Plant","floor":32.0,"turns":2.0},{"damage":15.0,"enemies":"SI_MIRROR_ARCHETYPE","floor":33.0,"turns":4.0},{"damage":0.0,"enemies":"Orb Walker","floor":36.0,"turns":2.0},{"damage":22.0,"enemies":"3 Shapes","floor":37.0,"turns":2.0},{"damage":12.0,"enemies":"Sphere and 2 Shapes","floor":39.0,"turns":2.0},{"damage":54,"enemies":"Writhing Mass","floor":40,"turns":4},{"damage":6,"enemies":"4 Shapes","floor":42,"turns":4},{"damage":18,"enemies":"Spire Growth","floor":48,"turns":3},{"damage":3,"enemies":"Transient","floor":49,"turns":5},{"damage":10,"enemies":"IC_BLOCK_ARCHETYPE","floor":50,"turns":8}],"seed_played":"-1566557637275954322","potions_obtained":[{"floor":4.0,"key":"SteroidPotion"},{"floor":11.0,"key":"Fruit Juice"},{"floor":13.0,"key":"Energy Potion"},{"floor":14.0,"key":"SpeedPotion"},{"floor":23.0,"key":"Explosive Potion"},{"floor":27.0,"key":"DistilledChaos"},{"floor":30.0,"key":"Slimebound:SpawnSlimePotion"},{"floor":42,"key":"bronze:BurnAndBuffPotion"}],"is_trial":false,"path_per_floor":["R","M","M","M","$","?","T","?","$","R","M","R","E","?","M","B",null,"R","M","M","?","$","M","T","M","$","M","$","R","E","M","M","B",null,"R","M","M","?","M","M","T","M","$","T","R","?","R","M","M","B",null],"character_chosen":"SLIMEBOUND","items_purchased":["Slimebound:HauntingLick","expansioncontent:QuickStudy","expansioncontent:InvincibleStrength","Akabeko","Chemical X","FairyPotion","DollysMirror","Slimebound:RejuvenatingLick","Letter Opener"],"campfire_rested":3,"item_purchase_floors":[9,22,22,22,22,26,26,28,43],"current_hp_per_floor":[65,56,53,49,51,44,44,44,37,37,41,60,45,58,61,51,72,72,73,44,44,50,46,46,40,40,31,31,54,45,45,28,22,82,82,83,70,70,67,27,27,34,34,34,52,52,87,76,82,85],"gold":380,"neow_bonus":"ONE_RARE_RELIC","is_daily":false,"chose_seed":false,"campfire_upgraded":5,"win_rate":0.0,"timestamp":1612484537,"path_taken":["R","M","M","M","$","?","T","?","?","R","M","R","E","?","M","BOSS","R","M","?","?","?","M","T","M","$","?","$","R","E","M","M","BOSS","R","M","?","?","?","M","T","M","?","?","R","?","R","M","M","BOSS"],"items_purchased_type":["Card","Card","Card","Relic","Relic","Potion","Relic","Card","Relic"],"build_version":"2020-12-22","purchased_purges":3,"victory":true,"max_hp_per_floor":[65,65,65,65,65,65,65,65,65,65,65,65,65,70,71,72,72,72,73,74,74,75,76,76,77,77,78,78,78,79,80,81,82,82,82,83,84,84,85,86,86,87,87,87,87,87,87,88,89,90],"card_choices":[{"not_picked":["Slimebound:SplitAcid","Slimebound:LivingWall"],"picked":"Slimebound:SplitMire","floor":2.0},{"not_picked":["Slimebound:SplitAcid","Slimebound:SpikyOuterGoop"],"picked":"Slimebound:Gluttony","floor":3.0},{"not_picked":["Slimebound:FlameTackle","Slimebound:GrowthPunch"],"picked":"Slimebound:SplitBruiser","floor":4.0},{"not_picked":["Slimebound:ForwardTackle","Slimebound:SplitMire"],"picked":"Slimebound:DivideAndConquer","floor":5.0},{"not_picked":["Slimebound:SpikyOuterGoop","Slimebound:ComboTackle"],"picked":"Slimebound:DivideAndConquer","floor":9.0},{"not_picked":["Slimebound:Prepare","Slimebound:FirmFortitude"],"picked":"Slimebound:SplitAcid","floor":11.0},{"not_picked":["Slimebound:GoopTackle","Slimebound:FlameTackle"],"picked":"Slimebound:Equalize","floor":13.0},{"not_picked":["Slimebound:AcidTongue","Slimebound:DisruptingSlam"],"picked":"Slimebound:RejuvenatingLick","floor":14.0},{"not_picked":["Slimebound:ProtectTheBoss","Slimebound:GoopSpray"],"picked":"Slimebound:SplitBruiser","floor":15.0},{"not_picked":["Slimebound:DouseInSlime","Slimebound:SlimeSlap"],"picked":"Slimebound:MassRepurpose","floor":16.0},{"not_picked":[],"picked":"Slimebound:LeadByExample","floor":19.0},{"not_picked":[],"picked":"Slimebound:GoopSpray","floor":20.0},{"not_picked":[],"picked":"Slimebound:ProtectTheBoss","floor":22.0},{"not_picked":[],"picked":"Slimebound:HauntingLick","floor":23.0},{"not_picked":["Slimebound:RainOfGoop"],"picked":"SKIP","floor":25.0},{"not_picked":[],"picked":"Slimebound:Chomp+1","floor":27.0},{"not_picked":["Slimebound:BestDefense"],"picked":"SKIP","floor":30.0},{"not_picked":[],"picked":"Slimebound:SplitAcid","floor":31.0},{"not_picked":[],"picked":"Slimebound:SplitAcid","floor":32.0},{"not_picked":[],"picked":"Slimebound:SelfFormingGoo","floor":33.0},{"not_picked":["Slimebound:FlameTackle"],"picked":"SKIP","floor":36.0},{"not_picked":["Slimebound:LeechingTouch"],"picked":"SKIP","floor":37.0},{"not_picked":[],"picked":"Slimebound:FinishingTackle+1","floor":39.0},{"not_picked":[],"picked":"Slimebound:ProtectTheBoss","floor":40},{"not_picked":[],"picked":"Slimebound:ItLooksTasty+1","floor":42},{"not_picked":[],"picked":"Slimebound:DivideAndConquer+1","floor":48},{"not_picked":[],"picked":"Slimebound:Nibble","floor":49}],"player_experience":185364,"relics_obtained":[{"floor":7.0,"key":"Nunchaku"},{"floor":13.0,"key":"Toy Ornithopter"},{"floor":14.0,"key":"downfall:CloakOfManyFaces"},{"floor":30.0,"key":"Gremlin Horn"},{"floor":41,"key":"Smiling Mask"},{"floor":44,"key":"Eternal Feather"}],"event_choices":[{"damage_healed":0.0,"max_hp_gain":0.0,"max_hp_loss":0.0,"gold_gain":0.0,"event_name":"Scrap Ooze","player_choice":"Success","floor":6.0,"gold_loss":0.0,"damage_taken":7.0,"relics_obtained":["Pocketwatch"]},{"damage_healed":0.0,"max_hp_gain":0.0,"max_hp_loss":0.0,"gold_gain":200.0,"event_name":"Wheel of Change","player_choice":"Gold","floor":21.0,"gold_loss":0.0,"damage_taken":0.0},{"damage_healed":0,"gold_gain":0,"player_choice":"Ignored","damage_taken":0,"max_hp_gain":0,"max_hp_loss":0,"event_name":"Mysterious Sphere","floor":46,"gold_loss":0}],"is_beta":false,"boss_relics":[{"not_picked":["Fusion Hammer","Runic Dome"],"picked":"Busted Crown"},{"not_picked":["Pandora\u0027s Box","Empty Cage"],"picked":"Philosopher\u0027s Stone"}],"items_purged_floors":[9,22,43],"is_endless":false,"potions_floor_spawned":[4,11,13,14,23,27,30,32,33,36,37,42],"ascension_level":1}}