{"host":"5jdby9iqu3ct6557","time":1612500683,"event":{"mods":["BaseMod","DeckTracker","Highlight Path","Minty Spire (QoL Compilation)","Relic Stats","StSLib"],"gold_per_floor":[363,374,391,405,81,81,95,95,95,109,150,211,227,152,152,235,235,254,299,299,22,48,48,48,48,102,132,132,132,132],"floor_reached":29,"language":"ENG","playtime":1664,"items_purged":["Strike_G"],"score":511,"play_id":"939a9998-215f-410d-a671-48e8cef2d00a","local_time":"20210204235123","is_ascension_mode":true,"campfire_choices":[{"data":"Dash","floor":6.0,"key":"SMITH"},{"floor":8.0,"key":"REST"},{"floor":15.0,"key":"REST"},{"data":"Finisher","floor":23,"key":"SMITH"},{"data":"Blade Dance","floor":25,"key":"SMITH"}],"circlet_count":0,"master_deck":["AscendersBane","Defend_G","Defend_G","Defend_G","Defend_G","Defend_G","Survivor","Neutralize","Blade Dance","Dash+1","Flying Knee","Bouncing Flask","Accuracy","Terror","Blade Dance+1","Unload","Blur","Bite","Bite","Bite","Bite","Finisher+1"],"relics":["Ring of the Snake","Happy Flower","Matryoshka","CeramicFish","Snecko Eye","Bottled Tornado","Nilry\u0027s Codex","Tiny Chest","Oddly Smooth Stone","Tough Bandages"],"acts_visited":["Exordium","TheCity"],"potions_floor_usage":[29],"damage_taken":[{"damage":11.0,"enemies":"Cultist","floor":1.0,"turns":5.0},{"damage":7.0,"enemies":"Small Slimes","floor":2.0,"turns":4.0},{"damage":0.0,"enemies":"Jaw Worm","floor":3.0,"turns":4.0},{"damage":3.0,"enemies":"3 Louse","floor":4.0,"turns":5.0},{"damage":0.0,"enemies":"Blue Slaver","floor":7.0,"turns":4.0},{"damage":12.0,"enemies":"Exordium Thugs","floor":10.0,"turns":5.0},{"damage":14.0,"enemies":"3 Sentries","floor":11.0,"turns":7.0},{"damage":12.0,"enemies":"Large Slime","floor":13.0,"turns":6.0},{"damage":32.0,"enemies":"Slime Boss","floor":16.0,"turns":7.0},{"damage":6,"enemies":"Spheric Guardian","floor":18,"turns":3},{"damage":16,"enemies":"Shell Parasite","floor":22,"turns":5},{"damage":3,"enemies":"Book of Stabbing","floor":27,"turns":5},{"damage":51,"enemies":"Slavers","floor":29,"turns":4}],"seed_played":"3672086097892889802","potions_obtained":[{"floor":3.0,"key":"LiquidMemories"},{"floor":4.0,"key":"GamblersBrew"},{"floor":13.0,"key":"FairyPotion"},{"floor":16.0,"key":"Block Potion"}],"is_trial":false,"path_per_floor":["M","M","M","M","$","R","M","R","T","M","E","?","M","?","R","B",null,"M","?","?","$","M","R","?","R","T","E","?","E"],"character_chosen":"THE_SILENT","items_purchased":["Happy Flower","Accuracy","Bottled Tornado"],"campfire_rested":2,"item_purchase_floors":[5,5,21],"current_hp_per_floor":[48,41,41,38,38,38,38,56,56,44,30,30,18,18,36,4,46,40,40,40,40,32,32,11,11,11,20,20,0,0],"gold":132,"neow_bonus":"TWO_FIFTY_GOLD","is_daily":false,"chose_seed":false,"campfire_upgraded":3,"win_rate":0.0,"timestamp":1612500683,"path_taken":["M","M","?","M","$","R","M","R","T","M","E","?","M","?","R","BOSS","M","?","?","$","?","R","?","R","T","E","?","E"],"items_purchased_type":["Relic","Card","Relic"],"build_version":"2020-12-22","purchased_purges":1,"victory":false,"max_hp_per_floor":[60,60,60,60,60,60,60,60,60,60,60,60,60,60,60,60,60,60,42,42,42,42,42,42,42,42,42,42,42,42],"relic_stats":{"Tough Bandages":[15],"Happy Flower":[15],"counters":[13,64],"CeramicFish":81,"Snecko Eye":[34,34,23,33],"Tiny Chest":0,"obtain_stats":[{"Tough Bandages":27,"Matryoshka":9,"Happy Flower":5,"Nilry\u0027s Codex":24,"CeramicFish":11,"Snecko Eye":17,"Oddly Smooth Stone":26,"Tiny Chest":26,"Bottled Tornado":21,"Ring of the Snake":0},{"Tough Bandages":12,"Matryoshka":5,"Happy Flower":4,"Nilry\u0027s Codex":11,"CeramicFish":7,"Snecko Eye":9,"Oddly Smooth Stone":11,"Tiny Chest":11,"Bottled Tornado":10,"Ring of the Snake":0},{"Tough Bandages":60,"Matryoshka":22,"Happy Flower":18,"Nilry\u0027s Codex":55,"CeramicFish":34,"Snecko Eye":47,"Oddly Smooth Stone":55,"Tiny Chest":55,"Bottled Tornado":50,"Ring of the Snake":0}],"Ring of the Snake":[26]},"card_choices":[{"not_picked":["Slice","Expertise"],"picked":"Blade Dance","floor":1.0},{"not_picked":["Underhanded Strike","Backstab"],"picked":"Dash","floor":2.0},{"not_picked":["Dagger Spray","Backflip"],"picked":"Flying Knee","floor":3.0},{"not_picked":["Flying Knee","Underhanded Strike"],"picked":"Bouncing Flask","floor":4.0},{"not_picked":["Flying Knee","Outmaneuver"],"picked":"Terror","floor":10.0},{"not_picked":["Acrobatics","Dodge and Roll"],"picked":"Blade Dance","floor":11.0},{"not_picked":["Night Terror","Tools of the Trade"],"picked":"Unload","floor":16.0},{"not_picked":["Noxious Fumes","Poisoned Stab"],"picked":"Blur","floor":18},{"not_picked":["Escape Plan","Cloak And Dagger"],"picked":"Finisher","floor":22}],"player_experience":2524859,"relics_obtained":[{"floor":9.0,"key":"Matryoshka"},{"floor":11.0,"key":"CeramicFish"},{"floor":24,"key":"Nilry\u0027s Codex"},{"floor":26,"key":"Tiny Chest"},{"floor":26,"key":"Oddly Smooth Stone"},{"floor":27,"key":"Tough Bandages"}],"event_choices":[{"damage_healed":0.0,"max_hp_gain":0.0,"max_hp_loss":0.0,"gold_gain":61.0,"event_name":"Golden Wing","player_choice":"Gained Gold","floor":12.0,"gold_loss":0.0,"damage_taken":0.0},{"cards_removed":["Strike_G"],"damage_healed":0.0,"max_hp_gain":0.0,"max_hp_loss":0.0,"gold_gain":0.0,"event_name":"The Cleric","player_choice":"Card Removal","floor":14.0,"gold_loss":75.0,"damage_taken":0.0},{"damage_healed":0,"gold_gain":0,"player_choice":"Became a vampire","damage_taken":0,"max_hp_gain":0,"max_hp_loss":18,"event_name":"Vampires","floor":19,"gold_loss":0,"cards_obtained":["Bite","Bite","Bite","Bite","Bite"]},{"cards_removed":["Bite"],"damage_healed":0,"gold_gain":0,"player_choice":"Card Removal","damage_taken":0,"max_hp_gain":0,"max_hp_loss":0,"event_name":"Wheel of Change","floor":20,"gold_loss":0},{"damage_healed":0,"gold_gain":0,"player_choice":"Obtained Book","damage_taken":21,"max_hp_gain":0,"max_hp_loss":0,"event_name":"Cursed Tome","floor":24,"gold_loss":0},{"damage_healed":0,"gold_gain":0,"player_choice":"Ignored","damage_taken":0,"max_hp_gain":0,"max_hp_loss":0,"event_name":"Ghosts","floor":28,"gold_loss":0}],"is_beta":false,"boss_relics":[{"not_picked":["Pandora\u0027s Box","Ectoplasm"],"picked":"Snecko Eye"}],"items_purged_floors":[5],"is_endless":false,"potions_floor_spawned":[3,4,10,13,16,18,27],"killed_by":"Slavers","ascension_level":20}}