{"host":"9v3x998ddbx8o276","time":1612566099,"event":{"mods":["AchievementEnabler","BaseMod","Colored Map","Colored Powertips","Highlight Path","Minty Spire (QoL Compilation)","Quick Restart","Rare Cards Sparkle"],"gold_per_floor":[110,110,128,138,154,154,170,201,274,274,274,274,19,46,46,120,120,135,135,135,152,17,17,42,42,42,60,60,88,88,138,138,214,214,226,226,226,40,40,40,72,72,125,125,50,50,50],"floor_reached":46,"language":"ENG","playtime":1406,"items_purged":["Pain"],"score":1101,"play_id":"64513925-08c2-44be-8b74-441b163c43e2","local_time":"20210206093139","is_ascension_mode":true,"campfire_choices":[{"data":"Sweeping Beam","floor":6,"key":"SMITH"},{"floor":10,"key":"REST"},{"data":"Defragment","floor":15,"key":"SMITH"},{"floor":23,"key":"REST"},{"data":"Defragment","floor":25,"key":"SMITH"},{"floor":30,"key":"REST"},{"floor":32,"key":"REST"},{"floor":42,"key":"REST"},{"floor":44,"key":"REST"}],"circlet_count":0,"master_deck":["AscendersBane","Strike_B","Strike_B","Strike_B","Defend_B","Defend_B","Defend_B","Defend_B","Zap","Dualcast","CurseOfTheBell","Sweeping Beam+1","Go for the Eyes","Core Surge","Lockon","Ball Lightning","Loop","Electrodynamics","Defragment+1","Seek","Coolheaded","Defragment+1","Cold Snap","Genetic Algorithm","Turbo","Buffer","Shame","Steam","Decay","Steam Power","Amplify","Ball Lightning","Defragment","Jack Of All Trades","Dark Shackles","Leap+1","Doubt","Capacitor"],"relics":["Calling Bell","Pen Nib","StrikeDummy","Emotion Chip","WarpedTongs","Boot","Mercury Hourglass","Gambling Chip","Cursed Key","Ancient Tea Set","Kunai","Shovel","Busted Crown","Girya"],"acts_visited":["Exordium","TheCity","TheBeyond"],"potions_floor_usage":[8,24,29,33,46],"damage_taken":[{"damage":5,"enemies":"Small Slimes","floor":1,"turns":3},{"damage":1,"enemies":"Cultist","floor":3,"turns":3},{"damage":6,"enemies":"2 Louse","floor":4,"turns":2},{"damage":0,"enemies":"2 Fungi Beasts","floor":5,"turns":2},{"damage":7,"enemies":"Large Slime","floor":7,"turns":4},{"damage":18,"enemies":"3 Sentries","floor":8,"turns":4},{"damage":6,"enemies":"Gremlin Nob","floor":14,"turns":3},{"damage":23,"enemies":"Hexaghost","floor":16,"turns":6},{"damage":11,"enemies":"Spheric Guardian","floor":18,"turns":3},{"damage":0,"enemies":"Chosen","floor":21,"turns":3},{"damage":10,"enemies":"Gremlin Leader","floor":24,"turns":5},{"damage":13,"enemies":"Snake Plant","floor":27,"turns":4},{"damage":30,"enemies":"Slavers","floor":29,"turns":4},{"damage":33,"enemies":"Automaton","floor":33,"turns":10},{"damage":3,"enemies":"Orb Walker","floor":35,"turns":3},{"damage":46,"enemies":"Reptomancer","floor":41,"turns":6},{"damage":101,"enemies":"Giant Head","floor":46,"turns":10}],"seed_played":"6198011918271959656","potions_obtained":[{"floor":1,"key":"FocusPotion"},{"floor":4,"key":"Explosive Potion"},{"floor":7,"key":"EssenceOfDarkness"},{"floor":14,"key":"SpeedPotion"},{"floor":24,"key":"Regen Potion"},{"floor":41,"key":"Explosive Potion"}],"is_trial":false,"path_per_floor":["M","?","M","M","M","R","M","E","T","R","?","?","$","E","R","B",null,"M","?","?","M","$","R","E","R","T","M","?","E","R","?","R","B",null,"M","?","?","$","?","?","E","R","T","R","$","E"],"character_chosen":"DEFECT","items_purchased":["Electrodynamics","Genetic Algorithm","Turbo","FairyPotion","Defragment","Capacitor"],"campfire_rested":6,"item_purchase_floors":[13,22,22,38,38,45],"current_hp_per_floor":[59,59,58,52,52,52,45,27,27,48,48,48,48,42,42,19,58,47,47,47,47,47,68,58,58,58,45,45,27,48,48,69,36,62,59,59,59,59,59,54,8,28,28,48,48,0,0],"gold":50,"neow_bonus":"BOSS_RELIC","is_daily":false,"chose_seed":false,"campfire_upgraded":3,"win_rate":0.0,"timestamp":1612566099,"path_taken":["M","?","M","?","?","R","M","E","T","R","?","?","$","E","R","BOSS","M","?","?","?","$","R","E","R","T","M","?","E","R","?","R","BOSS","M","?","?","$","?","?","E","R","T","R","$","E"],"items_purchased_type":["Card","Card","Card","Potion","Card","Card"],"build_version":"2020-12-22","purchased_purges":1,"victory":false,"max_hp_per_floor":[71,71,71,71,71,71,71,71,71,71,71,71,71,71,71,71,71,71,71,71,71,71,71,71,71,71,71,71,71,71,71,71,71,71,71,67,67,67,67,67,67,67,67,67,67,67,67],"card_choices":[{"not_picked":["Steam","Stack"],"picked":"Sweeping Beam","floor":1},{"not_picked":["Heatsinks","Steam Power"],"picked":"Go for the Eyes","floor":3},{"not_picked":["Rebound","Sweeping Beam"],"picked":"Core Surge","floor":4},{"not_picked":["Leap","Darkness"],"picked":"Lockon","floor":5},{"not_picked":["Leap","Steam"],"picked":"Ball Lightning","floor":7},{"not_picked":["Streamline","Consume"],"picked":"Loop","floor":8},{"not_picked":["Barrage","Blizzard"],"picked":"Defragment","floor":14},{"not_picked":["Machine Learning","Buffer"],"picked":"Seek","floor":16},{"not_picked":["Heatsinks","Sunder"],"picked":"Coolheaded","floor":18},{"not_picked":["Darkness","Gash"],"picked":"Cold Snap","floor":21},{"not_picked":["Chill","Leap"],"picked":"Buffer","floor":24},{"not_picked":["Rip and Tear","Auto Shields"],"picked":"Steam","floor":27},{"not_picked":["Leap","Barrage"],"picked":"Steam Power","floor":29},{"not_picked":["Biased Cognition","Buffer"],"picked":"Amplify","floor":33},{"not_picked":[],"picked":"Ball Lightning","floor":35},{"not_picked":[],"picked":"Jack Of All Trades","floor":40},{"not_picked":[],"picked":"Dark Shackles","floor":40},{"not_picked":[],"picked":"Leap+1","floor":41}],"player_experience":2218299,"relics_obtained":[{"floor":0,"key":"Pen Nib"},{"floor":0,"key":"StrikeDummy"},{"floor":0,"key":"Emotion Chip"},{"floor":8,"key":"Boot"},{"floor":9,"key":"Mercury Hourglass"},{"floor":14,"key":"Gambling Chip"},{"floor":24,"key":"Ancient Tea Set"},{"floor":26,"key":"Kunai"},{"floor":29,"key":"Shovel"},{"floor":41,"key":"Girya"}],"event_choices":[{"damage_healed":0,"gold_gain":0,"player_choice":"Rummage","damage_taken":0,"relics_obtained":["WarpedTongs"],"max_hp_gain":0,"max_hp_loss":0,"event_name":"Accursed Blacksmith","floor":2,"gold_loss":0,"cards_obtained":["Pain"]},{"damage_healed":0,"gold_gain":0,"player_choice":"Ignored","damage_taken":0,"max_hp_gain":0,"max_hp_loss":0,"event_name":"Liars Game","floor":11,"gold_loss":0},{"damage_healed":0,"gold_gain":0,"player_choice":"Ignored","damage_taken":0,"max_hp_gain":0,"max_hp_loss":0,"event_name":"Shining Light","floor":12,"gold_loss":0},{"damage_healed":0,"gold_gain":0,"player_choice":"Ignored","damage_taken":0,"max_hp_gain":0,"max_hp_loss":0,"event_name":"Beggar","floor":19,"gold_loss":0},{"damage_healed":0,"gold_gain":0,"cards_transformed":["Strike_B"],"player_choice":"Transformed","damage_taken":0,"max_hp_gain":0,"max_hp_loss":0,"event_name":"Transmorgrifier","floor":20,"gold_loss":0,"cards_obtained":["Defragment"]},{"damage_healed":0,"gold_gain":0,"player_choice":"Smashed Altar","damage_taken":0,"max_hp_gain":0,"max_hp_loss":0,"event_name":"Forgotten Altar","floor":28,"gold_loss":0,"cards_obtained":["Decay"]},{"damage_healed":0,"gold_gain":50,"player_choice":"Stole From Cult","damage_taken":0,"max_hp_gain":0,"max_hp_loss":0,"event_name":"Nest","floor":31,"gold_loss":0},{"damage_healed":0,"gold_gain":0,"player_choice":"Max HP","damage_taken":0,"max_hp_gain":0,"max_hp_loss":4,"event_name":"Winding Halls","floor":36,"gold_loss":0},{"damage_healed":0,"gold_gain":0,"player_choice":"Ignored","damage_taken":0,"max_hp_gain":0,"max_hp_loss":0,"event_name":"Tomb of Lord Red Mask","floor":37,"gold_loss":0},{"damage_healed":0,"gold_gain":0,"player_choice":"Ignored","damage_taken":0,"max_hp_gain":0,"max_hp_loss":0,"event_name":"Mysterious Sphere","floor":39,"gold_loss":0},{"damage_healed":0,"gold_gain":0,"player_choice":"Memory 2","damage_taken":5,"max_hp_gain":0,"max_hp_loss":0,"event_name":"SensoryStone","floor":40,"gold_loss":0}],"is_beta":false,"boss_relics":[{"not_picked":["Empty Cage","Coffee Dripper"],"picked":"Cursed Key"},{"not_picked":["Runic Dome","SacredBark"],"picked":"Busted Crown"}],"items_purged_floors":[13],"is_endless":false,"potions_floor_spawned":[1,4,7,14,24,41],"killed_by":"Giant Head","ascension_level":20}}