{"host":"kbv0awskzx6xbc6p","time":1612568528,"event":{"mods":["Act Like it!","BaseMod","Colored Map","Downfall","Minty Spire (QoL Compilation)","StSLib"],"gold_per_floor":[0,13,13,113,23,57,57,57,82,118,30,59,71,104,136,252,264,276,308,329,365,362,412,424,436,476,498,510,533,83,125,139,234,234,134,149,173,197,40,190,242,261,261,287,187,187,187,187],"floor_reached":46,"language":"ENG","playtime":3224,"items_purged":["champ:Defend","champ:Defend"],"score":618,"play_id":"57b6fcda-9995-499b-8907-f10916023da1","local_time":"20210205154208","is_ascension_mode":true,"campfire_choices":[{"data":"champ:Taunt","floor":1.0,"key":"SMITH"},{"data":"champ:EnchantCrown","floor":8.0,"key":"SMITH"},{"data":"champ:RageSigil","floor":11.0,"key":"SMITH"},{"data":"champ:EnchantShield","floor":18.0,"key":"SMITH"},{"data":"champ:EnchantCrown","floor":25.0,"key":"SMITH"},{"floor":28.0,"key":"RECALL"},{"data":"champ:RageSigil","floor":35,"key":"SMITH"},{"data":"champ:ShieldSlam","floor":45,"key":"SMITH"}],"circlet_count":0,"master_deck":["champ:Strike","champ:Strike","champ:Strike","champ:Defend","champ:Execute","champ:Taunt+1","Secret Technique","champ:RageSigil+1","champ:EnchantCrown+1","champ:RageSigil+1","champ:SwordSigil","champ:EnchantShield+1","champ:EnchantCrown+1","champ:ShieldWall","champ:CalledShot","champ:EnchantCrown+1","champ:ShieldSlam+1","champ:FocusedDefense","champ:RapidStrikes","champ:EndlessRage+1"],"relics":["champ:ChampionCrown","Unceasing Top","Torii","MawBank","downfall:HeartBlessingGreen","champ:LiftRelic","SacredBark","Omamori","Pear","Letter Opener","DollysMirror","Juzu Bracelet","Nunchaku","Black Star","downfall:HeartBlessingRed","OrangePellets","champ:DefensiveTrainingManual","Smiling Mask","Kunai","downfall:HeartBlessingBlue"],"acts_visited":["Exordium","TheCity","TheBeyond"],"potions_floor_usage":[39],"damage_taken":[{"damage":22.0,"enemies":"Jaw Worm","floor":2.0,"turns":4.0},{"damage":25.0,"enemies":"downfall:FleeingMerchant","floor":5.0,"turns":4.0},{"damage":66.0,"enemies":"Gremlin Nob","floor":6.0,"turns":5.0},{"damage":47.0,"enemies":"Lagavulin","floor":9.0,"turns":7.0},{"damage":10.0,"enemies":"Small Slimes","floor":10.0,"turns":3.0},{"damage":15.0,"enemies":"Cultist","floor":12.0,"turns":3.0},{"damage":10.0,"enemies":"Blue Slaver","floor":14.0,"turns":3.0},{"damage":11.0,"enemies":"Red Slaver","floor":15.0,"turns":2.0},{"damage":57.0,"enemies":"DF_ARCHETYPE_STREAMLINE","floor":16.0,"turns":8.0},{"damage":20.0,"enemies":"Chosen","floor":19.0,"turns":4.0},{"damage":40.0,"enemies":"Snecko","floor":21.0,"turns":8.0},{"damage":20.0,"enemies":"downfall:FleeingMerchant","floor":22.0,"turns":4.0},{"damage":32.0,"enemies":"Book of Stabbing","floor":23.0,"turns":7.0},{"damage":99.0,"enemies":"Gremlin Leader","floor":26.0,"turns":9.0},{"damage":35.0,"enemies":"Centurion and Healer","floor":27.0,"turns":6.0},{"damage":20.0,"enemies":"3 Cultists","floor":29.0,"turns":4.0},{"damage":50.0,"enemies":"downfall:FleeingMerchant","floor":30.0,"turns":4.0},{"damage":10.0,"enemies":"Slavers","floor":31.0,"turns":4.0},{"damage":21.0,"enemies":"Cultist and Chosen","floor":32.0,"turns":6.0},{"damage":46,"enemies":"IC_MUSHROOM_ARCHETYPE","floor":33,"turns":9},{"damage":11,"enemies":"3 Shapes","floor":36,"turns":8},{"damage":10,"enemies":"Orb Walker","floor":37,"turns":3},{"damage":21,"enemies":"downfall:FleeingMerchant","floor":39,"turns":4},{"damage":15,"enemies":"3 Darklings","floor":42,"turns":5},{"damage":46,"enemies":"Giant Head","floor":44,"turns":6},{"damage":134,"enemies":"2 Orb Walkers","floor":46,"turns":6}],"seed_played":"536496714013472425","potions_obtained":[{"floor":2.0,"key":"Fire Potion"},{"floor":6.0,"key":"LiquidBronze"},{"floor":10.0,"key":"SkillPotion"},{"floor":12.0,"key":"Energy Potion"},{"floor":23.0,"key":"champ:CounterPotion"},{"floor":29.0,"key":"AttackPotion"},{"floor":31.0,"key":"champ:CounterPotion"},{"floor":32.0,"key":"Swift Potion"},{"floor":36,"key":"Ancient Potion"}],"is_trial":false,"path_per_floor":["R","M","?","?","$","E","T","R","E","M","R","M","?","M","M","B",null,"R","M","?","M","$","E","T","R","E","M","R","M","$","E","M","B",null,"R","M","M","?","$","?","T","M","?","E","R","?"],"character_chosen":"THE_CHAMP","items_purchased":["DollysMirror","Juzu Bracelet","champ:ShieldSlam","OrangePellets"],"campfire_rested":0,"item_purchase_floors":[30,30,30,39],"current_hp_per_floor":[90,88,81,81,81,50,50,50,48,48,48,48,48,48,47,43,90,90,90,90,75,75,73,83,83,64,64,64,64,64,64,53,47,100,100,99,99,99,98,98,98,98,98,97,107,0,0,0],"gold":187,"neow_bonus":"RANDOM_COLORLESS_2","is_daily":false,"chose_seed":false,"campfire_upgraded":7,"win_rate":0.0,"timestamp":1612568528,"path_taken":["R","M","?","?","$","E","T","R","E","M","R","?","?","M","M","BOSS","R","M","?","M","$","E","T","R","E","M","R","?","?","E","M","BOSS","R","M","M","?","$","?","T","M","?","E","R","?"],"items_purchased_type":["Relic","Relic","Card","Relic"],"build_version":"2020-12-22","purchased_purges":2,"victory":false,"max_hp_per_floor":[90,90,90,90,90,90,90,90,90,90,90,90,90,90,90,90,90,90,90,90,90,90,90,100,100,100,100,100,100,100,100,100,100,100,100,100,100,100,100,100,100,100,100,100,110,110,110,110],"card_choices":[{"not_picked":["Transmutation","Panache"],"picked":"Secret Technique","floor":0.0},{"not_picked":["champ:FlashCut","champ:Circumvent"],"picked":"champ:RageSigil","floor":2.0},{"not_picked":["champ:RisingSlash","champ:Haymaker"],"picked":"champ:EnchantCrown","floor":5.0},{"not_picked":["champ:BerserkersShout","champ:DefensiveStyle","champ:Shatter"],"picked":"SKIP","floor":6.0},{"not_picked":["champ:BringItOn","champ:CalledShot","champ:BladeFlurry"],"picked":"SKIP","floor":9.0},{"not_picked":["champ:Parry","champ:DefensiveShout"],"picked":"champ:RageSigil","floor":10.0},{"not_picked":["champ:HeartStrike","champ:TornadoPunch","champ:Backstep"],"picked":"SKIP","floor":12.0},{"not_picked":["champ:GladiatorStyle","champ:Circumvent"],"picked":"champ:SwordSigil","floor":14.0},{"not_picked":["champ:ShieldSigil","champ:Shatter","champ:EnGarde"],"picked":"SKIP","floor":15.0},{"not_picked":["champ:TripleStrike","champ:CheapShot"],"picked":"champ:EnchantShield","floor":16.0},{"not_picked":["champ:PerfectedStrike","champ:BladeFlurry","champ:AdrenalArmor"],"picked":"SKIP","floor":19.0},{"not_picked":["champ:SkillfulDodge","champ:FocusedBerserking+1"],"picked":"champ:ShieldWall","floor":21.0},{"not_picked":["champ:BerserkerStyle+1","champ:FlashCut","champ:CrownThrow+1"],"picked":"SKIP","floor":22.0},{"not_picked":["champ:ShieldThrow","champ:ShieldWall+1"],"picked":"champ:CalledShot","floor":23.0},{"not_picked":["champ:AdrenalArmor+1","champ:PreemptiveStrike+1","champ:ShieldWall+1"],"picked":"SKIP","floor":26.0},{"not_picked":["champ:ShieldSigil","champ:FanOfKnives","champ:RisingSlash+1"],"picked":"SKIP","floor":27.0},{"not_picked":["champ:StanceDance","champ:Circumvent","champ:FalseCounter"],"picked":"SKIP","floor":29.0},{"not_picked":["champ:EnGarde","champ:BerserkersShout","champ:Encircle"],"picked":"SKIP","floor":30.0},{"not_picked":["champ:SwordThrow","champ:EnchantSword"],"picked":"champ:FocusedDefense","floor":31.0},{"not_picked":["champ:DefensiveStyle","champ:SkillfulDodge+1","champ:FaceSlap+1"],"picked":"SKIP","floor":32.0},{"not_picked":["champ:BringItOn+1","champ:Circumvent","champ:Haymaker+1"],"picked":"SKIP","floor":36},{"not_picked":["champ:AdrenalArmor+1","champ:FlashCut"],"picked":"champ:RapidStrikes","floor":37},{"not_picked":["champ:GutPunch","champ:Shatter"],"picked":"champ:EndlessRage+1","floor":39},{"not_picked":["champ:SetATrap+1","champ:BladeFlurry+1","champ:Backstep"],"picked":"SKIP","floor":42},{"not_picked":["champ:PreemptiveStrike","champ:Duel+1","champ:RecklessLeap+1"],"picked":"SKIP","floor":44}],"player_experience":434594,"relics_obtained":[{"floor":6.0,"key":"CeramicFish"},{"floor":7.0,"key":"Torii"},{"floor":9.0,"key":"MawBank"},{"floor":23.0,"key":"Omamori"},{"floor":24.0,"key":"Pear"},{"floor":26.0,"key":"Letter Opener"},{"floor":31.0,"key":"Nunchaku"},{"floor":41,"key":"champ:DefensiveTrainingManual"},{"floor":44,"key":"Smiling Mask"},{"floor":44,"key":"Kunai"}],"event_choices":[{"damage_healed":0.0,"max_hp_gain":0.0,"max_hp_loss":0.0,"gold_gain":0.0,"event_name":"Scrap Ooze","player_choice":"Success","floor":3.0,"gold_loss":0.0,"damage_taken":7.0,"relics_obtained":["Unceasing Top"]},{"cards_removed":["champ:Defend"],"damage_healed":0,"gold_gain":0,"player_choice":"Removed Skill","damage_taken":0,"max_hp_gain":0,"max_hp_loss":0,"event_name":"Falling","floor":43,"gold_loss":0},{"damage_healed":0,"gold_gain":0,"player_choice":"Fight","damage_taken":0,"max_hp_gain":0,"max_hp_loss":0,"event_name":"Mysterious Sphere","floor":46,"gold_loss":0}],"is_beta":false,"boss_relics":[{"not_picked":["Busted Crown","Coffee Dripper"],"picked":"SacredBark"},{"not_picked":["Snecko Eye","Runic Dome"],"picked":"Black Star"}],"items_purged_floors":[5,30],"is_endless":false,"potions_floor_spawned":[2,6,10,12,23,29,31,32,36,37],"killed_by":"2 Orb Walkers","ascension_level":1}}