{"host":"j9610sde00vfp93k","time":1612512591,"event":{"mods":["AchievementEnabler","BaseMod","Minty Spire (QoL Compilation)","StSLib","SuperFastMode"],"gold_per_floor":[111,286,286,298,136,136,165,181,181,206,206,221,241,267,267,367,367,382,398,10,26,26,26,26,26],"floor_reached":24,"language":"ENG","playtime":906,"items_purged":[],"score":241,"play_id":"3c7dca4d-c399-42f8-b82c-a0ed0dea6ebf","local_time":"20210205160951","is_ascension_mode":false,"campfire_choices":[{"data":"Mayhem","floor":6,"key":"SMITH"},{"data":"Establishment","floor":15,"key":"SMITH"},{"floor":23,"key":"REST"}],"circlet_count":0,"master_deck":["Strike_P","Strike_P","Strike_P","Strike_P","Defend_P","Defend_P","Defend_P","Defend_P","Eruption","Vigilance","Consecrate","Indignation","Mayhem+1","FlurryOfBlows","ReachHeaven","Establishment+1","Prostrate","FlyingSleeves","FlyingSleeves","Prostrate","Crescendo","SandsOfTime","Consecrate","ReachHeaven+1","Shame"],"relics":["PureWater","NeowsBlessing","WingedGreaves","Kunai","Sundial","Strawberry","SlaversCollar","Prayer Wheel","Turnip"],"acts_visited":["Exordium","TheCity"],"potions_floor_usage":[16,16,21,24,24,24,24,24],"damage_taken":[{"damage":0,"enemies":"Cultist","floor":1,"turns":1},{"damage":0,"enemies":"Jaw Worm","floor":4,"turns":1},{"damage":0,"enemies":"Lagavulin","floor":7,"turns":1},{"damage":0,"enemies":"Small Slimes","floor":8,"turns":3},{"damage":11,"enemies":"Gremlin Nob","floor":10,"turns":3},{"damage":0,"enemies":"Exordium Wildlife","floor":12,"turns":3},{"damage":0,"enemies":"Large Slime","floor":13,"turns":3},{"damage":13,"enemies":"3 Sentries","floor":14,"turns":4},{"damage":29,"enemies":"The Guardian","floor":16,"turns":6},{"damage":27,"enemies":"2 Thieves","floor":18,"turns":4},{"damage":21,"enemies":"Spheric Guardian","floor":19,"turns":5},{"damage":13,"enemies":"Snecko","floor":21,"turns":4},{"damage":43,"enemies":"Book of Stabbing","floor":24,"turns":4}],"seed_played":"-4853333583907598108","potions_obtained":[{"floor":1,"key":"SpeedPotion"},{"floor":12,"key":"AttackPotion"},{"floor":13,"key":"CultistPotion"},{"floor":14,"key":"Ambrosia"},{"floor":16,"key":"ColorlessPotion"},{"floor":21,"key":"EntropicBrew"}],"is_trial":false,"path_per_floor":["M","?","?","M","$","R","E","M","T","E","$","M","M","E","R","B",null,"M","M","$","M","?","R","E"],"character_chosen":"WATCHER","items_purchased":["Mayhem","Prayer Wheel","SandsOfTime"],"campfire_rested":1,"item_purchase_floors":[5,20,20],"current_hp_per_floor":[72,72,72,72,72,72,72,72,72,61,61,61,61,55,55,26,79,52,31,31,18,18,41,0,0],"gold":26,"neow_bonus":"THREE_ENEMY_KILL","is_daily":false,"chose_seed":false,"campfire_upgraded":2,"win_rate":0.0,"timestamp":1612512591,"path_taken":["M","?","?","?","$","R","E","M","T","E","$","M","M","E","R","BOSS","M","M","$","?","?","R","E"],"items_purchased_type":["Card","Relic","Card"],"build_version":"2020-12-22","purchased_purges":0,"victory":false,"max_hp_per_floor":[72,72,72,72,72,72,72,72,72,72,72,72,72,79,79,79,79,79,79,79,79,79,79,79,79],"card_choices":[{"not_picked":["Sanctity","Evaluate"],"picked":"Consecrate","floor":1},{"not_picked":["EmptyMind","Swivel"],"picked":"Indignation","floor":4},{"not_picked":["EmptyMind","JustLucky"],"picked":"FlurryOfBlows","floor":7},{"not_picked":["FollowUp","Worship"],"picked":"ReachHeaven","floor":8},{"not_picked":["PathToVictory","BowlingBash"],"picked":"Establishment","floor":10},{"not_picked":["ReachHeaven","Indignation"],"picked":"Prostrate","floor":12},{"not_picked":["MentalFortress","Halt"],"picked":"FlyingSleeves","floor":13},{"not_picked":["ThirdEye","CutThroughFate"],"picked":"FlyingSleeves","floor":14},{"not_picked":["ClearTheMind","CarveReality"],"picked":"Prostrate","floor":18},{"not_picked":["Indignation","FlyingSleeves"],"picked":"Crescendo","floor":19},{"not_picked":["ThirdEye+1","EmptyBody"],"picked":"Consecrate","floor":21},{"not_picked":["BowlingBash","ConjureBlade"],"picked":"ReachHeaven+1","floor":21}],"player_experience":196044,"relics_obtained":[{"floor":7,"key":"WingedGreaves"},{"floor":9,"key":"Kunai"},{"floor":10,"key":"Sundial"},{"floor":14,"key":"Strawberry"}],"event_choices":[{"damage_healed":0,"gold_gain":175,"player_choice":"AGREE","damage_taken":0,"max_hp_gain":0,"max_hp_loss":0,"event_name":"Liars Game","floor":2,"gold_loss":0,"cards_obtained":["Doubt"]},{"cards_removed":["Doubt"],"damage_healed":0,"gold_gain":0,"player_choice":"Forget","damage_taken":0,"max_hp_gain":0,"max_hp_loss":0,"event_name":"Living Wall","floor":3,"gold_loss":0},{"damage_healed":0,"gold_gain":0,"player_choice":"Stole Relic","damage_taken":0,"relics_obtained":["Turnip"],"max_hp_gain":0,"max_hp_loss":0,"event_name":"Addict","floor":22,"gold_loss":0,"cards_obtained":["Shame"]}],"is_beta":false,"boss_relics":[{"not_picked":["Sozu","Busted Crown"],"picked":"SlaversCollar"}],"items_purged_floors":[],"is_endless":false,"potions_floor_spawned":[1,12,13,14,16,21],"killed_by":"Book of Stabbing","ascension_level":0}}