{"host":"pe2q1tocp309rrg9","time":1612512734,"event":{"mods":["2.2 Compatiblity","BaseMod","BetterRewards","Downfall","Ekko","Gremlin Mod","Hermit","Jorbs\u0027s Wanderer Trilogy","Minty Spire (QoL Compilation)","Quick Restart","Rare Cards Sparkle","Replay The Spire","StSLib","The Blue Laboratory","The Construct","The Hierophant","Uncapped"],"gold_per_floor":[119,294,306,323,323,323,349,349,349,349,349,78,78,58,58,58,58],"floor_reached":16,"language":"ENG","playtime":305,"items_purged":[],"score":102,"play_id":"e342c53e-03d7-489f-9a43-501ef00eabcc","local_time":"20210205021214","is_ascension_mode":true,"campfire_choices":[{"floor":6.0,"key":"REST"},{"floor":8,"key":"REST"},{"floor":11,"key":"REST"},{"data":"ReplaySolidLightProjector","floor":13,"key":"SMITH"},{"floor":15,"key":"REST"}],"circlet_count":0,"master_deck":["Strike_B","Strike_B","Strike_B","Strike_B","Defend_B+1","Defend_B+1","Defend_B+1","Defend_B+1","Zap","Dualcast","Sweeping Beam","ReplaySolidLightProjector+1","Double Energy","Conserve Battery","Gash+1","Scrape","Storm","FIFO Queue"],"relics":["Cracked Core","NeowsBlessing","Replay:Bottled Eggs","Blood Vial","Blue Doll","Spirit Poop","Chemical X"],"acts_visited":["Exordium"],"potions_floor_usage":[16],"damage_taken":[{"damage":0.0,"enemies":"Jaw Worm","floor":1.0,"turns":1.0},{"damage":0.0,"enemies":"2 Louse","floor":3.0,"turns":1.0},{"damage":0.0,"enemies":"Cultist","floor":4.0,"turns":1.0},{"damage":65,"enemies":"Gremlin Nob","floor":7,"turns":7},{"damage":18,"enemies":"Exordium Thugs","floor":14,"turns":4},{"damage":68,"enemies":"Slime Boss","floor":16,"turns":10}],"seed_played":"-4032018988672649295","potions_obtained":[{"floor":4.0,"key":"Doom Potion"},{"floor":14,"key":"blueLaboratory:FruitPunch"}],"is_trial":false,"path_per_floor":["M","?","M","M","?","R","E","R","T","?","R","$","R","M","R","B"],"character_chosen":"DEFECT","items_purchased":["Gash+1","Scrape","Chemical X","Storm"],"campfire_rested":4,"item_purchase_floors":[12,12,12,12],"current_hp_per_floor":[75,75,75,75,57,75,10,32,32,32,54,54,54,38,60,0,0],"gold":58,"neow_bonus":"THREE_ENEMY_KILL","is_daily":false,"chose_seed":false,"campfire_upgraded":1,"win_rate":0.0,"timestamp":1612512734,"path_taken":["M","?","M","M","?","R","E","R","T","?","R","$","R","?","R","BOSS"],"items_purchased_type":["Card","Card","Relic","Card"],"build_version":"2020-12-22","purchased_purges":0,"victory":false,"max_hp_per_floor":[75,75,75,75,75,75,75,75,75,75,75,75,75,75,75,77,77],"card_choices":[{"not_picked":["Panic Button","Compile Driver"],"picked":"Sweeping Beam","floor":1.0},{"not_picked":["Go for the Eyes","Steam"],"picked":"ReplaySolidLightProjector","floor":3.0},{"not_picked":["Blizzard","Cold Snap"],"picked":"Double Energy","floor":4.0},{"not_picked":["Stack","Heatsinks"],"picked":"Conserve Battery","floor":7},{"not_picked":["Coolheaded","Mirror Shield"],"picked":"FIFO Queue","floor":14}],"player_experience":702478,"relics_obtained":[{"floor":7,"key":"Blood Vial"},{"floor":9,"key":"Blue Doll"}],"event_choices":[{"damage_healed":0.0,"max_hp_gain":0.0,"max_hp_loss":0.0,"gold_gain":175.0,"event_name":"Liars Game","player_choice":"AGREE","floor":2.0,"gold_loss":0.0,"damage_taken":0.0,"cards_obtained":["Doubt"]},{"damage_healed":0.0,"max_hp_gain":0.0,"max_hp_loss":0.0,"gold_gain":0.0,"event_name":"Scrap Ooze","player_choice":"Success","floor":5.0,"gold_loss":0.0,"damage_taken":18.0,"relics_obtained":["Replay:Bottled Eggs"]},{"cards_removed":["Doubt"],"damage_healed":0,"gold_gain":0,"player_choice":"Offered Curse","damage_taken":0,"relics_obtained":["Spirit Poop"],"max_hp_gain":0,"max_hp_loss":0,"event_name":"Bonfire Elementals","floor":10,"gold_loss":0}],"is_beta":false,"boss_relics":[],"items_purged_floors":[],"is_endless":false,"potions_floor_spawned":[4,14],"killed_by":"Slime Boss","ascension_level":1}}