{"host":"j4g6ia6asvpyu2b0","time":1612485718,"event":{"mods":["BaseMod","Colored Map","Downfall","Minty Spire (QoL Compilation)","Permanent Neow","Quick Restart","Relic Stats","StSLib","Unceasing Turn Reminder"],"gold_per_floor":[99,24,100,100,110,60,132,151,163,176,161,175,25,60,76,174,174,24,35,49,34,50,150,220,70,88,231,261,271,306,319,331,432,432,382,113,129,149,175,202,202,215,225,245,195,220,237,248,261,261,261,261],"floor_reached":50,"language":"ENG","playtime":2685,"items_purged":["Slimebound:Strike_Slimebound"],"score":677,"play_id":"f2db4dcc-5eb3-4a76-bbf3-f52c96f66a9a","local_time":"20210204174158","is_ascension_mode":false,"campfire_choices":[{"floor":1.0,"key":"RECALL"},{"data":"Slimebound:Schlurp","floor":6.0,"key":"SMITH"},{"data":"Slimebound:Prepare","floor":13.0,"key":"SMITH"},{"data":"Slimebound:RallyTheTroops","floor":18.0,"key":"SMITH"},{"data":"Slimebound:RejuvenatingLick","floor":25.0,"key":"SMITH"},{"data":"Slimebound:SlimeBarrage","floor":35,"key":"SMITH"},{"data":"Slimebound:Teamwork","floor":45,"key":"SMITH"}],"circlet_count":0,"master_deck":["Slimebound:Strike_Slimebound","Slimebound:Strike_Slimebound","Slimebound:Tackle","Slimebound:Defend_Slimebound","Slimebound:Defend_Slimebound","Slimebound:Defend_Slimebound","Slimebound:Defend_Slimebound","Slimebound:Split+1","Slimebound:CorrosiveSpit","Slimebound:Schlurp+1","Slimebound:FirmFortitude","Slimebound:Nibble","Slimebound:SplitAcid","Slimebound:Prepare+1","Slimebound:SlimeBarrage+1","Slimebound:SplitBruiser","Slimebound:RallyTheTroops+1","Slimebound:SpikyOuterGoop+1","Slimebound:PressTheAttack+1","Slimebound:RejuvenatingLick+1","Slimebound:SamplingLick+1","Slimebound:GoopSpray+1","Slimebound:MinionMaster","expansioncontent:DashGenerateEvil+1","Slimebound:PressTheAttack","Slimebound:Prepare","Slimebound:Schlurp+1","Slimebound:Teamwork+1","expansioncontent:StudyTheSpire+1","Slimebound:LivingWall+1","Slimebound:PressTheAttack","Slimebound:Nibble+1","Slimebound:LeadByExample+1","Slimebound:LeadByExample+1","Slimebound:TongueLash+1","Slimebound:Gluttony+1","Parasite","Slimebound:SlimeSlap","Slimebound:RainOfGoop+1"],"relics":["Slimebound:AbsorbEndCombat","Slimebound:GreedOozeRelic","Gremlin Horn","downfall:HeartBlessingRed","Boot","Philosopher\u0027s Stone","downfall:HeartBlessingGreen","Sundial","downfall:HeartBlessingBlue","Blood Vial","Kunai","Sozu","Centennial Puzzle","Bird Faced Urn","Bottled Lightning","Mummified Hand"],"acts_visited":["Exordium","TheCity","TheBeyond"],"potions_floor_usage":[33,50],"damage_taken":[{"damage":2.0,"enemies":"2 Louse","floor":5.0,"turns":3.0},{"damage":0.0,"enemies":"Jaw Worm","floor":8.0,"turns":3.0},{"damage":0.0,"enemies":"Cultist","floor":9.0,"turns":3.0},{"damage":3.0,"enemies":"Red Slaver","floor":10.0,"turns":3.0},{"damage":0.0,"enemies":"downfall:FleeingMerchant","floor":11.0,"turns":4.0},{"damage":0.0,"enemies":"Gremlin Gang","floor":12.0,"turns":3.0},{"damage":0.0,"enemies":"3 Sentries","floor":14.0,"turns":3.0},{"damage":5.0,"enemies":"Exordium Thugs","floor":15.0,"turns":3.0},{"damage":22.0,"enemies":"WA_ARCHETYPE_RETAIN","floor":16.0,"turns":6.0},{"damage":0.0,"enemies":"3 Byrds","floor":19.0,"turns":3.0},{"damage":0.0,"enemies":"Spheric Guardian","floor":20.0,"turns":3.0},{"damage":7.0,"enemies":"downfall:FleeingMerchant","floor":21.0,"turns":4.0},{"damage":19.0,"enemies":"Snecko","floor":22.0,"turns":4.0},{"damage":0.0,"enemies":"Sentry and Sphere","floor":26.0,"turns":3.0},{"damage":25.0,"enemies":"downfall:FleeingMerchant","floor":27.0,"turns":3.0},{"damage":20.0,"enemies":"Book of Stabbing","floor":28.0,"turns":4.0},{"damage":0.0,"enemies":"Centurion and Healer","floor":29.0,"turns":4.0},{"damage":0.0,"enemies":"Slavers","floor":30.0,"turns":4.0},{"damage":3.0,"enemies":"Cultist and Chosen","floor":31.0,"turns":3.0},{"damage":8.0,"enemies":"Shelled Parasite and Fungi","floor":32.0,"turns":3.0},{"damage":5,"enemies":"IC_MUSHROOM_ARCHETYPE","floor":33,"turns":5},{"damage":0,"enemies":"3 Darklings","floor":37,"turns":4},{"damage":12,"enemies":"3 Shapes","floor":38,"turns":3},{"damage":9,"enemies":"Nemesis","floor":40,"turns":5},{"damage":0,"enemies":"Sphere and 2 Shapes","floor":42,"turns":3},{"damage":0,"enemies":"Transient","floor":43,"turns":5},{"damage":0,"enemies":"3 Darklings","floor":44,"turns":3},{"damage":15,"enemies":"Giant Head","floor":46,"turns":7},{"damage":0,"enemies":"Writhing Mass","floor":47,"turns":4},{"damage":0,"enemies":"Jaw Worm Horde","floor":48,"turns":3},{"damage":16,"enemies":"Spire Growth","floor":49,"turns":4},{"damage":116,"enemies":"SI_POISON_ARCHETYPE","floor":50,"turns":5}],"seed_played":"8659553373250927611","potions_obtained":[{"floor":8.0,"key":"Strength Potion"},{"floor":9.0,"key":"Fire Potion"},{"floor":12.0,"key":"Fire Potion"},{"floor":14.0,"key":"Fruit Juice"},{"floor":16.0,"key":"Guardian:BlockOnCardUsePotion"},{"floor":20.0,"key":"DuplicationPotion"},{"floor":30.0,"key":"Guardian:BlockOnCardUsePotion"},{"floor":33,"key":"Regen Potion"}],"is_trial":false,"path_per_floor":["R","?","T","?","M","R","T","M","M","M","$","M","R","E","M","B",null,"R","M","M","$","M","?","T","R","M","$","E","M","E","M","M","B",null,"R","$","M","M","T","E","T","M","M","M","R","E","M","M","M","B"],"character_chosen":"SLIMEBOUND","items_purchased":["expansioncontent:DashGenerateEvil+1","Slimebound:PressTheAttack","expansioncontent:StudyTheSpire+1"],"campfire_rested":0,"item_purchase_floors":[27,27,36],"current_hp_per_floor":[65,65,65,65,63,63,63,65,65,65,65,65,65,70,69,53,70,70,70,70,67,53,53,53,63,71,48,34,42,48,51,51,56,80,80,80,80,74,74,75,75,80,80,80,80,65,80,80,70,0,0,0],"gold":261,"neow_bonus":"UPGRADE_CARD","is_daily":false,"chose_seed":false,"campfire_upgraded":6,"win_rate":0.0,"timestamp":1612485718,"path_taken":["R","?","?","?","?","R","T","M","M","M","?","M","R","E","M","BOSS","R","M","M","$","?","?","T","R","M","$","E","M","E","M","M","BOSS","R","$","M","M","?","E","T","M","?","M","R","E","M","M","M","BOSS"],"items_purchased_type":["Card","Card","Card"],"build_version":"2020-12-22","purchased_purges":1,"victory":false,"max_hp_per_floor":[65,65,65,65,65,65,65,65,65,65,65,65,65,70,70,70,70,70,70,70,70,70,70,70,80,80,80,80,80,80,80,80,80,80,80,80,80,80,80,80,80,80,80,80,80,80,80,80,80,80,80,80],"relic_stats":{"Blood Vial":18,"Sozu":4,"Centennial Puzzle":[12],"Gremlin Horn":[25,25],"counters":[32,114],"Sundial":[0],"Mummified Hand":[22],"Bird Faced Urn":[22],"Kunai":[11],"Boot":[19],"obtain_stats":[{"Gremlin Horn":7,"downfall:HeartBlessingRed":13,"downfall:HeartBlessingGreen":18,"Boot":14,"Slimebound:GreedOozeRelic":2,"Blood Vial":28,"Sozu":34,"Centennial Puzzle":39,"Sundial":24,"downfall:HeartBlessingBlue":25,"Mummified Hand":46,"Bird Faced Urn":40,"Philosopher\u0027s Stone":17,"Slimebound:AbsorbEndCombat":0,"Kunai":30,"Bottled Lightning":41},{"Gremlin Horn":1,"downfall:HeartBlessingRed":6,"downfall:HeartBlessingGreen":9,"Boot":7,"Slimebound:GreedOozeRelic":0,"Blood Vial":16,"Sozu":21,"Centennial Puzzle":23,"Sundial":13,"downfall:HeartBlessingBlue":13,"Mummified Hand":28,"Bird Faced Urn":24,"Philosopher\u0027s Stone":9,"Slimebound:AbsorbEndCombat":0,"Kunai":18,"Bottled Lightning":24},{"Gremlin Horn":2,"downfall:HeartBlessingRed":17,"downfall:HeartBlessingGreen":29,"Boot":20,"Slimebound:GreedOozeRelic":0,"Blood Vial":51,"Sozu":69,"Centennial Puzzle":76,"Sundial":42,"downfall:HeartBlessingBlue":42,"Mummified Hand":98,"Bird Faced Urn":81,"Philosopher\u0027s Stone":29,"Slimebound:AbsorbEndCombat":0,"Kunai":58,"Bottled Lightning":81}]},"card_choices":[{"not_picked":["Slimebound:SamplingLick","Slimebound:SplitBruiser"],"picked":"Slimebound:Schlurp","floor":5.0},{"not_picked":["Slimebound:SamplingLick","Slimebound:ForwardTackle"],"picked":"Slimebound:FirmFortitude","floor":8.0},{"not_picked":["Slimebound:Dissolve","Slimebound:SplitMire"],"picked":"Slimebound:Nibble","floor":9.0},{"not_picked":["Slimebound:FinishingTackle","Slimebound:LeechEnergy"],"picked":"Slimebound:SplitAcid","floor":10.0},{"not_picked":["Slimebound:FlameTackle","Slimebound:ComboTackle"],"picked":"Slimebound:Prepare","floor":11.0},{"not_picked":["Slimebound:GrowthPunch","Slimebound:FinishingTackle"],"picked":"Slimebound:SlimeBarrage","floor":12.0},{"not_picked":["Slimebound:FinishingTackle","Slimebound:LeechingTouch","Slimebound:RollThrough"],"picked":"SKIP","floor":14.0},{"not_picked":["Slimebound:SplitAcid","Slimebound:LeechingTouch"],"picked":"Slimebound:SplitBruiser","floor":15.0},{"not_picked":["Slimebound:MassRepurpose","Slimebound:PrepareCrush"],"picked":"Slimebound:RallyTheTroops","floor":16.0},{"not_picked":["Slimebound:GoopSpray","Slimebound:ComboTackle"],"picked":"Slimebound:SpikyOuterGoop+1","floor":19.0},{"not_picked":["Slimebound:SamplingLick","Slimebound:SplitBruiser"],"picked":"Slimebound:PressTheAttack+1","floor":20.0},{"not_picked":["Slimebound:ForwardTackle+1","Slimebound:Prepare"],"picked":"Slimebound:RejuvenatingLick","floor":21.0},{"not_picked":["Slimebound:SplitBruiser","Slimebound:SlimeBarrage+1"],"picked":"Slimebound:SamplingLick+1","floor":22.0},{"not_picked":["Slimebound:Dissolve","Slimebound:LeadByExample"],"picked":"Slimebound:GoopSpray+1","floor":26.0},{"not_picked":["Slimebound:SplitLeeching","Slimebound:LeadByExample"],"picked":"Slimebound:MinionMaster","floor":27.0},{"not_picked":["Slimebound:DisruptingSlam","Slimebound:FinishingTackle+1","Slimebound:MassRepurpose"],"picked":"SKIP","floor":28.0},{"not_picked":["Slimebound:SplitBruiser+1","Slimebound:SplitMire"],"picked":"Slimebound:Prepare","floor":29.0},{"not_picked":["Slimebound:FinishingTackle+1","Slimebound:HauntingLick+1"],"picked":"Slimebound:Schlurp+1","floor":30.0},{"not_picked":["Slimebound:SplitLeeching","Slimebound:GrowthPunch","Slimebound:SamplingLick+1"],"picked":"SKIP","floor":31.0},{"not_picked":["Slimebound:RollThrough","Slimebound:LivingWall","Slimebound:FirmFortitude"],"picked":"SKIP","floor":32.0},{"not_picked":["Slimebound:MinionMaster","Slimebound:PrepareCrush"],"picked":"Slimebound:Teamwork","floor":33},{"not_picked":["Slimebound:RollThrough+1","Slimebound:GoopTackle+1"],"picked":"Slimebound:LivingWall+1","floor":37},{"not_picked":["Slimebound:SplitMire+1","Slimebound:GoopTackle+1"],"picked":"Slimebound:PressTheAttack","floor":38},{"not_picked":["Slimebound:Dissolve","Slimebound:LeechingTouch+1"],"picked":"Slimebound:Nibble+1","floor":40},{"not_picked":["Slimebound:ProtectTheBoss","Slimebound:RainOfGoop"],"picked":"Slimebound:LeadByExample+1","floor":42},{"not_picked":["Slimebound:SplitMire","Slimebound:Chomp"],"picked":"Slimebound:LeadByExample+1","floor":43},{"not_picked":["Slimebound:RollThrough","Slimebound:ForwardTackle+1"],"picked":"Slimebound:TongueLash+1","floor":44},{"not_picked":["Slimebound:Repurpose+1","Slimebound:LeechingTouch"],"picked":"Slimebound:Gluttony+1","floor":46},{"not_picked":["Slimebound:LeechingTouch+1","Slimebound:SlimeBarrage+1"],"picked":"Slimebound:SlimeSlap","floor":47},{"not_picked":["Slimebound:LivingWall","Slimebound:GoopTackle","Slimebound:HauntingLick+1"],"picked":"SKIP","floor":48},{"not_picked":["Slimebound:LevelUp","Slimebound:LeechEnergy"],"picked":"Slimebound:RainOfGoop+1","floor":49}],"player_experience":1150963,"relics_obtained":[{"floor":7.0,"key":"Gremlin Horn"},{"floor":14.0,"key":"Boot"},{"floor":24.0,"key":"Sundial"},{"floor":28.0,"key":"Blood Vial"},{"floor":30.0,"key":"Kunai"},{"floor":39,"key":"Centennial Puzzle"},{"floor":40,"key":"Bird Faced Urn"},{"floor":41,"key":"Bottled Lightning"},{"floor":46,"key":"Mummified Hand"}],"event_choices":[{"damage_healed":0.0,"max_hp_gain":0.0,"max_hp_loss":0.0,"gold_gain":0.0,"event_name":"NoteForYourself","player_choice":"Ignored","floor":4.0,"gold_loss":0.0,"damage_taken":0.0}],"is_beta":false,"boss_relics":[{"not_picked":["Busted Crown","Slimebound:TarBlob"],"picked":"Philosopher\u0027s Stone"},{"not_picked":["Astrolabe","Cursed Key"],"picked":"Sozu"}],"items_purged_floors":[36],"is_endless":false,"potions_floor_spawned":[8,9,12,14,16,20,22,26,30,32,33,40,42,48,49],"killed_by":"SI_POISON_ARCHETYPE","ascension_level":0}}