{"host":"lqbszw1tv2isqkrb","time":1612509888,"event":{"mods":["BaseMod","Hermit","Hubris","Minty Spire (QoL Compilation)","Quick Restart","StSLib","The Animator","The Hierophant"],"gold_per_floor":[116,126,401,416,405,405,423,423,423],"floor_reached":8,"language":"ENG","playtime":284,"items_purged":[],"score":50,"play_id":"187bf4d9-6bef-479f-ade5-f7349ef79cd7","local_time":"20210205022448","is_ascension_mode":false,"campfire_choices":[{"floor":6,"key":"RECALL"}],"circlet_count":0,"master_deck":["hierophant:Strike_Hierophant","hierophant:Strike_Hierophant","hierophant:Strike_Hierophant","hierophant:Strike_Hierophant","hierophant:Punish","hierophant:Defend_Hierophant","hierophant:Defend_Hierophant","hierophant:Defend_Hierophant","hierophant:Defend_Hierophant","hierophant:ChurchCoffers","hierophant:Racketeering","hierophant:Alms","Regret","hierophant:Encroach","hierophant:HammerAndAnvil"],"relics":["hierophant:PropheticMaskRelic","NeowsBlessing"],"acts_visited":["Exordium"],"potions_floor_usage":[8,8],"damage_taken":[{"damage":0,"enemies":"Jaw Worm","floor":1,"turns":1},{"damage":0,"enemies":"Cultist","floor":2,"turns":1},{"damage":3,"enemies":"2 Louse","floor":4,"turns":2},{"damage":20,"enemies":"Looter","floor":5,"turns":3},{"damage":49,"enemies":"Large Slime","floor":7,"turns":10},{"damage":6,"enemies":"Gremlin Nob","floor":8,"turns":1}],"seed_played":"6469752850633059696","potions_obtained":[{"floor":2,"key":"Strength Potion"},{"floor":4,"key":"SpeedPotion"},{"floor":7,"key":"AttackPotion"}],"is_trial":false,"path_per_floor":["M","M","?","M","M","R","M","E"],"character_chosen":"HIEROPHANT","items_purchased":[],"campfire_rested":0,"item_purchase_floors":[],"current_hp_per_floor":[75,75,75,72,52,52,3,0,0],"gold":423,"neow_bonus":"THREE_ENEMY_KILL","is_daily":false,"chose_seed":false,"campfire_upgraded":0,"win_rate":0.0,"timestamp":1612509888,"path_taken":["M","M","?","?","M","R","M","E"],"items_purchased_type":[],"build_version":"2020-12-22","purchased_purges":0,"victory":false,"max_hp_per_floor":[75,75,75,75,75,75,75,75,75],"card_choices":[{"not_picked":["hierophant:Zeal","hierophant:Glossolalia"],"picked":"hierophant:Racketeering","floor":1},{"not_picked":["hierophant:ThreeLashes","hierophant:FaithHealing"],"picked":"hierophant:Alms","floor":2},{"not_picked":["hierophant:Embezzle","hierophant:TollTheBells","hierophant:AuricBeam"],"picked":"SKIP","floor":4},{"not_picked":["hierophant:Repentance","hierophant:Exaltation"],"picked":"hierophant:Encroach","floor":5},{"not_picked":["hierophant:FieryStrike","hierophant:Doubloon"],"picked":"hierophant:HammerAndAnvil","floor":7}],"player_experience":405153,"relics_obtained":[],"event_choices":[{"damage_healed":0,"gold_gain":275,"player_choice":"Desecrate","damage_taken":0,"max_hp_gain":0,"max_hp_loss":0,"event_name":"Golden Shrine","floor":3,"gold_loss":0,"cards_obtained":["Regret"]}],"is_beta":false,"boss_relics":[],"items_purged_floors":[],"is_endless":false,"potions_floor_spawned":[2,4,7],"killed_by":"Gremlin Nob","ascension_level":0}}