{"host":"ml2ro5l6hu6y0pll","time":1612546386,"event":{"mods":["AchievementEnabler","BaseMod","Colored Map","Colored Powertips","Custom Start","Downfall","Googly Eyes","Minty Spire (QoL Compilation)","Quick Restart","Rare Cards Sparkle","Relic Stats","StSLib","everything is the same but u backflip on backflip"],"gold_per_floor":[99,118,133,133,133,161,206,226,245,145,164,164,194,213,232,232,232,232],"floor_reached":16,"language":"ENG","playtime":1240,"items_purged":[],"score":114,"play_id":"54aa1fa4-a5f0-428f-8a26-a911211354ed","local_time":"20210205173306","is_ascension_mode":false,"campfire_choices":[{"floor":1,"key":"RECALL"},{"data":"champ:Taunt","floor":10,"key":"SMITH"},{"data":"champ:FaceSlap","floor":12,"key":"SMITH"}],"circlet_count":0,"master_deck":["champ:Strike","champ:Strike","champ:Strike","champ:Defend","champ:Defend","champ:Defend","champ:Defend","champ:Execute","champ:Taunt+1","champ:GutPunch","champ:Shatter","champ:SkillfulDodge","champ:GladiatorStyle","champ:FlashCut","champ:FaceSlap+1","champ:IronFortress","champ:BringItOn+1","champ:ArenaPreparation+1"],"relics":["champ:ChampionCrown","Ornamental Fan","Lantern","downfall:HeartBlessingRed","Toxic Egg 2"],"acts_visited":["Exordium"],"potions_floor_usage":[6],"damage_taken":[{"damage":20,"enemies":"Jaw Worm","floor":2,"turns":4},{"damage":11,"enemies":"Cultist","floor":3,"turns":3},{"damage":43,"enemies":"3 Sentries","floor":6,"turns":8},{"damage":5,"enemies":"2 Louse","floor":8,"turns":3},{"damage":32,"enemies":"Gremlin Gang","floor":9,"turns":7},{"damage":10,"enemies":"Exordium Wildlife","floor":11,"turns":4},{"damage":24,"enemies":"Lagavulin","floor":13,"turns":5},{"damage":18,"enemies":"Exordium Thugs","floor":14,"turns":5},{"damage":5,"enemies":"2 Fungi Beasts","floor":15,"turns":4},{"damage":74,"enemies":"WA_ARCHETYPE_RETAIN","floor":16,"turns":7}],"seed_played":"1620610931592290664","potions_obtained":[{"floor":2,"key":"Explosive Potion"},{"floor":6,"key":"Guardian:BlockOnCardUsePotion"},{"floor":11,"key":"FearPotion"}],"is_trial":false,"path_per_floor":["R","M","M","?","?","E","T","M","M","R","M","R","E","M","M","B"],"character_chosen":"THE_CHAMP","items_purchased":[],"campfire_rested":0,"item_purchase_floors":[],"current_hp_per_floor":[99,99,98,98,98,85,85,85,78,78,78,78,64,51,51,0,0,0],"gold":232,"neow_bonus":"TEN_PERCENT_HP_BONUS","is_daily":false,"chose_seed":false,"campfire_upgraded":2,"win_rate":0.0,"timestamp":1612546386,"path_taken":["R","M","M","?","?","E","T","M","M","R","M","R","E","?","M","BOSS"],"items_purchased_type":[],"build_version":"2020-12-22","purchased_purges":0,"victory":false,"max_hp_per_floor":[99,99,99,99,99,99,99,99,99,99,99,99,99,99,99,99,99,99],"relic_stats":{"counters":[10,50],"Ornamental Fan":[16],"obtain_stats":[{"Lantern":7,"downfall:HeartBlessingRed":10,"Ornamental Fan":6,"champ:ChampionCrown":0,"Toxic Egg 2":13},{"Lantern":3,"downfall:HeartBlessingRed":5,"Ornamental Fan":3,"champ:ChampionCrown":0,"Toxic Egg 2":7},{"Lantern":15,"downfall:HeartBlessingRed":25,"Ornamental Fan":15,"champ:ChampionCrown":0,"Toxic Egg 2":34}]},"card_choices":[{"not_picked":["champ:Duel","champ:FlashCut"],"picked":"champ:GutPunch","floor":2},{"not_picked":["champ:FocusedDefense","champ:BringItOn","champ:Circumvent"],"picked":"SKIP","floor":3},{"not_picked":["champ:Circumvent","champ:FalseCounter"],"picked":"champ:SkillfulDodge","floor":6},{"not_picked":["champ:Shatter","champ:Haymaker"],"picked":"champ:GladiatorStyle","floor":8},{"not_picked":["champ:Shatter","champ:CrownThrow"],"picked":"champ:FlashCut","floor":9},{"not_picked":["champ:HeavySlash","champ:CalledShot"],"picked":"champ:FaceSlap","floor":11},{"not_picked":["champ:ArenaPreparation+1","champ:ShieldThrow"],"picked":"champ:IronFortress","floor":13},{"not_picked":["champ:TornadoPunch","champ:ShieldSlam+1"],"picked":"champ:BringItOn+1","floor":14},{"not_picked":["champ:StanceDance+1","champ:DefensiveShout+1"],"picked":"champ:ArenaPreparation+1","floor":15}],"player_experience":969278,"relics_obtained":[{"floor":6,"key":"Ornamental Fan"},{"floor":7,"key":"Lantern"},{"floor":13,"key":"Toxic Egg 2"}],"event_choices":[],"is_beta":false,"boss_relics":[],"items_purged_floors":[],"is_endless":false,"potions_floor_spawned":[2,6,11],"killed_by":"WA_ARCHETYPE_RETAIN","ascension_level":0}}