{"host":"d52brwsy6af8zvaq","time":1612493485,"event":{"mods":["AchievementEnabler","BaseMod","Bestiary","Highlight Path","Minty Spire (QoL Compilation)","Quick Restart","Relic Stats","ojb\u0027s Better Paths Mod"],"gold_per_floor":[114,127,137,17,17,17,49,25,51,51,51],"floor_reached":10,"language":"ENG","playtime":300,"items_purged":["Strike_B"],"score":132,"play_id":"fa1a100b-521c-430a-bb3b-a93aa9ab2e07","local_time":"20210204195125","is_ascension_mode":true,"campfire_choices":[{"data":"Loop","floor":6,"key":"SMITH"}],"circlet_count":0,"master_deck":["AscendersBane","Strike_B","Strike_B","Strike_B","Defend_B","Defend_B","Defend_B","Defend_B","Zap","Dualcast","Redo","Undo","Redo","Chill","Loop+1","Hologram","Beam Cell","Compile Driver"],"relics":["Cracked Core","Orichalcum","Vajra"],"acts_visited":["Exordium"],"potions_floor_usage":[],"damage_taken":[{"damage":9.0,"enemies":"Jaw Worm","floor":1.0,"turns":5.0},{"damage":1.0,"enemies":"Cultist","floor":2.0,"turns":3.0},{"damage":4.0,"enemies":"Small Slimes","floor":3.0,"turns":2.0},{"damage":35,"enemies":"3 Sentries","floor":7,"turns":13},{"damage":26,"enemies":"Gremlin Nob","floor":10,"turns":3}],"seed_played":"3399166362879702301","potions_obtained":[{"floor":1.0,"key":"BlessingOfTheForge"},{"floor":2.0,"key":"ColorlessPotion"}],"is_trial":false,"path_per_floor":["M","M","M","$","?","R","E","$","T","E"],"character_chosen":"DEFECT","items_purchased":["Chill","Compile Driver"],"campfire_rested":0,"item_purchase_floors":[4,8],"current_hp_per_floor":[62,61,57,57,57,57,22,22,22,0,0],"gold":51,"neow_bonus":"TEN_PERCENT_HP_BONUS","is_daily":false,"chose_seed":false,"campfire_upgraded":1,"win_rate":0.0,"timestamp":1612493485,"path_taken":["M","M","M","$","?","R","E","$","T","E"],"items_purchased_type":["Card","Card"],"build_version":"2020-12-22","purchased_purges":1,"victory":false,"max_hp_per_floor":[78,78,78,78,78,78,78,78,78,78,78],"relic_stats":{"counters":[5,26],"Orichalcum":[6],"obtain_stats":[{"Vajra":9,"Orichalcum":7,"Cracked Core":0},{"Vajra":4,"Orichalcum":4,"Cracked Core":0},{"Vajra":23,"Orichalcum":23,"Cracked Core":0}]},"card_choices":[{"not_picked":["Steam Power","FTL"],"picked":"Redo","floor":1.0},{"not_picked":["Heatsinks","Scrape"],"picked":"Undo","floor":2.0},{"not_picked":["Conserve Battery","Reprogram"],"picked":"Redo","floor":3.0},{"not_picked":["Rip and Tear","Steam Power"],"picked":"Beam Cell","floor":7}],"player_experience":2142695,"relics_obtained":[{"floor":7,"key":"Orichalcum"},{"floor":9,"key":"Vajra"}],"event_choices":[{"damage_healed":0,"gold_gain":0,"player_choice":"2 cards matched","damage_taken":0,"max_hp_gain":0,"max_hp_loss":0,"event_name":"Match and Keep!","floor":5,"gold_loss":0,"cards_obtained":["Loop","Hologram"]}],"is_beta":false,"boss_relics":[],"items_purged_floors":[4],"is_endless":false,"potions_floor_spawned":[1,2],"killed_by":"Gremlin Nob","ascension_level":20}}