{"host":"3j2m8n0ywf988fwb","time":1612512842,"event":{"mods":["2.2 Compatiblity","AchievementEnabler","Act Like it!","Aspiration","Astrologer","BaseMod","Better Altar","Better Match","Better Note","Better Sensory Stone","Better Skull","Better Third Choice","CCEM2","ChefMod","Colored Map","Colored Powertips","Conspire","Dark Map","Energized Spire","GifTheSpireLib","Halation","Hallownest","Highlight Path","Hubris","Infinite Spire","Jedi Mod","Marisa????????","Marked Mod","Mimic Mod","Minty Spire (QoL Compilation)","Monster B Gone","Random Character Button","Relic Filter Mod","Relic Stats","Reliquary","Replay The Spire","Robot Space Explorer","Shade Mod","Shop Mod","Somnambulant","StS++","StSLib","Stuff the Spire","The Bug Knight","The Elementalist","The Hierophant","The Runesmith","TheBandit","TheFirefly","Unceasing Turn Reminder","Weighted Paths","everything is the same but u backflip on backflip"],"gold_per_floor":[113,133,133,8,8,338,348,380,380,380,412,425,325,95,95,95,95],"floor_reached":16,"language":"ENG","playtime":1410,"items_purged":["Doubt"],"score":122,"play_id":"fa002ed6-8e76-4033-a31d-c05666c89ee4","local_time":"20210205021402","is_ascension_mode":true,"campfire_choices":[{"data":"Strike_MRS","floor":15,"key":"PURGE"}],"circlet_count":0,"master_deck":["Strike_MRS","Strike_MRS","Strike_MRS","Defend_MRS","Defend_MRS","Defend_MRS","Defend_MRS","MasterSpark","UpSweep","StarDustReverie","ShootingEcho","IllusionStar","IllusionStar","conspire:Banana","MysteriousBeam","conspire:SpireCoStock","conspire:SpireCoStock"],"relics":["MiniHakkero","Old Coin","reliquary:SharkskinSheath","reliquary:JackalopeAntler","StuffTheSpire:SapphireSignet","Anchor"],"acts_visited":["Exordium"],"potions_floor_usage":[8],"damage_taken":[{"damage":2,"enemies":"Hallownest:monsterHuskGuard","floor":1,"turns":4},{"damage":14,"enemies":"Hallownest:monsterHuskWarrior","floor":2,"turns":4},{"damage":20,"enemies":"Hallownest:eliteMossKnight","floor":6,"turns":4},{"damage":1,"enemies":"Hallownest:2_MossCreeps","floor":7,"turns":5},{"damage":13,"enemies":"Hallownest:eliteVengeflyKing","floor":8,"turns":3},{"damage":18,"enemies":"Hallownest:eliteCrystalGuardian","floor":11,"turns":5},{"damage":7,"enemies":"Hallownest:Guard_and_Warrior","floor":12,"turns":7},{"damage":23,"enemies":"Hallownest:BossFalseKnight","floor":16,"turns":3}],"seed_played":"-7754920490313702893","potions_obtained":[{"floor":6,"key":"PowerPotion"},{"floor":7,"key":"SkillPotion"},{"floor":11,"key":"jedi:StrikingPotion"},{"floor":12,"key":"Weak Potion"}],"is_trial":false,"path_per_floor":["M","M","?","$","?","E","M","E","T","?","E","M","?","$","R_BF","B"],"character_chosen":"MARISA","items_purchased":["IllusionStar","conspire:Banana","Anchor"],"campfire_rested":0,"item_purchase_floors":[4,4,14],"current_hp_per_floor":[73,59,59,59,59,40,40,28,28,36,19,13,13,13,13,0,0],"gold":95,"neow_bonus":"ONE_RANDOM_RARE_CARD","is_daily":false,"chose_seed":false,"campfire_upgraded":0,"win_rate":0.0,"timestamp":1612512842,"path_taken":["M","M","?","$","?","E","?","E","T","?","E","?","?","?","R_BF","BOSS"],"items_purchased_type":["Card","Card","Relic"],"build_version":"2020-12-22","purchased_purges":1,"victory":false,"max_hp_per_floor":[75,75,75,75,75,76,77,78,78,78,79,80,80,80,80,81,81],"relic_stats":{"counters":[8,35],"obtain_stats":[{"reliquary:JackalopeAntler":9,"StuffTheSpire:SapphireSignet":11,"Anchor":14,"Mummified Hand":11,"Ornamental Fan":12,"MiniHakkero":0,"Old Coin":6,"reliquary:SharkskinSheath":8},{"reliquary:JackalopeAntler":5,"StuffTheSpire:SapphireSignet":6,"Anchor":7,"Mummified Hand":6,"Ornamental Fan":7,"MiniHakkero":0,"Old Coin":3,"reliquary:SharkskinSheath":5},{"reliquary:JackalopeAntler":20,"StuffTheSpire:SapphireSignet":25,"Anchor":32,"Mummified Hand":22,"Ornamental Fan":28,"MiniHakkero":0,"Old Coin":12,"reliquary:SharkskinSheath":20}]},"card_choices":[{"not_picked":["Robbery","IllusionStar"],"picked":"ShootingEcho","floor":1},{"not_picked":["MysteriousBeam","MilkyWay","MachineGunSpark"],"picked":"SKIP","floor":2},{"not_picked":["MilkyWay","Acceleration"],"picked":"MysteriousBeam","floor":6},{"not_picked":["EnergyRecoil","DragonMeteor","Acceleration"],"picked":"SKIP","floor":7},{"not_picked":["CasketOfStar","OneTimeOff","ChargingUp"],"picked":"SKIP","floor":8},{"not_picked":["DarkMatter","DC","IllusionStar"],"picked":"SKIP","floor":11},{"not_picked":["UnstableBomb","MeteoricShower","DC"],"picked":"SKIP","floor":12}],"player_experience":1064986,"relics_obtained":[{"floor":6,"key":"Old Coin"},{"floor":8,"key":"reliquary:SharkskinSheath"},{"floor":9,"key":"reliquary:JackalopeAntler"},{"floor":11,"key":"StuffTheSpire:SapphireSignet"}],"event_choices":[{"damage_healed":0,"gold_gain":0,"player_choice":"Invest 2","damage_taken":0,"max_hp_gain":0,"max_hp_loss":0,"event_name":"conspire:Investor","floor":13,"gold_loss":0}],"is_beta":false,"boss_relics":[],"items_purged_floors":[14],"is_endless":false,"potions_floor_spawned":[6,7,11,12],"killed_by":"Hallownest:BossFalseKnight","ascension_level":1}}