{"host":"u0hb5we0hmj7y3yv","time":1612527129,"event":{"mods":["BaseMod","Colored Powertips","KinomotoSakuraMod(ƒæ÷Æ±æ”£)","Minty Spire (QoL Compilation)","Reimu£®≤©¿ˆ¡È√Œ£©"],"gold_per_floor":[12,27,47,65,82,110,110,110,110,144,144,162,191,210,210,313,313,332,57,68,68,68,99,99,99,124,139,164,72,102,119,119,219,219,239,121,121,136,153,181,206,222,222,237,265,282,314,358,358,358,358,358,49,78,78],"floor_reached":56,"language":"ZHS","playtime":3548,"items_purged":["ClowCardTheSword","ClowCardTheSword"],"score":1793,"play_id":"14780229-3838-4239-916b-1798f594aebb","local_time":"20210205201209","is_ascension_mode":true,"campfire_choices":[{"data":"ClowCardTheArrow","floor":8.0,"key":"SMITH"},{"data":"ClowCardTheMove","floor":11.0,"key":"SMITH"},{"data":"ClowCardTheFlower","floor":15.0,"key":"SMITH"},{"floor":25.0,"key":"REST"},{"data":"ClowCardTheMove","floor":32.0,"key":"SMITH"},{"floor":49.0,"key":"RECALL"},{"data":"ClowCardTheLight","floor":52.0,"key":"SMITH"}],"circlet_count":0,"master_deck":["SakuraCardTheMove+","SakuraCardTheFirey+","SakuraCardTheShield+","ClowCardTheSword","ClowCardTheShield","ClowCardTheShield","ClowCardTheShield","SpellCardSeal","SpellCardRelease","Panache","ClowCardTheSleep","ClowCardTheFlower+1","ClowCardTheArrow+1","ClowCardTheMove+1","ClowCardTheTwin","ClowCardTheLoop","ClowCardTheDash","ClowCardTheMirror","ClowCardTheBubbles","ClowCardTheFly","ClowCardTheDark","ClowCardTheRain","ClowCardTheFloat","ClowCardTheSweet+1","ClowCardTheLight+1","ClowCardTheFly","ClowCardTheWave","ClowCardTheGlow","ClowCardTheLittle+1","ClowCardTheMove+1","ClowCardTheMirror+1","SakuraCardTheHope+","ClowCardTheWave"],"relics":["KSMOD_SealedBook","KSMOD_SealedWand","Pear","Toy Ornithopter","Lantern","Ornamental Fan","The Courier","Runic Dome","Singing Bowl","Anchor","Boot","PreservedInsect","WingedGreaves","Coffee Dripper","KSMOD_TeddyBear","Art of War","Unceasing Top","InkBottle","Orichalcum","Pen Nib","Mastiff:ReiMu"],"acts_visited":["Exordium","TheCity","TheBeyond","TheEnding"],"potions_floor_usage":[55,55,55,55,55],"damage_taken":[{"damage":7.0,"enemies":"Jaw Worm","floor":1.0,"turns":3.0},{"damage":2.0,"enemies":"2 Louse","floor":2.0,"turns":5.0},{"damage":1.0,"enemies":"Small Slimes","floor":3.0,"turns":3.0},{"damage":3.0,"enemies":"Blue Slaver","floor":4.0,"turns":2.0},{"damage":5.0,"enemies":"Exordium Thugs","floor":5.0,"turns":4.0},{"damage":13.0,"enemies":"3 Sentries","floor":6.0,"turns":7.0},{"damage":5.0,"enemies":"Lagavulin","floor":10.0,"turns":7.0},{"damage":0.0,"enemies":"3 Louse","floor":12.0,"turns":2.0},{"damage":2.0,"enemies":"3 Sentries","floor":13.0,"turns":4.0},{"damage":0.0,"enemies":"Large Slime","floor":14.0,"turns":4.0},{"damage":6.0,"enemies":"Hexaghost","floor":16.0,"turns":5.0},{"damage":0.0,"enemies":"3 Byrds","floor":18.0,"turns":3.0},{"damage":0.0,"enemies":"Chosen","floor":20.0,"turns":3.0},{"damage":24.0,"enemies":"Book of Stabbing","floor":23.0,"turns":4.0},{"damage":9.0,"enemies":"Centurion and Healer","floor":27.0,"turns":3.0},{"damage":2.0,"enemies":"Gremlin Leader","floor":28.0,"turns":6.0},{"damage":0.0,"enemies":"Slavers","floor":30.0,"turns":1.0},{"damage":0.0,"enemies":"Shelled Parasite and Fungi","floor":31.0,"turns":3.0},{"damage":3.0,"enemies":"Collector","floor":33.0,"turns":8.0},{"damage":11.0,"enemies":"3 Shapes","floor":35.0,"turns":4.0},{"damage":0.0,"enemies":"Orb Walker","floor":38.0,"turns":3.0},{"damage":22.0,"enemies":"Maw","floor":39.0,"turns":4.0},{"damage":0.0,"enemies":"Nemesis","floor":40.0,"turns":5.0},{"damage":11.0,"enemies":"Giant Head","floor":41.0,"turns":5.0},{"damage":13.0,"enemies":"Writhing Mass","floor":42.0,"turns":4.0},{"damage":13.0,"enemies":"Sphere and 2 Shapes","floor":44.0,"turns":4.0},{"damage":0.0,"enemies":"Nemesis","floor":45.0,"turns":3.0},{"damage":0.0,"enemies":"4 Shapes","floor":46.0,"turns":3.0},{"damage":0.0,"enemies":"Reptomancer","floor":47.0,"turns":2.0},{"damage":0.0,"enemies":"KSMOD_TheNothingMonster","floor":48.0,"turns":2.0},{"damage":21.0,"enemies":"Donu and Deca","floor":50.0,"turns":6.0},{"damage":0,"enemies":"Shield and Spear","floor":54,"turns":3},{"damage":31,"enemies":"The Heart","floor":55,"turns":6}],"seed_played":"4808398419269588932","potions_obtained":[{"floor":2.0,"key":"SpeedPotion"},{"floor":5.0,"key":"Fire Potion"},{"floor":6.0,"key":"EntropicBrew"},{"floor":10.0,"key":"AttackPotion"},{"floor":13.0,"key":"Regen Potion"},{"floor":20.0,"key":"Ancient Potion"},{"floor":27.0,"key":"AttackPotion"},{"floor":28.0,"key":"FearPotion"},{"floor":35.0,"key":"PowerPotion"},{"floor":40.0,"key":"SpeedPotion"},{"floor":41.0,"key":"ZuzhouPotion:ReiMu"},{"floor":47.0,"key":"Regen Potion"}],"is_trial":false,"path_per_floor":["M","M","M","M","M","E","?","R","T","E","R","M","E","M","R","B",null,"M","$","M","?","?","E","?","R","T","M","E","$","E","M","R","B",null,"M","$","?","M","M","E","E","M","T","M","E","M","E","?","R","B",null,"R","$","E","B",null],"character_chosen":"KINOMOTOSAKURA","items_purchased":["ClowCardTheMove","Singing Bowl","ClowCardTheFloat","KSMOD_TeddyBear","ClowCardTheWave","Pen Nib","Swift Potion"],"campfire_rested":1,"item_purchase_floors":[19,19,29,36,53,53,53],"current_hp_per_floor":[63,61,60,57,52,49,31,31,31,26,26,26,29,29,29,37,69,74,74,76,76,76,52,36,62,62,53,58,58,60,60,60,72,86,82,82,93,95,78,83,82,74,74,76,76,78,85,87,87,71,94,94,94,101,100],"gold":78,"neow_bonus":"RANDOM_COLORLESS_2","is_daily":false,"chose_seed":false,"campfire_upgraded":5,"win_rate":0.0,"timestamp":1612527129,"path_taken":["M","M","M","M","M","E","?","R","T","E","R","M","E","M","R","BOSS","M","$","M","?","?","E","?","R","T","M","E","$","E","M","R","BOSS","M","$","?","M","M","E","E","M","T","?","E","M","E","?","R","BOSS","R","$","E","BOSS"],"items_purchased_type":["Card","Relic","Card","Relic","Card","Relic","Potion"],"build_version":"2020-12-22","purchased_purges":2,"victory":true,"max_hp_per_floor":[70,70,70,70,70,80,80,80,80,80,80,80,80,80,80,80,80,80,80,82,82,82,82,87,87,87,87,89,89,91,91,91,91,91,93,93,93,95,95,95,95,95,95,95,95,97,99,101,101,101,101,101,101,103,103],"card_choices":[{"not_picked":["HandOfGreed","Magnetism"],"picked":"Panache","floor":0.0},{"not_picked":["ClowCardTheSilent","ClowCardTheShot"],"picked":"ClowCardTheSleep","floor":1.0},{"not_picked":["ClowCardTheLock","ClowCardTheDream"],"picked":"ClowCardTheFlower","floor":2.0},{"not_picked":["ClowCardTheLibra","ClowCardTheWood"],"picked":"ClowCardTheStorm","floor":3.0},{"not_picked":["ClowCardTheLibra","ClowCardTheIllusion"],"picked":"ClowCardTheArrow","floor":4.0},{"not_picked":["ClowCardTheFreeze","ClowCardTheMist"],"picked":"ClowCardTheIllusion","floor":5.0},{"not_picked":["ClowCardTheSong","ClowCardTheFloat"],"picked":"ClowCardTheMove","floor":6.0},{"not_picked":["ClowCardTheFloat","ClowCardTheStorm"],"picked":"ClowCardTheTwin","floor":10.0},{"not_picked":["ClowCardTheMirror","ClowCardTheErase"],"picked":"ClowCardTheFirey","floor":12.0},{"not_picked":["ClowCardTheShot","ClowCardTheLock","ClowCardTheWood"],"picked":"SKIP","floor":13.0},{"not_picked":["ClowCardThePower","ClowCardTheShadow"],"picked":"ClowCardTheLoop","floor":14.0},{"not_picked":["ClowCardTheDark","ClowCardTheThrough"],"picked":"ClowCardTheDash","floor":16.0},{"not_picked":["ClowCardTheMaze","ClowCardTheLibra"],"picked":"ClowCardTheMirror","floor":18.0},{"not_picked":["ClowCardTheDream+1","ClowCardTheMist","ClowCardTheMaze"],"picked":"Singing Bowl","floor":20.0},{"not_picked":["ClowCardTheMove","ClowCardTheArrow+1"],"picked":"ClowCardTheDark","floor":23.0},{"not_picked":["ClowCardTheVoice","ClowCardTheMaze"],"picked":"ClowCardTheRain","floor":27.0},{"not_picked":["ClowCardTheShot","ClowCardTheJump","ClowCardTheCloud+1"],"picked":"Singing Bowl","floor":28.0},{"not_picked":["ClowCardTheRain","ClowCardTheLibra","ClowCardTheLoop"],"picked":"Singing Bowl","floor":30.0},{"not_picked":["ClowCardTheMirror","ClowCardTheMist"],"picked":"ClowCardTheSweet+1","floor":31.0},{"not_picked":["ClowCardTheThrough","ClowCardTheTwin"],"picked":"ClowCardTheLight","floor":33.0},{"not_picked":["ClowCardTheRain+1","ClowCardTheSleep","ClowCardTheBubbles+1"],"picked":"Singing Bowl","floor":35.0},{"not_picked":["ClowCardTheStorm","ClowCardTheWindy+1","ClowCardTheRain+1"],"picked":"Singing Bowl","floor":38.0},{"not_picked":["ClowCardTheMaze","ClowCardTheArrow"],"picked":"ClowCardTheFly","floor":39.0},{"not_picked":["ClowCardTheDash","ClowCardTheSweet+1"],"picked":"ClowCardTheWave","floor":40.0},{"not_picked":["ClowCardTheReturn","ClowCardTheRain"],"picked":"ClowCardTheGlow","floor":41.0},{"not_picked":["ClowCardTheSong+1","ClowCardTheWindy+1"],"picked":"ClowCardTheLittle+1","floor":42.0},{"not_picked":["ClowCardTheFirey","ClowCardTheMaze+1"],"picked":"ClowCardTheMove+1","floor":44.0},{"not_picked":["ClowCardTheStorm+1","ClowCardTheShot"],"picked":"ClowCardTheMirror+1","floor":45.0},{"not_picked":["ClowCardTheIllusion+1","ClowCardTheLittle+1","ClowCardThePower"],"picked":"Singing Bowl","floor":46.0},{"not_picked":["ClowCardTheErase+1","ClowCardTheStorm","ClowCardTheShot+1"],"picked":"Singing Bowl","floor":47.0},{"not_picked":["ClowCardTheBubbles+1","ClowCardTheEarthy","ClowCardTheWood"],"picked":"Singing Bowl","floor":48.0},{"not_picked":["ClowCardTheSnow","ClowCardTheShadow","ClowCardTheMirror"],"picked":"Singing Bowl","floor":54}],"player_experience":77415,"relics_obtained":[{"floor":6.0,"key":"Pear"},{"floor":9.0,"key":"Lantern"},{"floor":10.0,"key":"Ornamental Fan"},{"floor":13.0,"key":"The Courier"},{"floor":23.0,"key":"Anchor"},{"floor":26.0,"key":"Boot"},{"floor":28.0,"key":"PreservedInsect"},{"floor":30.0,"key":"WingedGreaves"},{"floor":40.0,"key":"Art of War"},{"floor":41.0,"key":"Unceasing Top"},{"floor":45.0,"key":"InkBottle"},{"floor":47.0,"key":"Orichalcum"},{"floor":54,"key":"Mastiff:ReiMu"}],"event_choices":[{"damage_healed":0.0,"max_hp_gain":0.0,"max_hp_loss":0.0,"gold_gain":0.0,"event_name":"Scrap Ooze","player_choice":"Success","floor":7.0,"gold_loss":0.0,"damage_taken":18.0,"relics_obtained":["Toy Ornithopter"]},{"damage_healed":0.0,"max_hp_gain":0.0,"max_hp_loss":0.0,"gold_gain":0.0,"cards_transformed":["ClowCardTheSword","ClowCardTheIllusion"],"event_name":"Drug Dealer","player_choice":"Became Test Subject","floor":22.0,"gold_loss":0.0,"damage_taken":0.0,"cards_obtained":["ClowCardTheBubbles","ClowCardTheFly"]},{"damage_healed":0.0,"max_hp_gain":5.0,"max_hp_loss":0.0,"gold_gain":0.0,"event_name":"Forgotten Altar","player_choice":"Shed Blood","floor":24.0,"gold_loss":0.0,"damage_taken":21.0},{"cards_removed":["ClowCardTheStorm"],"damage_healed":11.0,"max_hp_gain":0.0,"max_hp_loss":0.0,"gold_gain":0.0,"event_name":"Bonfire Elementals","player_choice":"Offered Uncommon","floor":37.0,"gold_loss":0.0,"damage_taken":0.0}],"is_beta":false,"boss_relics":[{"not_picked":["Fusion Hammer","Pandora\u0027s Box"],"picked":"Runic Dome"},{"not_picked":["Snecko Eye","Black Star"],"picked":"Coffee Dripper"}],"items_purged_floors":[29,53],"is_endless":false,"potions_floor_spawned":[2,5,6,10,13,20,27,28,30,31,35,38,40,41,47,54],"ascension_level":5}}