{"host":"e1r14iqujvrv6qpf","time":1612525755,"event":{"mods":["AchievementEnabler","Act Like it!","Aspiration","Bard","BaseMod","BetterRewards","Colored Map","Colored Powertips","Conspire","Downfall","Friendly Minions","Gensokyo","Googly Eyes","Hallownest","Highlight Path","Hubris","KinomotoSakuraMod(木之本樱)","Koishi","KomeijiMod","LagranYue(拉格朗・月)","Lobotomy","Marisa（F雨　魔理沙）","Minty Spire (QoL Compilation)","Quick Restart","Reimu（博丽灵梦）","Remilia（蕾米莉亚）","Replay The Spire","Shop Mod","StSLib","The Administrix","The Animator","The Construct","The Cursed","The Servant 0.9.4","Waifu the Spire","WarShipGirlsR/战舰少女R mod","Youmu（魂魄妖梦）","Yuyuko"],"gold_per_floor":[99,99,99,99,117,152,232,245,245,280,300,315,315,343,369,479,479,479,601,601,623,656,556,579,664,687,716,752,805,805,805,831,954,954,954,987,1013,1046,1081,1081,1105,1105,1137,1194,695,727,727,12,47,69],"floor_reached":51,"language":"ZHS","playtime":4975,"items_purged":["Lonely","CommonCold"],"score":796,"play_id":"7d0f386c-9729-4bf6-a7b3-fb42ed4cd533","local_time":"20210205194915","is_ascension_mode":false,"campfire_choices":[{"data":"Slimebound:Strike_Slimebound","floor":1.0,"key":"PURGE"},{"data":"Slimebound:CorrosiveSpit","floor":9.0,"key":"SMITH"},{"data":"Slimebound:Split","floor":18.0,"key":"SMITH"},{"data":"Slimebound:FinishingTackle","floor":23.0,"key":"SMITH"},{"data":"Slimebound:LeechEnergy","floor":30.0,"key":"SMITH"},{"floor":35.0,"key":"DIG"},{"data":"expansioncontent:InvincibleStrength","floor":47.0,"key":"SMITH"}],"circlet_count":0,"master_deck":["Slimebound:Defend_Slimebound","Slimebound:Defend_Slimebound","Slimebound:Defend_Slimebound","Slimebound:Defend_Slimebound","Slimebound:Split+1","Slimebound:CorrosiveSpit+1","Slimebound:Schlurp","Slimebound:FinishingTackle+1","Slimebound:ComboTackle","Slimebound:SplitLeeching","Slimebound:SplitAcid","Slimebound:SlimeTap","Slimebound:LeechEnergy+1","Slimebound:ComboTackle","Slimebound:Equalize+1","Slimebound:SamplingLick","Slimebound:MassFeed","Slimebound:HauntingLick+1","Slimebound:ItLooksTasty","Slimebound:SamplingLick+1","Slimebound:ComboTackle+1","Slimebound:ComboTackle","Slimebound:ComboTackle+1","Slimebound:Chomp+1","Slimebound:FinishingTackle+1","Slimebound:SamplingLick","Slimebound:GoopTackle+1","Slimebound:LeadByExample+1","Slimebound:LivingWall+1","Slimebound:Gluttony","Slimebound:SamplingLick","Slimebound:SplitMire+1","Slimebound:ComboTackle+1","Slimebound:RollThrough+1","expansioncontent:InvincibleStrength+1","Replay:SS_hec_1","Replay:SS_forest_2","Slimebound:GoopTackle","Slimebound:ComboTackle","Slimebound:Schlurp+1","Slimebound:SpikyOuterGoop","Slimebound:SamplingLick","Slimebound:ProtectTheBoss+1","Slimebound:SamplingLick+1","Slimebound:SlimeTap+1","ReplayTheSpireMod:Private Reserves","Slimebound:HauntingLick+1","Slimebound:SamplingLick"],"relics":["Slimebound:AbsorbEndCombat","LagranYue:RandomDrawCardRelic","downfall:HeartsMalice","Sundial","hubris:Reverence","conspire:DeflatedDodgeball","Replay:Bandana","Cursed Key","Prayer Wheel","Onion Ring","aspiration:RitualStick","downfall:HeartBlessingGreen","Bronze Scales","Eternal Feather","Astrolabe","Oddly Smooth Stone","Replay:Baseball","MawBank","BargainBundle","InkBottle","hubris:GlazedTorus","ClockworkSouvenir","Replay:Kaleidoscope"],"acts_visited":["Exordium","TheCity","TheBeyond"],"potions_floor_usage":[50,50,50],"damage_taken":[{"damage":0.0,"enemies":"Cultist","floor":2.0,"turns":1.0},{"damage":0.0,"enemies":"Jaw Worm","floor":3.0,"turns":1.0},{"damage":0.0,"enemies":"2 Louse","floor":4.0,"turns":1.0},{"damage":6.0,"enemies":"Blue Slaver","floor":5.0,"turns":3.0},{"damage":38.0,"enemies":"Lagavulin","floor":6.0,"turns":6.0},{"damage":5.0,"enemies":"3 Louse","floor":8.0,"turns":3.0},{"damage":8.0,"enemies":"3 Sentries","floor":10.0,"turns":5.0},{"damage":0.0,"enemies":"2 Fungi Beasts","floor":11.0,"turns":2.0},{"damage":0.0,"enemies":"Lots of Slimes","floor":12.0,"turns":2.0},{"damage":6.0,"enemies":"Gremlin Nob","floor":14.0,"turns":2.0},{"damage":0.0,"enemies":"Blue Slaver","floor":15.0,"turns":2.0},{"damage":27.0,"enemies":"WA_ARCHETYPE_RETAIN","floor":16.0,"turns":5.0},{"damage":23.0,"enemies":"IC_STATUS_ARCHETYPE","floor":19.0,"turns":3.0},{"damage":1.0,"enemies":"Shell Parasite","floor":21.0,"turns":3.0},{"damage":5.0,"enemies":"3 Byrds","floor":22.0,"turns":4.0},{"damage":9.0,"enemies":"Snake Plant","floor":26.0,"turns":2.0},{"damage":13.0,"enemies":"Centurion and Healer","floor":27.0,"turns":3.0},{"damage":9.0,"enemies":"3 Cultists","floor":28.0,"turns":3.0},{"damage":15.0,"enemies":"Slavers","floor":29.0,"turns":3.0},{"damage":0.0,"enemies":"Shelled Parasite and Fungi","floor":32.0,"turns":1.0},{"damage":19.0,"enemies":"SI_MIRROR_ARCHETYPE","floor":33.0,"turns":3.0},{"damage":18.0,"enemies":"3 Darklings","floor":36.0,"turns":2.0},{"damage":6.0,"enemies":"Orb Walker","floor":37.0,"turns":2.0},{"damage":6.0,"enemies":"Writhing Mass","floor":38.0,"turns":1.0},{"damage":12.0,"enemies":"Sphere and 2 Shapes","floor":39.0,"turns":3.0},{"damage":8.0,"enemies":"Spire Growth","floor":43.0,"turns":3.0},{"damage":16.0,"enemies":"R_Hoarder","floor":44.0,"turns":4.0},{"damage":16.0,"enemies":"downfall:FleeingMerchant","floor":45.0,"turns":4.0},{"damage":9.0,"enemies":"Transient","floor":46.0,"turns":5.0},{"damage":6.0,"enemies":"downfall:FleeingMerchant","floor":48.0,"turns":3.0},{"damage":13.0,"enemies":"Maw","floor":49.0,"turns":3.0},{"damage":26,"enemies":"DF_ARCHETYPE_ORBS","floor":50,"turns":6}],"seed_played":"-8447050942310709442","potions_obtained":[{"floor":5.0,"key":"bronze:BurnAndBuffPotion"},{"floor":8.0,"key":"ZuzhouPotion:ReiMu"},{"floor":10.0,"key":"ColorlessPotion"},{"floor":11.0,"key":"Energy Potion"},{"floor":14.0,"key":"EssenceOfSteel"},{"floor":16.0,"key":"SpeedPotion"},{"floor":19.0,"key":"Milkshake"},{"floor":28.0,"key":"LifebloodPotion"},{"floor":31.0,"key":"downfall:CursedFountainPotion"},{"floor":37.0,"key":"ColorlessPotion"},{"floor":39.0,"key":"Block Potion"},{"floor":44.0,"key":"Fire Potion"},{"floor":46.0,"key":"Cursed Concoction"}],"is_trial":false,"path_per_floor":["R_BF","M","M","M","M","E","T","M","R","E","M","M","?","E","M","B",null,"R_BF","?","?","M","M","R","T","?","M","M","M","E","R","?","M","B",null,"R_BF","M","M","M","M","?","T","?","M","E","$","M","R","$","M","B",null],"character_chosen":"SLIMEBOUND","items_purchased":["Slimebound:SpikyOuterGoop","BargainBundle","Weak Potion","Slimebound:SamplingLick","InkBottle","ReplayTheSpireMod:Private Reserves","hubris:GlazedTorus","ClockworkSouvenir","Replay:Kaleidoscope","Venom Potion"],"campfire_rested":0,"item_purchase_floors":[45,45,45,45,45,48,48,48,48,48],"current_hp_per_floor":[65,65,65,65,62,32,32,33,33,33,39,45,45,55,65,48,65,65,53,39,56,62,62,62,50,59,54,65,65,80,80,80,73,80,80,68,71,71,63,53,53,53,53,51,43,54,81,77,72,63],"gold":69,"neow_bonus":"THREE_ENEMY_KILL","is_daily":false,"chose_seed":false,"campfire_upgraded":5,"win_rate":0.0,"timestamp":1612525755,"path_taken":["R_BF","M","M","?","M","E","T","M","R","E","M","M","?","E","M","BOSS","R_BF","?","?","M","M","R","T","?","M","M","M","E","R","?","M","BOSS","R_BF","M","M","M","?","?","T","?","?","E","$","M","R","?","M","BOSS"],"items_purchased_type":["Card","Relic","Potion","Card","Relic","Card","Relic","Relic","Relic","Potion"],"build_version":"2020-12-22","purchased_purges":2,"victory":true,"max_hp_per_floor":[65,65,65,65,65,65,65,65,65,65,65,65,65,65,65,65,65,65,68,68,68,71,71,71,71,71,71,77,80,80,80,80,80,80,80,80,83,83,83,83,83,83,83,83,83,83,83,83,83,86],"card_choices":[{"not_picked":["Slimebound:PressTheAttack","Slimebound:FinishingTackle"],"picked":"Slimebound:ItLooksTasty","floor":2.0},{"not_picked":["Slimebound:PressTheAttack","Slimebound:FormOfPuddle"],"picked":"Slimebound:Schlurp","floor":3.0},{"not_picked":["Slimebound:LeechingTouch","Slimebound:MegaLick"],"picked":"Slimebound:FinishingTackle","floor":4.0},{"not_picked":["Slimebound:SplitAcid","Slimebound:RejuvenatingLick"],"picked":"Slimebound:ComboTackle","floor":5.0},{"not_picked":["Slimebound:SlimeBarrage","Slimebound:SamplingLick"],"picked":"Slimebound:SplitLeeching","floor":6.0},{"not_picked":["Slimebound:SlimeSpikes","Slimebound:Prepare"],"picked":"Slimebound:SplitAcid","floor":8.0},{"not_picked":["Slimebound:DouseInSlime","Slimebound:AcidTongue"],"picked":"Slimebound:SlimeTap","floor":10.0},{"not_picked":["Slimebound:DisruptingSlam","Slimebound:LivingWall"],"picked":"Slimebound:LeechEnergy","floor":11.0},{"not_picked":["Slimebound:SplitBruiser","Slimebound:SplitLeeching"],"picked":"Slimebound:ComboTackle","floor":12.0},{"not_picked":["Slimebound:FinishingTackle","Slimebound:DouseInSlime"],"picked":"Slimebound:SamplingLick","floor":14.0},{"not_picked":["Slimebound:PressTheAttack","Slimebound:LeechEnergy","Slimebound:SlimeTap"],"picked":"SKIP","floor":15.0},{"not_picked":["Slimebound:SlimeSlap","Slimebound:FirmFortitude"],"picked":"Slimebound:MassFeed","floor":16.0},{"not_picked":["Slimebound:SlimeBarrage+1","Slimebound:LivingWall"],"picked":"Slimebound:HauntingLick+1","floor":19.0},{"not_picked":["Slimebound:GoopTackle","Slimebound:Nibble"],"picked":"Slimebound:ItLooksTasty","floor":21.0},{"not_picked":["Slimebound:FinishingTackle","Slimebound:TongueLash","Slimebound:ServeAndProtect"],"picked":"SKIP","floor":21.0},{"not_picked":["Slimebound:SplitMire+1","Slimebound:LevelUp"],"picked":"Slimebound:SamplingLick+1","floor":22.0},{"not_picked":["Slimebound:LeechingTouch","Slimebound:LeechEnergy","Slimebound:ServeAndProtect"],"picked":"SKIP","floor":22.0},{"not_picked":["Slimebound:RejuvenatingLick","Slimebound:TongueLash+1"],"picked":"Slimebound:ComboTackle+1","floor":26.0},{"not_picked":["Slimebound:FinishingTackle","Slimebound:TongueLash"],"picked":"Slimebound:ComboTackle","floor":26.0},{"not_picked":["Slimebound:Repurpose","Slimebound:Equalize"],"picked":"Slimebound:ComboTackle+1","floor":27.0},{"not_picked":["Slimebound:LeechEnergy","Slimebound:Prepare"],"picked":"Slimebound:Chomp+1","floor":27.0},{"not_picked":["Slimebound:PressTheAttack+1","Slimebound:SamplingLick"],"picked":"Slimebound:FinishingTackle+1","floor":28.0},{"not_picked":["Slimebound:Schlurp","Slimebound:LeechEnergy","Slimebound:FlameTackle"],"picked":"SKIP","floor":28.0},{"not_picked":["Slimebound:Schlurp","Slimebound:PrepareCrush"],"picked":"Slimebound:SamplingLick","floor":29.0},{"not_picked":["Slimebound:SlimeSpikes+1","Slimebound:DivideAndConquer"],"picked":"Slimebound:GoopTackle+1","floor":32.0},{"not_picked":["Slimebound:Repurpose","Slimebound:SplitLeeching","Slimebound:SamplingLick"],"picked":"SKIP","floor":32.0},{"not_picked":["Slimebound:DisruptingSlam","Slimebound:FinishingTackle"],"picked":"Slimebound:Gluttony","floor":36.0},{"not_picked":["Slimebound:DivideAndConquer","Slimebound:Repurpose","Slimebound:LeechEnergy"],"picked":"SKIP","floor":36.0},{"not_picked":["Slimebound:FinishingTackle+1","Slimebound:Prepare","Slimebound:ServeAndProtect+1"],"picked":"SKIP","floor":37.0},{"not_picked":["Slimebound:DisruptingSlam+1","Slimebound:SlimeBrawl","Slimebound:SplitBruiser"],"picked":"SKIP","floor":37.0},{"not_picked":["Slimebound:WasteNot","Slimebound:AcidTongue"],"picked":"Slimebound:SamplingLick","floor":38.0},{"not_picked":["Slimebound:ItLooksTasty","Slimebound:Chomp"],"picked":"Slimebound:SplitMire+1","floor":38.0},{"not_picked":["Slimebound:HauntingLick","Slimebound:SlimeBrawl"],"picked":"Slimebound:ComboTackle+1","floor":39.0},{"not_picked":["Slimebound:GrowthPunch+1","Slimebound:SlimeSpikes+1"],"picked":"Slimebound:RollThrough+1","floor":39.0},{"not_picked":["expansioncontent:PolyBeam","expansioncontent:Hexaburn"],"picked":"expansioncontent:InvincibleStrength","floor":40.0},{"not_picked":["expansioncontent:YouAreMine","expansioncontent:HyperBeam"],"picked":"Replay:SS_hec_1","floor":40.0},{"not_picked":["expansioncontent:HyperBeam","expansioncontent:GuardianWhirl"],"picked":"Replay:SS_forest_2","floor":40.0},{"not_picked":["Slimebound:Schlurp","Slimebound:ItLooksTasty+1"],"picked":"Slimebound:ComboTackle","floor":43.0},{"not_picked":["Slimebound:SplitLeeching","Slimebound:Schlurp","Slimebound:WasteNot"],"picked":"SKIP","floor":43.0},{"not_picked":["Slimebound:SplitLeeching","Slimebound:FinishingTackle+1","Slimebound:GoopSpray"],"picked":"SKIP","floor":44.0},{"not_picked":["Slimebound:SlimeSpikes+1","Slimebound:Equalize+1"],"picked":"Slimebound:Schlurp+1","floor":45.0},{"not_picked":["Slimebound:DivideAndConquer","Slimebound:RollThrough"],"picked":"Slimebound:ProtectTheBoss+1","floor":46.0},{"not_picked":["Slimebound:MegaLick","Slimebound:GrowthPunch"],"picked":"Slimebound:SamplingLick+1","floor":46.0},{"not_picked":["Slimebound:ItLooksTasty+1","Slimebound:SlimeBarrage+1"],"picked":"Slimebound:SlimeTap+1","floor":48.0},{"not_picked":["Slimebound:CheckThePlaybook","Slimebound:ItLooksTasty+1"],"picked":"Slimebound:HauntingLick+1","floor":49.0},{"not_picked":["Slimebound:SplitAcid","Slimebound:LivingWall+1"],"picked":"Slimebound:SamplingLick","floor":49.0}],"player_experience":264854,"relics_obtained":[{"floor":6.0,"key":"Sundial"},{"floor":7.0,"key":"hubris:Reverence"},{"floor":10.0,"key":"conspire:DeflatedDodgeball"},{"floor":14.0,"key":"Replay:Bandana"},{"floor":19.0,"key":"Prayer Wheel"},{"floor":19.0,"key":"Onion Ring"},{"floor":24.0,"key":"Bronze Scales"},{"floor":29.0,"key":"Eternal Feather"},{"floor":35.0,"key":"Oddly Smooth Stone"},{"floor":41.0,"key":"Replay:Baseball"},{"floor":44.0,"key":"MawBank"}],"event_choices":[],"is_beta":false,"boss_relics":[{"not_picked":["Pandora\u0027s Box","aspiration:BardSkillbook"],"picked":"Cursed Key"},{"not_picked":["LagranYue:SoulBurningRelic","conspire:SeveredTorchhead"],"picked":"Astrolabe"}],"items_purged_floors":[45,48],"is_endless":false,"potions_floor_spawned":[5,8,10,11,14,16,19,27,28,37,39,44,46],"ascension_level":0}}