{"host":"o26sfx8ce29lcfco","time":1612549962,"event":{"mods":["2.2 Compatiblity","AchievementEnabler","Bard","BaseMod","Colored Map","Dark Map","Downfall","GifTheSpireLib","Hermit","Hubris","Jorbs\u0027s Wanderer Trilogy","Marisa????????","Minty Spire (QoL Compilation)","Permanent Neow","Quick Restart","Random Character Mod","Rare Cards Sparkle","Replay The Spire","Shop Mod","Spire Arcade","StSLib","The Bug Knight","The Disciple","The Jungle","The Poker Player","The Runesmith","The Servant 0.9.4"],"gold_per_floor":[115,135,135,150,163,163,198,198,198,198,198,210,221,248,74,108,108,208,208,196,196,196,208,208,208,223,257,257,272,272,272,272,303,317,46,46,147,147,165,165,217,235,245,245,257,257,257,283,297,309,309,326,326,326,326],"floor_reached":54,"language":"ENG","playtime":6427,"items_purged":["hermit:Strike_Hermit"],"score":686,"play_id":"5b7bf032-cc26-4e1c-bcae-bbc784c7d359","local_time":"20210205183242","is_ascension_mode":true,"campfire_choices":[{"data":"hermit:Quickdraw","floor":6.0,"key":"SMITH"},{"data":"hermit:Dive","floor":8.0,"key":"SMITH"},{"floor":17.0,"key":"DIG"},{"data":"hermit:TakeAim","floor":28.0,"key":"SMITH"},{"data":"hermit:CalledShot","floor":32.0,"key":"SMITH"},{"data":"hermit:FlashPowder","floor":36.0,"key":"SMITH"},{"data":"hermit:FlashPowder","floor":44.0,"key":"SMITH"},{"data":"hermit:CalledShot","floor":46,"key":"SMITH"},{"data":"stsjorbsmod:Trouble","floor":51,"key":"SMITH"},{"floor":53,"key":"RECALL"}],"circlet_count":0,"master_deck":["hermit:Strike_Hermit+1","hermit:Strike_Hermit","hermit:Strike_Hermit","hermit:Defend_Hermit","hermit:Defend_Hermit","hermit:Defend_Hermit","hermit:Defend_Hermit","hermit:Snapshot+1","hermit:Covet+1","hermit:Quickdraw+1","hermit:Dive+1","hermit:GhostlyPresence","hermit:TrackingShot","hermit:Cheat","hermit:TakeAim+1","hermit:Malice+1","Master of Strategy+1","hermit:CalledShot+1","hermit:CalledShot+1","hermit:RoundhouseKick+1","hermit:Dive+1","Ghostly","Ghostly","Ghostly","Ghostly","Ghostly","stsjorbsmod:Trouble+1","hermit:Determination+1","hermit:Desperado","hermit:HeroicBravado","hermit:BodyArmor","hermit:FlashPowder+1","Poisoned Strike+1","hermit:HeroicBravado","hermit:FlashPowder+1","hermit:SprayPray+1","hermit:HoleUp","Decay","hermit:RoundhouseKick","hermit:Dive+1"],"relics":["hermit:Momento","Strawberry","Blue Doll","hubris:MedicalManual","Toy Ornithopter","Coffee Dripper","Lizard Tail","Mercury Hourglass","Whetstone","Guide Book","Cursed Key","Ring of Fury","Gambling Chip","Replay:Bottled Eggs","Dream Catcher"],"acts_visited":["Exordium","TheCity","TheBeyond"],"potions_floor_usage":[54,54,54],"damage_taken":[{"damage":2.0,"enemies":"Jaw Worm","floor":1.0,"turns":4.0},{"damage":0.0,"enemies":"Cultist","floor":2.0,"turns":4.0},{"damage":0.0,"enemies":"2 Louse","floor":4.0,"turns":2.0},{"damage":15.0,"enemies":"Exordium Thugs","floor":5.0,"turns":6.0},{"damage":11.0,"enemies":"HollowMod:MossKnight","floor":7.0,"turns":12.0},{"damage":11.0,"enemies":"Large Slime","floor":12.0,"turns":6.0},{"damage":4.0,"enemies":"Looter","floor":13.0,"turns":4.0},{"damage":9.0,"enemies":"Lagavulin","floor":14.0,"turns":8.0},{"damage":1.0,"enemies":"HollowMod:MossKnight","floor":16.0,"turns":22.0},{"damage":0.0,"enemies":"Fading Forest","floor":18.0,"turns":11.0},{"damage":18.0,"enemies":"2 Thieves","floor":20.0,"turns":5.0},{"damage":0.0,"enemies":"Shell Parasite","floor":23.0,"turns":9.0},{"damage":6.0,"enemies":"Sentry and Sphere","floor":26.0,"turns":8.0},{"damage":24.0,"enemies":"Slavers","floor":27.0,"turns":8.0},{"damage":9.0,"enemies":"Cultist and Chosen","floor":29.0,"turns":7.0},{"damage":1.0,"enemies":"Replay:Snechameleon","floor":33.0,"turns":7.0},{"damage":0.0,"enemies":"Snake Plant","floor":34.0,"turns":5.0},{"damage":53.0,"enemies":"hubris:MusketHawk","floor":37.0,"turns":9.0},{"damage":0.0,"enemies":"3 Shapes","floor":39.0,"turns":5.0},{"damage":18.0,"enemies":"2 Orb Walkers","floor":41.0,"turns":8.0},{"damage":8.0,"enemies":"3 Darklings","floor":42.0,"turns":5.0},{"damage":0.0,"enemies":"Jaw Worm Horde","floor":43.0,"turns":5.0},{"damage":0,"enemies":"Spire Growth","floor":45,"turns":5},{"damage":12,"enemies":"Giant Head","floor":48,"turns":9},{"damage":1,"enemies":"Transient","floor":49,"turns":5},{"damage":0,"enemies":"Maw","floor":50,"turns":8},{"damage":0,"enemies":"Sphere and 2 Shapes","floor":52,"turns":6},{"damage":33,"enemies":"Time Eater","floor":54,"turns":8}],"seed_played":"335764835671560437","potions_obtained":[{"floor":1.0,"key":"AttackPotion"},{"floor":5.0,"key":"Swift Potion"},{"floor":14.0,"key":"Dexterity Potion"},{"floor":16.0,"key":"Adrenaline Potion"},{"floor":18.0,"key":"Swift Potion"},{"floor":26.0,"key":"Fire Potion"},{"floor":33.0,"key":"Explosive Potion"},{"floor":37.0,"key":"SpeedPotion"},{"floor":43.0,"key":"Fire Potion"},{"floor":45,"key":"PowerPotion"},{"floor":48,"key":"hexamod:SoulburnPotion"},{"floor":49,"key":"FearPotion"}],"is_trial":false,"path_per_floor":["M","M","?","M","M","R","E","R","PTL","PTL","T","M","M","E","$","E","R_BF","B",null,"M","?","?","M","PTL","PTL","M","E","R","M","T","?","R","E","M","$","R","B",null,"M","?","?","M","M","R","M","R","T","E","M","M","R","M","R","B"],"character_chosen":"HERMIT","items_purchased":["Master of Strategy","hermit:CalledShot","Guide Book","Poisoned Strike+1"],"campfire_rested":0,"item_purchase_floors":[15,15,35,35],"current_hp_per_floor":[73,73,73,73,58,58,54,54,54,54,54,43,39,30,30,29,29,44,82,69,41,41,41,41,41,35,21,21,12,12,12,12,11,11,11,11,16,41,41,41,28,25,25,25,25,25,25,13,12,12,12,12,12,0,0],"gold":326,"neow_bonus":"UPGRADE_CARD","is_daily":false,"chose_seed":false,"campfire_upgraded":8,"win_rate":0.0,"timestamp":1612549962,"path_taken":["M","M","?","M","M","R","E","R","PTL","PTL","T","M","?","E","?","E","R_BF","BOSS","M","?","?","?","PTL","PTL","M","E","R","M","T","?","R","E","M","$","R","BOSS","M","?","?","M","M","R","M","R","T","E","M","M","R","M","R","BOSS"],"items_purchased_type":["Card","Card","Relic","Card"],"build_version":"2020-12-22","purchased_purges":1,"victory":false,"max_hp_per_floor":[75,75,75,75,75,75,82,82,82,82,82,82,82,82,82,82,82,82,82,82,41,41,41,41,41,41,41,41,41,41,41,41,41,41,41,41,41,41,41,41,41,41,41,41,41,41,41,41,41,41,41,41,41,41,41],"card_choices":[{"not_picked":["hermit:GoldenBullet","hermit:Headshot"],"picked":"hermit:Quickdraw","floor":1.0},{"not_picked":["hermit:Shortfuse","hermit:HoleUp"],"picked":"hermit:Dive","floor":2.0},{"not_picked":["hermit:Headshot","hermit:OverwhelmingPower"],"picked":"hermit:GhostlyPresence","floor":4.0},{"not_picked":["hermit:Determination","hermit:HoleUp"],"picked":"hermit:TrackingShot","floor":5.0},{"not_picked":["hermit:Virtue","hermit:Desperado"],"picked":"hermit:Cheat","floor":7.0},{"not_picked":["hermit:Scavenge","hermit:Dive"],"picked":"hermit:TakeAim","floor":12.0},{"not_picked":["hermit:Snipe","hermit:Midnight"],"picked":"hermit:Malice","floor":13.0},{"not_picked":["hermit:Spite","hermit:OverwhelmingPower","hermit:Feint"],"picked":"SKIP","floor":14.0},{"not_picked":["hermit:Gestalt","hermit:Headshot","hermit:CalledShot"],"picked":"SKIP","floor":16.0},{"not_picked":["hermit:DeadOrAlive","hermit:Reprieve"],"picked":"hermit:RoundhouseKick","floor":18.0},{"not_picked":["hermit:Brawl","hermit:Manifest"],"picked":"hermit:Dive+1","floor":20.0},{"not_picked":["hermit:Horror","hermit:Cheat"],"picked":"hermit:Determination+1","floor":23.0},{"not_picked":["hermit:FullyLoaded","hermit:Snipe+1"],"picked":"hermit:Desperado","floor":26.0},{"not_picked":["hermit:WideOpen+1","hermit:Misfire"],"picked":"hermit:HeroicBravado","floor":27.0},{"not_picked":["hermit:ItchyTrigger","hermit:Snipe","hermit:Quickdraw"],"picked":"SKIP","floor":29.0},{"not_picked":["hermit:Misfire","hermit:FullyLoaded"],"picked":"hermit:BodyArmor","floor":33.0},{"not_picked":["hermit:EternalForm","hermit:TrackingShot"],"picked":"hermit:FlashPowder","floor":34.0},{"not_picked":["hermit:DeadOrAlive","hermit:HighNoon"],"picked":"hermit:HeroicBravado","floor":37.0},{"not_picked":["hermit:TrackingShot+1","hermit:HighCaliber+1"],"picked":"hermit:FlashPowder","floor":39.0},{"not_picked":["hermit:Showdown+1","hermit:Desperado"],"picked":"hermit:SprayPray+1","floor":42.0},{"not_picked":["hermit:TrackingShot+1","hermit:NoHoldsBarred+1","hermit:Dive"],"picked":"SKIP","floor":43.0},{"not_picked":["hermit:Midnight","hermit:Ricochet"],"picked":"hermit:HoleUp","floor":45},{"not_picked":["hermit:HighCaliber","hermit:ShadowCloak"],"picked":"hermit:RoundhouseKick","floor":48},{"not_picked":["hermit:Roulette+1","hermit:Midnight+1","hermit:Feint+1"],"picked":"SKIP","floor":49},{"not_picked":["hermit:GoldenBullet","hermit:Quickdraw"],"picked":"hermit:Dive+1","floor":50},{"not_picked":["hermit:Maintenance","hermit:Feint+1","hermit:Ricochet"],"picked":"SKIP","floor":52}],"player_experience":344905,"relics_obtained":[{"floor":7.0,"key":"Strawberry"},{"floor":14.0,"key":"Blue Doll"},{"floor":16.0,"key":"hubris:MedicalManual"},{"floor":17.0,"key":"Toy Ornithopter"},{"floor":27.0,"key":"Lizard Tail"},{"floor":30.0,"key":"Mercury Hourglass"},{"floor":33.0,"key":"Whetstone"},{"floor":40.0,"key":"Ring of Fury"},{"floor":41.0,"key":"Gambling Chip"},{"floor":47,"key":"Replay:Bottled Eggs"},{"floor":48,"key":"Dream Catcher"}],"event_choices":[{"damage_healed":0.0,"max_hp_gain":0.0,"max_hp_loss":0.0,"gold_gain":0.0,"event_name":"WeMeetAgain","player_choice":"Ignored","floor":3.0,"gold_loss":0.0,"damage_taken":0.0},{"damage_healed":0.0,"max_hp_gain":0.0,"max_hp_loss":41.0,"gold_gain":0.0,"event_name":"Ghosts","player_choice":"Became a Ghost","floor":21.0,"gold_loss":0.0,"damage_taken":0.0,"cards_obtained":["Ghostly","Ghostly","Ghostly","Ghostly","Ghostly"]},{"damage_healed":0.0,"max_hp_gain":0.0,"max_hp_loss":0.0,"gold_gain":0.0,"event_name":"The Library","player_choice":"Read","floor":22.0,"gold_loss":0.0,"damage_taken":0.0,"cards_obtained":["stsjorbsmod:Trouble"]},{"damage_healed":0.0,"max_hp_gain":0.0,"max_hp_loss":0.0,"gold_gain":0.0,"event_name":"Mysterious Sphere","player_choice":"Fight","floor":41.0,"gold_loss":0.0,"damage_taken":0.0}],"is_beta":false,"boss_relics":[{"not_picked":["hubris:BlackHole","Sozu"],"picked":"Coffee Dripper"},{"not_picked":["Busted Crown","hubris:GrandSneckoEye"],"picked":"Cursed Key"}],"items_purged_floors":[15],"is_endless":false,"potions_floor_spawned":[1,5,14,16,18,26,33,37,43,45,48,49],"killed_by":"Time Eater","ascension_level":1}}