{"host":"ydg0vn0pu4pubmdt","time":1612556545,"event":{"mods":["AchievementEnabler","BaseMod","Colored Map","Gold Saver","Minty Spire (QoL Compilation)","Quick Restart","SuperFastMode"],"gold_per_floor":[16,27,27,27,46,46,77,77,77,0,0,0],"floor_reached":11,"language":"KOR","playtime":215,"items_purged":[],"score":142,"play_id":"b42d0630-b4b6-4363-bf01-3f7a85043fd5","local_time":"20210206052225","is_ascension_mode":true,"campfire_choices":[{"data":"ConjureBlade","floor":6.0,"key":"SMITH"}],"circlet_count":0,"master_deck":["AscendersBane","Strike_P","Strike_P","Strike_P","Strike_P","Defend_P","Defend_P","Defend_P","Defend_P","Eruption+1","Vigilance","ConjureBlade+1","CrushJoints","ClearTheMind","EmptyBody","LessonLearned"],"relics":["PureWater","Golden Idol","Pear","Gremlin Horn","Orichalcum"],"acts_visited":["Exordium"],"potions_floor_usage":[11],"damage_taken":[{"damage":0.0,"enemies":"Cultist","floor":1.0,"turns":2.0},{"damage":0.0,"enemies":"Small Slimes","floor":2.0,"turns":2.0},{"damage":4.0,"enemies":"Jaw Worm","floor":5.0,"turns":4.0},{"damage":26.0,"enemies":"3 Sentries","floor":7.0,"turns":9.0},{"damage":27,"enemies":"Gremlin Nob","floor":11,"turns":3}],"seed_played":"-852336249891726852","potions_obtained":[{"floor":1.0,"key":"DuplicationPotion"},{"floor":5.0,"key":"Fire Potion"}],"is_trial":false,"path_per_floor":["M","M","?","?","M","R","E","?","T","$","E"],"character_chosen":"WATCHER","items_purchased":["LessonLearned"],"campfire_rested":0,"item_purchase_floors":[10],"current_hp_per_floor":[61,61,38,38,34,34,18,7,7,7,0,0],"gold":0,"neow_bonus":"THREE_RARE_CARDS","is_daily":false,"chose_seed":false,"campfire_upgraded":1,"win_rate":0.0,"timestamp":1612556545,"path_taken":["M","M","?","?","M","R","E","?","T","?","E"],"items_purchased_type":["Card"],"build_version":"2020-12-22","purchased_purges":0,"victory":false,"max_hp_per_floor":[68,68,68,68,68,68,78,78,78,78,78,78],"card_choices":[{"not_picked":["Omniscience","MasterReality"],"picked":"ConjureBlade","floor":0.0},{"not_picked":["Wireheading","Wallop"],"picked":"CrushJoints","floor":1.0},{"not_picked":["DeceiveReality","CrushJoints","PathToVictory"],"picked":"SKIP","floor":2.0},{"not_picked":["ClearTheMind","Consecrate","EmptyMind"],"picked":"SKIP","floor":5.0},{"not_picked":["Consecrate","EmptyMind"],"picked":"ClearTheMind","floor":5.0},{"not_picked":["Prostrate","ForeignInfluence"],"picked":"EmptyBody","floor":7.0}],"player_experience":628157,"relics_obtained":[{"floor":7.0,"key":"Pear"},{"floor":9.0,"key":"Orichalcum"}],"event_choices":[{"damage_healed":0.0,"max_hp_gain":0.0,"max_hp_loss":0.0,"gold_gain":0.0,"event_name":"Golden Idol","player_choice":"Take Damage","floor":3.0,"gold_loss":0.0,"damage_taken":23.0,"relics_obtained":["Golden Idol"]},{"damage_healed":0.0,"max_hp_gain":0.0,"max_hp_loss":0.0,"gold_gain":0.0,"event_name":"Living Wall","player_choice":"Grow","floor":4.0,"gold_loss":0.0,"damage_taken":0.0,"cards_upgraded":["Eruption"]},{"damage_healed":0.0,"max_hp_gain":0.0,"max_hp_loss":0.0,"gold_gain":0.0,"event_name":"Scrap Ooze","player_choice":"Success","floor":8.0,"gold_loss":0.0,"damage_taken":11.0,"relics_obtained":["Gremlin Horn"]}],"is_beta":false,"boss_relics":[],"items_purged_floors":[],"is_endless":false,"potions_floor_spawned":[1,5],"killed_by":"Gremlin Nob","ascension_level":20}}