{"host":"9r21pjsoidsmrzpr","time":1612568824,"event":{"mods":["AchievementEnabler","BaseMod","Hermit","Minty Spire (QoL Compilation)","Reliquary","Replay The Spire","StSLib","The Disciple","The Hierophant","The Runesmith"],"gold_per_floor":[113,63,63,76,92,92,125,125,152,170,170,184,184,184],"floor_reached":13,"language":"ENG","playtime":848,"items_purged":[],"score":85,"play_id":"20384139-d284-4265-9cb1-d1d89ab621cf","local_time":"20210206024704","is_ascension_mode":false,"campfire_choices":[{"data":"hermit:Showdown","floor":6,"key":"SMITH"}],"circlet_count":0,"master_deck":["hermit:Strike_Hermit","hermit:Strike_Hermit","hermit:Strike_Hermit","hermit:Defend_Hermit","hermit:Defend_Hermit","hermit:Defend_Hermit","hermit:Defend_Hermit","hermit:Snapshot","hermit:Covet","hermit:FinalCanter","hermit:Grudge","hermit:Ricochet","hermit:EyeOfTheStorm+1","hermit:Showdown+1","hermit:GhostlyPresence","hermit:FullyLoaded","Normality"],"relics":["hermit:Momento","Replay:Wax Seal","Golden Idol","reliquary:SharkskinSheath","Ring of Fury","Ring of Hypnosis"],"acts_visited":["Exordium"],"potions_floor_usage":[4,7],"damage_taken":[{"damage":4,"enemies":"2 Louse","floor":1,"turns":3},{"damage":1,"enemies":"Jaw Worm","floor":4,"turns":2},{"damage":0,"enemies":"Small Slimes","floor":5,"turns":2},{"damage":24,"enemies":"Gremlin Nob","floor":7,"turns":4},{"damage":7,"enemies":"Blue Slaver","floor":10,"turns":2},{"damage":8,"enemies":"Red Slaver","floor":12,"turns":2},{"damage":18,"enemies":"Lagavulin","floor":13,"turns":2}],"seed_played":"-6094785068386651529","potions_obtained":[{"floor":1,"key":"SkillPotion"},{"floor":4,"key":"SkillPotion"},{"floor":7,"key":"Strength Potion"}],"is_trial":false,"path_per_floor":["M","$","?","M","M","R","E","?","T","M","?","M","E"],"character_chosen":"HERMIT","items_purchased":["hermit:Ricochet"],"campfire_rested":0,"item_purchase_floors":[2],"current_hp_per_floor":[71,71,71,70,70,70,46,28,28,21,21,13,0,0],"gold":184,"neow_bonus":"ONE_RANDOM_RARE_CARD","is_daily":false,"chose_seed":false,"campfire_upgraded":1,"win_rate":0.0,"timestamp":1612568824,"path_taken":["M","$","?","M","M","R","E","?","T","M","?","M","E"],"items_purchased_type":["Card"],"build_version":"2020-12-22","purchased_purges":0,"victory":false,"max_hp_per_floor":[75,75,75,75,75,75,75,75,75,75,75,75,75,75],"card_choices":[{"not_picked":["hermit:Cheat","hermit:HoleUp"],"picked":"hermit:Grudge","floor":1},{"not_picked":["hermit:Vantage","hermit:Shortfuse"],"picked":"hermit:Showdown","floor":4},{"not_picked":["hermit:LuckOfTheDraw","hermit:Vantage"],"picked":"hermit:GhostlyPresence","floor":5},{"not_picked":["hermit:Ricochet","hermit:ShadowCloak"],"picked":"hermit:FullyLoaded","floor":7},{"not_picked":["hermit:WideOpen","hermit:DeadMansHand","hermit:LuckOfTheDraw"],"picked":"SKIP","floor":10},{"not_picked":["hermit:Gestalt","hermit:Coalescence","hermit:Dive"],"picked":"SKIP","floor":12}],"player_experience":697117,"relics_obtained":[{"floor":7,"key":"Replay:Wax Seal"},{"floor":9,"key":"reliquary:SharkskinSheath"},{"floor":11,"key":"Ring of Fury"},{"floor":11,"key":"Ring of Hypnosis"}],"event_choices":[{"damage_healed":0,"gold_gain":0,"player_choice":"Take Damage","damage_taken":18,"relics_obtained":["Golden Idol"],"max_hp_gain":0,"max_hp_loss":0,"event_name":"Golden Idol","floor":8,"gold_loss":0}],"is_beta":false,"boss_relics":[],"items_purged_floors":[],"is_endless":false,"potions_floor_spawned":[1,4,7],"killed_by":"Lagavulin","ascension_level":0}}