{"host":"Jedit","time":1612568564,"event":{"mods":["BaseMod","Minty Spire (QoL Compilation)","Relic Stats","StSLib"],"gold_per_floor":[109,109,109,109,122,122,122],"floor_reached":6,"language":"ENG","playtime":155,"items_purged":[],"score":68,"play_id":"840a8bbe-ee6f-41ed-b6a1-fa5cd7c54386","local_time":"20210205234244","is_ascension_mode":true,"campfire_choices":[],"circlet_count":0,"master_deck":["AscendersBane","Strike_G","Strike_G","Strike_G","Strike_G","Defend_G","Defend_G","Defend_G","Defend_G","Defend_G","Survivor","Neutralize","Slice","Deadly Poison","Skewer"],"relics":["Ring of the Snake","Du-Vu Doll","White Beast Statue"],"acts_visited":["Exordium"],"potions_floor_usage":[6,6],"damage_taken":[{"damage":2,"enemies":"Jaw Worm","floor":1,"turns":5},{"damage":0,"enemies":"2 Louse","floor":5,"turns":2},{"damage":30,"enemies":"Gremlin Nob","floor":6,"turns":4}],"seed_played":"-5754066715832972374","potions_obtained":[{"floor":1,"key":"Fruit Juice"},{"floor":5,"key":"Dexterity Potion"}],"is_trial":false,"path_per_floor":["M","?","?","?","M","E"],"character_chosen":"THE_SILENT","items_purchased":[],"campfire_rested":0,"item_purchase_floors":[],"current_hp_per_floor":[57,39,32,32,32,7,7],"gold":122,"neow_bonus":"ONE_RARE_RELIC","is_daily":false,"chose_seed":false,"campfire_upgraded":0,"win_rate":0.0,"timestamp":1612568564,"path_taken":["M","?","?","?","?","E"],"items_purchased_type":[],"build_version":"2020-12-18","purchased_purges":0,"victory":false,"max_hp_per_floor":[66,66,66,66,66,71,71],"relic_stats":{"counters":[3,11],"obtain_stats":[{"Du-Vu Doll":0,"White Beast Statue":2,"Ring of the Snake":0},{"Du-Vu Doll":0,"White Beast Statue":1,"Ring of the Snake":0},{"Du-Vu Doll":0,"White Beast Statue":5,"Ring of the Snake":0}],"Ring of the Snake":[6]},"card_choices":[{"not_picked":["Acrobatics","Dodge and Roll"],"picked":"Slice","floor":1},{"not_picked":["Backflip","Bane"],"picked":"Skewer","floor":5}],"player_experience":3473749,"relics_obtained":[],"event_choices":[{"damage_healed":0,"gold_gain":0,"player_choice":"Success","damage_taken":18,"relics_obtained":["White Beast Statue"],"max_hp_gain":0,"max_hp_loss":0,"event_name":"Scrap Ooze","floor":2,"gold_loss":0},{"cards_removed":["Injury"],"damage_healed":0,"gold_gain":0,"player_choice":"Card Removal","damage_taken":7,"max_hp_gain":0,"max_hp_loss":0,"event_name":"Golden Wing","floor":3,"gold_loss":0},{"damage_healed":0,"gold_gain":0,"cards_transformed":["Strike_G"],"player_choice":"Change","damage_taken":0,"max_hp_gain":0,"max_hp_loss":0,"event_name":"Living Wall","floor":4,"gold_loss":0,"cards_obtained":["Deadly Poison"]}],"is_beta":true,"boss_relics":[],"items_purged_floors":[],"is_endless":false,"potions_floor_spawned":[1,5],"killed_by":"Gremlin Nob","ascension_level":20}}