{"host":"1ooxfz79hmpvpehx","time":1612486622,"event":{"mods":["BaseMod","Minty Spire (QoL Compilation)","Quick Restart","Replay The Spire","StSLib","SuperFastMode"],"gold_per_floor":[115,115,40,61,81,81,119,119,119,144,165,165,165,65,65,185,185,208,227,227,326,341,341,341,341,341,379,398,398,414,433,433,433,433],"floor_reached":33,"language":"ENG","playtime":766,"items_purged":["Defend_G","Defend_G"],"score":292,"play_id":"3e0e377c-3227-49e9-9877-111a315c6a8d","local_time":"20210204215702","is_ascension_mode":false,"campfire_choices":[{"data":"Dagger Spray","floor":6,"key":"SMITH"},{"data":"Neutralize","floor":8,"key":"SMITH"},{"data":"Quick Slash","floor":13,"key":"SMITH"},{"floor":15,"key":"DIG"},{"floor":23,"key":"REST"},{"floor":25,"key":"REST"},{"data":"Venomology","floor":32,"key":"SMITH"}],"circlet_count":0,"master_deck":["Strike_G","Strike_G","Strike_G","Strike_G","Strike_G","Defend_G","Defend_G","Defend_G","Survivor","Neutralize+1","CurseOfTheBell","Dagger Spray+1","A Thousand Cuts+1","Quick Slash+1","A Thousand Cuts+1","Atom Bomb+1","Venomology+1"],"relics":["Calling Bell","Pen Nib","Shuriken","Vampiric Spirits","Golden Idol","Meat on the Bone","PreservedInsect","Lantern","Runic Pyramid","Gremlin Food","Nunchaku"],"acts_visited":["Exordium","TheCity"],"potions_floor_usage":[7,7,16,27,30,30,31,33,33,33],"damage_taken":[{"damage":6,"enemies":"Jaw Worm","floor":1,"turns":4},{"damage":0,"enemies":"2 Louse","floor":4,"turns":2},{"damage":0,"enemies":"Cultist","floor":5,"turns":3},{"damage":9,"enemies":"3 Sentries","floor":7,"turns":4},{"damage":16,"enemies":"3 Louse","floor":10,"turns":3},{"damage":8,"enemies":"Lots of Slimes","floor":11,"turns":2},{"damage":4,"enemies":"Slime Boss","floor":16,"turns":7},{"damage":30,"enemies":"2 Thieves","floor":18,"turns":4},{"damage":13,"enemies":"Chosen","floor":19,"turns":4},{"damage":22,"enemies":"Centurion and Healer","floor":22,"turns":6},{"damage":25,"enemies":"Slavers","floor":27,"turns":4},{"damage":37,"enemies":"3 Cultists","floor":28,"turns":5},{"damage":0,"enemies":"Snecko","floor":30,"turns":3},{"damage":33,"enemies":"Sentry and Sphere","floor":31,"turns":4},{"damage":57,"enemies":"Collector","floor":33,"turns":6}],"seed_played":"8168276745947888870","potions_obtained":[{"floor":1,"key":"DistilledChaos"},{"floor":4,"key":"ColorlessPotion"},{"floor":7,"key":"CunningPotion"},{"floor":19,"key":"SkillPotion"},{"floor":22,"key":"Weak Potion"},{"floor":27,"key":"CunningPotion"},{"floor":30,"key":"SkillPotion"},{"floor":31,"key":"SpeedPotion"}],"is_trial":false,"path_per_floor":["M","?","$","M","M","R","E","R","T","M","M","?","R","$","R","B",null,"M","M","?","?","M","R","?","R","T","E","M","?","M","M","R","B"],"character_chosen":"THE_SILENT","items_purchased":[],"campfire_rested":2,"item_purchase_floors":[],"current_hp_per_floor":[64,47,47,50,53,53,45,45,45,43,37,37,37,37,37,40,70,40,36,23,23,20,42,42,64,64,41,46,46,47,28,28,0,0],"gold":433,"neow_bonus":"BOSS_RELIC","is_daily":false,"chose_seed":false,"campfire_upgraded":4,"win_rate":0.0,"timestamp":1612486622,"path_taken":["M","?","$","M","M","R","E","R","T","M","M","?","R","?","R","BOSS","M","M","?","?","M","R","?","R","T","E","?","?","?","?","R","BOSS"],"items_purchased_type":[],"build_version":"2020-12-22","purchased_purges":2,"victory":false,"max_hp_per_floor":[70,70,70,70,70,70,70,70,70,70,70,70,70,70,70,70,70,70,70,75,75,75,75,75,75,75,75,75,75,75,75,75,75,75],"card_choices":[{"not_picked":["Underhanded Strike","Prepared","Well Laid Plans"],"picked":"SKIP","floor":1},{"not_picked":["Blade Dance","ReplayTheSpireMod:Scrap Shanks","Underhanded Strike"],"picked":"SKIP","floor":4},{"not_picked":["Reflex","ReplayTheSpireMod:Speed Training"],"picked":"Dagger Spray","floor":5},{"not_picked":["Hidden Blade","PiercingWail","Calculated Gamble"],"picked":"SKIP","floor":7},{"not_picked":["ReplayTheSpireMod:The Works","Leg Sweep"],"picked":"A Thousand Cuts","floor":10},{"not_picked":["Dagger Spray","Hidden Blade"],"picked":"Quick Slash","floor":11},{"not_picked":["Underhanded Strike","Hidden Blade+1","Deadly Poison"],"picked":"SKIP","floor":18},{"not_picked":["Prepared","Masterful Stab","Acrobatics"],"picked":"SKIP","floor":19},{"not_picked":["Slice","Deflect","Endless Agony+1"],"picked":"SKIP","floor":22},{"not_picked":["Underhanded Strike","Sneak Up"],"picked":"Atom Bomb","floor":27},{"not_picked":["Flying Knee","Dagger Throw","PiercingWail+1"],"picked":"SKIP","floor":28},{"not_picked":["Acrobatics+1","Backflip"],"picked":"Venomology","floor":30},{"not_picked":["Riddle With Holes","Dodge and Roll","Hidden Blade"],"picked":"SKIP","floor":31}],"player_experience":6496,"relics_obtained":[{"floor":0,"key":"Pen Nib"},{"floor":0,"key":"Shuriken"},{"floor":0,"key":"Vampiric Spirits"},{"floor":7,"key":"Meat on the Bone"},{"floor":9,"key":"PreservedInsect"},{"floor":15,"key":"Lantern"},{"floor":26,"key":"Gremlin Food"},{"floor":27,"key":"Nunchaku"}],"event_choices":[{"damage_healed":0,"gold_gain":0,"player_choice":"Take Damage","damage_taken":17,"relics_obtained":["Golden Idol"],"max_hp_gain":0,"max_hp_loss":0,"event_name":"Golden Idol","floor":2,"gold_loss":0},{"damage_healed":0,"gold_gain":0,"player_choice":"Grow","damage_taken":0,"max_hp_gain":0,"max_hp_loss":0,"event_name":"Living Wall","floor":12,"gold_loss":0,"cards_upgraded":["A Thousand Cuts"]},{"damage_healed":0,"gold_gain":0,"player_choice":"Shed Blood","damage_taken":18,"max_hp_gain":5,"max_hp_loss":0,"event_name":"Forgotten Altar","floor":20,"gold_loss":0},{"damage_healed":0,"gold_gain":99,"player_choice":"Stole From Cult","damage_taken":0,"max_hp_gain":0,"max_hp_loss":0,"event_name":"Nest","floor":21,"gold_loss":0},{"damage_healed":0,"gold_gain":0,"player_choice":"Copied","damage_taken":0,"max_hp_gain":0,"max_hp_loss":0,"event_name":"Duplicator","floor":24,"gold_loss":0,"cards_obtained":["A Thousand Cuts"]},{"damage_healed":0,"gold_gain":0,"player_choice":"Forge","damage_taken":0,"max_hp_gain":0,"max_hp_loss":0,"event_name":"Accursed Blacksmith","floor":29,"gold_loss":0,"cards_upgraded":["Atom Bomb"]}],"is_beta":false,"boss_relics":[{"not_picked":["Replay:Wanted Poster","Sozu"],"picked":"Runic Pyramid"}],"items_purged_floors":[3,14],"is_endless":false,"potions_floor_spawned":[1,4,7,19,22,27,30,31],"killed_by":"Collector","ascension_level":0}}