{"host":"lku4gktzilv18rfq","time":1612553536,"event":{"mods":["BaseMod","Minty Spire (QoL Compilation)","Permanent Neow","StSLib","thorton"],"gold_per_floor":[116,191,213,112,162,162,235,271,297,297,297,297,330,403,403,417,417,417],"floor_reached":16,"language":"ENG","playtime":1004,"items_purged":["Normality"],"score":113,"play_id":"5a595433-fefd-4d20-ae93-fdeced048cd9","local_time":"20210205113216","is_ascension_mode":true,"campfire_choices":[{"data":"thethorton:Heckle","floor":6,"key":"SMITH"},{"data":"thethorton:YoureFired","floor":10,"key":"SMITH"},{"floor":12,"key":"REST"},{"data":"thethorton:PocketChange","floor":15,"key":"SMITH"}],"circlet_count":0,"master_deck":["thethorton:Strike","thethorton:Strike","thethorton:Strike","thethorton:Strike","thethorton:Defend","thethorton:Defend","thethorton:Defend","thethorton:Defend","thethorton:Heckle+1","thethorton:CreditCard","thethorton:YoureFired+1","thethorton:PocketChange+1","thethorton:ROI","thethorton:BusinessCard","thethorton:WhirlingBriefcase","thethorton:Hindsight","thethorton:CashBash","thethorton:BattleTrash","thethorton:SellShort","thethorton:PocketChange+1"],"relics":["thethorton:CouragePotion","Blood Vial","Odd Mushroom","Orichalcum","Centennial Puzzle"],"acts_visited":["Exordium"],"potions_floor_usage":[7,13,16],"damage_taken":[{"damage":4,"enemies":"Small Slimes","floor":1,"turns":3},{"damage":0,"enemies":"2 Louse","floor":3,"turns":3},{"damage":10,"enemies":"Jaw Worm","floor":5,"turns":4},{"damage":14,"enemies":"Gremlin Nob","floor":7,"turns":3},{"damage":22,"enemies":"The Mushroom Lair","floor":8,"turns":5},{"damage":9,"enemies":"Exordium Thugs","floor":13,"turns":5},{"damage":10,"enemies":"Lagavulin","floor":14,"turns":4},{"damage":10,"enemies":"The Guardian","floor":16,"turns":9}],"seed_played":"3017713529021322424","potions_obtained":[{"floor":1,"key":"SpeedPotion"},{"floor":5,"key":"Fire Potion"},{"floor":14,"key":"SpeedPotion"}],"is_trial":false,"path_per_floor":["M","?","M","$","M","R","E","?","T","R","?","R","M","E","R","B"],"character_chosen":"THE_THORT","items_purchased":["thethorton:BusinessCard"],"campfire_rested":1,"item_purchase_floors":[4],"current_hp_per_floor":[58,47,47,47,37,37,23,3,3,3,3,21,14,6,6,0,0,0],"gold":417,"neow_bonus":"THREE_RARE_CARDS","is_daily":false,"chose_seed":false,"campfire_upgraded":3,"win_rate":0.0,"timestamp":1612553536,"path_taken":["M","?","M","$","M","R","E","?","T","R","?","R","?","E","R","BOSS"],"items_purchased_type":["Card"],"build_version":"2020-12-22","purchased_purges":1,"victory":false,"max_hp_per_floor":[62,62,62,62,62,62,62,62,62,62,62,62,62,62,62,62,62,62],"card_choices":[{"not_picked":["thethorton:DodgeAndRollAndRun","thethorton:Jackpot"],"picked":"thethorton:YoureFired","floor":0},{"not_picked":["thethorton:LongTermPayoff","thethorton:Rebalance"],"picked":"thethorton:PocketChange","floor":1},{"not_picked":["thethorton:DoubleRun","thethorton:RunningFeint"],"picked":"thethorton:ROI","floor":3},{"not_picked":["thethorton:ThickSkin","thethorton:BookBash"],"picked":"thethorton:WhirlingBriefcase","floor":5},{"not_picked":["thethorton:AngerMoment","thethorton:Crash"],"picked":"thethorton:Hindsight","floor":7},{"not_picked":["thethorton:AngerMoment","thethorton:SicklyRun"],"picked":"thethorton:CashBash","floor":8},{"not_picked":["thethorton:StumblingSlap","thethorton:HitAhead"],"picked":"thethorton:BattleTrash","floor":13},{"not_picked":["thethorton:ROI","thethorton:BusinessBurst"],"picked":"thethorton:SellShort","floor":14}],"player_experience":911011,"relics_obtained":[{"floor":7,"key":"Blood Vial"},{"floor":8,"key":"Odd Mushroom"},{"floor":9,"key":"Orichalcum"},{"floor":14,"key":"Centennial Puzzle"}],"event_choices":[{"damage_healed":0,"gold_gain":75,"player_choice":"Gather Gold","damage_taken":11,"max_hp_gain":0,"max_hp_loss":0,"event_name":"World of Goop","floor":2,"gold_loss":0},{"damage_healed":0,"gold_gain":0,"player_choice":"Fought Mushrooms","damage_taken":0,"max_hp_gain":0,"max_hp_loss":0,"event_name":"Mushrooms","floor":8,"gold_loss":0},{"damage_healed":0,"gold_gain":0,"player_choice":"Ignored","damage_taken":0,"max_hp_gain":0,"max_hp_loss":0,"event_name":"Liars Game","floor":11,"gold_loss":0}],"is_beta":false,"boss_relics":[],"items_purged_floors":[4],"is_endless":false,"potions_floor_spawned":[1,5,14],"killed_by":"The Guardian","ascension_level":1}}