{"host":"2haferq23ht5nrlk","time":1612531105,"event":{"mods":["ATMod(°¢èªMod)","BaseMod","BetterRewards","Colored Powertips","Conspire","Dota2Spire","KomeijiMod","Lobotomy","Minty Spire (QoL Compilation)","Quick Restart","Relic Filter Mod","Relic Stats","Reliquary","Replay The Spire","Spicy Shops","StSLib","UnlockEverythingMod","¡¾ÒÅÎï¿¨ÅÆ¡¿REMEMod"],"gold_per_floor":[119,119,136,136,136,54,54,54,54],"floor_reached":8,"language":"ZHS","playtime":221,"items_purged":[],"score":88,"play_id":"4bd901c1-edbe-452a-830e-5a0c61af0d7c","local_time":"20210205211825","is_ascension_mode":true,"campfire_choices":[],"circlet_count":0,"master_deck":["AscendersBane","Strike_R","Strike_R","Strike_R","Strike_R","Strike_R","Defend_R","Defend_R","Defend_R","Defend_R","Bash","Double Tap","CherryBlossoms","Power Through","MeatLantern","Entrench+1"],"relics":["Burning Blood","AT_ATBox","REME_ComplimentaryCards","CogitoBucket","ThirstyCross","Dota2Spire:PhaseBoots"],"acts_visited":["Exordium"],"potions_floor_usage":[],"damage_taken":[{"damage":12,"enemies":"Small Slimes","floor":1,"turns":3},{"damage":7,"enemies":"Jaw Worm","floor":3,"turns":3},{"damage":63,"enemies":"Lagavulin","floor":8,"turns":8}],"seed_played":"6224655168786553195","potions_obtained":[{"floor":3,"key":"Milkshake"}],"is_trial":false,"path_per_floor":["M","?","M","PTL","PTL","$","?","E"],"character_chosen":"IRONCLAD","items_purchased":["Dota2Spire:PhaseBoots"],"campfire_rested":0,"item_purchase_floors":[6],"current_hp_per_floor":[62,62,61,61,61,61,61,0,0],"gold":54,"neow_bonus":"","is_daily":false,"chose_seed":false,"campfire_upgraded":0,"win_rate":0.0,"timestamp":1612531105,"path_taken":["M","?","M","PTL","PTL","$","?","E"],"items_purchased_type":["Relic"],"build_version":"2020-12-22","purchased_purges":0,"victory":false,"max_hp_per_floor":[75,75,75,75,75,75,75,75,75],"relic_stats":{"counters":[10,47],"obtain_stats":[{"Gremlin Food":13,"ThirstyCross":2,"Anchor":14,"CogitoBucket":0,"AT_ATBox":0,"Chameleon Ring":11,"AT_EbonyIvory":9,"conspire:Boomerang":0,"Juzu Bracelet":6,"Burning Blood":0,"REME_ComplimentaryCards":0,"Dota2Spire:PhaseBoots":6},{"Gremlin Food":6,"ThirstyCross":8,"Anchor":6,"CogitoBucket":7,"AT_ATBox":0,"Chameleon Ring":5,"AT_EbonyIvory":5,"conspire:Boomerang":0,"Juzu Bracelet":4,"Burning Blood":0,"REME_ComplimentaryCards":0,"Dota2Spire:PhaseBoots":9},{"Gremlin Food":23,"ThirstyCross":36,"Anchor":23,"CogitoBucket":33,"AT_ATBox":0,"Chameleon Ring":19,"AT_EbonyIvory":19,"conspire:Boomerang":0,"Juzu Bracelet":14,"Burning Blood":0,"REME_ComplimentaryCards":0,"Dota2Spire:PhaseBoots":39}],"Burning Blood":48},"card_choices":[{"not_picked":["BeautyBeast","PunishingBird"],"picked":"CherryBlossoms","floor":1},{"not_picked":["Thunderclap","Body Slam"],"picked":"Power Through","floor":1},{"not_picked":["WhitesApple","BeautyBeast"],"picked":"MeatLantern","floor":3},{"not_picked":["Sword Boomerang","Flame Barrier"],"picked":"Entrench","floor":3}],"player_experience":21489,"relics_obtained":[],"event_choices":[{"damage_healed":0,"gold_gain":0,"player_choice":"Grow","damage_taken":0,"max_hp_gain":0,"max_hp_loss":0,"event_name":"Living Wall","floor":7,"gold_loss":0,"cards_upgraded":["Entrench"]}],"is_beta":false,"boss_relics":[],"items_purged_floors":[],"is_endless":false,"potions_floor_spawned":[3],"killed_by":"Lagavulin","ascension_level":20}}