{"host":"x7xd4wkamhrqrrvw","time":1612528524,"event":{"mods":["AchievementEnabler","BaseMod","Minty Spire (QoL Compilation)","Relic Stats","StSLib"],"gold_per_floor":[119,138,148,148,223,74,88,158,240,240,240],"floor_reached":10,"language":"ENG","playtime":394,"items_purged":["Strike_R"],"score":129,"play_id":"52555b16-98a1-40ac-b5b7-bc966240cf98","local_time":"20210205103524","is_ascension_mode":true,"campfire_choices":[],"circlet_count":0,"master_deck":["AscendersBane","Strike_R","Strike_R","Strike_R","Strike_R","Defend_R","Defend_R","Defend_R","Defend_R","Bash","Transmutation","Pommel Strike","Uppercut","Battle Trance","Ghostly Armor"],"relics":["Burning Blood","WingedGreaves","Gremlin Horn"],"acts_visited":["Exordium"],"potions_floor_usage":[7,8],"damage_taken":[{"damage":4,"enemies":"Jaw Worm","floor":1,"turns":4},{"damage":9,"enemies":"Cultist","floor":2,"turns":5},{"damage":6,"enemies":"2 Louse","floor":3,"turns":3},{"damage":14,"enemies":"Looter","floor":7,"turns":4},{"damage":35,"enemies":"3 Sentries","floor":8,"turns":9},{"damage":24,"enemies":"Gremlin Nob","floor":10,"turns":3}],"seed_played":"-5029774149146855805","potions_obtained":[{"floor":1,"key":"GamblersBrew"},{"floor":3,"key":"SneckoOil"}],"is_trial":false,"path_per_floor":["M","M","M","$","?","$","M","E","T","E"],"character_chosen":"IRONCLAD","items_purchased":["Battle Trance"],"campfire_rested":0,"item_purchase_floors":[6],"current_hp_per_floor":[68,65,65,65,54,54,46,17,17,0,0],"gold":240,"neow_bonus":"RANDOM_COLORLESS_2","is_daily":false,"chose_seed":false,"campfire_upgraded":0,"win_rate":0.0,"timestamp":1612528524,"path_taken":["M","M","M","$","?","$","M","E","T","E"],"items_purchased_type":["Card"],"build_version":"2020-12-22","purchased_purges":1,"victory":false,"max_hp_per_floor":[68,68,68,68,68,68,68,68,68,68,68],"relic_stats":{"Gremlin Horn":[0,0],"counters":[6,28],"obtain_stats":[{"Gremlin Horn":9,"WingedGreaves":8,"Burning Blood":0},{"Gremlin Horn":5,"WingedGreaves":5,"Burning Blood":0},{"Gremlin Horn":25,"WingedGreaves":25,"Burning Blood":0}],"Burning Blood":28},"card_choices":[{"not_picked":["Violence","Panache"],"picked":"Transmutation","floor":0},{"not_picked":["Headbutt","Blood for Blood"],"picked":"Pommel Strike","floor":1},{"not_picked":["Thunderclap","Dropkick"],"picked":"Uppercut","floor":2},{"not_picked":["Sword Boomerang","Wild Strike","Iron Wave"],"picked":"SKIP","floor":3},{"not_picked":["Flex","Twin Strike"],"picked":"Ghostly Armor","floor":7},{"not_picked":["Whirlwind","Wild Strike","Perfected Strike"],"picked":"SKIP","floor":8}],"player_experience":427180,"relics_obtained":[{"floor":8,"key":"WingedGreaves"},{"floor":9,"key":"Gremlin Horn"}],"event_choices":[{"damage_healed":0,"gold_gain":75,"player_choice":"Gather Gold","damage_taken":11,"max_hp_gain":0,"max_hp_loss":0,"event_name":"World of Goop","floor":5,"gold_loss":0}],"is_beta":false,"boss_relics":[],"items_purged_floors":[6],"is_endless":false,"potions_floor_spawned":[1,3],"killed_by":"Gremlin Nob","ascension_level":18}}