{"host":"fxrgx7wt2cpkbhka","time":1612523646,"event":{"mods":["AchievementEnabler","BaseMod","Colored Powertips","Minty Spire (QoL Compilation)","Permanent Neow","Quick Restart","Slay-I","StSLib","Waifu the Spire"],"gold_per_floor":[110,110,29,46,46,67,67,83,158,181,110,133,133,153,153,153,153],"floor_reached":16,"language":"ENG","playtime":324,"items_purged":[],"score":160,"play_id":"02d02ef3-c865-4f1f-8708-1faaea5e279d","local_time":"20210205031406","is_ascension_mode":true,"campfire_choices":[{"data":"Defragment","floor":7,"key":"SMITH"},{"data":"Hello World","floor":15,"key":"SMITH"}],"circlet_count":0,"master_deck":["AscendersBane","Strike_B","Strike_B","Strike_B","Strike_B","Defend_B","Defend_B","Defend_B","Defend_B","Zap","Dualcast+1","Defragment+1","Go for the Eyes","Injury","Hello World+1","Cold Snap","Consume","Ball Lightning"],"relics":["Cracked Core","Golden Idol","Bottled Flame","Pen Nib"],"acts_visited":["Exordium"],"potions_floor_usage":[10,12],"damage_taken":[{"damage":5,"enemies":"Small Slimes","floor":1,"turns":4},{"damage":1,"enemies":"Cultist","floor":4,"turns":3},{"damage":8,"enemies":"Jaw Worm","floor":6,"turns":4},{"damage":8,"enemies":"Red Slaver","floor":8,"turns":4},{"damage":21,"enemies":"Exordium Thugs","floor":10,"turns":4},{"damage":18,"enemies":"Lots of Slimes","floor":12,"turns":4},{"damage":8,"enemies":"Looter","floor":14,"turns":2},{"damage":20,"enemies":"The Guardian","floor":16,"turns":2}],"seed_played":"-8097393574308090386","potions_obtained":[{"floor":1,"key":"DistilledChaos"},{"floor":6,"key":"Fire Potion"}],"is_trial":false,"path_per_floor":["M","?","$","M","?","M","R","M","T","M","$","M","?","M","R","B"],"character_chosen":"DEFECT","items_purchased":["Defragment","Consume"],"campfire_rested":0,"item_purchase_floors":[3,11],"current_hp_per_floor":[59,71,71,70,70,62,62,54,54,33,33,15,15,7,7,0,0],"gold":153,"neow_bonus":"UPGRADE_CARD","is_daily":false,"chose_seed":false,"campfire_upgraded":2,"win_rate":0.0,"timestamp":1612523646,"path_taken":["M","?","?","M","?","M","R","M","T","M","$","M","?","M","R","BOSS"],"items_purchased_type":["Card","Card"],"build_version":"2020-12-22","purchased_purges":0,"victory":false,"max_hp_per_floor":[71,71,71,71,71,71,71,71,71,71,71,71,71,71,71,71,71],"card_choices":[{"not_picked":["Tempest","Rebound","Gash"],"picked":"SKIP","floor":1},{"not_picked":["Compile Driver","Steam"],"picked":"Go for the Eyes","floor":4},{"not_picked":["Redo","Aggregate"],"picked":"Hello World","floor":6},{"not_picked":["Heatsinks","Aggregate","Streamline"],"picked":"SKIP","floor":8},{"not_picked":["Undo","Reboot"],"picked":"Cold Snap","floor":10},{"not_picked":["Beam Cell","Stack"],"picked":"Ball Lightning","floor":12},{"not_picked":["Reinforced Body","Beam Cell","Compile Driver"],"picked":"SKIP","floor":14}],"player_experience":745775,"relics_obtained":[{"floor":9,"key":"Bottled Flame"}],"event_choices":[{"damage_healed":12,"gold_gain":0,"player_choice":"Full Heal","damage_taken":0,"max_hp_gain":0,"max_hp_loss":0,"event_name":"Wheel of Change","floor":2,"gold_loss":0},{"damage_healed":0,"gold_gain":0,"player_choice":"Take Wound","damage_taken":0,"relics_obtained":["Golden Idol"],"max_hp_gain":0,"max_hp_loss":0,"event_name":"Golden Idol","floor":5,"gold_loss":0,"cards_obtained":["Injury"]},{"damage_healed":0,"gold_gain":0,"player_choice":"Searched \u00272\u0027 times","damage_taken":0,"relics_obtained":["Pen Nib"],"max_hp_gain":0,"max_hp_loss":0,"event_name":"Dead Adventurer","floor":13,"gold_loss":0}],"is_beta":false,"boss_relics":[],"items_purged_floors":[],"is_endless":false,"potions_floor_spawned":[1,6,8],"killed_by":"The Guardian","ascension_level":14}}