{"host":"Sylvester","time":1612497829,"event":{"mods":["BaseMod","Filter the Spire","Lobotomy","Minty Spire (QoL Compilation)","Replay The Spire","StSLib"],"gold_per_floor":[111,129,129,129,129,129,172,172,172,206,206,245,269,293,293,392,392,412,412,69,114,14,45,45,45,69,92,92,108,141,141,141],"floor_reached":31,"language":"ENG","playtime":853,"items_purged":["Strike_R","Strike_R"],"score":574,"play_id":"2fcbfef1-022c-49e2-b2e7-75f4453fa61d","local_time":"20210204200349","is_ascension_mode":true,"campfire_choices":[{"data":"Shockwave","floor":6,"key":"SMITH"},{"floor":8,"key":"REST"},{"floor":11,"key":"REST"},{"data":"Offering","floor":15,"key":"SMITH"},{"floor":24,"key":"REST"},{"floor":28,"key":"REST"}],"circlet_count":0,"master_deck":["AscendersBane","Strike_R","Strike_R+1","Strike_R+1","Defend_R+1","Defend_R","Defend_R","Defend_R","Bash","Shockwave+1","Clash","Run Through","Twin Strike+1","Offering+1","Flex+1","Iron Wave+1","Limit Break","Armaments","Necronomicurse","Feel No Pain+1","Disarm","Thunderclap","Clothesline","Flame Barrier"],"relics":["Philosopher\u0027s Stone","Golden Idol","Pondfish Scales","Paper Frog","Gremlin Food","Blue Doll","Black Star","Necronomicon","Omamori","Bronze Scales","Golden Egg","Ancient Tea Set","Replay:Kaleidoscope","Pen Nib","Bag of Marbles","Smiling Mask","Orichalcum"],"acts_visited":["Exordium","TheCity"],"potions_floor_usage":[12,16,18,23],"damage_taken":[{"damage":6,"enemies":"2 Louse","floor":1,"turns":3},{"damage":1,"enemies":"Jaw Worm","floor":2,"turns":3},{"damage":15,"enemies":"Lagavulin","floor":7,"turns":5},{"damage":20,"enemies":"3 Sentries","floor":10,"turns":7},{"damage":17,"enemies":"Lagavulin","floor":12,"turns":4},{"damage":0,"enemies":"Small Slimes","floor":13,"turns":3},{"damage":1,"enemies":"3 Louse","floor":14,"turns":4},{"damage":20,"enemies":"Hexaghost","floor":16,"turns":5},{"damage":16,"enemies":"3 Byrds","floor":18,"turns":3},{"damage":18,"enemies":"Slavers","floor":23,"turns":5},{"damage":0,"enemies":"Chosen","floor":29,"turns":3},{"damage":34,"enemies":"Gremlin Leader","floor":30,"turns":4},{"damage":19,"enemies":"Shelled Parasite and Fungi","floor":31,"turns":1}],"seed_played":"-3721011871026184268","potions_obtained":[{"floor":1,"key":"Milkshake"},{"floor":10,"key":"Adrenaline Potion"},{"floor":12,"key":"Fruit Juice"},{"floor":16,"key":"SkillPotion"},{"floor":18,"key":"Adrenaline Potion"},{"floor":21,"key":"Death Potion"},{"floor":23,"key":"Dexterity Potion"}],"is_trial":false,"path_per_floor":["M","M","?","?","?","R","E","R","T","E","R","E","M","M","R","B",null,"M","?","$","?","$","E","R","?","T","T","R","M","E","M"],"character_chosen":"IRONCLAD","items_purchased":["Feel No Pain+1","Adrenaline Potion","Omamori"],"campfire_rested":4,"item_purchase_floors":[20,20,20],"current_hp_per_floor":[62,61,61,38,38,38,23,43,43,23,43,31,31,30,30,10,57,41,20,20,20,20,2,23,23,23,23,44,44,10,0,0],"gold":141,"neow_bonus":"BOSS_RELIC","is_daily":false,"chose_seed":false,"campfire_upgraded":2,"win_rate":0.0,"timestamp":1612497829,"path_taken":["M","M","?","?","?","R","E","R","T","E","R","E","M","M","R","BOSS","M","?","$","?","$","E","R","?","T","T","R","M","E","M"],"items_purchased_type":["Card","Potion","Relic"],"build_version":"2020-11-17","purchased_purges":2,"victory":false,"max_hp_per_floor":[75,75,75,75,68,68,68,68,68,68,68,73,73,73,73,73,73,73,73,73,73,73,73,73,73,73,73,73,73,73,73,73],"card_choices":[{"not_picked":["Fire Breathing","Body Slam"],"picked":"Shockwave","floor":1},{"not_picked":["Blood for Blood","Rage"],"picked":"Clash","floor":2},{"not_picked":["Combust","Blood for Blood"],"picked":"Run Through","floor":7},{"not_picked":["Whirlwind","Sword Boomerang"],"picked":"Twin Strike","floor":10},{"not_picked":["Shrug It Off","Run Through"],"picked":"Offering","floor":12},{"not_picked":["Combust","Run Through"],"picked":"Flex","floor":13},{"not_picked":["Warcry","Pommel Strike"],"picked":"Iron Wave","floor":14},{"not_picked":["Juggernaut","Corruption"],"picked":"Limit Break","floor":16},{"not_picked":["Power Through","ReplayTheSpireMod:Strike From Hell"],"picked":"Armaments","floor":18},{"not_picked":["Dropkick","ReplayTheSpireMod:Corrosion Curse"],"picked":"Disarm","floor":21},{"not_picked":["Perfected Strike","True Grit"],"picked":"Thunderclap","floor":21},{"not_picked":["Twin Strike+1","Body Slam"],"picked":"Clothesline","floor":23},{"not_picked":["Fire Breathing","Havoc+1","ReplayTheSpireMod:Strike From Hell"],"picked":"SKIP","floor":29},{"not_picked":["Bludgeon","Replay:Undeath\u0027s Touch"],"picked":"Flame Barrier","floor":30}],"player_experience":210207,"relics_obtained":[{"floor":7,"key":"Pondfish Scales"},{"floor":9,"key":"Paper Frog"},{"floor":10,"key":"Gremlin Food"},{"floor":12,"key":"Blue Doll"},{"floor":19,"key":"Necronomicon"},{"floor":21,"key":"Bronze Scales"},{"floor":23,"key":"Golden Egg"},{"floor":23,"key":"Ancient Tea Set"},{"floor":26,"key":"Pen Nib"},{"floor":27,"key":"Bag of Marbles"},{"floor":30,"key":"Smiling Mask"},{"floor":30,"key":"Orichalcum"}],"event_choices":[{"damage_healed":0,"gold_gain":0,"player_choice":"Entered Light","damage_taken":23,"max_hp_gain":0,"max_hp_loss":0,"event_name":"Shining Light","floor":4,"gold_loss":0,"cards_upgraded":["Defend_R","Strike_R"]},{"damage_healed":0,"gold_gain":0,"player_choice":"Lose Max HP","damage_taken":0,"relics_obtained":["Golden Idol"],"max_hp_gain":0,"max_hp_loss":7,"event_name":"Golden Idol","floor":5,"gold_loss":0},{"damage_healed":0,"gold_gain":0,"player_choice":"Obtained Book","damage_taken":21,"max_hp_gain":0,"max_hp_loss":0,"event_name":"Cursed Tome","floor":19,"gold_loss":0}],"is_beta":true,"boss_relics":[{"not_picked":["SlaversCollar","Sozu"],"picked":"Black Star"}],"items_purged_floors":[20,22],"is_endless":false,"potions_floor_spawned":[1,10,12,16,18,23],"killed_by":"Shelled Parasite and Fungi","ascension_level":20}}