{"host":"yd2pjkbo7craqw2u","time":1612528910,"event":{"mods":["Aspiration","BaseMod","Colored Powertips","Conspire","Downfall","Highlight Path","Marisa£®ÏF”Í°°ƒß¿Ì…≥£©","Minty Spire (QoL Compilation)","Practice Mode","Quick Restart","Replay The Spire","Shop Mod","StSLib","SuperFastMode"],"gold_per_floor":[110,121,121,16,16,48,48,48,98,118,118,128,128,159,159,259,259,199,404,404,419,118,118,136,136,136],"floor_reached":25,"language":"ZHS","playtime":712,"items_purged":[],"score":267,"play_id":"8a6a4655-80e3-40c4-a6e8-f0a703e7ceed","local_time":"20210205204150","is_ascension_mode":true,"campfire_choices":[{"data":"Zap","floor":7,"key":"SMITH"},{"data":"Creative AI","floor":11,"key":"SMITH"},{"floor":23,"key":"REST"}],"circlet_count":0,"master_deck":["Strike_B","Strike_B","Strike_B","Defend_B","Defend_B","Defend_B","Defend_B","Zap+1","Dualcast+1","BootSequence","Gash+1","Creative AI+1","Conserve Battery","Beam Cell","Coolheaded","Creative AI","White Noise+1","Go for the Eyes","Turbo"],"relics":["Cracked Core","NeowsBlessing","Replay:Wax Seal","Peace Pipe","ReplayTheSpireMod:TigerMarble","Incense Burner","Fusion Hammer","Calipers","conspire:InfiniteJournal"],"acts_visited":["Exordium","TheCity"],"potions_floor_usage":[14,16,16],"damage_taken":[{"damage":0,"enemies":"Cultist","floor":1,"turns":1},{"damage":0,"enemies":"2 Louse","floor":2,"turns":1},{"damage":0,"enemies":"Gremlin Nob","floor":6,"turns":1},{"damage":0,"enemies":"Jaw Worm","floor":10,"turns":3},{"damage":13,"enemies":"Large Slime","floor":12,"turns":5},{"damage":41,"enemies":"Lagavulin","floor":14,"turns":7},{"damage":21,"enemies":"Slime Boss","floor":16,"turns":5},{"damage":13,"enemies":"2 Thieves","floor":18,"turns":4},{"damage":10,"enemies":"Shell Parasite","floor":21,"turns":4},{"damage":28,"enemies":"Sentry and Sphere","floor":24,"turns":6},{"damage":18,"enemies":"Centurion and Healer","floor":25,"turns":4}],"seed_played":"7383274932353788060","potions_obtained":[{"floor":1,"key":"Adrenaline Potion"},{"floor":10,"key":"champ:CounterPotion"},{"floor":12,"key":"EssenceOfDarkness"},{"floor":16,"key":"Elixir"},{"floor":21,"key":"Swift Potion"}],"is_trial":false,"path_per_floor":["M","M","?","$","?","E","R","?","T","M","R","M","$","E","R","B",null,"M","?","?","M","$","R","M","M"],"character_chosen":"DEFECT","items_purchased":["Replay:Wax Seal","Gash","conspire:InfiniteJournal"],"campfire_rested":1,"item_purchase_floors":[4,4,22],"current_hp_per_floor":[75,75,75,75,75,75,75,68,68,68,68,55,55,14,36,15,75,62,32,32,22,22,44,17,0,0],"gold":136,"neow_bonus":"THREE_ENEMY_KILL","is_daily":false,"chose_seed":false,"campfire_upgraded":2,"win_rate":0.0,"timestamp":1612528910,"path_taken":["M","M","?","?","?","E","R","?","T","M","R","M","$","E","R","BOSS","M","?","?","?","$","R","?","M"],"items_purchased_type":["Relic","Card","Relic"],"build_version":"2020-12-22","purchased_purges":0,"victory":false,"max_hp_per_floor":[75,75,75,75,75,75,75,75,75,75,75,75,75,75,75,75,75,75,75,75,75,75,75,76,76,76],"card_choices":[{"not_picked":["Hologram","Genetic Algorithm"],"picked":"BootSequence","floor":1},{"not_picked":["Cold Snap","Barrage","ReplayTheSpireMod:Reroute Power"],"picked":"SKIP","floor":2},{"not_picked":["Compile Driver","Hologram"],"picked":"Creative AI","floor":6},{"not_picked":["Loop","Leap"],"picked":"Conserve Battery","floor":10},{"not_picked":["Coolheaded","Heatsinks"],"picked":"Beam Cell","floor":12},{"not_picked":["Undo","Cold Snap"],"picked":"Coolheaded","floor":14},{"not_picked":["Reboot","ReplayTheSpireMod:Omega Cannon"],"picked":"Creative AI","floor":16},{"not_picked":["Rebound","Steam"],"picked":"White Noise+1","floor":18},{"not_picked":["Steam+1","Cold Snap+1"],"picked":"Go for the Eyes","floor":19},{"not_picked":["Barrage","BasicCrystalCard"],"picked":"Turbo","floor":21},{"not_picked":["ReplayTheSpireMod:System Scan","Capacitor","Sweeping Beam"],"picked":"SKIP","floor":24}],"player_experience":291617,"relics_obtained":[{"floor":6,"key":"Peace Pipe"},{"floor":9,"key":"ReplayTheSpireMod:TigerMarble"},{"floor":14,"key":"Incense Burner"}],"event_choices":[{"cards_removed":["Strike_B"],"damage_healed":0,"gold_gain":0,"player_choice":"Offered Basic","damage_taken":0,"max_hp_gain":0,"max_hp_loss":0,"event_name":"Bonfire Elementals","floor":3,"gold_loss":0},{"damage_healed":0,"gold_gain":0,"player_choice":"Grow","damage_taken":0,"max_hp_gain":0,"max_hp_loss":0,"event_name":"Living Wall","floor":5,"gold_loss":0,"cards_upgraded":["Dualcast"]},{"damage_healed":0,"gold_gain":0,"player_choice":"Damaged","damage_taken":7,"max_hp_gain":0,"max_hp_loss":0,"event_name":"Wheel of Change","floor":8,"gold_loss":0}],"is_beta":false,"boss_relics":[{"not_picked":["SacredBark","Coffee Dripper"],"picked":"Fusion Hammer"}],"items_purged_floors":[],"is_endless":false,"potions_floor_spawned":[1,10,12,16,21],"killed_by":"Centurion and Healer","ascension_level":3}}