{"host":"xo0glkmxta74xh34","time":1612559596,"event":{"mods":["BaseMod","Downfall","Minty Spire (QoL Compilation)","Replay The Spire","StSLib"],"gold_per_floor":[55,67,67,242,70,89,113,127,127,138,151,166,186,220,239,239,239,239],"floor_reached":16,"language":"ENG","playtime":13356,"items_purged":[],"score":122,"play_id":"333b4470-4a4d-443c-9b1e-f26965da0ad6","local_time":"20210205151316","is_ascension_mode":true,"campfire_choices":[{"floor":9,"key":"REST"}],"circlet_count":0,"master_deck":["Slimebound:Strike_Slimebound","Slimebound:Tackle","Slimebound:Defend_Slimebound","Slimebound:Defend_Slimebound","Slimebound:Defend_Slimebound","Slimebound:Split","Slimebound:CorrosiveSpit","Slimebound:LevelUp","Slimebound:SlimeSpikes","Doubt","Slimebound:ProtectTheBoss","Slimebound:GoopSpray","Slimebound:MegaLick","Slimebound:ForwardTackle","Slimebound:FlameTackle","Slimebound:LeadByExample","Slimebound:ViciousTackle","Slimebound:SamplingLick","Slimebound:LivingWall"],"relics":["Slimebound:AbsorbEndCombat","Mirror","Blue Doll","Nunchaku","Ancient Tea Set"],"acts_visited":["Exordium"],"potions_floor_usage":[12,14,16],"damage_taken":[{"damage":44,"enemies":"Gremlin Nob","floor":1,"turns":4},{"damage":16,"enemies":"Small Slimes","floor":2,"turns":4},{"damage":0,"enemies":"downfall:FleeingMerchant","floor":5,"turns":4},{"damage":6,"enemies":"2 Louse","floor":6,"turns":4},{"damage":3,"enemies":"Jaw Worm","floor":8,"turns":6},{"damage":8,"enemies":"Large Slime","floor":10,"turns":6},{"damage":0,"enemies":"3 Louse","floor":11,"turns":6},{"damage":7,"enemies":"Lots of Slimes","floor":12,"turns":2},{"damage":8,"enemies":"Blue Slaver","floor":13,"turns":5},{"damage":29,"enemies":"3 Sentries","floor":14,"turns":8},{"damage":0,"enemies":"3 Louse","floor":15,"turns":2},{"damage":18,"enemies":"DF_ARCHETYPE_STREAMLINE","floor":16,"turns":3}],"seed_played":"-2637642907411942867","potions_obtained":[{"floor":1,"key":"GamblersBrew"},{"floor":2,"key":"Adrenaline Potion"},{"floor":8,"key":"Slimebound:SlimedPotion"},{"floor":10,"key":"champ:CounterPotion"},{"floor":12,"key":"SteroidPotion"},{"floor":15,"key":"sneckomod:MuddlingPotion"}],"is_trial":false,"path_per_floor":["R","M","?","?","$","M","T","M","R","M","M","M","M","E","M","B"],"character_chosen":"SLIMEBOUND","items_purchased":["Blue Doll"],"campfire_rested":1,"item_purchase_floors":[5],"current_hp_per_floor":[27,13,13,13,15,11,11,14,33,33,35,34,30,7,13,0,0,0],"gold":239,"neow_bonus":"REMOVE_TWO","is_daily":false,"chose_seed":false,"campfire_upgraded":0,"win_rate":0.0,"timestamp":1612559596,"path_taken":["R","M","?","?","$","M","T","M","R","M","M","M","M","E","M","BOSS"],"items_purchased_type":["Relic"],"build_version":"2020-12-22","purchased_purges":0,"victory":false,"max_hp_per_floor":[65,65,65,65,65,65,65,65,65,65,65,65,65,65,65,65,65,65],"card_choices":[{"not_picked":["Slimebound:Recollect","Slimebound:ForwardTackle"],"picked":"Slimebound:LevelUp","floor":1},{"not_picked":["Slimebound:LivingWall","Slimebound:BestDefense"],"picked":"Slimebound:SlimeSpikes","floor":2},{"not_picked":["Slimebound:ComboTackle","Slimebound:HauntingLick"],"picked":"Slimebound:ProtectTheBoss","floor":5},{"not_picked":["Slimebound:DivideAndConquer","Slimebound:Schlurp"],"picked":"Slimebound:GoopSpray","floor":6},{"not_picked":["Slimebound:TongueLash","Slimebound:ComboTackle"],"picked":"Slimebound:MegaLick","floor":8},{"not_picked":["Slimebound:SplitBruiser","Slimebound:MegaLick"],"picked":"Slimebound:ForwardTackle","floor":10},{"not_picked":["Slimebound:SlimeSpikes","Slimebound:SplitSpecialist"],"picked":"Slimebound:FlameTackle","floor":11},{"not_picked":["Slimebound:LeechingTouch","Slimebound:Nibble"],"picked":"Slimebound:LeadByExample","floor":12},{"not_picked":["Slimebound:HauntingLick","Slimebound:Schlurp"],"picked":"Slimebound:ViciousTackle","floor":13},{"not_picked":["Slimebound:SlimeBrawl","Slimebound:GoopSpray"],"picked":"Slimebound:SamplingLick","floor":14},{"not_picked":["Slimebound:SplitBruiser","Slimebound:SplitAcid"],"picked":"Slimebound:LivingWall","floor":15}],"player_experience":375697,"relics_obtained":[{"floor":1,"key":"Mirror"},{"floor":7,"key":"Nunchaku"},{"floor":14,"key":"Ancient Tea Set"}],"event_choices":[],"is_beta":false,"boss_relics":[],"items_purged_floors":[],"is_endless":false,"potions_floor_spawned":[1,2,8,10,12,15],"killed_by":"DF_ARCHETYPE_STREAMLINE","ascension_level":3}}