{"host":"fphx8wbbf0fkj0os","time":1612491073,"event":{"mods":["BaseMod","Bestiary","Colored Map","Colored Powertips","Dio Mod","Downfall","Hermit","Hubris","Infinite Spire","Minty Spire (QoL Compilation)","Rare Cards Sparkle","Relic Stats","Replay The Spire","Shop Mod","StSLib","The Blackbeard"],"gold_per_floor":[113,129,61,61,74,74,74,74],"floor_reached":7,"language":"ENG","playtime":325,"items_purged":[],"score":41,"play_id":"bea5ecd1-529e-46b1-a04c-911d9ddffa48","local_time":"20210205021113","is_ascension_mode":false,"campfire_choices":[{"data":"dioMod:TheWalk","floor":6,"key":"SMITH"}],"circlet_count":0,"master_deck":["dioMod:Strike","dioMod:Strike","dioMod:Strike","dioMod:Strike","Bite","dioMod:Defend","dioMod:Defend","dioMod:Defend","dioMod:BloodSuck","dioMod:DarkRebirth","dioMod:TheWalk+1"],"relics":["dioMod:VampireBlood","NeowsBlessing"],"acts_visited":["Exordium"],"potions_floor_usage":[],"damage_taken":[{"damage":0,"enemies":"2 Louse","floor":1,"turns":1},{"damage":0,"enemies":"Jaw Worm","floor":2,"turns":1},{"damage":0,"enemies":"Small Slimes","floor":5,"turns":1},{"damage":4,"enemies":"Replay:BlueRogue","floor":7,"turns":2}],"seed_played":"-6880013075451583507","potions_obtained":[{"floor":1,"key":"Swift Potion"},{"floor":5,"key":"PowerPotion"}],"is_trial":false,"path_per_floor":["M","M","$","?","M","R","E"],"character_chosen":"THE_DEFAULT","items_purchased":["dioMod:TheWalk"],"campfire_rested":0,"item_purchase_floors":[3],"current_hp_per_floor":[75,75,75,75,75,75,71,71],"gold":74,"neow_bonus":"THREE_ENEMY_KILL","is_daily":false,"chose_seed":false,"campfire_upgraded":1,"win_rate":0.0,"timestamp":1612491073,"path_taken":["M","M","$","?","M","R","E"],"items_purchased_type":["Card"],"build_version":"2020-11-29","purchased_purges":0,"victory":false,"max_hp_per_floor":[75,75,75,75,75,75,75,75],"relic_stats":{"counters":[4,5],"obtain_stats":[{"NeowsBlessing":0,"dioMod:VampireBlood":0},{"NeowsBlessing":0,"dioMod:VampireBlood":0},{"NeowsBlessing":0,"dioMod:VampireBlood":0}]},"card_choices":[{"not_picked":["dioMod:Pluck","dioMod:Minions"],"picked":"dioMod:BloodSuck","floor":1},{"not_picked":["dioMod:DaggerToss","dioMod:ComposedMuda"],"picked":"dioMod:DarkRebirth","floor":2},{"not_picked":["dioMod:FlyAway","dioMod:WRYYY","dioMod:TripleThreat"],"picked":"SKIP","floor":5},{"not_picked":["dioMod:FlyAway","dioMod:WRYYY","dioMod:TripleThreat"],"picked":"SKIP","floor":5},{"not_picked":["dioMod:FlyAway","dioMod:WRYYY","dioMod:TripleThreat"],"picked":"SKIP","floor":5}],"player_experience":0,"relics_obtained":[],"event_choices":[],"is_beta":false,"boss_relics":[],"items_purged_floors":[],"is_endless":false,"potions_floor_spawned":[1,5],"killed_by":"Replay:BlueRogue","ascension_level":0}}