{"host":"prxrhpgaxnj4om9r","time":1612535061,"event":{"mods":["AchievementEnabler","BaseMod","Minty Spire (QoL Compilation)"],"gold_per_floor":[111,111,131,206,216,247,247,281,281,281,281,306,306,58,58,184,184,198,198,55,73,99,133,154,154,206,206,246,269,347,363,363,363,363],"floor_reached":33,"language":"KOR","playtime":2163,"items_purged":[],"score":337,"play_id":"1c7b9d83-193d-4154-891a-2fe48fb1cbaf","local_time":"20210205232421","is_ascension_mode":true,"campfire_choices":[{"data":"Battle Trance","floor":7,"key":"SMITH"},{"floor":10,"key":"REST"},{"data":"Armaments","floor":13,"key":"SMITH"},{"data":"Body Slam","floor":15,"key":"SMITH"},{"floor":25,"key":"REST"},{"floor":32,"key":"REST"}],"circlet_count":0,"master_deck":["Strike_R","Strike_R","Strike_R","Strike_R","Strike_R","Defend_R","Defend_R","Defend_R","Bash","Thunderclap","Battle Trance+1","Iron Wave","Flex","Armaments+1","Body Slam+1","Clash","Fiend Fire","Sword Boomerang","Pommel Strike","Clash","Dropkick","Wild Strike","Fire Breathing","Clash","Ghostly Armor"],"relics":["Burning Blood","Tiny Chest","Ornamental Fan","Orichalcum","Golden Idol","ClockworkSouvenir","Busted Crown","Orrery","PreservedInsect","Boot","Anchor","InkBottle","Sundial"],"acts_visited":["Exordium","TheCity"],"potions_floor_usage":[6,6,8,8,16,33,33],"damage_taken":[{"damage":10,"enemies":"Small Slimes","floor":1,"turns":4},{"damage":11,"enemies":"Cultist","floor":3,"turns":4},{"damage":9,"enemies":"Jaw Worm","floor":5,"turns":3},{"damage":28,"enemies":"3 Sentries","floor":6,"turns":8},{"damage":34,"enemies":"Gremlin Nob","floor":8,"turns":5},{"damage":0,"enemies":"3 Louse","floor":12,"turns":3},{"damage":39,"enemies":"The Guardian","floor":16,"turns":8},{"damage":12,"enemies":"3 Byrds","floor":18,"turns":4},{"damage":1,"enemies":"Shell Parasite","floor":21,"turns":3},{"damage":43,"enemies":"Slavers","floor":23,"turns":5},{"damage":8,"enemies":"Chosen and Byrds","floor":24,"turns":4},{"damage":8,"enemies":"Colosseum Slavers","floor":27,"turns":3},{"damage":26,"enemies":"Gremlin Leader","floor":28,"turns":4},{"damage":17,"enemies":"Snake Plant","floor":29,"turns":3},{"damage":8,"enemies":"Snecko","floor":31,"turns":4},{"damage":117,"enemies":"Automaton","floor":33,"turns":8}],"seed_played":"-1558900563647255374","potions_obtained":[{"floor":0,"key":"HeartOfIron"},{"floor":0,"key":"Weak Potion"},{"floor":0,"key":"BloodPotion"},{"floor":6,"key":"SkillPotion"},{"floor":18,"key":"FairyPotion"},{"floor":24,"key":"GamblersBrew"},{"floor":31,"key":"Fire Potion"}],"is_trial":false,"path_per_floor":["M","?","M","?","M","E","R","E","T","R","?","M","R","$","R","B",null,"M","?","$","M","T","E","M","R","T","?","E","M","T","M","R","B"],"character_chosen":"IRONCLAD","items_purchased":["ClockworkSouvenir","Clash","AttackPotion","Orrery"],"campfire_rested":3,"item_purchase_floors":[14,14,14,20],"current_hp_per_floor":[76,76,71,60,57,51,51,23,23,47,47,53,53,53,53,20,74,68,68,68,73,73,36,34,56,56,54,34,23,23,21,43,0,0],"gold":363,"neow_bonus":"THREE_SMALL_POTIONS","is_daily":false,"chose_seed":false,"campfire_upgraded":3,"win_rate":0.0,"timestamp":1612535061,"path_taken":["M","?","?","?","M","E","R","E","T","R","?","M","R","?","R","BOSS","M","?","$","M","?","E","M","R","T","?","E","M","?","?","R","BOSS"],"items_purchased_type":["Relic","Card","Potion","Relic"],"build_version":"2020-12-22","purchased_purges":0,"victory":false,"max_hp_per_floor":[80,80,80,80,80,80,80,80,80,80,74,74,74,74,74,74,74,74,74,74,74,74,74,74,74,74,74,74,74,74,74,74,74,74],"card_choices":[{"not_picked":["Rupture","Body Slam"],"picked":"Thunderclap","floor":1},{"not_picked":["Thunderclap","Anger"],"picked":"Battle Trance","floor":3},{"not_picked":["Thunderclap","Whirlwind"],"picked":"Iron Wave","floor":5},{"not_picked":["Sever Soul","Battle Trance"],"picked":"Flex","floor":6},{"not_picked":["Juggernaut","Dark Embrace"],"picked":"Armaments","floor":8},{"not_picked":["Uppercut","Armaments"],"picked":"Body Slam","floor":12},{"not_picked":["Demon Form","Brutality"],"picked":"Fiend Fire","floor":16},{"not_picked":[],"picked":"Sword Boomerang","floor":18},{"not_picked":[],"picked":"Clash","floor":20},{"not_picked":[],"picked":"Dropkick","floor":20},{"not_picked":[],"picked":"Wild Strike","floor":20},{"not_picked":["Wild Strike"],"picked":"SKIP","floor":21},{"not_picked":[],"picked":"Fire Breathing","floor":23},{"not_picked":[],"picked":"Clash","floor":24},{"not_picked":["Corruption"],"picked":"SKIP","floor":28},{"not_picked":[],"picked":"Ghostly Armor","floor":29},{"not_picked":["Evolve"],"picked":"SKIP","floor":31}],"player_experience":270813,"relics_obtained":[{"floor":6,"key":"Tiny Chest"},{"floor":8,"key":"Ornamental Fan"},{"floor":9,"key":"Orichalcum"},{"floor":22,"key":"PreservedInsect"},{"floor":23,"key":"Boot"},{"floor":26,"key":"Anchor"},{"floor":28,"key":"InkBottle"},{"floor":30,"key":"Sundial"}],"event_choices":[{"cards_removed":["Defend_R"],"damage_healed":0,"gold_gain":0,"player_choice":"Purged","damage_taken":0,"max_hp_gain":0,"max_hp_loss":0,"event_name":"Purifier","floor":2,"gold_loss":0},{"damage_healed":0,"gold_gain":75,"player_choice":"Gather Gold","damage_taken":11,"max_hp_gain":0,"max_hp_loss":0,"event_name":"World of Goop","floor":4,"gold_loss":0},{"damage_healed":0,"gold_gain":0,"player_choice":"Lose Max HP","damage_taken":0,"relics_obtained":["Golden Idol"],"max_hp_gain":0,"max_hp_loss":6,"event_name":"Golden Idol","floor":11,"gold_loss":0},{"damage_healed":0,"gold_gain":0,"player_choice":"Read","damage_taken":0,"max_hp_gain":0,"max_hp_loss":0,"event_name":"The Library","floor":19,"gold_loss":0,"cards_obtained":["Pommel Strike"]},{"damage_healed":0,"gold_gain":0,"player_choice":"Fight","damage_taken":0,"max_hp_gain":0,"max_hp_loss":0,"event_name":"Colosseum","floor":27,"gold_loss":0},{"damage_healed":0,"gold_gain":0,"player_choice":"Fled From Nobs","damage_taken":0,"max_hp_gain":0,"max_hp_loss":0,"event_name":"Colosseum","floor":27,"gold_loss":0}],"is_beta":false,"boss_relics":[{"not_picked":["Empty Cage","Philosopher\u0027s Stone"],"picked":"Busted Crown"}],"items_purged_floors":[],"is_endless":false,"potions_floor_spawned":[5,6,18,24,27,31],"killed_by":"Automaton","ascension_level":3}}