{"host":"0k696jvpnlqjk4gh","time":1612548880,"event":{"mods":["AchievementEnabler","BaseMod","Colored Map","Colored Powertips","Minty Spire (QoL Compilation)","Quick Restart"],"gold_per_floor":[116,48,60,76,7,34,34,34,34,95,60,60,60,73,73,178,228,208,123,123,46,59,89,89,102,102,102,102,102,202,221,221,221,221],"floor_reached":33,"language":"ENG","playtime":4881,"items_purged":[],"score":338,"play_id":"9859952f-7d26-45ad-a850-a4e723eddccb","local_time":"20210205181440","is_ascension_mode":true,"campfire_choices":[{"floor":8,"key":"REST"},{"floor":15,"key":"REST"},{"floor":27,"key":"REST"},{"floor":29,"key":"REST"},{"floor":32,"key":"REST"}],"circlet_count":0,"master_deck":["Strike_B","Strike_B","Strike_B","Defend_B","Defend_B","Defend_B","Defend_B+1","Zap","Dualcast+1","Storm","Rainbow","Loop","Doom and Gloom+1","Meteor Strike+1","Capacitor","Ghostly","Ghostly+1","Ghostly","Ghostly","Ghostly","Chaos","Hello World+1","Steam","Doom and Gloom+1","Beam Cell+1"],"relics":["Nuclear Battery","Symbiotic Virus","Molten Egg 2","Letter Opener","Pantograph","Tiny House","Vajra","War Paint","Mango","Bottled Flame"],"acts_visited":["Exordium","TheCity"],"potions_floor_usage":[1,10,18,23,23,25,30,33,33],"damage_taken":[{"damage":0,"enemies":"Small Slimes","floor":1,"turns":3},{"damage":0,"enemies":"Cultist","floor":3,"turns":4},{"damage":0,"enemies":"2 Louse","floor":4,"turns":4},{"damage":64,"enemies":"Gremlin Nob","floor":6,"turns":5},{"damage":33,"enemies":"Lagavulin Event","floor":10,"turns":7},{"damage":0,"enemies":"2 Fungi Beasts","floor":14,"turns":3},{"damage":45,"enemies":"Slime Boss","floor":16,"turns":10},{"damage":19,"enemies":"2 Thieves","floor":18,"turns":4},{"damage":14,"enemies":"Shell Parasite","floor":22,"turns":5},{"damage":27,"enemies":"Slavers","floor":23,"turns":5},{"damage":0,"enemies":"Centurion and Healer","floor":25,"turns":8},{"damage":0,"enemies":"Colosseum Slavers","floor":30,"turns":5},{"damage":0,"enemies":"Colosseum Nobs","floor":30,"turns":5},{"damage":0,"enemies":"3 Cultists","floor":31,"turns":4},{"damage":67,"enemies":"Champ","floor":33,"turns":9}],"seed_played":"-8017808492893974684","potions_obtained":[{"floor":1,"key":"Fruit Juice"},{"floor":6,"key":"ColorlessPotion"},{"floor":14,"key":"GamblersBrew"},{"floor":16,"key":"Explosive Potion"},{"floor":17,"key":"Energy Potion"},{"floor":23,"key":"BlessingOfTheForge"},{"floor":25,"key":"LiquidMemories"},{"floor":30,"key":"SkillPotion"},{"floor":31,"key":"EssenceOfDarkness"}],"is_trial":false,"path_per_floor":["M","?","M","M","$","E","$","R","T","?","?","?","$","M","R","B",null,"M","?","?","$","M","E","?","M","T","R","$","R","?","M","R","B"],"character_chosen":"DEFECT","items_purchased":["Rainbow","Chaos"],"campfire_rested":5,"item_purchase_floors":[5,21],"current_hp_per_floor":[80,80,80,80,80,16,16,40,40,7,27,53,53,53,77,35,85,66,66,42,42,28,1,1,1,1,13,13,25,39,39,55,0,0],"gold":221,"neow_bonus":"BOSS_RELIC","is_daily":false,"chose_seed":false,"campfire_upgraded":0,"win_rate":0.0,"timestamp":1612548880,"path_taken":["M","?","M","?","?","E","$","R","T","?","?","?","$","M","R","BOSS","M","?","?","$","M","E","?","?","T","R","$","R","?","M","R","BOSS"],"items_purchased_type":["Card","Card"],"build_version":"2020-12-22","purchased_purges":0,"victory":false,"max_hp_per_floor":[80,80,80,80,80,80,80,80,80,80,80,80,80,80,80,80,85,85,85,42,42,42,42,42,42,42,42,42,42,56,56,56,56,56],"card_choices":[{"not_picked":["Reinforced Body","Steam","Barrage"],"picked":"SKIP","floor":1},{"not_picked":["Stack","Blizzard"],"picked":"Storm","floor":3},{"not_picked":["Sweeping Beam","Go for the Eyes","Barrage"],"picked":"SKIP","floor":4},{"not_picked":["Coolheaded","Cold Snap+1"],"picked":"Loop","floor":6},{"not_picked":["Redo","Hologram"],"picked":"Doom and Gloom+1","floor":10},{"not_picked":["Genetic Algorithm","All For One+1","Beam Cell+1"],"picked":"SKIP","floor":14},{"not_picked":["Biased Cognition","All For One+1"],"picked":"Meteor Strike+1","floor":16},{"not_picked":["Cold Snap+1","Beam Cell+1"],"picked":"Capacitor","floor":17},{"not_picked":["Rebound+1","Coolheaded","Sweeping Beam+1"],"picked":"SKIP","floor":18},{"not_picked":["Stack","Leap"],"picked":"Hello World+1","floor":22},{"not_picked":["Go for the Eyes+1","Hologram","Coolheaded+1"],"picked":"SKIP","floor":23},{"not_picked":["Leap","Go for the Eyes+1"],"picked":"Doom and Gloom+1","floor":25},{"not_picked":["Turbo","Thunder Strike+1"],"picked":"Beam Cell+1","floor":31}],"player_experience":174668,"relics_obtained":[{"floor":6,"key":"Molten Egg 2"},{"floor":9,"key":"Letter Opener"},{"floor":10,"key":"Pantograph"},{"floor":23,"key":"War Paint"},{"floor":30,"key":"Mango"},{"floor":30,"key":"Bottled Flame"}],"event_choices":[{"damage_healed":0,"gold_gain":0,"player_choice":"Paid Gold","damage_taken":0,"relics_obtained":["Symbiotic Virus"],"max_hp_gain":0,"max_hp_loss":0,"event_name":"WeMeetAgain","floor":2,"gold_loss":68},{"damage_healed":0,"gold_gain":0,"player_choice":"Searched \u00271\u0027 times","damage_taken":0,"max_hp_gain":0,"max_hp_loss":0,"event_name":"Dead Adventurer","floor":10,"gold_loss":0},{"damage_healed":20,"gold_gain":0,"player_choice":"Healed","damage_taken":0,"max_hp_gain":0,"max_hp_loss":0,"event_name":"The Cleric","floor":11,"gold_loss":35},{"damage_healed":26,"gold_gain":0,"player_choice":"Banana","damage_taken":0,"max_hp_gain":0,"max_hp_loss":0,"event_name":"Big Fish","floor":12,"gold_loss":0},{"damage_healed":0,"gold_gain":0,"player_choice":"Obtained Relic","damage_taken":0,"relics_obtained":["Vajra"],"max_hp_gain":0,"max_hp_loss":0,"event_name":"Addict","floor":19,"gold_loss":85},{"damage_healed":0,"gold_gain":0,"player_choice":"Became a Ghost","damage_taken":0,"max_hp_gain":0,"max_hp_loss":43,"event_name":"Ghosts","floor":20,"gold_loss":0,"cards_obtained":["Ghostly","Ghostly","Ghostly","Ghostly","Ghostly"]},{"damage_healed":0,"gold_gain":0,"cards_transformed":["Strike_B"],"player_choice":"Transformed","damage_taken":0,"max_hp_gain":0,"max_hp_loss":0,"event_name":"Transmorgrifier","floor":24,"gold_loss":0,"cards_obtained":["Steam"]},{"damage_healed":0,"gold_gain":0,"player_choice":"Fight","damage_taken":0,"max_hp_gain":0,"max_hp_loss":0,"event_name":"Colosseum","floor":30,"gold_loss":0},{"damage_healed":0,"gold_gain":0,"player_choice":"Fought Nobs","damage_taken":0,"max_hp_gain":0,"max_hp_loss":0,"event_name":"Colosseum","floor":30,"gold_loss":0}],"is_beta":false,"boss_relics":[{"not_picked":["Coffee Dripper","Snecko Eye"],"picked":"Tiny House"}],"items_purged_floors":[],"is_endless":false,"potions_floor_spawned":[1,6,14,16,23,25,30,30,31],"killed_by":"Champ","ascension_level":4}}