{"host":"jlcm6ljyvzfcs06u","time":1612503670,"event":{"mods":["Act Like it!","BaseMod","Better Note","Better Vampires","Downfall","Gensokyo","Hallownest","Jorbs\u0027s Wanderer Trilogy","Marisa£®ÏF”Í°°ƒß¿Ì…≥£©","Minty Spire (QoL Compilation)","Rare Cards Sparkle","Reimu£®≤©¿ˆ¡È√Œ£©","StSLib","The Construct","The Cursed","The Hierophant","The Servant 0.9.4","UnlockEverythingMod","Yakumo Yukari mod"],"gold_per_floor":[0,20,34,51,68,83,138,202,202,232,251,251,271,287,301,405,405,405,422,272,286,40,54,54,68,94,105,131,43,43,43,43,43],"floor_reached":31,"language":"ZHS","playtime":2973,"items_purged":["hexamod:Strike"],"score":333,"play_id":"a8c85bb2-42b4-47ad-9ef3-5fe203111b5e","local_time":"20210205134110","is_ascension_mode":false,"campfire_choices":[{"data":"hexamod:Sear","floor":1,"key":"SMITH"},{"data":"hexamod:FastForward","floor":9,"key":"SMITH"},{"data":"hexamod:GhostOfSpireFuture","floor":12,"key":"SMITH"},{"data":"hexamod:HexaLevel","floor":18,"key":"SMITH"}],"circlet_count":0,"master_deck":["hexamod:Strike","hexamod:Strike","hexamod:Defend","hexamod:Defend","hexamod:Defend","hexamod:Sear+1","hexamod:Float","hexamod:SoulSteal","hexamod:ChargedBarrage","hexamod:GhostOfSpireFuture+1","hexamod:FastForward+1","hexamod:PhantomFireball","hexamod:DynamicBlow","hexamod:BurningTouch","hexamod:StepThrough","hexamod:HexaLevel+1","hexamod:HeatShield+1","hexamod:VolcanoVisage","hexamod:RetreatToShadows+1","hexamod:PhantomCloak","hexamod:HeatCrush"],"relics":["hexamod:SpiritBrand","Anchor","hexamod:InflammatoryLetter","Toy Ornithopter","construct:ClawGrip","Strawberry","HornCleat","Pear","Art of War"],"acts_visited":["Exordium","TheCity"],"potions_floor_usage":[8,11,16,25,25,26],"damage_taken":[{"damage":0,"enemies":"Cultist","floor":2,"turns":3},{"damage":0,"enemies":"Small Slimes","floor":3,"turns":3},{"damage":1,"enemies":"Jaw Worm","floor":4,"turns":3},{"damage":6,"enemies":"Lots of Slimes","floor":5,"turns":4},{"damage":10,"enemies":"Exordium Thugs","floor":6,"turns":3},{"damage":20,"enemies":"Lagavulin Event","floor":8,"turns":6},{"damage":14,"enemies":"Lagavulin","floor":10,"turns":6},{"damage":0,"enemies":"3 Louse","floor":11,"turns":3},{"damage":0,"enemies":"2 Fungi Beasts","floor":13,"turns":3},{"damage":0,"enemies":"Lots of Slimes","floor":14,"turns":3},{"damage":0,"enemies":"3 Louse","floor":15,"turns":2},{"damage":8,"enemies":"SI_SHIV_ARCHETYPE","floor":16,"turns":6},{"damage":0,"enemies":"Spheric Guardian","floor":19,"turns":2},{"damage":22,"enemies":"Snake Plant","floor":21,"turns":5},{"damage":0,"enemies":"downfall:FleeingMerchant","floor":22,"turns":4},{"damage":3,"enemies":"Snecko","floor":23,"turns":7},{"damage":8,"enemies":"Cultist and Chosen","floor":25,"turns":7},{"damage":33,"enemies":"Book of Stabbing","floor":26,"turns":8},{"damage":10,"enemies":"Centurion and Healer","floor":27,"turns":6},{"damage":39,"enemies":"Slavers","floor":28,"turns":8},{"damage":0,"enemies":"downfall:FleeingMerchant","floor":29,"turns":4},{"damage":17,"enemies":"Snecko","floor":31,"turns":3}],"seed_played":"-3396575672404187835","potions_obtained":[{"floor":2,"key":"Strength Potion"},{"floor":4,"key":"Regen Potion"},{"floor":8,"key":"Fire Potion"},{"floor":11,"key":"LiquidMemories"},{"floor":13,"key":"bronze:BurnAndBuffPotion"},{"floor":19,"key":"Fire Potion"},{"floor":21,"key":"Fruit Juice"},{"floor":28,"key":"Fire Potion"}],"is_trial":false,"path_per_floor":["R","M","M","M","M","M","T","?","R","E","M","R","M","M","M","B",null,"R","M","?","M","$","M","T","M","E","M","E","$","?","M"],"character_chosen":"THE_SPIRIT","items_purchased":["Strawberry","Guardian:BlockOnCardUsePotion"],"campfire_rested":0,"item_purchase_floors":[22,29],"current_hp_per_floor":[70,70,70,69,63,53,53,48,48,34,39,39,39,39,39,36,70,70,70,80,58,65,62,62,69,51,41,2,2,2,0,0,0],"gold":43,"neow_bonus":"REMOVE_TWO","is_daily":false,"chose_seed":false,"campfire_upgraded":4,"win_rate":0.0,"timestamp":1612503670,"path_taken":["R","M","?","M","M","M","T","?","R","E","M","R","M","M","M","BOSS","R","M","?","M","$","?","T","M","E","M","E","$","?","M"],"items_purchased_type":["Relic","Potion"],"build_version":"2020-12-22","purchased_purges":1,"victory":false,"max_hp_per_floor":[70,70,70,70,70,70,70,70,70,70,70,70,70,70,70,70,70,70,70,80,80,87,87,87,92,102,102,102,102,102,102,102,102],"card_choices":[{"not_picked":["hexamod:SpectersWail","hexamod:SwordOfDarkness"],"picked":"hexamod:SoulSteal","floor":2},{"not_picked":["hexamod:HeatMetal","hexamod:ThirdSeal"],"picked":"hexamod:ChargedBarrage","floor":3},{"not_picked":["hexamod:BacktrackSmack","hexamod:ThirdSeal","hexamod:Firestarter"],"picked":"SKIP","floor":4},{"not_picked":["hexamod:Haunt","hexamod:Hexaguard"],"picked":"hexamod:GhostOfSpireFuture","floor":5},{"not_picked":["hexamod:GhostOfSpireFuture","hexamod:ThermalTransfer"],"picked":"hexamod:FastForward","floor":6},{"not_picked":["hexamod:ThermalTransfer","hexamod:Firestarter"],"picked":"hexamod:PhantomFireball","floor":8},{"not_picked":["hexamod:Firestarter","hexamod:FirstSeal","hexamod:PhantomFireball"],"picked":"SKIP","floor":10},{"not_picked":["hexamod:ThermalTransfer","hexamod:ChargedBarrage","hexamod:Hexaguard"],"picked":"SKIP","floor":11},{"not_picked":["hexamod:SwordOfDarkness","hexamod:Haunt"],"picked":"hexamod:DynamicBlow","floor":13},{"not_picked":["hexamod:DynamicBlow","hexamod:ThermalTransfer"],"picked":"hexamod:BurningTouch","floor":14},{"not_picked":["hexamod:SwordOfDarkness","hexamod:UnleashSpirits"],"picked":"hexamod:StepThrough","floor":15},{"not_picked":["hexamod:SixthSeal","hexamod:UnleashSpirits"],"picked":"hexamod:HexaLevel","floor":16},{"not_picked":["hexamod:InspiringFlames+1","hexamod:BurningTouch+1"],"picked":"hexamod:HeatShield+1","floor":19},{"not_picked":["hexamod:SecondSeal","hexamod:ShieldOfDarkness","hexamod:CatchUp+1"],"picked":"SKIP","floor":21},{"not_picked":["hexamod:SwordOfDarkness+1","hexamod:GiftsFromTheDead"],"picked":"hexamod:VolcanoVisage","floor":22},{"not_picked":["hexamod:NecessarySacrifice","hexamod:SkipABeat+1"],"picked":"hexamod:RetreatToShadows+1","floor":23},{"not_picked":["hexamod:GhostLash+1","hexamod:EtherealExpedition+1"],"picked":"hexamod:PhantomCloak","floor":25},{"not_picked":["hexamod:GhostLash","hexamod:BacktrackSmack"],"picked":"hexamod:HeatCrush","floor":26},{"not_picked":["hexamod:DynamicBlow+1","hexamod:BacktrackSmack","hexamod:Hexaguard"],"picked":"SKIP","floor":27},{"not_picked":["hexamod:NecessarySacrifice+1","hexamod:SoulSteal","hexamod:NightmareGuise"],"picked":"SKIP","floor":28},{"not_picked":["hexamod:Haunt","hexamod:AdvancingGuard","hexamod:FlamesFromBeyond+1"],"picked":"SKIP","floor":29}],"player_experience":273001,"relics_obtained":[{"floor":7,"key":"Anchor"},{"floor":8,"key":"hexamod:InflammatoryLetter"},{"floor":10,"key":"Toy Ornithopter"},{"floor":24,"key":"HornCleat"},{"floor":26,"key":"Pear"},{"floor":28,"key":"Art of War"}],"event_choices":[],"is_beta":false,"boss_relics":[{"not_picked":["SlaversCollar","Calling Bell"],"picked":"construct:ClawGrip"}],"items_purged_floors":[22],"is_endless":false,"potions_floor_spawned":[2,4,8,11,13,19,21,28],"killed_by":"Snecko","ascension_level":0}}