{"host":"fnk117zi8wf5078t","time":1612536399,"event":{"mods":["AchievementEnabler","BaseMod","Colored Map","Minty Spire (QoL Compilation)","Rare Cards Sparkle","SuperFastMode","everything is the same but u backflip on backflip"],"gold_per_floor":[117,134,95,95,95,95,113,213,213,228,39,77,77,96,96,220,220,243,18,42,42,58,58,78,78,78,78,78,78],"floor_reached":28,"language":"KOR","playtime":612,"items_purged":[],"score":338,"play_id":"8d5747a0-1272-4719-9d75-39f5a7975ac9","local_time":"20210205234639","is_ascension_mode":true,"campfire_choices":[{"floor":6.0,"key":"REST"},{"floor":13.0,"key":"REST"},{"floor":15.0,"key":"REST"},{"floor":23.0,"key":"REST"}],"circlet_count":0,"master_deck":["AscendersBane","Strike_B","Strike_B","Strike_B","Strike_B","Defend_B","Defend_B","Defend_B","Defend_B","Zap","Dualcast","Violence","Sweeping Beam","Gash","Melter","Go for the Eyes","Genetic Algorithm","BootSequence","Hyperbeam","Gash","Machine Learning","Scrape","Turbo","FTL+1","All For One"],"relics":["Cracked Core","Bloody Idol","Ice Cream","Question Card","Nunchaku","Singing Bowl","Black Star","PreservedInsect","Kunai"],"acts_visited":["Exordium","TheCity"],"potions_floor_usage":[],"damage_taken":[{"damage":1.0,"enemies":"2 Louse","floor":1.0,"turns":2.0},{"damage":0.0,"enemies":"Small Slimes","floor":2.0,"turns":2.0},{"damage":1.0,"enemies":"Cultist","floor":7.0,"turns":3.0},{"damage":22.0,"enemies":"Gremlin Gang","floor":10.0,"turns":3.0},{"damage":14.0,"enemies":"Lagavulin","floor":12.0,"turns":7.0},{"damage":0.0,"enemies":"Red Slaver","floor":14.0,"turns":3.0},{"damage":41.0,"enemies":"Hexaghost","floor":16.0,"turns":9.0},{"damage":1.0,"enemies":"Spheric Guardian","floor":18.0,"turns":3.0},{"damage":12.0,"enemies":"Chosen","floor":20.0,"turns":5.0},{"damage":33.0,"enemies":"Snake Plant","floor":22.0,"turns":4.0},{"damage":24.0,"enemies":"Centurion and Healer","floor":24.0,"turns":4.0},{"damage":16,"enemies":"Book of Stabbing","floor":28,"turns":3}],"seed_played":"6445834530372722642","potions_obtained":[{"floor":1.0,"key":"LiquidMemories"},{"floor":10.0,"key":"Fire Potion"},{"floor":12.0,"key":"Fire Potion"},{"floor":14.0,"key":"PowerPotion"},{"floor":18.0,"key":"Strength Potion"}],"is_trial":false,"path_per_floor":["M","M","$","?","?","R","M","?","T","M","$","E","R","M","R","B",null,"M","$","M","$","M","R","M","?","T","?","E"],"character_chosen":"DEFECT","items_purchased":["Melter","BootSequence","Nunchaku","Scrape","PreservedInsect"],"campfire_rested":4,"item_purchase_floors":[3,11,11,19,19],"current_hp_per_floor":[49,49,49,31,19,41,40,40,40,18,18,4,26,26,48,7,58,59,59,47,47,14,37,13,13,13,13,0,0],"gold":78,"neow_bonus":"RANDOM_COLORLESS_2","is_daily":false,"chose_seed":false,"campfire_upgraded":0,"win_rate":0.0,"timestamp":1612536399,"path_taken":["M","M","$","?","?","R","M","?","T","M","$","E","R","?","R","BOSS","M","$","?","?","?","R","M","?","T","?","E"],"items_purchased_type":["Card","Card","Relic","Card","Relic"],"build_version":"2020-12-22","purchased_purges":0,"victory":false,"max_hp_per_floor":[75,75,75,75,75,75,75,75,75,75,75,75,75,75,75,75,75,77,77,77,77,77,77,77,77,77,77,77,77],"card_choices":[{"not_picked":["Sadistic Nature","The Bomb"],"picked":"Violence","floor":0.0},{"not_picked":["Hologram","Leap"],"picked":"Sweeping Beam","floor":1.0},{"not_picked":["Compile Driver","Stack"],"picked":"Gash","floor":2.0},{"not_picked":["Force Field","Rebound"],"picked":"Go for the Eyes","floor":7.0},{"not_picked":["Aggregate","Undo","Tempest"],"picked":"Genetic Algorithm","floor":10.0},{"not_picked":["Rebound","Steam Power","Leap"],"picked":"Hyperbeam","floor":12.0},{"not_picked":["Auto Shields","Cold Snap","Leap"],"picked":"Gash","floor":14.0},{"not_picked":["Buffer","Rainbow","Thunder Strike"],"picked":"Machine Learning","floor":16.0},{"not_picked":["Static Discharge","Cold Snap","Conserve Battery+1","Redo"],"picked":"Singing Bowl","floor":18.0},{"not_picked":["Undo","Defragment","Storm+1"],"picked":"Turbo","floor":20.0},{"not_picked":["Go for the Eyes","Sweeping Beam","Steam"],"picked":"FTL+1","floor":22.0},{"not_picked":["Leap+1","Undo","Steam"],"picked":"All For One","floor":24.0}],"player_experience":425337,"relics_obtained":[{"floor":9.0,"key":"Question Card"},{"floor":12.0,"key":"Singing Bowl"},{"floor":26.0,"key":"Kunai"}],"event_choices":[{"damage_healed":0.0,"max_hp_gain":0.0,"max_hp_loss":0.0,"gold_gain":0.0,"event_name":"Golden Idol","player_choice":"Take Damage","floor":4.0,"gold_loss":0.0,"damage_taken":18.0,"relics_obtained":["Golden Idol"]},{"damage_healed":0.0,"max_hp_gain":0.0,"max_hp_loss":0.0,"gold_gain":0.0,"event_name":"Scrap Ooze","player_choice":"Success","floor":5.0,"gold_loss":0.0,"damage_taken":12.0,"relics_obtained":["Ice Cream"]},{"damage_healed":0.0,"max_hp_gain":0.0,"max_hp_loss":0.0,"gold_gain":100.0,"event_name":"Golden Shrine","player_choice":"Pray","floor":8.0,"gold_loss":0.0,"damage_taken":0.0},{"damage_healed":0.0,"max_hp_gain":0.0,"max_hp_loss":0.0,"gold_gain":0.0,"event_name":"Cursed Tome","player_choice":"Ignored","floor":25.0,"gold_loss":0.0,"damage_taken":0.0},{"damage_healed":0.0,"max_hp_gain":0.0,"max_hp_loss":0.0,"gold_gain":0.0,"event_name":"Forgotten Altar","player_choice":"Gave Idol","floor":27.0,"relics_lost":["Golden Idol"],"gold_loss":0.0,"damage_taken":0.0,"relics_obtained":["Bloody Idol"]}],"is_beta":false,"boss_relics":[{"not_picked":["Empty Cage","Astrolabe"],"picked":"Black Star"}],"items_purged_floors":[],"is_endless":false,"potions_floor_spawned":[1,10,12,14,18],"killed_by":"Book of Stabbing","ascension_level":11}}