{"host":"osk2oboccoevp2u5","time":1612491625,"event":{"mods":["AchievementEnabler","Alarm Clock","BaseMod","Colored Powertips","Disable Question Mark Monsters","Displayed Cursed Tome","Key Reminder","Koishi","Minty Spire (QoL Compilation)","Potion Indicator Mod","Quick Restart","Rare Cards Sparkle","Reorder Act Four","StSLib","Useless Jewels Mod"],"gold_per_floor":[118,136,154,229,0,0,18,18,18,29,29,48,48,76,76,76,76],"floor_reached":16,"language":"ENG","playtime":827,"items_purged":["Koishi:BasicStrike"],"score":112,"play_id":"9237c51e-44a2-443a-8ab2-330b31c80f82","local_time":"20210204222025","is_ascension_mode":true,"campfire_choices":[{"floor":6,"key":"REST"},{"floor":8,"key":"REST"},{"floor":11,"key":"REST"},{"data":"Koishi:YoukaiPolygraph","floor":15,"key":"SMITH"}],"circlet_count":0,"master_deck":["Koishi:BasicStrike","Koishi:BasicStrike","Koishi:BasicStrike","Koishi:BasicDefend","Koishi:BasicDefend","Koishi:BasicDefend","Koishi:BasicDefend","Koishi:Provoke","Koishi:HauntingSlash","The Bomb","Koishi:BloodcurdlingScream","Koishi:StingingMind","Koishi:PredatoryInstincts","Koishi:PerfectMindControl","Koishi:YoukaiPolygraph+1"],"relics":["Koishi:ImaginaryFriend","ClockworkSouvenir","Anchor","Mummified Hand"],"acts_visited":["Exordium"],"potions_floor_usage":[16,16,16],"damage_taken":[{"damage":10,"enemies":"Small Slimes","floor":1,"turns":3},{"damage":8,"enemies":"2 Louse","floor":2,"turns":2},{"damage":2,"enemies":"Jaw Worm","floor":3,"turns":4},{"damage":7,"enemies":"Lots of Slimes","floor":7,"turns":2},{"damage":7,"enemies":"Looter","floor":10,"turns":3},{"damage":0,"enemies":"3 Louse","floor":12,"turns":1},{"damage":24,"enemies":"Gremlin Nob","floor":14,"turns":6},{"damage":38,"enemies":"Hexaghost","floor":16,"turns":13}],"seed_played":"3409633240409559890","potions_obtained":[{"floor":1,"key":"GamblersBrew"},{"floor":7,"key":"SpeedPotion"},{"floor":12,"key":"Swift Potion"},{"floor":14,"key":"Block Potion"}],"is_trial":false,"path_per_floor":["M","M","M","?","$","R","M","R","T","M","R","M","?","E","R","B"],"character_chosen":"KOISHI","items_purchased":["ClockworkSouvenir"],"campfire_rested":3,"item_purchase_floors":[5],"current_hp_per_floor":[33,25,25,14,14,32,25,43,43,41,59,59,59,44,44,6,6],"gold":76,"neow_bonus":"RANDOM_COLORLESS_2","is_daily":false,"chose_seed":false,"campfire_upgraded":1,"win_rate":0.0,"timestamp":1612491625,"path_taken":["M","M","M","?","$","R","M","R","T","M","R","M","?","E","R","BOSS"],"items_purchased_type":["Relic"],"build_version":"2020-12-22","purchased_purges":1,"victory":false,"max_hp_per_floor":[60,60,60,60,60,60,60,60,60,60,60,60,60,60,60,60,60],"card_choices":[{"not_picked":["Mayhem","Chrysalis"],"picked":"The Bomb","floor":0},{"not_picked":["Koishi:EmbersOfLove","Koishi:ReflexRadar"],"picked":"Koishi:BloodcurdlingScream","floor":1},{"not_picked":["Koishi:YoukaiPolygraph","Koishi:SubconsciousSweep","Koishi:SpiritedAway"],"picked":"SKIP","floor":2},{"not_picked":["Koishi:UnconsciousUrges","Koishi:BloodcurdlingScream"],"picked":"Koishi:StingingMind","floor":3},{"not_picked":["Koishi:Jaunt","Koishi:RorschachInDanmaku"],"picked":"Koishi:PredatoryInstincts","floor":7},{"not_picked":["Koishi:CatchAndRose","Koishi:BloodcurdlingScream","Koishi:StingingMind"],"picked":"SKIP","floor":10},{"not_picked":["Koishi:Possession","Koishi:PhantomStrike"],"picked":"Koishi:PerfectMindControl","floor":12},{"not_picked":["Koishi:PhantomBarrier","Koishi:SpiritedAway"],"picked":"Koishi:YoukaiPolygraph","floor":14}],"player_experience":955788,"relics_obtained":[{"floor":9,"key":"Anchor"},{"floor":14,"key":"Mummified Hand"}],"event_choices":[{"damage_healed":0,"gold_gain":75,"player_choice":"Gather Gold","damage_taken":11,"max_hp_gain":0,"max_hp_loss":0,"event_name":"World of Goop","floor":4,"gold_loss":0},{"damage_healed":0,"gold_gain":0,"player_choice":"Leave","damage_taken":0,"max_hp_gain":0,"max_hp_loss":0,"event_name":"The Cleric","floor":13,"gold_loss":0}],"is_beta":false,"boss_relics":[],"items_purged_floors":[5],"is_endless":false,"potions_floor_spawned":[1,7,12,14],"killed_by":"Hexaghost","ascension_level":2}}