{"host":"fj5i6t4nkss7815d","time":1612484121,"event":{"mods":["AchievementEnabler","BaseMod","Minty Spire (QoL Compilation)","Quick Restart","Relic Stats"],"gold_per_floor":[115,115,190,190,210,210,289,324,402,415,443,46,65,65,65,65,65],"floor_reached":16,"language":"ENG","playtime":581,"items_purged":["Strike_G"],"score":253,"play_id":"bd9f977c-912a-46f4-b679-e533af62b2c9","local_time":"20210204161521","is_ascension_mode":true,"campfire_choices":[{"floor":6.0,"key":"REST"},{"data":"Eviscerate","floor":15.0,"key":"SMITH"}],"circlet_count":0,"master_deck":["AscendersBane","Strike_G","Strike_G","Strike_G","Defend_G","Defend_G","Defend_G","Defend_G+1","Defend_G","Survivor","Neutralize+1","Riddle With Holes","Dagger Spray","All Out Attack","Eviscerate+1"],"relics":["Ring of the Snake","NeowsBlessing","Meat on the Bone","Pantograph","Eternal Feather","Turnip","Tingsha","Centennial Puzzle"],"acts_visited":["Exordium"],"potions_floor_usage":[16],"damage_taken":[{"damage":0.0,"enemies":"Jaw Worm","floor":1.0,"turns":1.0},{"damage":0.0,"enemies":"Small Slimes","floor":5.0,"turns":1.0},{"damage":0.0,"enemies":"Gremlin Nob","floor":8.0,"turns":1.0},{"damage":0.0,"enemies":"2 Louse","floor":10.0,"turns":3.0},{"damage":17.0,"enemies":"3 Sentries","floor":11.0,"turns":9.0},{"damage":11.0,"enemies":"Exordium Thugs","floor":13.0,"turns":6.0},{"damage":55,"enemies":"Hexaghost","floor":16,"turns":11}],"seed_played":"7128032575073791242","potions_obtained":[{"floor":1.0,"key":"SkillPotion"},{"floor":10.0,"key":"DistilledChaos"}],"is_trial":false,"path_per_floor":["M","?","?","?","M","R","T","E","T","M","E","$","M","?","R","B"],"character_chosen":"THE_SILENT","items_purchased":["Tingsha"],"campfire_rested":1,"item_purchase_floors":[12],"current_hp_per_floor":[59,39,28,21,21,40,40,40,40,40,35,35,36,31,40,10,10],"gold":65,"neow_bonus":"THREE_ENEMY_KILL","is_daily":false,"chose_seed":false,"campfire_upgraded":1,"win_rate":0.0,"timestamp":1612484121,"path_taken":["M","?","?","?","M","R","?","E","T","M","E","$","M","?","R","BOSS"],"items_purchased_type":["Relic"],"build_version":"2020-12-22","purchased_purges":1,"victory":false,"max_hp_per_floor":[66,66,66,66,66,66,66,66,66,66,66,66,66,66,66,66,66],"relic_stats":{"Centennial Puzzle":[3],"counters":[7,32],"Pantograph":25,"Eternal Feather":9,"Tingsha":[27],"Turnip":[0],"obtain_stats":[{"Centennial Puzzle":14,"NeowsBlessing":0,"Pantograph":8,"Eternal Feather":9,"Tingsha":12,"Turnip":11,"Ring of the Snake":0,"Meat on the Bone":7},{"Centennial Puzzle":6,"NeowsBlessing":0,"Pantograph":3,"Eternal Feather":3,"Tingsha":5,"Turnip":5,"Ring of the Snake":0,"Meat on the Bone":2},{"Centennial Puzzle":21,"NeowsBlessing":0,"Pantograph":3,"Eternal Feather":3,"Tingsha":15,"Turnip":15,"Ring of the Snake":0,"Meat on the Bone":2}],"Ring of the Snake":[14],"Meat on the Bone":24},"card_choices":[{"not_picked":["Cloak And Dagger","Backflip"],"picked":"Riddle With Holes","floor":1.0},{"not_picked":["Concentrate","Acrobatics","Flying Knee"],"picked":"SKIP","floor":5.0},{"not_picked":["Flechettes","Wraith Form v2","Acrobatics"],"picked":"SKIP","floor":8.0},{"not_picked":["Slice","Leg Sweep"],"picked":"Dagger Spray","floor":10.0},{"not_picked":["Quick Slash","PiercingWail"],"picked":"All Out Attack","floor":11.0},{"not_picked":["Caltrops","Quick Slash"],"picked":"Eviscerate","floor":13.0}],"player_experience":1017927,"relics_obtained":[{"floor":7.0,"key":"Meat on the Bone"},{"floor":8.0,"key":"Pantograph"},{"floor":9.0,"key":"Eternal Feather"},{"floor":11.0,"key":"Turnip"}],"event_choices":[{"damage_healed":0.0,"max_hp_gain":0.0,"max_hp_loss":0.0,"gold_gain":0.0,"event_name":"Shining Light","player_choice":"Entered Light","floor":2.0,"gold_loss":0.0,"damage_taken":20.0,"cards_upgraded":["Neutralize","Defend_G"]},{"damage_healed":0.0,"max_hp_gain":0.0,"max_hp_loss":0.0,"gold_gain":75.0,"event_name":"World of Goop","player_choice":"Gather Gold","floor":3.0,"gold_loss":0.0,"damage_taken":11.0},{"cards_removed":["Strike_G"],"damage_healed":0.0,"max_hp_gain":0.0,"max_hp_loss":0.0,"gold_gain":0.0,"event_name":"Golden Wing","player_choice":"Card Removal","floor":4.0,"gold_loss":0.0,"damage_taken":7.0},{"damage_healed":0.0,"max_hp_gain":0.0,"max_hp_loss":0.0,"gold_gain":0.0,"event_name":"Scrap Ooze","player_choice":"Success","floor":14.0,"gold_loss":0.0,"damage_taken":5.0,"relics_obtained":["Centennial Puzzle"]}],"is_beta":false,"boss_relics":[],"items_purged_floors":[12],"is_endless":false,"potions_floor_spawned":[1,10],"killed_by":"Hexaghost","ascension_level":18}}