{"host":"0srjqcvl8k9r4fi9","time":1612553617,"event":{"mods":["AchievementEnabler","BaseMod","Minty Spire (QoL Compilation)"],"gold_per_floor":[109,124,124,199,199,199,226,226,306,306,318,334,6,26,26,26,26],"floor_reached":16,"language":"ENG","playtime":615,"items_purged":["Strike_R"],"score":130,"play_id":"5fc953b6-684b-4ee1-9687-7e2c87d89293","local_time":"20210205133337","is_ascension_mode":true,"campfire_choices":[{"data":"Bash","floor":6,"key":"SMITH"},{"data":"Burning Pact","floor":8,"key":"SMITH"},{"floor":10,"key":"REST"},{"floor":15,"key":"REST"}],"circlet_count":0,"master_deck":["Strike_R","Strike_R","Strike_R","Defend_R","Defend_R","Defend_R","Defend_R","Bash+1","Havoc+1","Burning Pact+1","Barricade","Feel No Pain"],"relics":["Burning Blood","Singing Bowl","Gremlin Horn","Bottled Tornado"],"acts_visited":["Exordium"],"potions_floor_usage":[7],"damage_taken":[{"damage":2,"enemies":"Jaw Worm","floor":1,"turns":3},{"damage":19,"enemies":"Small Slimes","floor":2,"turns":4},{"damage":31,"enemies":"Gremlin Nob","floor":7,"turns":4},{"damage":3,"enemies":"2 Louse","floor":11,"turns":3},{"damage":15,"enemies":"Blue Slaver","floor":12,"turns":6},{"damage":45,"enemies":"Lots of Slimes","floor":14,"turns":7},{"damage":44,"enemies":"The Guardian","floor":16,"turns":4}],"seed_played":"1040331734736457454","potions_obtained":[{"floor":2,"key":"LiquidMemories"}],"is_trial":false,"path_per_floor":["M","M","?","?","?","R","E","R","T","R","M","M","$","M","R","B"],"character_chosen":"IRONCLAD","items_purchased":["Bottled Tornado"],"campfire_rested":2,"item_purchase_floors":[13],"current_hp_per_floor":[84,71,71,60,53,53,28,28,28,54,57,48,48,11,38,0,0],"gold":26,"neow_bonus":"TEN_PERCENT_HP_BONUS","is_daily":false,"chose_seed":false,"campfire_upgraded":2,"win_rate":0.0,"timestamp":1612553617,"path_taken":["M","M","?","?","?","R","E","R","T","R","M","M","$","M","R","BOSS"],"items_purchased_type":["Relic"],"build_version":"2020-12-22","purchased_purges":1,"victory":false,"max_hp_per_floor":[88,88,88,88,88,88,88,88,88,88,88,88,88,90,90,90,90],"card_choices":[{"not_picked":["Thunderclap","Wild Strike"],"picked":"Havoc","floor":1},{"not_picked":["Sword Boomerang","Cleave","Clash"],"picked":"SKIP","floor":2},{"not_picked":["Wild Strike","Ghostly Armor"],"picked":"Burning Pact","floor":7},{"not_picked":["Disarm","Dual Wield"],"picked":"Barricade","floor":11},{"not_picked":["Iron Wave","Heavy Blade"],"picked":"Feel No Pain","floor":12},{"not_picked":["Sever Soul","Cleave","Spot Weakness"],"picked":"Singing Bowl","floor":14}],"player_experience":336676,"relics_obtained":[{"floor":7,"key":"Singing Bowl"},{"floor":9,"key":"Gremlin Horn"}],"event_choices":[{"damage_healed":0,"gold_gain":0,"player_choice":"Grow","damage_taken":0,"max_hp_gain":0,"max_hp_loss":0,"event_name":"Living Wall","floor":3,"gold_loss":0,"cards_upgraded":["Havoc"]},{"damage_healed":0,"gold_gain":75,"player_choice":"Gather Gold","damage_taken":11,"max_hp_gain":0,"max_hp_loss":0,"event_name":"World of Goop","floor":4,"gold_loss":0},{"cards_removed":["Strike_R"],"damage_healed":0,"gold_gain":0,"player_choice":"Card Removal","damage_taken":7,"max_hp_gain":0,"max_hp_loss":0,"event_name":"Golden Wing","floor":5,"gold_loss":0}],"is_beta":false,"boss_relics":[],"items_purged_floors":[13],"is_endless":false,"potions_floor_spawned":[2],"killed_by":"The Guardian","ascension_level":6}}