{"host":"b5jaqh8y266k2cz4","time":1612505448,"event":{"mods":["AchievementEnabler","Aspiration","BaseMod","Colored Powertips","Conspire","Downfall","Googly Eyes","Hermit","Highlight Path","Hubris","Infinite Spire","MarisaÅiñ∂âJÅ@ñÇóùçπÅj","Mimic Mod","Minty Spire (QoL Compilation)","Quick Restart","Replay The Spire","Spikes Relics","StSLib","Synergy Search","The Animator","The Cursed","The Jungle","The Necromancer","The Servant 0.9.4","The Wild Card","slay the spire mod where everything is the same but ironclad has a cowboy hat"],"gold_per_floor":[109,109,4,17,33,61,61,75,75,90,108,108,108,137,137,242,242,252,252,252,252,270,303,303,303,303],"floor_reached":25,"language":"ENG","playtime":1196,"items_purged":[],"score":243,"play_id":"7ca43ca9-e3e0-424b-935e-7347d9372969","local_time":"20210205011048","is_ascension_mode":true,"campfire_choices":[{"floor":7,"key":"REST"},{"data":"Bone_Armory","floor":13,"key":"SMITH"},{"data":"Death_March_Dance","floor":15,"key":"SMITH"},{"data":"Summon_Death_Knight","floor":24,"key":"SMITH"}],"circlet_count":0,"master_deck":["Strike_W","Strike_W","Strike_W","Defend_W","Defend_W","Defend_W","Defend_W","Negative_Energy_Arrows","Bone_Wall+1","Bone_Bullets","Finger_Of_Death+1","Summon_Lich","Bone_Armor","Thousand_Bone_Knives","Bone_Bullets","Death_March_Dance+1","Bone_Armory+1","Summon_Death_Knight+1","Summon_Undead","Finger_Of_Death+1","Bone_Armory"],"relics":["Vampire_Amulet","Replay:Mystery Machine","infinitespire:FocusingShard","Molten Egg 2","Replay:Bronze Core","theJungle:BirthdayCakeSlice","infinitespire:WardingShard"],"acts_visited":["Exordium","theJungle:Jungle"],"potions_floor_usage":[1,11,14,16,25,25],"damage_taken":[{"damage":0,"enemies":"Small Slimes","floor":1,"turns":3},{"damage":0,"enemies":"Cultist","floor":4,"turns":3},{"damage":0,"enemies":"2 Louse","floor":5,"turns":3},{"damage":53,"enemies":"Gremlin Nob","floor":6,"turns":6},{"damage":5,"enemies":"Exordium Thugs","floor":8,"turns":3},{"damage":1,"enemies":"Blue Slaver","floor":10,"turns":3},{"damage":0,"enemies":"2 Fungi Beasts","floor":11,"turns":3},{"damage":21,"enemies":"3 Sentries","floor":14,"turns":7},{"damage":36,"enemies":"The Guardian","floor":16,"turns":18},{"damage":14,"enemies":"Shell Parasite","floor":18,"turns":10},{"damage":2,"enemies":"theJungle:MUSHROOMGANG","floor":22,"turns":6},{"damage":55,"enemies":"theJungle:2_Phrogs","floor":23,"turns":10},{"damage":54,"enemies":"theJungle:MamaSnecko","floor":25,"turns":8}],"seed_played":"-4709265331649960997","potions_obtained":[{"floor":1,"key":"Fruit Juice"},{"floor":6,"key":"BlessingOfTheForge"},{"floor":8,"key":"BlessingOfTheForge"},{"floor":10,"key":"DuplicationPotion"},{"floor":11,"key":"AttackPotion"},{"floor":23,"key":"Energy Potion"}],"is_trial":false,"path_per_floor":["M","?","$","M","M","E","R","M","T","M","M","$","R","E","R","B",null,"M","?","?","?","M","E","R","E"],"character_chosen":"NECROMANCER","items_purchased":["Finger_Of_Death+1","Summon_Lich"],"campfire_rested":1,"item_purchase_floors":[3,3],"current_hp_per_floor":[80,80,80,80,80,29,53,52,52,53,57,57,57,42,42,8,80,70,70,75,75,81,32,32,0,0],"gold":303,"neow_bonus":"UPGRADE_CARD","is_daily":false,"chose_seed":false,"campfire_upgraded":3,"win_rate":0.0,"timestamp":1612505448,"path_taken":["M","?","?","?","M","E","R","M","T","M","M","$","R","E","R","BOSS","M","?","?","?","M","E","R","E"],"items_purchased_type":["Card","Card"],"build_version":"2020-12-22","purchased_purges":0,"victory":false,"max_hp_per_floor":[80,80,80,80,80,80,80,80,80,80,80,80,80,80,80,80,80,80,80,85,85,85,85,85,85,85],"card_choices":[{"not_picked":["Scare","Acid_Javelin"],"picked":"Bone_Bullets","floor":1},{"not_picked":["Negative_Energy_Sphere","Bones_to_Steel"],"picked":"Bone_Armor","floor":4},{"not_picked":["Consume_Illness","Vampiric_Strike"],"picked":"Thousand_Bone_Knives","floor":5},{"not_picked":["Consume_Illness","Shade_Step"],"picked":"Bone_Bullets","floor":6},{"not_picked":["Life_Drain","Blood_Is_Power","Requiem"],"picked":"SKIP","floor":8},{"not_picked":["Pandemic","Negative_Energy_Sphere"],"picked":"Death_March_Dance","floor":10},{"not_picked":["Chill_Blood","Stop_Heart"],"picked":"Bone_Armory","floor":11},{"not_picked":["Blood_Whip+1","Scare","Life_Tap"],"picked":"SKIP","floor":14},{"not_picked":["Detonate_Bones+1","Grasp_Heart+1"],"picked":"Summon_Death_Knight","floor":16},{"not_picked":["Negative_Energy_Sphere+1","Shackles_Of_Pain","Blood_Whip+1"],"picked":"SKIP","floor":18},{"not_picked":["Death_Knell+1","Corrupt"],"picked":"Finger_Of_Death+1","floor":22},{"not_picked":["Blood_Whip+1","Blood_Curse+1"],"picked":"Bone_Armory","floor":23}],"player_experience":365957,"relics_obtained":[{"floor":6,"key":"Replay:Mystery Machine"},{"floor":9,"key":"infinitespire:FocusingShard"},{"floor":14,"key":"Molten Egg 2"},{"floor":23,"key":"infinitespire:WardingShard"}],"event_choices":[{"cards_removed":["Strike_W"],"damage_healed":0,"gold_gain":0,"player_choice":"Purged","damage_taken":0,"max_hp_gain":0,"max_hp_loss":0,"event_name":"Purifier","floor":2,"gold_loss":0}],"is_beta":false,"boss_relics":[{"not_picked":["hubris:CrackedHourglass","Snecko Eye"],"picked":"Replay:Bronze Core"}],"items_purged_floors":[],"is_endless":false,"potions_floor_spawned":[1,6,8,10,11,23],"killed_by":"theJungle:MamaSnecko","ascension_level":1}}