{"host":"oehe2dxjvdgux73m","time":1612522594,"event":{"mods":["AchievementEnabler","BaseMod","Colored Map","Colored Powertips","DeckTracker","Keyboard Shortcuts","Minty Spire (QoL Compilation)","Permanent Neow","Quick Restart","StSLib","SuperFastMode"],"gold_per_floor":[16,36,111,124,124,124,124],"floor_reached":6,"language":"KOR","playtime":134,"items_purged":[],"score":72,"play_id":"6ddeef11-37bc-47cd-8140-8b7efd23974c","local_time":"20210205195634","is_ascension_mode":true,"campfire_choices":[],"circlet_count":0,"master_deck":["AscendersBane","Strike_G","Strike_G","Strike_G","Strike_G","Strike_G","Defend_G","Defend_G","Defend_G","Defend_G","Defend_G","Survivor","Neutralize","Malaise","Blade Dance","Finisher","Acrobatics"],"relics":["Ring of the Snake"],"acts_visited":["Exordium"],"potions_floor_usage":[6,6],"damage_taken":[{"damage":1.0,"enemies":"Small Slimes","floor":1.0,"turns":4.0},{"damage":7.0,"enemies":"Jaw Worm","floor":2.0,"turns":5.0},{"damage":3.0,"enemies":"2 Louse","floor":4.0,"turns":4.0},{"damage":43,"enemies":"Gremlin Nob","floor":6,"turns":3}],"seed_played":"-4734665495599945246","potions_obtained":[{"floor":1.0,"key":"SteroidPotion"},{"floor":4.0,"key":"LiquidBronze"}],"is_trial":false,"path_per_floor":["M","M","?","M","?","E"],"character_chosen":"THE_SILENT","items_purchased":[],"campfire_rested":0,"item_purchase_floors":[],"current_hp_per_floor":[58,51,40,37,37,0,0],"gold":124,"neow_bonus":"THREE_RARE_CARDS","is_daily":false,"chose_seed":false,"campfire_upgraded":0,"win_rate":0.0,"timestamp":1612522594,"path_taken":["M","M","?","M","?","E"],"items_purchased_type":[],"build_version":"2020-12-22","purchased_purges":0,"victory":false,"max_hp_per_floor":[66,66,66,66,66,66,66],"card_choices":[{"not_picked":["After Image","Tools of the Trade"],"picked":"Malaise","floor":0.0},{"not_picked":["Eviscerate","Dodge and Roll"],"picked":"Blade Dance","floor":1.0},{"not_picked":["Sucker Punch","Dodge and Roll"],"picked":"Finisher","floor":2.0},{"not_picked":["Deflect","Quick Slash"],"picked":"Acrobatics","floor":4.0}],"player_experience":367439,"relics_obtained":[],"event_choices":[{"damage_healed":0.0,"max_hp_gain":0.0,"max_hp_loss":0.0,"gold_gain":75.0,"event_name":"World of Goop","player_choice":"Gather Gold","floor":3.0,"gold_loss":0.0,"damage_taken":11.0},{"damage_healed":0,"gold_gain":0,"player_choice":"Ignored","damage_taken":0,"max_hp_gain":0,"max_hp_loss":0,"event_name":"Shining Light","floor":5,"gold_loss":0}],"is_beta":false,"boss_relics":[],"items_purged_floors":[],"is_endless":false,"potions_floor_spawned":[1,4],"killed_by":"Gremlin Nob","ascension_level":20}}