{"host":"yqw1zpryoutrnocq","time":1612551549,"event":{"mods":["2.2 Compatiblity","AchievementEnabler","BaseMod","Colored Map","Custom Start","DeckTracker","Minty Spire (QoL Compilation)","StSLib","SuperFastMode"],"gold_per_floor":[117,132,3,3,26,26,61,81,81,256,307,307,326,365,365,486,486,505,505,505,505,2,42,60,60,136,136,179,195,195,195,195,318,318,336,96,96,47,71,71,89,102,127,160,179,203,203,219,219,219,219,219,43,87,87],"floor_reached":56,"language":"KOR","playtime":2331,"items_purged":["Doubt","Defend_R"],"score":1700,"play_id":"d41257ab-3b20-46e3-9dbc-5225de6dcb9c","local_time":"20210205125909","is_ascension_mode":true,"campfire_choices":[{"data":"Dark Embrace","floor":6.0,"key":"SMITH"},{"data":"Seeing Red","floor":15.0,"key":"SMITH"},{"data":"True Grit","floor":25.0,"key":"SMITH"},{"data":"Infernal Blade","floor":27.0,"key":"SMITH"},{"data":"Feel No Pain","floor":30.0,"key":"SMITH"},{"data":"Warcry","floor":32.0,"key":"SMITH"},{"data":"Panacea","floor":40.0,"key":"SMITH"},{"floor":47.0,"key":"RECALL"},{"data":"Body Slam","floor":49.0,"key":"SMITH"},{"data":"Armaments","floor":52,"key":"SMITH"}],"circlet_count":0,"master_deck":["Defend_R","Defend_R","Defend_R","Bash","Fire Breathing","Dark Embrace+1","Feel No Pain+1","True Grit+1","Armaments+1","Seeing Red+1","Wild Strike","Infernal Blade+1","Warcry+1","Feed","Ghostly","Ghostly","Ghostly","Ghostly","Ghostly","Bite","Bite","Bite","Bite","Bite","Metallicize+1","Shrug It Off","Wild Strike+1","Rupture+1","Juggernaut+1","Seeing Red+1","Dark Embrace+1","Jack Of All Trades","Panacea+1","Sadistic Nature+1","Dark Shackles","Combust+1","Armaments+1","Sentinel","Doubt","True Grit+1","Shrug It Off+1","Parasite","Body Slam+1","Feel No Pain+1"],"relics":["Burning Blood","Golden Idol","Lantern","Mercury Hourglass","Sundial","Mark of Pain","Nilry\u0027s Codex","Membership Card","Dead Branch","HornCleat","Frozen Egg 2","Matryoshka","Blood Vial","Cursed Key","DollysMirror","Juzu Bracelet","Paper Frog","Happy Flower","OrangePellets","Toy Ornithopter"],"acts_visited":["Exordium","TheCity","TheBeyond","TheEnding"],"potions_floor_usage":[50,54,55,55,55,55,55],"damage_taken":[{"damage":0.0,"enemies":"2 Louse","floor":1.0,"turns":4.0},{"damage":4.0,"enemies":"Small Slimes","floor":2.0,"turns":4.0},{"damage":7.0,"enemies":"Jaw Worm","floor":5.0,"turns":4.0},{"damage":27.0,"enemies":"Gremlin Nob","floor":7.0,"turns":5.0},{"damage":6.0,"enemies":"Exordium Wildlife","floor":8.0,"turns":6.0},{"damage":12.0,"enemies":"Looter","floor":13.0,"turns":4.0},{"damage":9.0,"enemies":"3 Sentries","floor":14.0,"turns":6.0},{"damage":30.0,"enemies":"The Guardian","floor":16.0,"turns":12.0},{"damage":31.0,"enemies":"Chosen","floor":18.0,"turns":5.0},{"damage":4.0,"enemies":"Slavers","floor":23.0,"turns":5.0},{"damage":3.0,"enemies":"2 Thieves","floor":24.0,"turns":4.0},{"damage":15.0,"enemies":"Gremlin Leader","floor":28.0,"turns":6.0},{"damage":3.0,"enemies":"Centurion and Healer","floor":29.0,"turns":6.0},{"damage":10.0,"enemies":"Automaton","floor":33.0,"turns":8.0},{"damage":0.0,"enemies":"3 Shapes","floor":35.0,"turns":4.0},{"damage":7.0,"enemies":"3 Darklings","floor":39.0,"turns":5.0},{"damage":4.0,"enemies":"Writhing Mass","floor":41.0,"turns":4.0},{"damage":1.0,"enemies":"4 Shapes","floor":42.0,"turns":3.0},{"damage":3.0,"enemies":"Giant Head","floor":44.0,"turns":3.0},{"damage":2.0,"enemies":"3 Darklings","floor":45.0,"turns":5.0},{"damage":8.0,"enemies":"Jaw Worm Horde","floor":46.0,"turns":5.0},{"damage":4.0,"enemies":"Writhing Mass","floor":48.0,"turns":6.0},{"damage":35,"enemies":"Awakened One","floor":50,"turns":6},{"damage":8,"enemies":"Shield and Spear","floor":54,"turns":7},{"damage":26,"enemies":"The Heart","floor":55,"turns":8}],"seed_played":"3472823596809694117","potions_obtained":[{"floor":2.0,"key":"PowerPotion"},{"floor":5.0,"key":"AttackPotion"},{"floor":7.0,"key":"EntropicBrew"},{"floor":8.0,"key":"Fire Potion"},{"floor":14.0,"key":"Fire Potion"},{"floor":48.0,"key":"SneckoOil"},{"floor":54,"key":"EntropicBrew"}],"is_trial":false,"path_per_floor":["M","M","$","?","M","R","E","M","T","?","?","?","M","E","R","B",null,"M","?","?","?","$","E","M","R","T","R","E","M","R","?","R","B",null,"M","$","?","$","M","R","M","M","T","E","M","M","R","M","R","B",null,"R","$","E","B",null],"character_chosen":"IRONCLAD","items_purchased":["Feel No Pain","True Grit","Membership Card","Dead Branch","HornCleat","Energy Potion","ColorlessPotion","DollysMirror","Dark Embrace+1","Juzu Bracelet","Dark Shackles","Feel No Pain+1","ElixirPotion","Strength Potion","OrangePellets"],"campfire_rested":0,"item_purchase_floors":[3,3,22,22,22,22,22,36,36,36,38,53,53,53,53],"current_hp_per_floor":[78,80,80,60,59,59,38,38,38,38,38,43,37,34,34,10,66,41,25,25,25,25,32,32,32,32,32,27,32,32,32,32,31,32,35,35,25,25,34,34,35,35,35,35,35,33,33,35,35,14,30,30,30,35,29],"gold":87,"neow_bonus":"REMOVE_CARD","is_daily":false,"chose_seed":false,"campfire_upgraded":9,"win_rate":0.0,"timestamp":1612551549,"path_taken":["M","M","$","?","M","R","E","M","T","?","?","?","M","E","R","BOSS","M","?","?","?","$","E","M","R","T","R","E","M","R","?","R","BOSS","M","$","?","$","M","R","M","M","T","E","M","M","R","M","R","BOSS","R","$","E","BOSS"],"items_purchased_type":["Card","Card","Relic","Relic","Relic","Potion","Potion","Relic","Card","Relic","Card","Card","Potion","Potion","Relic"],"build_version":"2020-12-22","purchased_purges":2,"victory":true,"max_hp_per_floor":[80,80,80,80,80,80,80,80,80,80,80,85,85,85,85,85,85,85,85,42,29,29,32,32,32,32,32,32,32,32,32,32,32,32,35,35,35,35,35,35,35,35,35,35,35,35,35,35,35,35,35,35,35,35,35],"card_choices":[{"not_picked":["Pommel Strike","Bloodletting"],"picked":"Fire Breathing","floor":1.0},{"not_picked":["Metallicize","Thunderclap"],"picked":"Dark Embrace","floor":2.0},{"not_picked":["Heavy Blade","Anger"],"picked":"Armaments","floor":5.0},{"not_picked":["True Grit","Searing Blow"],"picked":"Seeing Red","floor":7.0},{"not_picked":["Twin Strike","Shockwave"],"picked":"Wild Strike","floor":8.0},{"not_picked":["Thunderclap","Clash"],"picked":"Infernal Blade","floor":13.0},{"not_picked":["Cleave","True Grit"],"picked":"Warcry","floor":14.0},{"not_picked":["Bludgeon","Limit Break"],"picked":"Feed","floor":16.0},{"not_picked":["Dual Wield","Thunderclap+1","Sword Boomerang"],"picked":"SKIP","floor":18.0},{"not_picked":["Twin Strike","Flame Barrier"],"picked":"Metallicize+1","floor":23.0},{"not_picked":["Flex","Pommel Strike"],"picked":"Shrug It Off","floor":24.0},{"not_picked":["Sword Boomerang","Headbutt"],"picked":"Wild Strike+1","floor":28.0},{"not_picked":["Twin Strike","Reckless Charge"],"picked":"Rupture+1","floor":29.0},{"not_picked":["Brutality+1","Berserk+1"],"picked":"Juggernaut+1","floor":33.0},{"not_picked":["Headbutt","Thunderclap+1","Clash"],"picked":"SKIP","floor":35.0},{"not_picked":["Trip","Apotheosis"],"picked":"Jack Of All Trades","floor":37.0},{"not_picked":["Trip","Dark Shackles"],"picked":"Panacea","floor":37.0},{"not_picked":["PanicButton","Mayhem+1"],"picked":"Sadistic Nature+1","floor":37.0},{"not_picked":["Clothesline","Perfected Strike+1"],"picked":"Combust+1","floor":39.0},{"not_picked":["Reckless Charge+1","Dropkick"],"picked":"Armaments+1","floor":41.0},{"not_picked":["Sword Boomerang","Spot Weakness"],"picked":"Sentinel","floor":42.0},{"not_picked":["Clothesline","Wild Strike"],"picked":"True Grit+1","floor":44.0},{"not_picked":["Shrug It Off","Clash+1","Headbutt+1"],"picked":"SKIP","floor":45.0},{"not_picked":["Havoc","Disarm+1"],"picked":"Shrug It Off+1","floor":46.0},{"not_picked":["True Grit+1","Flame Barrier"],"picked":"Body Slam","floor":48.0},{"not_picked":["Evolve+1","Armaments+1","Fiend Fire"],"picked":"SKIP","floor":54}],"player_experience":291146,"relics_obtained":[{"floor":7.0,"key":"Lantern"},{"floor":9.0,"key":"Mercury Hourglass"},{"floor":14.0,"key":"Sundial"},{"floor":19.0,"key":"Nilry\u0027s Codex"},{"floor":23.0,"key":"Frozen Egg 2"},{"floor":26.0,"key":"Matryoshka"},{"floor":28.0,"key":"Blood Vial"},{"floor":43.0,"key":"Paper Frog"},{"floor":44.0,"key":"Happy Flower"},{"floor":54,"key":"Toy Ornithopter"}],"event_choices":[{"damage_healed":0.0,"max_hp_gain":0.0,"max_hp_loss":0.0,"gold_gain":0.0,"event_name":"Golden Idol","player_choice":"Take Damage","floor":4.0,"gold_loss":0.0,"damage_taken":20.0,"relics_obtained":["Golden Idol"]},{"damage_healed":0.0,"max_hp_gain":0.0,"max_hp_loss":0.0,"gold_gain":175.0,"event_name":"Liars Game","player_choice":"AGREE","floor":10.0,"gold_loss":0.0,"damage_taken":0.0,"cards_obtained":["Doubt"]},{"damage_healed":0.0,"max_hp_gain":0.0,"max_hp_loss":0.0,"gold_gain":51.0,"event_name":"Golden Wing","player_choice":"Gained Gold","floor":11.0,"gold_loss":0.0,"damage_taken":0.0},{"damage_healed":0.0,"max_hp_gain":5.0,"max_hp_loss":0.0,"gold_gain":0.0,"event_name":"Big Fish","player_choice":"Donut","floor":12.0,"gold_loss":0.0,"damage_taken":0.0},{"damage_healed":0.0,"max_hp_gain":0.0,"max_hp_loss":0.0,"gold_gain":0.0,"event_name":"Cursed Tome","player_choice":"Obtained Book","floor":19.0,"gold_loss":0.0,"damage_taken":16.0},{"damage_healed":0.0,"max_hp_gain":0.0,"max_hp_loss":43.0,"gold_gain":0.0,"event_name":"Ghosts","player_choice":"Became a Ghost","floor":20.0,"gold_loss":0.0,"damage_taken":0.0,"cards_obtained":["Ghostly","Ghostly","Ghostly","Ghostly","Ghostly"]},{"damage_healed":0.0,"max_hp_gain":0.0,"max_hp_loss":13.0,"gold_gain":0.0,"event_name":"Vampires","player_choice":"Became a vampire","floor":21.0,"gold_loss":0.0,"damage_taken":0.0,"cards_obtained":["Bite","Bite","Bite","Bite","Bite"]},{"damage_healed":0.0,"max_hp_gain":0.0,"max_hp_loss":0.0,"gold_gain":0.0,"event_name":"Beggar","player_choice":"Ignored","floor":31.0,"gold_loss":0.0,"damage_taken":0.0},{"damage_healed":0.0,"max_hp_gain":0.0,"max_hp_loss":0.0,"gold_gain":0.0,"event_name":"SensoryStone","player_choice":"Memory 3","floor":37.0,"gold_loss":0.0,"damage_taken":10.0}],"is_beta":false,"boss_relics":[{"not_picked":["Snecko Eye","SlaversCollar"],"picked":"Mark of Pain"},{"not_picked":["Tiny House","Sozu"],"picked":"Cursed Key"}],"items_purged_floors":[22,36],"is_endless":false,"potions_floor_spawned":[2,5,7,8,14,24,39,41,44,48,54],"ascension_level":6}}