{"host":"1focbxb2e8qu7ccd","time":1612562773,"event":{"mods":["BaseMod","Bestiary","Highlight Path","Minty Spire (QoL Compilation)","Relic Stats"],"gold_per_floor":[18,18,35,55,55,99,99,136,163,163,41,65,77,102,102,102,102],"floor_reached":16,"language":"ENG","playtime":2272,"items_purged":["Strike_G"],"score":224,"play_id":"42189d97-93a1-451a-9457-b520c58b0aac","local_time":"20210205170613","is_ascension_mode":true,"campfire_choices":[{"floor":10,"key":"REST"},{"data":"Blade Dance","floor":15,"key":"SMITH"}],"circlet_count":0,"master_deck":["AscendersBane","Strike_G","Defend_G","Defend_G","Defend_G","Defend_G","Survivor","Neutralize","Flechettes","Dagger Spray","Finisher","Outmaneuver","Slice","Predator","PiercingWail","Terror","Dagger Throw","Blade Dance+1","PiercingWail"],"relics":["Ring of the Snake","CeramicFish","PreservedInsect","Frozen Egg 2","Strawberry"],"acts_visited":["Exordium"],"potions_floor_usage":[6,16],"damage_taken":[{"damage":0,"enemies":"2 Louse","floor":1,"turns":2},{"damage":12,"enemies":"Jaw Worm","floor":3,"turns":6},{"damage":0,"enemies":"Small Slimes","floor":4,"turns":2},{"damage":3,"enemies":"Gremlin Nob","floor":6,"turns":3},{"damage":22,"enemies":"Lagavulin","floor":8,"turns":5},{"damage":5,"enemies":"Blue Slaver","floor":12,"turns":3},{"damage":14,"enemies":"Red Slaver","floor":13,"turns":2},{"damage":0,"enemies":"Looter","floor":14,"turns":2},{"damage":20,"enemies":"Hexaghost","floor":16,"turns":8}],"seed_played":"205713151916290833","potions_obtained":[{"floor":4,"key":"DistilledChaos"},{"floor":6,"key":"SkillPotion"},{"floor":13,"key":"Ancient Potion"}],"is_trial":false,"path_per_floor":["M","?","M","M","?","E","?","E","T","R","$","M","M","M","R","B"],"character_chosen":"THE_SILENT","items_purchased":["Dagger Throw"],"campfire_rested":1,"item_purchase_floors":[11],"current_hp_per_floor":[59,59,47,47,42,39,32,10,17,38,38,33,19,19,19,0,0],"gold":102,"neow_bonus":"TRANSFORM_TWO_CARDS","is_daily":false,"chose_seed":false,"campfire_upgraded":1,"win_rate":0.0,"timestamp":1612562773,"path_taken":["M","?","M","M","?","E","?","E","T","R","?","M","?","M","R","BOSS"],"items_purchased_type":["Card"],"build_version":"2020-12-22","purchased_purges":1,"victory":false,"max_hp_per_floor":[66,66,66,66,66,66,66,66,73,73,73,73,73,73,73,73,73],"relic_stats":{"counters":[9,33],"CeramicFish":45,"PreservedInsect":29,"obtain_stats":[{"CeramicFish":5,"Strawberry":9,"PreservedInsect":6,"Frozen Egg 2":8,"Ring of the Snake":0},{"CeramicFish":3,"Strawberry":5,"PreservedInsect":4,"Frozen Egg 2":5,"Ring of the Snake":0},{"CeramicFish":10,"Strawberry":18,"PreservedInsect":13,"Frozen Egg 2":18,"Ring of the Snake":0}],"Ring of the Snake":[18]},"card_choices":[{"not_picked":["Dagger Throw","Backflip"],"picked":"Finisher","floor":1},{"not_picked":["Cloak And Dagger","Tactician"],"picked":"Slice","floor":3},{"not_picked":["Expertise","Flying Knee"],"picked":"Predator","floor":4},{"not_picked":["Reflex","Distraction"],"picked":"PiercingWail","floor":6},{"not_picked":["Deadly Poison","Cloak And Dagger"],"picked":"Terror","floor":8},{"not_picked":["Poisoned Stab","Quick Slash"],"picked":"Blade Dance","floor":12},{"not_picked":["Distraction","Endless Agony","Predator"],"picked":"SKIP","floor":13},{"not_picked":["Bane","Flechettes"],"picked":"PiercingWail","floor":14}],"player_experience":872388,"relics_obtained":[{"floor":6,"key":"PreservedInsect"},{"floor":8,"key":"Frozen Egg 2"},{"floor":9,"key":"Strawberry"}],"event_choices":[{"damage_healed":0,"gold_gain":0,"cards_transformed":["Strike_G"],"player_choice":"Change","damage_taken":0,"max_hp_gain":0,"max_hp_loss":0,"event_name":"Living Wall","floor":2,"gold_loss":0,"cards_obtained":["Outmaneuver"]},{"damage_healed":0,"gold_gain":0,"player_choice":"Success","damage_taken":5,"relics_obtained":["CeramicFish"],"max_hp_gain":0,"max_hp_loss":0,"event_name":"Scrap Ooze","floor":5,"gold_loss":0},{"cards_removed":["Strike_G"],"damage_healed":0,"gold_gain":0,"player_choice":"Card Removal","damage_taken":7,"max_hp_gain":0,"max_hp_loss":0,"event_name":"Golden Wing","floor":7,"gold_loss":0}],"is_beta":false,"boss_relics":[],"items_purged_floors":[11],"is_endless":false,"potions_floor_spawned":[4,6,13],"killed_by":"Hexaghost","ascension_level":20}}