{"host":"rolltorest","time":1612564627,"event":{"mods":["BaseMod","Minty Spire (QoL Compilation)","Relic Stats","Slay the Relics Exporter","StSLib"],"gold_per_floor":[113,113,61,76,92,118,118,151,151,151,151],"floor_reached":10,"language":"ENG","playtime":324,"items_purged":[],"score":152,"play_id":"65e5cd50-788d-48fd-9268-f7d56250a279","local_time":"20210205143707","is_ascension_mode":true,"campfire_choices":[{"floor":7,"key":"REST"}],"circlet_count":0,"master_deck":["AscendersBane","Strike_R","Strike_R","Strike_R","Strike_R","Strike_R","Defend_R","Defend_R","Defend_R","Defend_R","Bash","Shrug It Off","Disarm","Pommel Strike","Disarm","Spot Weakness","Clumsy"],"relics":["Cursed Key","Pocketwatch","Incense Burner","Darkstone Periapt","Tiny Chest","Calipers"],"acts_visited":["Exordium"],"potions_floor_usage":[10],"damage_taken":[{"damage":2,"enemies":"Jaw Worm","floor":1,"turns":3},{"damage":0,"enemies":"2 Louse","floor":4,"turns":2},{"damage":0,"enemies":"Cultist","floor":5,"turns":6},{"damage":23,"enemies":"Gremlin Nob","floor":6,"turns":4},{"damage":37,"enemies":"Lagavulin","floor":8,"turns":11},{"damage":20,"enemies":"Gremlin Nob","floor":10,"turns":4}],"seed_played":"-5231564510961271778","potions_obtained":[{"floor":8,"key":"HeartOfIron"}],"is_trial":false,"path_per_floor":["M","?","?","M","M","E","R","E","T","E"],"character_chosen":"IRONCLAD","items_purchased":[],"campfire_rested":1,"item_purchase_floors":[],"current_hp_per_floor":[66,61,61,61,61,38,60,23,29,9,9],"gold":151,"neow_bonus":"BOSS_RELIC","is_daily":false,"chose_seed":false,"campfire_upgraded":0,"win_rate":0.0,"timestamp":1612564627,"path_taken":["M","?","?","M","M","E","R","E","T","E"],"items_purchased_type":[],"build_version":"2020-12-18","purchased_purges":0,"victory":false,"max_hp_per_floor":[75,75,75,75,75,75,75,75,81,81,81],"relic_stats":{"Darkstone Periapt":6,"counters":[6,30],"Tiny Chest":0,"Cursed Key":1,"obtain_stats":[{"Darkstone Periapt":6,"Calipers":9,"Tiny Chest":8,"Incense Burner":3,"Cursed Key":0,"Burning Blood":0,"Pocketwatch":2},{"Darkstone Periapt":4,"Calipers":5,"Tiny Chest":5,"Incense Burner":1,"Cursed Key":0,"Burning Blood":0,"Pocketwatch":1},{"Darkstone Periapt":15,"Calipers":26,"Tiny Chest":26,"Incense Burner":3,"Cursed Key":0,"Burning Blood":0,"Pocketwatch":3}],"Pocketwatch":[57]},"card_choices":[{"not_picked":["Havoc","Heavy Blade"],"picked":"Shrug It Off","floor":1},{"not_picked":["Havoc","Armaments"],"picked":"Disarm","floor":4},{"not_picked":["Warcry","Heavy Blade"],"picked":"Pommel Strike","floor":5},{"not_picked":["Entrench","Flex"],"picked":"Disarm","floor":6},{"not_picked":["Shockwave","Twin Strike"],"picked":"Spot Weakness","floor":8}],"player_experience":1875076,"relics_obtained":[{"floor":6,"key":"Darkstone Periapt"},{"floor":8,"key":"Tiny Chest"},{"floor":9,"key":"Calipers"}],"event_choices":[{"damage_healed":0,"gold_gain":0,"player_choice":"Success","damage_taken":5,"relics_obtained":["Pocketwatch"],"max_hp_gain":0,"max_hp_loss":0,"event_name":"Scrap Ooze","floor":2,"gold_loss":0},{"damage_healed":0,"gold_gain":0,"player_choice":"Paid Gold","damage_taken":0,"relics_obtained":["Incense Burner"],"max_hp_gain":0,"max_hp_loss":0,"event_name":"WeMeetAgain","floor":3,"gold_loss":52}],"is_beta":true,"boss_relics":[],"items_purged_floors":[],"is_endless":false,"potions_floor_spawned":[8],"killed_by":"Gremlin Nob","ascension_level":20}}