{"host":"u0hb5we0hmj7y3yv","time":1612533851,"event":{"mods":["BaseMod","Colored Powertips","Conspire","KinomotoSakuraMod(Ä¾Ö®±¾Ó£)","Minty Spire (QoL Compilation)"],"gold_per_floor":[114,133,149,166,177,204,204,231,231,241,241,251,251,277,277,376,376,388,388,401,414,429,429,441,541,541,568,212,238,251,299,299,399,399,414,425,82,101,113,139,154,181,181,181,199,211,211,225,225,225,225],"floor_reached":50,"language":"ZHS","playtime":2711,"items_purged":["ClowCardTheShield"],"score":1002,"play_id":"e810a898-21e5-4001-8764-aea42f48f913","local_time":"20210205220411","is_ascension_mode":true,"campfire_choices":[{"data":"ClowCardTheRain","floor":7.0,"key":"SMITH"},{"data":"ClowCardTheGlow","floor":11.0,"key":"SMITH"},{"data":"ClowCardTheFly","floor":15.0,"key":"SMITH"},{"data":"ClowCardTheFly","floor":23.0,"key":"SMITH"},{"floor":32,"key":"REST"},{"floor":44,"key":"RECALL"},{"data":"ClowCardTheFly","floor":47,"key":"SMITH"},{"data":"ClowCardTheArrow","floor":49,"key":"SMITH"}],"circlet_count":0,"master_deck":["SakuraCardTheMove+","SakuraCardTheBig+","SakuraCardTheFly+","SakuraCardTheSword+","ClowCardTheSword","ClowCardTheSword","ClowCardTheSword","ClowCardTheShield","ClowCardTheShield","ClowCardTheShield","SpellCardSeal","SpellCardRelease","ClowCardTheDash","ClowCardTheJump","ClowCardTheLoop","ClowCardTheRain+1","ClowCardTheGlow+1","ClowCardTheFloat","ClowCardTheDash","ClowCardTheSleep","ClowCardTheFly+1","ClowCardTheFlower","ClowCardTheFlower","ClowCardTheMove","ClowCardTheBubbles","ClowCardTheArrow+1","ClowCardTheMirror","ClowCardTheShadow","ClowCardTheSweet+1","ClowCardTheDark+1","ClowCardTheFly+1","ClowCardTheWave+1"],"relics":["KSMOD_SealedBook","KSMOD_SealedWand","conspire:BottledYoYo","KSMOD_TouyasBicycle","Bronze Scales","Centennial Puzzle","KSMOD_SwordJade","Sozu","Frozen Egg 2","Letter Opener","KSMOD_TaoistSuit","conspire:DecoderRing","Meat on the Bone","KSMOD_DarknessWand","Medical Kit","Anchor","MealTicket","KSMOD_TomoyosHeart"],"acts_visited":["Exordium","TheCity","TheBeyond"],"potions_floor_usage":[31],"damage_taken":[{"damage":0.0,"enemies":"Cultist","floor":1.0,"turns":2.0},{"damage":0.0,"enemies":"Jaw Worm","floor":2.0,"turns":4.0},{"damage":0.0,"enemies":"2 Louse","floor":3.0,"turns":3.0},{"damage":5.0,"enemies":"Lots of Slimes","floor":4.0,"turns":5.0},{"damage":5.0,"enemies":"Gremlin Gang","floor":5.0,"turns":5.0},{"damage":0.0,"enemies":"Lagavulin","floor":6.0,"turns":4.0},{"damage":0.0,"enemies":"3 Sentries","floor":8.0,"turns":4.0},{"damage":0.0,"enemies":"Blue Slaver","floor":10.0,"turns":1.0},{"damage":0.0,"enemies":"Exordium Thugs","floor":12.0,"turns":3.0},{"damage":0.0,"enemies":"Lagavulin","floor":14.0,"turns":4.0},{"damage":5.0,"enemies":"The Guardian","floor":16.0,"turns":5.0},{"damage":14.0,"enemies":"2 Thieves","floor":18.0,"turns":2.0},{"damage":2.0,"enemies":"conspire:FuzzyDice","floor":20.0,"turns":2.0},{"damage":0.0,"enemies":"Snecko","floor":21.0,"turns":2.0},{"damage":0.0,"enemies":"Snake Plant","floor":22.0,"turns":3.0},{"damage":0.0,"enemies":"Cultist and Chosen","floor":24.0,"turns":3.0},{"damage":21.0,"enemies":"Book of Stabbing","floor":27.0,"turns":4.0},{"damage":0,"enemies":"Gremlin Leader","floor":29,"turns":3},{"damage":0,"enemies":"Centurion and Healer","floor":30,"turns":2},{"damage":12,"enemies":"Slavers","floor":31,"turns":2},{"damage":4,"enemies":"Automaton","floor":33,"turns":4},{"damage":6,"enemies":"3 Darklings","floor":35,"turns":3},{"damage":12,"enemies":"3 Shapes","floor":36,"turns":2},{"damage":14,"enemies":"Sphere and 2 Shapes","floor":38,"turns":3},{"damage":0,"enemies":"Jaw Worm Horde","floor":39,"turns":2},{"damage":0,"enemies":"Giant Head","floor":40,"turns":5},{"damage":19,"enemies":"3 Darklings","floor":41,"turns":3},{"damage":29,"enemies":"Reptomancer","floor":42,"turns":4},{"damage":1,"enemies":"4 Shapes","floor":45,"turns":1},{"damage":0,"enemies":"Sphere and 2 Shapes","floor":46,"turns":2},{"damage":14,"enemies":"Writhing Mass","floor":48,"turns":2},{"damage":39,"enemies":"Time Eater","floor":50,"turns":5}],"seed_played":"3103169828561815441","potions_obtained":[{"floor":1.0,"key":"ColorlessPotion"},{"floor":3.0,"key":"DistilledChaos"},{"floor":5.0,"key":"LiquidMemories"},{"floor":6.0,"key":"EssenceOfSteel"},{"floor":14.0,"key":"LiquidMemories"}],"is_trial":false,"path_per_floor":["M","M","M","M","M","E","R","E","T","M","R","M","T","E","R","B",null,"M","?","M","M","M","R","M","?","T","E","$","E","M","E","R","B",null,"M","M","$","M","M","E","M","E","T","R","M","M","R","M","R","B"],"character_chosen":"KINOMOTOSAKURA","items_purchased":["KSMOD_TaoistSuit","ClowCardTheBig+1","Medical Kit","Anchor","ClowCardTheShadow"],"campfire_rested":1,"item_purchase_floors":[28,28,37,37,37],"current_hp_per_floor":[63,63,63,58,53,53,53,53,53,53,53,53,53,53,53,48,65,51,38,36,36,36,36,36,36,36,15,15,15,15,3,25,33,65,59,47,47,45,45,50,48,36,36,36,47,47,47,45,45,6,6],"gold":225,"neow_bonus":"ONE_RANDOM_RARE_CARD","is_daily":false,"chose_seed":false,"campfire_upgraded":6,"win_rate":0.0,"timestamp":1612533851,"path_taken":["M","M","M","M","M","E","R","E","T","M","R","M","?","E","R","BOSS","M","?","M","M","M","R","M","?","T","E","$","E","M","E","R","BOSS","M","M","$","M","?","E","M","E","T","R","M","M","R","M","R","BOSS"],"items_purchased_type":["Relic","Card","Relic","Relic","Card"],"build_version":"2020-12-22","purchased_purges":1,"victory":false,"max_hp_per_floor":[70,70,70,70,70,70,70,70,70,70,70,70,70,70,70,70,70,70,75,75,75,75,75,75,75,75,75,75,75,75,75,75,75,75,75,75,75,75,75,75,75,75,75,75,75,75,75,75,75,75,75],"card_choices":[{"not_picked":["ClowCardTheLoop","ClowCardTheSnow"],"picked":"ClowCardTheJump","floor":1.0},{"not_picked":["ClowCardTheShadow","ClowCardTheLock","ClowCardTheSnow"],"picked":"SKIP","floor":2.0},{"not_picked":["ClowCardTheMaze","ClowCardTheLibra"],"picked":"ClowCardTheLoop","floor":3.0},{"not_picked":["ClowCardTheLoop","ClowCardTheSilent"],"picked":"ClowCardTheRain","floor":4.0},{"not_picked":["ClowCardTheMist","ClowCardTheErase","ClowCardTheChange"],"picked":"SKIP","floor":5.0},{"not_picked":["ClowCardTheSand","ClowCardTheVoice"],"picked":"ClowCardTheGlow","floor":6.0},{"not_picked":["ClowCardTheFreeze","ClowCardTheVoice","ClowCardTheThunder"],"picked":"SKIP","floor":8.0},{"not_picked":["ClowCardTheRain","ClowCardTheErase","ClowCardTheSilent"],"picked":"SKIP","floor":10.0},{"not_picked":["ClowCardTheLock","ClowCardTheStorm"],"picked":"ClowCardTheFloat","floor":12.0},{"not_picked":["ClowCardTheIllusion","ClowCardTheFreeze"],"picked":"ClowCardTheFly","floor":14.0},{"not_picked":["ClowCardTheCreate","ClowCardTheReturn"],"picked":"ClowCardTheDash","floor":16.0},{"not_picked":["ClowCardTheWood","ClowCardTheFly"],"picked":"ClowCardTheSleep","floor":18.0},{"not_picked":["ClowCardTheSnow","ClowCardTheShot","ClowCardTheSand"],"picked":"SKIP","floor":20.0},{"not_picked":["ClowCardTheWood","ClowCardTheLittle","ClowCardTheMist"],"picked":"SKIP","floor":21.0},{"not_picked":["ClowCardTheErase","ClowCardTheCloud"],"picked":"ClowCardTheFly","floor":22.0},{"not_picked":["ClowCardTheSnow","ClowCardTheGlow"],"picked":"ClowCardTheFlower","floor":24.0},{"not_picked":["ClowCardThePower","ClowCardTheSilent"],"picked":"ClowCardTheFlower","floor":27.0},{"not_picked":["ClowCardTheSweet","ClowCardTheDream"],"picked":"ClowCardTheMove","floor":29},{"not_picked":["ClowCardTheLittle+1","ClowCardTheFloat+1"],"picked":"ClowCardTheMove","floor":30},{"not_picked":["ClowCardTheCloud","ClowCardTheEarthy"],"picked":"ClowCardTheBubbles","floor":31},{"not_picked":["ClowCardTheMaze","ClowCardTheJump"],"picked":"ClowCardTheArrow","floor":35},{"not_picked":["ClowCardTheDream","ClowCardTheMove"],"picked":"ClowCardTheMirror","floor":36},{"not_picked":["ClowCardTheWood+1","ClowCardTheJump","ClowCardTheChange"],"picked":"SKIP","floor":38},{"not_picked":["ClowCardTheShot+1","ClowCardTheChange+1"],"picked":"ClowCardTheSweet+1","floor":39},{"not_picked":["ClowCardTheSong","ClowCardTheMist"],"picked":"ClowCardTheDark+1","floor":40},{"not_picked":["ClowCardTheChange+1","ClowCardTheSilent","ClowCardTheMirror+1"],"picked":"SKIP","floor":41},{"not_picked":["ClowCardTheFirey+1","ClowCardTheGlow"],"picked":"ClowCardTheFly","floor":42},{"not_picked":["ClowCardTheMirror+1","ClowCardTheSand","ClowCardTheChange"],"picked":"SKIP","floor":45},{"not_picked":["ClowCardTheStorm+1","ClowCardTheWood"],"picked":"ClowCardTheWave+1","floor":46},{"not_picked":["ClowCardTheEarthy","ClowCardTheVoice","ClowCardTheMist+1"],"picked":"SKIP","floor":48}],"player_experience":84206,"relics_obtained":[{"floor":6.0,"key":"conspire:BottledYoYo"},{"floor":8.0,"key":"KSMOD_TouyasBicycle"},{"floor":9.0,"key":"Bronze Scales"},{"floor":13.0,"key":"Centennial Puzzle"},{"floor":14.0,"key":"KSMOD_SwordJade"},{"floor":26.0,"key":"Frozen Egg 2"},{"floor":27.0,"key":"Letter Opener"},{"floor":29,"key":"conspire:DecoderRing"},{"floor":31,"key":"Meat on the Bone"},{"floor":40,"key":"MealTicket"},{"floor":42,"key":"KSMOD_TomoyosHeart"}],"event_choices":[{"damage_healed":0.0,"max_hp_gain":5.0,"max_hp_loss":0.0,"gold_gain":0.0,"event_name":"Forgotten Altar","player_choice":"Shed Blood","floor":19.0,"gold_loss":0.0,"damage_taken":18.0},{"damage_healed":0.0,"max_hp_gain":0.0,"max_hp_loss":0.0,"gold_gain":100.0,"event_name":"Golden Shrine","player_choice":"Pray","floor":25.0,"gold_loss":0.0,"damage_taken":0.0}],"is_beta":false,"boss_relics":[{"not_picked":["Black Star","conspire:RoyalGoblet"],"picked":"Sozu"},{"not_picked":["SlaversCollar","Cursed Key"],"picked":"KSMOD_DarknessWand"}],"items_purged_floors":[28],"is_endless":false,"potions_floor_spawned":[1,3,5,6,14,18,22,24,30,36,38,40,42,48],"killed_by":"Time Eater","ascension_level":7}}