{"host":"ggy1mjjy92c62u6a","time":1612539283,"event":{"mods":["10 clothes from DAL","ATMod(阿瑾Mod)","Act Like it!","BaseMod","Colored Powertips","GifTheSpireLib","Library of Ruina","Library of Ruina Extra","Lobotomy","LobotomyExtend","Minty Spire (QoL Compilation)","Quick Restart","Relic Filter Mod","Relic Stats","Shop Mod","Spicy Shops","StSLib","TestMod","【功能Mod】混沌之环修复补丁","【遗物Mod】死灵法师NEW","【遗物卡牌】REMEMod"],"gold_per_floor":[112,131,142,142,158,158,188,188,213,241,24,55,70,86,86,185,185,198,217,231,231,248,281,681,716,716,739,812,975,975,1045,1045,1226,1276,1334,1334],"floor_reached":35,"language":"ZHS","playtime":1551,"items_purged":["LightDefense"],"score":774,"play_id":"a6752f4b-e26c-4e81-ba73-982e98ba7af7","local_time":"20210205233443","is_ascension_mode":true,"campfire_choices":[{"data":"Unlock1","floor":6.0,"key":"SMITH"},{"floor":15.0,"key":"REST"},{"data":"GuidanceOfTheGears","floor":30,"key":"SMITH"},{"data":"AT_ShadowStep","floor":32,"key":"SMITH"}],"circlet_count":0,"master_deck":["Dodge","LightDefense+1","LightAttack+1","LightAttack+1","LightAttack","LightDefense","LightDefense+1","ChargeAndCover+1","FocusedStrikes+1","AT_ShadowStep+1","MeatLantern","CrumblingArmor","GuidanceOfTheGears+1","LightDefense+1","Unlock1+1","OldLady","Suppress","TrashDisposal","Eliminate","WillProduceFineSilk","Fence","RushDown","Guardian_lor+1","Suppress","TheArtOfRapidSteps+1","Unlock1"],"relics":["PageOfLibrarian","REME_ComplimentaryCards","testmod-TestBox","CogitoBucket","testmod-D_4","LetterFromLob","Bronze Scales","War Paint","AT_SunfireAegis","Membership Card","AT_Manta","Whetstone","Theresia","AT_TrinityForce","ResearcherNote","PageOfQueenBee","testmod-Acrobat","AT_MibuBalloonWealth","FleshIdol","AtMidnight","Tiny House"],"acts_visited":["Exordium","TheCity","TheBeyond"],"potions_floor_usage":[],"damage_taken":[{"damage":4.0,"enemies":"Small Slimes","floor":1.0,"turns":2.0},{"damage":0.0,"enemies":"Cultist","floor":2.0,"turns":3.0},{"damage":0.0,"enemies":"2 Louse","floor":3.0,"turns":2.0},{"damage":8.0,"enemies":"Large Slime","floor":5.0,"turns":2.0},{"damage":0.0,"enemies":"Gremlin Nob","floor":10.0,"turns":2.0},{"damage":15.0,"enemies":"Lagavulin","floor":12.0,"turns":2.0},{"damage":38.0,"enemies":"Blue Slaver","floor":13.0,"turns":2.0},{"damage":0.0,"enemies":"Looter","floor":14.0,"turns":1.0},{"damage":0.0,"enemies":"Slime Boss","floor":16.0,"turns":4.0},{"damage":0.0,"enemies":"Shell Parasite","floor":18.0,"turns":2.0},{"damage":0.0,"enemies":"2 Thieves","floor":19.0,"turns":2.0},{"damage":0.0,"enemies":"Snake Plant","floor":20.0,"turns":5.0},{"damage":0.0,"enemies":"Snecko","floor":22.0,"turns":3.0},{"damage":0,"enemies":"Book of Stabbing","floor":23,"turns":2},{"damage":0,"enemies":"Slavers","floor":25,"turns":3},{"damage":9,"enemies":"Centurion and Healer","floor":28,"turns":2},{"damage":6,"enemies":"Sentry and Sphere","floor":29,"turns":4},{"damage":0,"enemies":"Chosen and Byrds","floor":31,"turns":2},{"damage":19,"enemies":"Automaton","floor":33,"turns":3},{"damage":58,"enemies":"3 Shapes","floor":35,"turns":2}],"seed_played":"-8717898527671004266","potions_obtained":[{"floor":5.0,"key":"ColorlessPotion"},{"floor":13.0,"key":"Regen Potion"}],"is_trial":false,"path_per_floor":["M","M","M","?","M","R","?","?","T","E","$","E","M","M","R","B",null,"M","M","M","?","M","E","?","E","T","T","M","M","R","M","R","B",null,"M"],"character_chosen":"Librarian","items_purchased":["Membership Card","AT_Manta"],"campfire_rested":1,"item_purchase_floors":[11,11],"current_hp_per_floor":[50,50,50,50,44,44,44,44,44,44,44,31,1,2,23,31,60,68,70,70,70,70,70,70,70,70,70,61,55,55,55,55,36,77,19,19],"gold":1334,"neow_bonus":"","is_daily":false,"chose_seed":false,"campfire_upgraded":3,"win_rate":0.0,"timestamp":1612539283,"path_taken":["M","M","M","?","M","R","?","?","T","E","$","E","M","M","R","BOSS","M","M","M","?","M","E","?","E","T","?","M","M","R","M","R","BOSS","M"],"items_purchased_type":["Relic","Relic"],"build_version":"2020-12-22","purchased_purges":1,"victory":false,"max_hp_per_floor":[68,62,70,70,70,70,70,70,70,70,70,70,70,70,70,70,70,70,70,70,70,70,70,70,70,70,70,70,70,70,84,84,84,89,89,89],"relic_stats":{"counters":[23,53],"Bronze Scales":[116],"Whetstone":["FocusedStrikes","LightAttack"],"War Paint":["LightDefense","LightDefense"],"obtain_stats":[{"AT_ATBox":0,"testmod-TestBox":0,"Tiny House":34,"AT_Manta":11,"AT_MibuBalloonWealth":27,"ResearcherNote":20,"FleshIdol":29,"Whetstone":12,"War Paint":9,"PageOfLibrarian":0,"CogitoBucket":0,"testmod-D_4":0,"PageOfQueenBee":23,"Bronze Scales":7,"testmod-Acrobat":25,"AT_TrinityForce":17,"AtMidnight":29,"LetterFromLob":1,"Membership Card":11,"AT_SunfireAegis":10,"Theresia":13,"REME_ComplimentaryCards":0},{"AT_ATBox":0,"testmod-TestBox":0,"Tiny House":22,"AT_Manta":5,"AT_MibuBalloonWealth":17,"ResearcherNote":14,"FleshIdol":20,"Whetstone":6,"War Paint":4,"PageOfLibrarian":0,"CogitoBucket":0,"testmod-D_4":0,"PageOfQueenBee":16,"Bronze Scales":4,"testmod-Acrobat":17,"AT_TrinityForce":10,"AtMidnight":20,"LetterFromLob":1,"Membership Card":5,"AT_SunfireAegis":5,"Theresia":8,"REME_ComplimentaryCards":0},{"AT_ATBox":0,"testmod-TestBox":0,"Tiny House":51,"AT_Manta":11,"AT_MibuBalloonWealth":39,"ResearcherNote":31,"FleshIdol":46,"Whetstone":13,"War Paint":9,"PageOfLibrarian":0,"CogitoBucket":0,"testmod-D_4":0,"PageOfQueenBee":36,"Bronze Scales":9,"testmod-Acrobat":39,"AT_TrinityForce":21,"AtMidnight":46,"LetterFromLob":2,"Membership Card":11,"AT_SunfireAegis":11,"Theresia":16,"REME_ComplimentaryCards":0}]},"card_choices":[{"not_picked":["SnowQueen","WallGazer"],"picked":"MeatLantern","floor":1.0},{"not_picked":["Reload","FlyingSword","SinglePointStab","KeepItFresh","Multislash","ButterflySlash","TheArtOfRapidSteps","DarkCloud","SmokingPipe"],"picked":"SKIP","floor":1.0},{"not_picked":["Laetitia","FieryBird"],"picked":"CrumblingArmor","floor":2.0},{"not_picked":["Concentration","NightInTheBackstreets","ReadyUp","BackstreetsDash","PreemptiveStrike","FleetFootsteps","FocusFire","Reload","EnergyBeam"],"picked":"SKIP","floor":2.0},{"not_picked":["Concentration","NightInTheBackstreets","ReadyUp","BackstreetsDash","PreemptiveStrike","FleetFootsteps","FocusFire","Reload","EnergyBeam"],"picked":"SKIP","floor":2.0},{"not_picked":["Bloodbath","BlackSwan"],"picked":"FairyFestival","floor":3.0},{"not_picked":["Faith","SilentNight","ClassAndRespect","DarkCloud","IllEndYou","Leap_lor","DefenseOrder","UpbeatPerformance"],"picked":"GuidanceOfTheGears","floor":3.0},{"not_picked":["GrazeTheGrass","FrontalAssault","Quickness","Thrust","GuardingStance","PinpointShot","MultiBlock","FlyingSword"],"picked":"Unlock1","floor":5.0},{"not_picked":["Scorched","QueenBee"],"picked":"OldLady","floor":10.0},{"not_picked":["RhinoRam","EnergyStrike","Diversion","HeavyPeaks","AbsorbImpact","MultiHit","Castigation","AsThePrescriptOrders"],"picked":"Suppress","floor":10.0},{"not_picked":["HandleRequest","DimensionalRift","SinglePointStab","WillOfThePrescript","HighSpeedStabbing","BackAttack","PinpointShot","UpbeatPerformance"],"picked":"TrashDisposal","floor":12.0},{"not_picked":["PreemptiveStrike","Juggling","EnergyStrike","SkitterAway","QuickAttack","Thrust","Parry","UpbeatPerformance"],"picked":"Eliminate","floor":13.0},{"not_picked":["Leap_lor","PuppetBlockade","Tttonst","TimeForALittleTest","QuickAttack","GuardingStance","ChopItOff","SharpSwipe","GrazeTheGrass"],"picked":"SKIP","floor":14.0},{"not_picked":["CrackOfDawn","RagingStorm"],"picked":"WillProduceFineSilk","floor":16.0},{"not_picked":["SunsetBlade","GuardingStance","QuickSuppression","AutomatedMovement+1","Wallop_lor+1","SharpenedBlade","QuickAttack","SilentNight"],"picked":"Fence","floor":18.0},{"not_picked":["Clone","Zzzzzap","FleetEdge","SharpSwipe","EnergyCycle+1","ButterflySlash","Standoff","BackstreetsDash"],"picked":"RushDown","floor":19.0},{"not_picked":["EnergyShield","Reload","PreemptiveStrike","SharpSwipe+1","InkOver","Wallop_lor","FleetFootsteps","SpearedSweep","WaitUp"],"picked":"SKIP","floor":20.0},{"not_picked":["EnergyStrike+1","Brawl","FrontalAssault+1","Faith","AsThePrescriptOrders","Leap_lor","BizarreAttack","Outburst"],"picked":"Guardian_lor+1","floor":22.0},{"not_picked":["BackAttack+1","GuidanceOfTheGears","TendonChords","SinglePointStab","EmotionalTurbulence","GuardingStance+1","ProselytesBlade+1","AsThePrescriptOrders"],"picked":"Suppress","floor":23},{"not_picked":["GutHarvesting","EnergyCycle+1","HiddenBlade","EnergyStrike","GatherIntel+1","Diversion+1","StrongStrike","LawAndOrder"],"picked":"TheArtOfRapidSteps+1","floor":25},{"not_picked":["DriedUp","Observe","EndlessBattle","ClassAndRespect","SinglePointStab","HighKick+1","PinpointShot","ToOvercomeCrisis","SunsetBlade"],"picked":"SKIP","floor":28},{"not_picked":["EndlessBattle","FeelinGood","ExtremeEdge","SparkingSpear+1","Eliminate","AutomatedMovement","UpbeatPerformance","ToWhereThePrescriptPoints","QuickSuppression+1"],"picked":"SKIP","floor":29},{"not_picked":["DesperateStruggle+1","Cruelty","HighKick","NightInTheBackstreets","FlashOfSunup","LossOfSenses","ClassAndRespect+1","IllEndYou","Leap_lor"],"picked":"SKIP","floor":31},{"not_picked":["LawAndOrder","PreemptiveStrike","Multislash","GuidanceOfTheGears","TimeForALittleTest","FleetEdge","GaleKick","Wallop_lor"],"picked":"Unlock1","floor":34}],"player_experience":99430,"relics_obtained":[{"floor":1.0,"key":"LetterFromLob"},{"floor":9.0,"key":"War Paint"},{"floor":10.0,"key":"AT_SunfireAegis"},{"floor":12.0,"key":"Whetstone"},{"floor":23,"key":"PageOfQueenBee"},{"floor":25,"key":"testmod-Acrobat"},{"floor":27,"key":"AT_MibuBalloonWealth"},{"floor":29,"key":"AtMidnight"}],"event_choices":[{"damage_healed":0.0,"max_hp_gain":0.0,"max_hp_loss":0.0,"gold_gain":30.0,"event_name":"Dead Adventurer","player_choice":"Searched \u00273\u0027 times","floor":7.0,"gold_loss":0.0,"damage_taken":0.0,"relics_obtained":["Bronze Scales"]},{"damage_healed":0.0,"max_hp_gain":0.0,"max_hp_loss":0.0,"gold_gain":0.0,"event_name":"Upgrade Shrine","player_choice":"Upgraded","floor":8.0,"gold_loss":0.0,"damage_taken":0.0,"cards_upgraded":["ChargeAndCover"]},{"cards_removed":["FairyFestival"],"damage_healed":0.0,"max_hp_gain":0.0,"max_hp_loss":0.0,"gold_gain":0.0,"event_name":"Back to Basics","player_choice":"Elegance","floor":21.0,"gold_loss":0.0,"damage_taken":0.0},{"damage_healed":0,"gold_gain":400,"player_choice":"Sell","damage_taken":0,"max_hp_gain":0,"max_hp_loss":0,"event_name":"恩洛斯的盘子","floor":24,"relics_lost":["AT_ATBox"],"gold_loss":0}],"is_beta":false,"boss_relics":[{"not_picked":["REME_ChargedStone","testmod-Prudence"],"picked":"AT_TrinityForce"},{"not_picked":["testmod-Recursion","testmod-EnergyCheck"],"picked":"Tiny House"}],"items_purged_floors":[11],"is_endless":false,"potions_floor_spawned":[2,5,13,20,28,31,33],"killed_by":"3 Shapes","ascension_level":7}}