{"host":"1sqx9dmsrxu9kvq7","time":1612550948,"event":{"mods":["2.2 Compatiblity","Act Like it!","BaseMod","CapriCore","Chen","Colored Powertips","Custom Start","Friendly Minions","Highlight Path","HololiveMod","KinomotoSakuraMod(木之本?)","Kiyohime（清?）","Koishi","Marisa（霧雨　魔理沙）","Minty Spire (QoL Compilation)","Prisma Mod","Quick Restart","Rare Cards Sparkle","Reimu（博??梦）","Relic Stats","Remilia（蕾米莉?）","Shop Mod","Spicy Shops","StSLib","Td1madao Mod","The Administrix","The Alterego","The Blue Laboratory","The Immortal","The Servant 0.9.4","Waifu the Spire","WarShipGirlsR/??少女R mod","Yakumo Yukari mod","Yuyuko"],"gold_per_floor":[111,111,130,145,145,145,145,145],"floor_reached":7,"language":"ENG","playtime":412,"items_purged":[],"score":41,"play_id":"8641b54e-e186-4305-b6ba-0ef256be65ad","local_time":"20210205124908","is_ascension_mode":false,"campfire_choices":[{"floor":6,"key":"RECALL"}],"circlet_count":0,"master_deck":["KiyohimeMod:Strike","KiyohimeMod:Strike","KiyohimeMod:Strike","KiyohimeMod:Strike","KiyohimeMod:Defend","KiyohimeMod:Defend","KiyohimeMod:Defend","KiyohimeMod:Defend","KiyohimeMod:Track","KiyohimeMod:FlameKiss","KiyohimeMod:Shapeshift","KiyohimeMod:DivineConstruct","KiyohimeMod:Grimoire","KiyohimeMod:Destruction","Pain"],"relics":["KiyohimeMod:FireDragon","Strawberry","Golden Idol","WarpedTongs"],"acts_visited":["Exordium"],"potions_floor_usage":[],"damage_taken":[{"damage":7,"enemies":"Jaw Worm","floor":1,"turns":3},{"damage":2,"enemies":"2 Louse","floor":3,"turns":3},{"damage":0,"enemies":"Cultist","floor":4,"turns":5},{"damage":42,"enemies":"3 Sentries","floor":7,"turns":6}],"seed_played":"-6940226928927563882","potions_obtained":[{"floor":1,"key":"SpeedPotion"}],"is_trial":false,"path_per_floor":["M","?","M","M","?","R","E"],"character_chosen":"Kiyohime","items_purchased":[],"campfire_rested":0,"item_purchase_floors":[],"current_hp_per_floor":[60,44,42,42,42,42,0,0],"gold":145,"neow_bonus":"RANDOM_COMMON_RELIC","is_daily":false,"chose_seed":false,"campfire_upgraded":0,"win_rate":0.0,"timestamp":1612550948,"path_taken":["M","?","M","M","?","R","E"],"items_purchased_type":[],"build_version":"2020-12-22","purchased_purges":0,"victory":false,"max_hp_per_floor":[67,67,67,67,67,67,67,67],"relic_stats":{"counters":[4,17],"Golden Idol":7,"obtain_stats":[{"KiyohimeMod:FireDragon":0,"Golden Idol":2,"Strawberry":0,"WarpedTongs":5},{"KiyohimeMod:FireDragon":0,"Golden Idol":1,"Strawberry":0,"WarpedTongs":3},{"KiyohimeMod:FireDragon":0,"Golden Idol":3,"Strawberry":0,"WarpedTongs":11}],"WarpedTongs":[6]},"card_choices":[{"not_picked":["KiyohimeMod:WaterTurn","KiyohimeMod:SteelTraining"],"picked":"KiyohimeMod:DivineConstruct","floor":1},{"not_picked":["KiyohimeMod:BlueBlackKey","KiyohimeMod:RedBlackKey"],"picked":"KiyohimeMod:Grimoire","floor":3},{"not_picked":["KiyohimeMod:Preemptive","KiyohimeMod:Fragarach"],"picked":"KiyohimeMod:Destruction","floor":4}],"player_experience":296397,"relics_obtained":[],"event_choices":[{"damage_healed":0,"gold_gain":0,"player_choice":"Take Damage","damage_taken":16,"relics_obtained":["Golden Idol"],"max_hp_gain":0,"max_hp_loss":0,"event_name":"Golden Idol","floor":2,"gold_loss":0},{"damage_healed":0,"gold_gain":0,"player_choice":"Rummage","damage_taken":0,"relics_obtained":["WarpedTongs"],"max_hp_gain":0,"max_hp_loss":0,"event_name":"Accursed Blacksmith","floor":5,"gold_loss":0,"cards_obtained":["Pain"]}],"is_beta":false,"boss_relics":[],"items_purged_floors":[],"is_endless":false,"potions_floor_spawned":[1],"killed_by":"3 Sentries","ascension_level":0}}