{"host":"v380u9jqfq8325l5","time":1612519979,"event":{"mods":["BaseMod","Bestiary","BetterRewards","Colored Map","Colored Powertips","Curses Come First","Evolution","Halation","Hubris","Infinite Spire","Minty Spire (QoL Compilation)","Reliquary","Spire Arcade","StSLib","SuperFastMode"],"gold_per_floor":[113,127,127,127,141,141,171,181,181,206,206,221,234,268,268,344,344,360,373,398,398,411,411,411],"floor_reached":23,"language":"ENG","playtime":611,"items_purged":["Armaments","Sword Boomerang"],"score":651,"play_id":"87a156c0-e44e-4ef6-8d5e-106bb8ccf192","local_time":"20210205131259","is_ascension_mode":true,"campfire_choices":[{"data":"Body Slam","floor":6,"key":"SMITH"},{"data":"Feed","floor":11,"key":"SMITH"},{"data":"Body Slam","floor":15,"key":"SMITH"}],"circlet_count":0,"master_deck":["AscendersBane","Sword Boomerang","Sword Boomerang","Sword Boomerang","Sword Boomerang","Armaments","Armaments","Armaments","Bash","Inflame","Body Slam+1","Body Slam+1","Feed+1","Feed","Shrug It Off","Juggernaut"],"relics":["Burning Blood","EVO:Axolotl","reliquary:JackalopeAntler","hubris:SphereOfDissonance","halation:VictoryRuler","reliquary:BrokenClock","Charon\u0027s Ashes","Darkstone Periapt","halation:QuantumPhysicsTextbook","Bag of Preparation","Calipers","reliquary:NewFriend","MealTicket","reliquary:SharkskinSheath","Paper Frog","halation:TwoAmDonut","hubris:IronBody","halation:SmartPhone"],"acts_visited":["Exordium","TheCity"],"potions_floor_usage":[],"damage_taken":[{"damage":0,"enemies":"Cultist","floor":1,"turns":2},{"damage":0,"enemies":"Jaw Worm","floor":2,"turns":1},{"damage":0,"enemies":"2 Louse","floor":5,"turns":1},{"damage":8,"enemies":"Gremlin Nob","floor":7,"turns":3},{"damage":0,"enemies":"Lots of Slimes","floor":8,"turns":2},{"damage":40,"enemies":"3 Sentries","floor":10,"turns":4},{"damage":0,"enemies":"Exordium Wildlife","floor":12,"turns":2},{"damage":0,"enemies":"3 Louse","floor":13,"turns":1},{"damage":20,"enemies":"Lagavulin","floor":14,"turns":3},{"damage":22,"enemies":"Hexaghost","floor":16,"turns":5},{"damage":0,"enemies":"Spheric Guardian","floor":18,"turns":2},{"damage":13,"enemies":"3 Byrds","floor":19,"turns":4},{"damage":42,"enemies":"Shelled Parasite and Fungi","floor":22,"turns":4},{"damage":23,"enemies":"Book of Stabbing","floor":23,"turns":2}],"seed_played":"-4928996126330226727","potions_obtained":[{"floor":5,"key":"LiquidMemories"},{"floor":7,"key":"CultistPotion"}],"is_trial":false,"path_per_floor":["M","M","?","?","M","R","E","M","T","E","R","M","M","E","R","B",null,"M","M","T","?","M","E"],"character_chosen":"IRONCLAD","items_purchased":["reliquary:JackalopeAntler","hubris:SphereOfDissonance","reliquary:BrokenClock","Charon\u0027s Ashes","Darkstone Periapt","Bag of Preparation","Inflame"],"campfire_rested":0,"item_purchase_floors":[0,0,0,0,0,0,0],"current_hp_per_floor":[77,78,78,74,78,78,76,78,78,44,44,54,60,46,46,34,73,79,67,67,58,22,0,0],"gold":411,"neow_bonus":"","is_daily":false,"chose_seed":false,"campfire_upgraded":3,"win_rate":0.0,"timestamp":1612519979,"path_taken":["M","M","?","?","M","R","E","M","T","E","R","M","M","E","R","BOSS","M","M","?","?","?","E"],"items_purchased_type":["Relic","Relic","Relic","Relic","Relic","Relic","Card"],"build_version":"2020-12-22","purchased_purges":2,"victory":false,"max_hp_per_floor":[78,78,78,78,78,78,78,78,78,78,78,82,82,82,82,86,86,86,90,90,90,90,90,90],"card_choices":[{"not_picked":["Headbutt","hubris:SharpeningStone","Power Through"],"picked":"SKIP","floor":1},{"not_picked":["Thunderclap","Seeing Red","True Grit"],"picked":"SKIP","floor":2},{"not_picked":["hubris:ReadiedAction","Twin Strike"],"picked":"Body Slam","floor":5},{"not_picked":["Wild Strike","Cleave","Burning Pact"],"picked":"SKIP","floor":7},{"not_picked":["Wild Strike","hubris:CleavingFinish"],"picked":"Body Slam","floor":8},{"not_picked":["Cleave","Spot Weakness"],"picked":"Feed","floor":10},{"not_picked":["Battle Trance","Disarm","Flame Barrier"],"picked":"SKIP","floor":12},{"not_picked":["Pummel","Heavy Blade","Twin Strike"],"picked":"SKIP","floor":13},{"not_picked":["Headbutt","Twin Strike","Clash"],"picked":"SKIP","floor":14},{"not_picked":["Corruption","Impervious"],"picked":"Feed","floor":16},{"not_picked":["Metallicize","Body Slam","Sword Boomerang"],"picked":"SKIP","floor":18},{"not_picked":["Power Through","Cleave"],"picked":"Shrug It Off","floor":19},{"not_picked":["True Grit","Thunderclap","Body Slam"],"picked":"SKIP","floor":22}],"player_experience":230800,"relics_obtained":[{"floor":3,"key":"MealTicket"},{"floor":7,"key":"reliquary:SharkskinSheath"},{"floor":9,"key":"Paper Frog"},{"floor":10,"key":"halation:TwoAmDonut"},{"floor":14,"key":"hubris:IronBody"}],"event_choices":[{"damage_healed":0,"gold_gain":0,"player_choice":"Bought 0 Potions","damage_taken":0,"max_hp_gain":0,"max_hp_loss":0,"event_name":"The Woman in Blue","floor":4,"gold_loss":0},{"damage_healed":0,"gold_gain":0,"player_choice":"1 cards matched","damage_taken":0,"max_hp_gain":0,"max_hp_loss":0,"event_name":"Match and Keep!","floor":21,"gold_loss":0,"cards_obtained":["Juggernaut"]}],"is_beta":false,"boss_relics":[{"not_picked":["halation:LoveArrow","Empty Cage"],"picked":"halation:SmartPhone"}],"items_purged_floors":[0,0],"is_endless":false,"potions_floor_spawned":[5,7,10,12,16,18,22],"killed_by":"Book of Stabbing","ascension_level":20}}