{"host":"ia9e4s524g7bamk7","time":1612544927,"event":{"mods":["AchievementEnabler","BaseMod","Minty Spire (QoL Compilation)","Slay-I"],"gold_per_floor":[112,132,151,165,165,195,212,212,212,287,318,318,9,23,23,122,122,136,154,79,95,108,138,69,98,170,170,221,231,231,231],"floor_reached":30,"language":"ENG","playtime":2114,"items_purged":[],"score":439,"play_id":"c457bf82-372c-44c6-bea7-527469fb1e49","local_time":"20210205180847","is_ascension_mode":true,"campfire_choices":[{"floor":8.0,"key":"REST"},{"floor":12,"key":"REST"},{"data":"Predator","floor":15,"key":"SMITH"},{"floor":27,"key":"REST"}],"circlet_count":0,"master_deck":["Defend_G+1","Defend_G","Defend_G","Defend_G","Defend_G","Survivor","Neutralize","Predator","Blade Dance","Dodge and Roll","Dodge and Roll","Predator+1","Backstab","Cloak And Dagger+1","All Out Attack","Unload","Cloak And Dagger+1","Leg Sweep+1","Prepared+1","Prepared","All Out Attack","Bullet Time","Acrobatics+1"],"relics":["Astrolabe","Strawberry","Letter Opener","Mercury Hourglass","Busted Crown","Blue Candle","Kunai","Mummified Hand","War Paint"],"acts_visited":["Exordium","TheCity"],"potions_floor_usage":[11,11,16,16,30],"damage_taken":[{"damage":11.0,"enemies":"Cultist","floor":1.0,"turns":7.0},{"damage":0.0,"enemies":"2 Louse","floor":2.0,"turns":3.0},{"damage":0.0,"enemies":"Jaw Worm","floor":3.0,"turns":3.0},{"damage":7.0,"enemies":"Red Slaver","floor":4.0,"turns":5.0},{"damage":34.0,"enemies":"Lagavulin","floor":6.0,"turns":8.0},{"damage":18.0,"enemies":"Gremlin Gang","floor":7.0,"turns":5.0},{"damage":10,"enemies":"3 Sentries","floor":11,"turns":6},{"damage":0,"enemies":"2 Fungi Beasts","floor":14,"turns":2},{"damage":4,"enemies":"Slime Boss","floor":16,"turns":5},{"damage":14,"enemies":"3 Byrds","floor":18,"turns":3},{"damage":0,"enemies":"Chosen","floor":19,"turns":3},{"damage":30,"enemies":"Snake Plant","floor":21,"turns":4},{"damage":13,"enemies":"3 Cultists","floor":22,"turns":4},{"damage":24,"enemies":"Gremlin Leader","floor":23,"turns":9},{"damage":18,"enemies":"Slavers","floor":25,"turns":4},{"damage":20,"enemies":"Snecko","floor":29,"turns":6},{"damage":12,"enemies":"Book of Stabbing","floor":30,"turns":3}],"seed_played":"3435220853029697161","potions_obtained":[{"floor":1.0,"key":"Dexterity Potion"},{"floor":3.0,"key":"Strength Potion"},{"floor":11,"key":"LiquidMemories"},{"floor":14,"key":"ColorlessPotion"},{"floor":22,"key":"FairyPotion"},{"floor":25,"key":"SpeedPotion"},{"floor":29,"key":"GamblersBrew"}],"is_trial":false,"path_per_floor":["M","M","M","M","?","E","M","R","T","?","E","R","$","M","R","B",null,"M","M","?","M","M","E","$","E","T","R","T","M","E"],"character_chosen":"THE_SILENT","items_purchased":["Mercury Hourglass","SkillPotion","All Out Attack"],"campfire_rested":3,"item_purchase_floors":[13,13,24],"current_hp_per_floor":[59,59,59,52,52,25,7,30,30,19,9,32,32,32,32,28,77,63,63,63,33,20,23,23,5,5,28,28,8,0,0],"gold":231,"neow_bonus":"BOSS_RELIC","is_daily":false,"chose_seed":false,"campfire_upgraded":1,"win_rate":0.0,"timestamp":1612544927,"path_taken":["M","M","M","M","?","E","?","R","T","?","E","R","$","M","R","BOSS","M","M","?","M","M","E","$","E","T","R","?","M","E"],"items_purchased_type":["Relic","Potion","Card"],"build_version":"2020-12-22","purchased_purges":0,"victory":false,"max_hp_per_floor":[70,70,70,70,70,77,77,77,77,77,77,77,77,77,77,77,77,77,77,77,77,77,77,77,77,77,77,77,77,77,77],"card_choices":[{"not_picked":["Deadly Poison","Sucker Punch"],"picked":"Predator","floor":1.0},{"not_picked":["Caltrops","Underhanded Strike"],"picked":"Blade Dance","floor":2.0},{"not_picked":["Poisoned Stab","Distraction"],"picked":"Dodge and Roll","floor":3.0},{"not_picked":["Distraction","Acrobatics"],"picked":"Dodge and Roll","floor":4.0},{"not_picked":["Masterful Stab","Quick Slash"],"picked":"Predator","floor":6.0},{"not_picked":["Flechettes","Flying Knee"],"picked":"Backstab","floor":7.0},{"not_picked":["Noxious Fumes","Malaise"],"picked":"Cloak And Dagger","floor":11},{"not_picked":["Flying Knee","Quick Slash"],"picked":"All Out Attack","floor":14},{"not_picked":["Corpse Explosion","After Image"],"picked":"Unload","floor":16},{"not_picked":[],"picked":"Cloak And Dagger+1","floor":18},{"not_picked":[],"picked":"Leg Sweep+1","floor":19},{"not_picked":[],"picked":"Prepared+1","floor":21},{"not_picked":["Choke+1"],"picked":"SKIP","floor":22},{"not_picked":[],"picked":"Prepared","floor":23},{"not_picked":[],"picked":"Bullet Time","floor":25},{"not_picked":[],"picked":"Acrobatics+1","floor":29}],"player_experience":257863,"relics_obtained":[{"floor":6.0,"key":"Strawberry"},{"floor":11,"key":"Letter Opener"},{"floor":23,"key":"Blue Candle"},{"floor":25,"key":"Kunai"},{"floor":26,"key":"Mummified Hand"},{"floor":28,"key":"War Paint"}],"event_choices":[{"cards_removed":["Strike_G"],"damage_healed":0.0,"max_hp_gain":0.0,"max_hp_loss":0.0,"gold_gain":0.0,"event_name":"Bonfire Elementals","player_choice":"Offered Basic","floor":5.0,"gold_loss":0.0,"damage_taken":0.0},{"damage_healed":0.0,"max_hp_gain":0.0,"max_hp_loss":0.0,"gold_gain":75.0,"event_name":"World of Goop","player_choice":"Gather Gold","floor":10.0,"gold_loss":0.0,"damage_taken":11.0},{"cards_removed":["Strike_G"],"damage_healed":0,"gold_gain":0,"player_choice":"Gave Gold","damage_taken":0,"max_hp_gain":0,"max_hp_loss":0,"event_name":"Beggar","floor":20,"gold_loss":75}],"is_beta":false,"boss_relics":[{"not_picked":["Philosopher\u0027s Stone","Coffee Dripper"],"picked":"Busted Crown"}],"items_purged_floors":[],"is_endless":false,"potions_floor_spawned":[1,3,11,14,22,25,29],"killed_by":"Book of Stabbing","ascension_level":3}}