{"host":"gopu3kmfaoww0llm","time":1612538687,"event":{"mods":["AchievementEnabler","BaseMod","Colored Powertips","DeckTracker","Minty Spire (QoL Compilation)","Quick Restart","StSLib","SuperFastMode"],"gold_per_floor":[111,127,4,14,31,31,62,76,154,181,199,32,44,77,77,154,154,172,172,186,197,247,281,281,281,281,95,127,127,137,148,148,223,223,242,262,137,137,137,137,156,156,183,202,29,49,49,74,74,74,74,74,74,74,107,107,107],"floor_reached":56,"language":"KOR","playtime":1493,"items_purged":["Strike_P","Strike_P","Strike_P"],"score":2218,"play_id":"d7df06b4-d695-4ef6-b62a-5eab72a7a79c","local_time":"20210206002447","is_ascension_mode":true,"campfire_choices":[{"data":"TalkToTheHand","floor":6.0,"key":"SMITH"},{"floor":15.0,"key":"DIG"},{"data":"Adaptation","floor":24.0,"key":"SMITH"},{"floor":29.0,"key":"DIG"},{"floor":32.0,"key":"DIG"},{"floor":40.0,"key":"DIG"},{"floor":42.0,"key":"DIG"},{"floor":47.0,"key":"RECALL"},{"floor":49.0,"key":"DIG"},{"floor":53.0,"key":"DIG"}],"circlet_count":0,"master_deck":["AscendersBane","Defend_P","Defend_P","Eruption+1","Vigilance","FollowUp","MentalFortress","TalkToTheHand+1","FearNoEvil","FlurryOfBlows","Adaptation+1","WheelKick","Flash of Steel","DeusExMachina","InnerPeace","Tantrum"],"relics":["PureWater","Bag of Marbles","Eternal Feather","Shovel","Omamori","Akabeko","Empty Cage","Enchiridion","Bronze Scales","Gremlin Horn","Blood Vial","PreservedInsect","FossilizedHelix","Cursed Key","TeardropLocket","StoneCalendar","Damaru","OrangePellets","Mango","Boot","Bottled Lightning","Blue Candle"],"acts_visited":["Exordium","TheCity","TheBeyond","TheEnding"],"potions_floor_usage":[],"damage_taken":[{"damage":0.0,"enemies":"Jaw Worm","floor":1.0,"turns":3.0},{"damage":9.0,"enemies":"Small Slimes","floor":2.0,"turns":4.0},{"damage":0.0,"enemies":"Cultist","floor":4.0,"turns":2.0},{"damage":5.0,"enemies":"Exordium Thugs","floor":5.0,"turns":4.0},{"damage":10.0,"enemies":"Gremlin Nob","floor":7.0,"turns":3.0},{"damage":3.0,"enemies":"Exordium Wildlife","floor":8.0,"turns":3.0},{"damage":20.0,"enemies":"3 Sentries","floor":10.0,"turns":4.0},{"damage":0.0,"enemies":"Large Slime","floor":11.0,"turns":2.0},{"damage":9.0,"enemies":"3 Louse","floor":13.0,"turns":4.0},{"damage":1.0,"enemies":"Gremlin Nob","floor":14.0,"turns":3.0},{"damage":0.0,"enemies":"Slime Boss","floor":16.0,"turns":4.0},{"damage":0.0,"enemies":"3 Byrds","floor":18.0,"turns":4.0},{"damage":11.0,"enemies":"Spheric Guardian","floor":20.0,"turns":4.0},{"damage":0.0,"enemies":"Snecko","floor":21.0,"turns":4.0},{"damage":15.0,"enemies":"Gremlin Leader","floor":23.0,"turns":8.0},{"damage":2.0,"enemies":"Slavers","floor":28.0,"turns":3.0},{"damage":0.0,"enemies":"3 Cultists","floor":30.0,"turns":3.0},{"damage":6.0,"enemies":"Centurion and Healer","floor":31.0,"turns":2.0},{"damage":19.0,"enemies":"Collector","floor":33.0,"turns":5.0},{"damage":0.0,"enemies":"Orb Walker","floor":35.0,"turns":2.0},{"damage":0.0,"enemies":"3 Shapes","floor":36.0,"turns":1.0},{"damage":0.0,"enemies":"Sphere and 2 Shapes","floor":41.0,"turns":2.0},{"damage":0.0,"enemies":"Writhing Mass","floor":44.0,"turns":4.0},{"damage":0.0,"enemies":"Transient","floor":46.0,"turns":6.0},{"damage":0.0,"enemies":"Mind Bloom Boss Battle","floor":48.0,"turns":3.0},{"damage":0.0,"enemies":"Awakened One","floor":50.0,"turns":5.0},{"damage":0.0,"enemies":"Time Eater","floor":51.0,"turns":7.0},{"damage":12.0,"enemies":"Shield and Spear","floor":55.0,"turns":3.0},{"damage":97,"enemies":"The Heart","floor":56,"turns":3}],"seed_played":"-4697319480174360231","potions_obtained":[{"floor":4.0,"key":"Strength Potion"},{"floor":5.0,"key":"FairyPotion"},{"floor":10.0,"key":"LiquidBronze"},{"floor":13.0,"key":"Fire Potion"},{"floor":18.0,"key":"DuplicationPotion"},{"floor":28.0,"key":"Fire Potion"},{"floor":36.0,"key":"StancePotion"}],"is_trial":false,"path_per_floor":["M","M","$","M","M","R","E","M","T","E","M","$","M","E","R","B",null,"M","?","M","M","?","E","R","?","T","$","E","R","M","M","R","B",null,"M","M","$","$","T","R","M","R","T","M","$","M","R","?","R","B","B",null,"R","$","E","B"],"character_chosen":"WATCHER","items_purchased":["TalkToTheHand","FearNoEvil","Flash of Steel","GamblersBrew","OrangePellets"],"campfire_rested":0,"item_purchase_floors":[3,3,12,27,45],"current_hp_per_floor":[61,52,52,52,47,47,37,34,34,14,14,14,5,4,13,13,54,54,33,22,22,22,7,16,16,16,16,14,23,25,21,30,13,54,56,58,58,58,58,67,68,68,68,68,68,68,68,82,82,82,82,82,82,82,70,0,0],"gold":107,"neow_bonus":"UPGRADE_CARD","is_daily":false,"chose_seed":false,"campfire_upgraded":2,"win_rate":0.0,"timestamp":1612538687,"path_taken":["M","M","$","M","M","R","E","M","T","E","M","$","M","E","R","BOSS","M","?","M","M","?","E","R","?","T","$","E","R","M","M","R","BOSS","M","M","?","$","?","R","M","R","T","M","$","?","R","?","R","BOSS","BOSS","R","$","E","BOSS"],"items_purchased_type":["Card","Card","Card","Potion","Relic"],"build_version":"2020-12-22","purchased_purges":3,"victory":false,"max_hp_per_floor":[68,68,68,68,68,68,68,68,68,68,68,68,68,68,68,68,68,68,68,68,68,68,68,68,68,68,68,68,68,68,68,68,68,68,68,68,68,68,68,68,68,68,68,68,68,68,68,82,82,82,82,82,82,82,82,82,82],"card_choices":[{"not_picked":["Prostrate","Weave"],"picked":"FollowUp","floor":1.0},{"not_picked":["EmptyMind","EmptyFist"],"picked":"MentalFortress","floor":2.0},{"not_picked":["Perseverance","FollowUp"],"picked":"FlurryOfBlows","floor":4.0},{"not_picked":["FearNoEvil","Swivel","JustLucky"],"picked":"SKIP","floor":5.0},{"not_picked":["ClearTheMind","MasterReality"],"picked":"Adaptation","floor":7.0},{"not_picked":["Study","CutThroughFate"],"picked":"WheelKick","floor":8.0},{"not_picked":["Collect","WreathOfFlame","WindmillStrike"],"picked":"SKIP","floor":10.0},{"not_picked":["Collect","WreathOfFlame","WindmillStrike"],"picked":"SKIP","floor":10.0},{"not_picked":["FearNoEvil","Evaluate","EmptyBody"],"picked":"SKIP","floor":11.0},{"not_picked":["Consecrate","FearNoEvil","Halt"],"picked":"SKIP","floor":13.0},{"not_picked":["Establishment","JustLucky","WreathOfFlame"],"picked":"SKIP","floor":14.0},{"not_picked":["MasterReality","Alpha"],"picked":"DeusExMachina","floor":16.0},{"not_picked":["FollowUp","Study","SashWhip"],"picked":"SKIP","floor":18.0},{"not_picked":["Wallop+1","Pray","Study"],"picked":"SKIP","floor":20.0},{"not_picked":["Swivel+1","BowlingBash+1","Halt+1"],"picked":"SKIP","floor":21.0},{"not_picked":["CutThroughFate+1","CarveReality+1"],"picked":"InnerPeace","floor":23.0},{"not_picked":["FearNoEvil","FlyingSleeves","FlurryOfBlows"],"picked":"SKIP","floor":28.0},{"not_picked":["EmptyBody","ThirdEye"],"picked":"Tantrum","floor":30.0},{"not_picked":["CrushJoints","Prostrate","FearNoEvil"],"picked":"SKIP","floor":31.0},{"not_picked":["FollowUp","FlurryOfBlows+1","SashWhip+1"],"picked":"SKIP","floor":35.0},{"not_picked":["FlurryOfBlows","FlyingSleeves+1","Wireheading+1"],"picked":"SKIP","floor":36.0},{"not_picked":["SashWhip","ForeignInfluence","Prostrate+1"],"picked":"SKIP","floor":41.0},{"not_picked":["SignatureMove","EmptyFist","Halt"],"picked":"SKIP","floor":44.0},{"not_picked":["EmptyBody","WreathOfFlame","Evaluate+1"],"picked":"SKIP","floor":46.0},{"not_picked":["FlurryOfBlows","JustLucky","ThirdEye"],"picked":"SKIP","floor":55.0}],"player_experience":2906053,"relics_obtained":[{"floor":7.0,"key":"Bag of Marbles"},{"floor":9.0,"key":"Eternal Feather"},{"floor":10.0,"key":"Shovel"},{"floor":14.0,"key":"Omamori"},{"floor":15.0,"key":"Akabeko"},{"floor":19.0,"key":"Enchiridion"},{"floor":23.0,"key":"Bronze Scales"},{"floor":26.0,"key":"Gremlin Horn"},{"floor":28.0,"key":"Blood Vial"},{"floor":29.0,"key":"PreservedInsect"},{"floor":32.0,"key":"FossilizedHelix"},{"floor":40.0,"key":"TeardropLocket"},{"floor":42.0,"key":"StoneCalendar"},{"floor":43.0,"key":"Damaru"},{"floor":48.0,"key":"Mango"},{"floor":49.0,"key":"Boot"},{"floor":53.0,"key":"Bottled Lightning"},{"floor":55.0,"key":"Blue Candle"}],"event_choices":[{"damage_healed":0.0,"max_hp_gain":0.0,"max_hp_loss":0.0,"gold_gain":0.0,"event_name":"Cursed Tome","player_choice":"Obtained Book","floor":19.0,"gold_loss":0.0,"damage_taken":21.0},{"damage_healed":0.0,"max_hp_gain":0.0,"max_hp_loss":0.0,"gold_gain":50.0,"event_name":"Nest","player_choice":"Stole From Cult","floor":22.0,"gold_loss":0.0,"damage_taken":0.0},{"cards_removed":["Defend_P"],"damage_healed":0.0,"max_hp_gain":0.0,"max_hp_loss":0.0,"gold_gain":0.0,"event_name":"Wheel of Change","player_choice":"Card Removal","floor":25.0,"gold_loss":0.0,"damage_taken":0.0},{"damage_healed":0.0,"max_hp_gain":0.0,"max_hp_loss":0.0,"gold_gain":0.0,"event_name":"MindBloom","player_choice":"Fight","floor":48.0,"gold_loss":0.0,"damage_taken":0.0}],"is_beta":false,"boss_relics":[{"not_picked":["Astrolabe","Calling Bell"],"picked":"Empty Cage"},{"not_picked":["Pandora\u0027s Box","Velvet Choker"],"picked":"Cursed Key"}],"items_purged_floors":[12,27,37],"is_endless":false,"potions_floor_spawned":[4,5,8,10,13,16,18,28,36,41,44,48],"killed_by":"The Heart","ascension_level":20}}