{"host":"iirf6tm60n5v4e3j","time":1612517261,"event":{"mods":["Act Like it!","BaseMod","Gensokyo","Marisa????????","Minty Spire (QoL Compilation)","StSLib","The Marked"],"gold_per_floor":[114,128,143,46,56,89,89,108,108,108,142,18,52,52,52,149,149,162,162,12,27,27,52,52,81,105,115,143,143,143,143,143,243,243,263,263,62,2,27,62,81,81,163,188,188,201,231,247,247,247,247,247,48,82,82],"floor_reached":56,"language":"ENG","playtime":4609,"items_purged":["Doubt","Strike_MRS","SuperNova"],"score":1608,"play_id":"28c7dc6f-1048-4c1c-90b0-c2bad46b7ea0","local_time":"20210205012741","is_ascension_mode":true,"campfire_choices":[{"data":"MagicChant","floor":7.0,"key":"SMITH"},{"data":"Singularity","floor":15.0,"key":"SMITH"},{"data":"CollectingQuirk","floor":29.0,"key":"SMITH"},{"data":"MagicChant","floor":32.0,"key":"SMITH"},{"data":"DeepEcoloBomb","floor":42,"key":"SMITH"},{"floor":49,"key":"RECALL"},{"data":"Gensokyo:FourOfAKind","floor":52,"key":"SMITH"}],"circlet_count":0,"master_deck":["Strike_MRS+1","Defend_MRS","Defend_MRS","Defend_MRS","Defend_MRS","MasterSpark","UpSweep+1","BinaryStars","LuminesStrike","MilkyWay","MagicChant+1","GalacticHalo","CollectingQuirk+1","MilkyWay","Parasite","Parasite","DarkMatter","AsteroidBelt","MagicAbsorber","Gensokyo:FourOfAKind+1","Gensokyo:FourOfAKind","Gensokyo:FourOfAKind","Gensokyo:FourOfAKind+1","GasGiant","MachineGunSpark+1","MilkyWay","MagicChant+1","UltimateShortwave","DeepEcoloBomb+1","Gensokyo:CustomPotion","CasketOfStar","BinaryStars"],"relics":["MiniHakkero","Darkstone Periapt","Question Card","Gensokyo:MarisaImprobabilityPotion","ShroomBag","Bottled Tornado","Gensokyo:Mercy","ExperimentalFamiliar","Strange Spoon","Singing Bowl","White Beast Statue","Bird Faced Urn","Gensokyo:DirgeOfMelancholy","RampagingMagicTools","Bag of Preparation","Ancient Tea Set","Letter Opener","Whetstone","Bronze Scales","Bag of Marbles","DollysMirror","FossilizedHelix"],"acts_visited":["Exordium","Gensokyo:Gensokyo","Gensokyo:Gensokyoer","TheEnding"],"potions_floor_usage":[41,47,47,50,55,55,55],"damage_taken":[{"damage":3.0,"enemies":"Gensokyo:3_Fairies","floor":1.0,"turns":4.0},{"damage":3.0,"enemies":"Gensokyo:Gryphon","floor":2.0,"turns":4.0},{"damage":0.0,"enemies":"Gensokyo:2_Kodama","floor":3.0,"turns":2.0},{"damage":0.0,"enemies":"Gensokyo:Kitsune","floor":5.0,"turns":2.0},{"damage":13.0,"enemies":"Gensokyo:Aya","floor":6.0,"turns":4.0},{"damage":0.0,"enemies":"Gensokyo:5_Fairies","floor":8.0,"turns":4.0},{"damage":10.0,"enemies":"Gensokyo:Mamizou","floor":11.0,"turns":7.0},{"damage":4.0,"enemies":"Gensokyo:Aya","floor":13.0,"turns":6.0},{"damage":4.0,"enemies":"Gensokyo:Reimu","floor":16.0,"turns":9.0},{"damage":0.0,"enemies":"Gensokyo:2_Gloops","floor":18.0,"turns":4.0},{"damage":1.0,"enemies":"Gensokyo:Chomper","floor":21.0,"turns":3.0},{"damage":17.0,"enemies":"Gensokyo:Koishi","floor":23.0,"turns":5.0},{"damage":13.0,"enemies":"Gensokyo:Reisen","floor":25.0,"turns":3.0},{"damage":2.0,"enemies":"Gensokyo:Slime_Group","floor":27.0,"turns":4.0},{"damage":16.0,"enemies":"Gensokyo:Tenshi","floor":28.0,"turns":3.0},{"damage":16.0,"enemies":"Gensokyo:Kaguya","floor":33.0,"turns":11.0},{"damage":0.0,"enemies":"Gensokyo:3_Boulders","floor":35.0,"turns":4.0},{"damage":0,"enemies":"Gensokyo:Kasen","floor":40,"turns":1},{"damage":0,"enemies":"Gensokyo:3_Bats","floor":41,"turns":3},{"damage":3,"enemies":"Gensokyo:Doremy","floor":44,"turns":3},{"damage":12,"enemies":"Gensokyo:Sharpion","floor":46,"turns":3},{"damage":23,"enemies":"Gensokyo:Marisa","floor":47,"turns":3},{"damage":7,"enemies":"Gensokyo:SeedOfUnknown","floor":48,"turns":4},{"damage":8,"enemies":"Gensokyo:Shinki","floor":50,"turns":9},{"damage":37,"enemies":"Shield and Spear","floor":54,"turns":7},{"damage":23,"enemies":"The Heart","floor":55,"turns":8}],"seed_played":"8955241096587544541","potions_obtained":[{"floor":1.0,"key":"Regen Potion"},{"floor":3.0,"key":"AttackPotion"},{"floor":11.0,"key":"DistilledChaos"},{"floor":13.0,"key":"DuplicationPotion"},{"floor":16.0,"key":"SteroidPotion"},{"floor":18.0,"key":"Energy Potion"},{"floor":21.0,"key":"Block Potion"},{"floor":25.0,"key":"Energy Potion"},{"floor":27.0,"key":"BottledSpark"},{"floor":28.0,"key":"SkillPotion"},{"floor":33.0,"key":"PowerPotion"},{"floor":35.0,"key":"Explosive Potion"},{"floor":40,"key":"BlessingOfTheForge"},{"floor":41,"key":"Dexterity Potion"},{"floor":47,"key":"SteroidPotion"},{"floor":48,"key":"ShroomBrew"}],"is_trial":false,"path_per_floor":["M","M","M","$","M","E","R","M","T","?","E","$","E","?","R","B",null,"M","?","COS","M","$","E","R","E","T","M","E","R","?","?","R","B",null,"M","?","$","?","T","E","M","R","T","E","T","M","E","M","R","B",null,"R","$","E","B",null],"character_chosen":"MARISA","items_purchased":["GrandCross","AsteroidBelt","DeepEcoloBomb","DollysMirror","SkillPotion"],"campfire_rested":0,"item_purchase_floors":[4,12,37,53,53],"current_hp_per_floor":[65,62,62,62,62,49,49,49,49,49,63,63,63,63,63,63,81,85,61,61,61,61,48,48,39,39,41,31,31,31,31,31,25,55,61,61,61,61,61,69,71,71,71,68,68,63,48,49,49,49,70,70,70,39,34],"gold":82,"neow_bonus":"TRANSFORM_TWO_CARDS","is_daily":false,"chose_seed":false,"campfire_upgraded":6,"win_rate":0.0,"timestamp":1612517261,"path_taken":["M","?","?","?","M","E","R","M","T","?","E","$","E","?","R","BOSS","M","?","COS","M","$","E","R","E","T","?","E","R","?","?","R","BOSS","M","?","$","?","?","E","M","R","T","E","?","M","E","M","R","BOSS","R","$","E","BOSS"],"items_purchased_type":["Card","Card","Card","Relic","Potion"],"build_version":"2020-12-22","purchased_purges":3,"victory":true,"max_hp_per_floor":[75,75,75,75,75,75,75,75,75,75,87,87,87,87,87,87,87,87,61,61,61,61,61,61,63,63,63,65,65,65,65,65,65,65,67,67,67,67,67,69,71,71,71,71,71,73,75,77,77,77,77,77,77,79,79],"card_choices":[{"not_picked":["DC","MysteriousBeam"],"picked":"MilkyWay","floor":1.0},{"not_picked":["6A","GrandCross"],"picked":"MagicChant","floor":2.0},{"not_picked":["FairyDestructionRay","RefractionSpark"],"picked":"GalacticHalo","floor":3.0},{"not_picked":["EarthLightRay","Occultation"],"picked":"Singularity","floor":5.0},{"not_picked":["EventHorizon","GalacticHalo"],"picked":"CollectingQuirk","floor":6.0},{"not_picked":["UnstableBomb","WitchLeyline"],"picked":"MilkyWay","floor":8.0},{"not_picked":["WitchOfGreed","EnergyFlow","SuperPerseids"],"picked":"DarkMatter","floor":11.0},{"not_picked":["SporeBomb","Occultation","StarlightTyphoon"],"picked":"AlicesGift","floor":13.0},{"not_picked":["BlazingStar","AbsoluteMagnitude","ManaRampage"],"picked":"SuperNova","floor":16.0},{"not_picked":["SprinkleStarSeal","NonDirectionalLaser","Acceleration"],"picked":"MagicAbsorber","floor":18.0},{"not_picked":["ShootTheMoon","ShootingEcho","GalacticHalo"],"picked":"GasGiant","floor":21.0},{"not_picked":["DoubleSpark","EnergyFlow","NonDirectionalLaser"],"picked":"MachineGunSpark+1","floor":23.0},{"not_picked":["OrrerysSun+1","GravityBeat","OpenUniverse","MysteriousBeam"],"picked":"Singing Bowl","floor":25.0},{"not_picked":["GalacticHalo","DoubleSpark","6A"],"picked":"MilkyWay","floor":27.0},{"not_picked":["AlicesGift","ShootTheMoon","CollectingQuirk","PulseMagic"],"picked":"Singing Bowl","floor":28.0},{"not_picked":["AbsoluteMagnitude","MaximisePower","BlazingStar"],"picked":"UltimateShortwave","floor":33.0},{"not_picked":["WitchLeyline","DarkMatter","MysteriousBeam+1","EnergyFlow+1"],"picked":"Singing Bowl","floor":35.0},{"not_picked":["FairyDestructionRay","SporeBomb","MysteriousBeam+1","PulseMagic"],"picked":"Singing Bowl","floor":40},{"not_picked":["DoubleSpark","DarkMatter+1","LuminesStrike","CollectingQuirk"],"picked":"Singing Bowl","floor":41},{"not_picked":["StarBarrage","UnstableBomb","MysteriousBeam+1"],"picked":"CasketOfStar","floor":44},{"not_picked":["NonDirectionalLaser+1","Robbery","MilkyWay","WitchLeyline+1"],"picked":"Singing Bowl","floor":46},{"not_picked":["GasGiant","GalacticHalo+1","WitchOfGreed","ShootingEcho+1"],"picked":"Singing Bowl","floor":47},{"not_picked":["SporeBomb+1","ChargingUp+1","OpenUniverse","StarlightTyphoon+1"],"picked":"Singing Bowl","floor":48},{"not_picked":["WitchLeyline","ShootingEcho","DoubleSpark+1","Orbital"],"picked":"Singing Bowl","floor":54}],"player_experience":196463,"relics_obtained":[{"floor":6.0,"key":"Darkstone Periapt"},{"floor":9.0,"key":"Question Card"},{"floor":11.0,"key":"ShroomBag"},{"floor":13.0,"key":"Bottled Tornado"},{"floor":23.0,"key":"Singing Bowl"},{"floor":25.0,"key":"White Beast Statue"},{"floor":28.0,"key":"Bird Faced Urn"},{"floor":39,"key":"Bag of Preparation"},{"floor":40,"key":"Ancient Tea Set"},{"floor":43,"key":"Letter Opener"},{"floor":44,"key":"Whetstone"},{"floor":45,"key":"Bronze Scales"},{"floor":47,"key":"Bag of Marbles"},{"floor":54,"key":"FossilizedHelix"}],"event_choices":[],"is_beta":false,"boss_relics":[{"not_picked":["Coffee Dripper","Black Star"],"picked":"ExperimentalFamiliar"},{"not_picked":["Velvet Choker","Sozu"],"picked":"RampagingMagicTools"}],"items_purged_floors":[4,12,37],"is_endless":false,"potions_floor_spawned":[1,3,11,13,16,18,21,25,27,28,33,35,40,41,44,46,47,48,54],"ascension_level":7}}