{"host":"at5b10nm0iti0w4x","time":1612483626,"event":{"mods":["AchievementEnabler","BaseMod","Bestiary","Block Reminder","Colored Map","Colored Powertips","Highlight Path","Keyboard Shortcuts","Minty Spire (QoL Compilation)","Relic Stats","StSLib","SuperFastMode"],"gold_per_floor":[116,391,411,426,126,126,201,201,274,46,71,25,25,41,41,144,194,208,208,208,16,16,42,42,42,42,42,57,157,157,175,175,270,270,290,290,308,268,268,268],"floor_reached":39,"language":"ENG","playtime":1219,"items_purged":["Regret"],"score":443,"play_id":"06e857f9-24d5-4900-848d-29f55a50ec40","local_time":"20210204190706","is_ascension_mode":false,"campfire_choices":[{"data":"Accuracy","floor":6,"key":"SMITH"},{"data":"Noxious Fumes","floor":13,"key":"SMITH"},{"data":"Blade Dance","floor":15,"key":"SMITH"},{"floor":25,"key":"REST"},{"floor":30,"key":"REST"},{"data":"Apotheosis","floor":32,"key":"SMITH"}],"circlet_count":0,"master_deck":["Strike_G","Strike_G","Strike_G","Strike_G","Defend_G+1","Defend_G","Defend_G+1","Defend_G","Defend_G+1","Survivor","Neutralize","Blade Dance+1","Accuracy+1","Noxious Fumes+1","Blade Dance+1","Cloak And Dagger","Envenom","Catalyst","Footwork","Flying Knee+1","Leg Sweep+1","Apotheosis+1","Shame","Crippling Poison","Well Laid Plans","Terror+1","PiercingWail+1","Burst+1","Bandage Up+1","Bane"],"relics":["Ring of the Snake","NeowsBlessing","Potion Belt","Letter Opener","TwistedFunnel","War Paint","Tiny House","Snake Skull","Regal Pillow","Anchor","Mango","Toxic Egg 2","Velvet Choker"],"acts_visited":["Exordium","TheCity","TheBeyond"],"potions_floor_usage":[23,23,29],"damage_taken":[{"damage":0,"enemies":"2 Louse","floor":1,"turns":1},{"damage":0,"enemies":"Cultist","floor":3,"turns":1},{"damage":0,"enemies":"Small Slimes","floor":4,"turns":1},{"damage":10,"enemies":"3 Sentries","floor":11,"turns":6},{"damage":2,"enemies":"Looter","floor":14,"turns":3},{"damage":20,"enemies":"The Guardian","floor":16,"turns":10},{"damage":14,"enemies":"Shell Parasite","floor":18,"turns":5},{"damage":23,"enemies":"Book of Stabbing","floor":23,"turns":6},{"damage":14,"enemies":"Spheric Guardian","floor":28,"turns":4},{"damage":8,"enemies":"Colosseum Slavers","floor":29,"turns":2},{"damage":30,"enemies":"Colosseum Nobs","floor":29,"turns":5},{"damage":11,"enemies":"Snecko","floor":31,"turns":4},{"damage":32,"enemies":"Automaton","floor":33,"turns":8},{"damage":20,"enemies":"3 Darklings","floor":35,"turns":5},{"damage":46,"enemies":"3 Shapes","floor":37,"turns":4},{"damage":21,"enemies":"3 Darklings","floor":39,"turns":3}],"seed_played":"8929149065038099415","potions_obtained":[{"floor":3,"key":"LiquidMemories"},{"floor":16,"key":"BlessingOfTheForge"},{"floor":17,"key":"SkillPotion"},{"floor":28,"key":"GamblersBrew"},{"floor":29,"key":"Dexterity Potion"},{"floor":37,"key":"EntropicBrew"}],"is_trial":false,"path_per_floor":["M","?","M","M","$","R","?","?","T","$","E","$","R","M","R","B",null,"M","?","?","$","?","E","$","R","T","$","M","?","R","M","R","B",null,"M","?","M","?","M"],"character_chosen":"THE_SILENT","items_purchased":["Accuracy","Potion Belt","Noxious Fumes","TwistedFunnel","Cloak And Dagger","Apotheosis"],"campfire_rested":2,"item_purchase_floors":[5,5,10,10,12,21],"current_hp_per_floor":[70,70,70,70,70,70,59,59,59,59,49,49,49,47,47,27,75,61,61,61,61,61,38,38,75,75,75,61,37,78,67,67,35,89,69,59,19,19,0,0],"gold":268,"neow_bonus":"THREE_ENEMY_KILL","is_daily":false,"chose_seed":false,"campfire_upgraded":4,"win_rate":0.0,"timestamp":1612483626,"path_taken":["M","?","M","?","$","R","?","?","T","?","E","$","R","M","R","BOSS","M","?","?","$","?","E","$","R","T","?","M","?","R","M","R","BOSS","M","?","M","?","M"],"items_purchased_type":["Card","Relic","Card","Relic","Card","Card"],"build_version":"2020-12-22","purchased_purges":1,"victory":false,"max_hp_per_floor":[70,70,70,70,70,70,70,70,70,70,70,70,70,70,70,70,75,75,75,75,75,75,75,75,75,75,75,75,89,89,89,89,89,89,89,89,89,89,89,89],"relic_stats":{"Regal Pillow":30,"counters":[16,68],"Snake Skull":[90],"Letter Opener":[85],"War Paint":["Defend_G","Defend_G"],"obtain_stats":[{"Potion Belt":5,"TwistedFunnel":10,"Regal Pillow":23,"Tiny House":17,"NeowsBlessing":0,"Velvet Choker":34,"Mango":29,"Snake Skull":22,"Letter Opener":9,"War Paint":11,"Anchor":26,"Toxic Egg 2":29,"Ring of the Snake":0},{"Potion Belt":3,"TwistedFunnel":3,"Regal Pillow":8,"Tiny House":6,"NeowsBlessing":0,"Velvet Choker":13,"Mango":11,"Snake Skull":7,"Letter Opener":3,"War Paint":4,"Anchor":8,"Toxic Egg 2":11,"Ring of the Snake":0},{"Potion Belt":3,"TwistedFunnel":3,"Regal Pillow":33,"Tiny House":22,"NeowsBlessing":0,"Velvet Choker":56,"Mango":44,"Snake Skull":27,"Letter Opener":3,"War Paint":9,"Anchor":33,"Toxic Egg 2":44,"Ring of the Snake":0}],"Ring of the Snake":[32]},"card_choices":[{"not_picked":["Prepared","Masterful Stab"],"picked":"Blade Dance","floor":1},{"not_picked":["Outmaneuver","Wraith Form v2"],"picked":"Dagger Throw","floor":3},{"not_picked":["Acrobatics","Bane","Underhanded Strike"],"picked":"SKIP","floor":4},{"not_picked":["Expertise","Underhanded Strike"],"picked":"Blade Dance","floor":11},{"not_picked":["Flying Knee","Heel Hook","Slice"],"picked":"SKIP","floor":14},{"not_picked":["Tools of the Trade","Venomology"],"picked":"Envenom","floor":16},{"not_picked":["Backflip","Deadly Poison"],"picked":"Catalyst","floor":17},{"not_picked":["Flying Knee","Slice"],"picked":"Footwork","floor":18},{"not_picked":["Endless Agony+1","Calculated Gamble"],"picked":"Crippling Poison","floor":23},{"not_picked":["Eviscerate+1","Dagger Spray+1"],"picked":"Well Laid Plans","floor":28},{"not_picked":["Endless Agony","Dagger Throw"],"picked":"Terror+1","floor":29},{"not_picked":["Slice+1","Leg Sweep+1"],"picked":"PiercingWail+1","floor":31},{"not_picked":["Envenom","A Thousand Cuts"],"picked":"Burst+1","floor":33},{"not_picked":["Heel Hook","Infinite Blades","Choke"],"picked":"SKIP","floor":35},{"not_picked":["Chrysalis+1","Madness+1"],"picked":"Bandage Up+1","floor":36},{"not_picked":["Flying Knee+1","Underhanded Strike"],"picked":"Bane","floor":37}],"player_experience":31290,"relics_obtained":[{"floor":9,"key":"Letter Opener"},{"floor":11,"key":"War Paint"},{"floor":23,"key":"Regal Pillow"},{"floor":26,"key":"Anchor"},{"floor":29,"key":"Mango"},{"floor":29,"key":"Toxic Egg 2"}],"event_choices":[{"damage_healed":0,"gold_gain":275,"player_choice":"Desecrate","damage_taken":0,"max_hp_gain":0,"max_hp_loss":0,"event_name":"Golden Shrine","floor":2,"gold_loss":0,"cards_obtained":["Regret"]},{"damage_healed":0,"gold_gain":75,"player_choice":"Gather Gold","damage_taken":11,"max_hp_gain":0,"max_hp_loss":0,"event_name":"World of Goop","floor":7,"gold_loss":0},{"damage_healed":0,"gold_gain":0,"player_choice":"Grow","damage_taken":0,"max_hp_gain":0,"max_hp_loss":0,"event_name":"Living Wall","floor":8,"gold_loss":0,"cards_upgraded":["Blade Dance"]},{"damage_healed":0,"gold_gain":0,"player_choice":"Ignored","damage_taken":0,"max_hp_gain":0,"max_hp_loss":0,"event_name":"Ghosts","floor":19,"gold_loss":0},{"damage_healed":0,"gold_gain":0,"cards_transformed":["Dagger Throw","Strike_G"],"player_choice":"Became Test Subject","damage_taken":0,"max_hp_gain":0,"max_hp_loss":0,"event_name":"Drug Dealer","floor":20,"gold_loss":0,"cards_obtained":["Flying Knee","Leg Sweep"]},{"damage_healed":0,"gold_gain":0,"player_choice":"Stole Relic","damage_taken":0,"relics_obtained":["Snake Skull"],"max_hp_gain":0,"max_hp_loss":0,"event_name":"Addict","floor":22,"gold_loss":0,"cards_obtained":["Shame"]},{"damage_healed":0,"gold_gain":0,"player_choice":"Fight","damage_taken":0,"max_hp_gain":0,"max_hp_loss":0,"event_name":"Colosseum","floor":29,"gold_loss":0},{"damage_healed":0,"gold_gain":0,"player_choice":"Fought Nobs","damage_taken":0,"max_hp_gain":0,"max_hp_loss":0,"event_name":"Colosseum","floor":29,"gold_loss":0},{"damage_healed":0,"gold_gain":0,"player_choice":"Memory 3","damage_taken":10,"max_hp_gain":0,"max_hp_loss":0,"event_name":"SensoryStone","floor":36,"gold_loss":0},{"damage_healed":0,"gold_gain":0,"player_choice":"Upgraded Two","damage_taken":0,"max_hp_gain":0,"max_hp_loss":0,"event_name":"Designer","floor":38,"gold_loss":40,"cards_upgraded":["Flying Knee","Leg Sweep"]}],"is_beta":false,"boss_relics":[{"not_picked":["HoveringKite","Runic Pyramid"],"picked":"Tiny House"},{"not_picked":["Coffee Dripper","Empty Cage"],"picked":"Velvet Choker"}],"items_purged_floors":[5],"is_endless":false,"potions_floor_spawned":[3,16,28,29,37],"killed_by":"3 Darklings","ascension_level":0}}