{"host":"2wp95sdfrgw3k439","time":1612508105,"event":{"mods":["BaseMod","Better Altar","Better Skull","Better Third Choice","Curses Come First","Minty Spire (QoL Compilation)","Permanent Neow","StSLib"],"gold_per_floor":[110,35,10,0,0,0,29,29,52,87,101,121,121,139,139,244,244,261,261,174,189,205,205],"floor_reached":22,"language":"ENG","playtime":950,"items_purged":["Strike_G"],"score":306,"play_id":"8c72c023-360b-4742-b775-ce4f924d32fe","local_time":"20210204235505","is_ascension_mode":true,"campfire_choices":[{"data":"Dagger Spray","floor":6,"key":"SMITH"},{"floor":8,"key":"REST"},{"floor":13,"key":"REST"},{"data":"Footwork","floor":15,"key":"SMITH"}],"circlet_count":0,"master_deck":["Strike_G","Strike_G","Strike_G","Defend_G","Defend_G","Defend_G","Defend_G","Defend_G","Survivor","Neutralize","Footwork+1","Dagger Spray+1","Enlightenment","Well Laid Plans","Heel Hook","Dash","Caltrops","A Thousand Cuts","Backstab","RitualDagger","Purity","PiercingWail+1"],"relics":["Ring of the Snake","Ice Cream","Strawberry","Orichalcum","Pear","Runic Pyramid"],"acts_visited":["Exordium","TheCity"],"potions_floor_usage":[14,18,21,22],"damage_taken":[{"damage":5,"enemies":"Cultist","floor":1,"turns":4},{"damage":36,"enemies":"3 Sentries","floor":7,"turns":8},{"damage":27,"enemies":"Gremlin Nob","floor":10,"turns":6},{"damage":0,"enemies":"Small Slimes","floor":11,"turns":2},{"damage":6,"enemies":"2 Louse","floor":12,"turns":2},{"damage":7,"enemies":"Exordium Thugs","floor":14,"turns":5},{"damage":28,"enemies":"The Guardian","floor":16,"turns":16},{"damage":24,"enemies":"Shell Parasite","floor":18,"turns":7},{"damage":0,"enemies":"3 Byrds","floor":21,"turns":5},{"damage":22,"enemies":"Snecko","floor":22,"turns":6}],"seed_played":"-3486584945581030593","potions_obtained":[{"floor":12,"key":"Weak Potion"},{"floor":16,"key":"SteroidPotion"},{"floor":18,"key":"CunningPotion"},{"floor":21,"key":"AttackPotion"}],"is_trial":false,"path_per_floor":["M","$","$","?","?","R","E","R","T","E","M","M","R","M","R","B",null,"M","?","$","M","M"],"character_chosen":"THE_SILENT","items_purchased":["Dagger Spray","Purity"],"campfire_rested":2,"item_purchase_floors":[3,20],"current_hp_per_floor":[58,58,58,64,64,64,35,57,57,40,40,34,59,52,52,24,71,47,41,41,41,19,19],"gold":205,"neow_bonus":"ONE_RARE_RELIC","is_daily":false,"chose_seed":false,"campfire_upgraded":2,"win_rate":0.0,"timestamp":1612508105,"path_taken":["M","?","$","?","?","R","E","R","T","E","?","?","R","M","R","BOSS","M","?","?","?","M"],"items_purchased_type":["Card","Card"],"build_version":"2020-12-22","purchased_purges":1,"victory":false,"max_hp_per_floor":[63,63,63,69,69,69,76,76,76,86,86,86,86,86,86,86,86,86,86,86,86,86,86],"card_choices":[{"not_picked":["Cloak And Dagger","Bane"],"picked":"Footwork","floor":1},{"not_picked":["Underhanded Strike","Eviscerate"],"picked":"Heel Hook","floor":7},{"not_picked":["Deflect","Night Terror"],"picked":"Dash","floor":10},{"not_picked":["Blade Dance","Skewer"],"picked":"Caltrops","floor":11},{"not_picked":["Bouncing Flask","Well Laid Plans","Quick Slash"],"picked":"SKIP","floor":12},{"not_picked":["Catalyst","Blade Dance","Dagger Spray"],"picked":"SKIP","floor":14},{"not_picked":["Bullet Time","Burst"],"picked":"A Thousand Cuts","floor":16},{"not_picked":["Distraction","Setup+1"],"picked":"Backstab","floor":18},{"not_picked":["Flying Knee","Masterful Stab"],"picked":"PiercingWail+1","floor":21},{"not_picked":["Poisoned Stab","Backflip","Expertise"],"picked":"SKIP","floor":22}],"player_experience":551585,"relics_obtained":[{"floor":7,"key":"Strawberry"},{"floor":9,"key":"Orichalcum"},{"floor":10,"key":"Pear"}],"event_choices":[{"damage_healed":0,"gold_gain":0,"player_choice":"RENOUNCE","damage_taken":10,"max_hp_gain":0,"max_hp_loss":0,"event_name":"betterThird:BetterSerpent","floor":4,"gold_loss":10,"cards_obtained":["Enlightenment"]},{"damage_healed":0,"gold_gain":0,"cards_transformed":["Strike_G"],"player_choice":"Transformed","damage_taken":0,"max_hp_gain":0,"max_hp_loss":0,"event_name":"Transmorgrifier","floor":5,"gold_loss":0,"cards_obtained":["Well Laid Plans"]},{"damage_healed":0,"gold_gain":0,"player_choice":"Dagger","damage_taken":6,"max_hp_gain":0,"max_hp_loss":0,"event_name":"betterThird:BetterNest","floor":19,"gold_loss":0,"cards_obtained":["RitualDagger"]}],"is_beta":false,"boss_relics":[{"not_picked":["Runic Dome","Snecko Eye"],"picked":"Runic Pyramid"}],"items_purged_floors":[2],"is_endless":false,"potions_floor_spawned":[12,16,18,21],"killed_by":"Snecko","ascension_level":9}}