{"host":"swphzoo6hmc78epl","time":1612499828,"event":{"mods":["BaseMod","Highlight Path","Minty Spire (QoL Compilation)","Quick Restart"],"gold_per_floor":[113,130,150,167,180,180,180,180,180,195,216,141,155,167,167,167,167],"floor_reached":16,"language":"ENG","playtime":586,"items_purged":["Strike_B"],"score":110,"play_id":"2de9a901-beee-4317-a198-2226179c33e5","local_time":"20210204233708","is_ascension_mode":true,"campfire_choices":[{"data":"Doom and Gloom","floor":6,"key":"SMITH"},{"data":"Streamline","floor":8,"key":"SMITH"},{"data":"Creative AI","floor":15,"key":"SMITH"}],"circlet_count":0,"master_deck":["Strike_B","Strike_B","Strike_B","Defend_B","Defend_B","Defend_B","Defend_B","Zap","Dualcast","Fusion","Doom and Gloom+1","Melter","Glacier","Streamline+1","Rebound","Cold Snap","Creative AI+1"],"relics":["Sozu","Happy Flower","Odd Mushroom"],"acts_visited":["Exordium"],"potions_floor_usage":[],"damage_taken":[{"damage":9,"enemies":"2 Louse","floor":1,"turns":2},{"damage":2,"enemies":"Jaw Worm","floor":2,"turns":5},{"damage":7,"enemies":"Small Slimes","floor":3,"turns":3},{"damage":12,"enemies":"Looter","floor":4,"turns":3},{"damage":21,"enemies":"Exordium Thugs","floor":5,"turns":4},{"damage":1,"enemies":"Exordium Wildlife","floor":10,"turns":3},{"damage":8,"enemies":"The Mushroom Lair","floor":11,"turns":4},{"damage":1,"enemies":"2 Fungi Beasts","floor":13,"turns":3},{"damage":1,"enemies":"Looter","floor":14,"turns":3},{"damage":20,"enemies":"Slime Boss","floor":16,"turns":6}],"seed_played":"4604752337789133830","potions_obtained":[],"is_trial":false,"path_per_floor":["M","M","M","M","M","R","?","R","T","M","?","$","M","M","R","B"],"character_chosen":"DEFECT","items_purchased":[],"campfire_rested":0,"item_purchase_floors":[],"current_hp_per_floor":[66,64,57,45,24,24,24,24,24,23,15,15,14,13,13,0,0],"gold":167,"neow_bonus":"BOSS_RELIC","is_daily":false,"chose_seed":false,"campfire_upgraded":3,"win_rate":0.0,"timestamp":1612499828,"path_taken":["M","M","M","M","M","R","?","R","T","M","?","$","M","M","R","BOSS"],"items_purchased_type":[],"build_version":"2020-12-22","purchased_purges":1,"victory":false,"max_hp_per_floor":[75,75,75,75,75,75,75,75,75,75,75,75,75,75,75,75,75],"card_choices":[{"not_picked":["Gash","Reprogram"],"picked":"Fusion","floor":1},{"not_picked":["Consume","Beam Cell"],"picked":"Doom and Gloom","floor":2},{"not_picked":["Rip and Tear","Double Energy"],"picked":"Melter","floor":3},{"not_picked":["Cold Snap","Steam Power"],"picked":"Glacier","floor":4},{"not_picked":["Self Repair","Conserve Battery"],"picked":"Streamline","floor":5},{"not_picked":["Genetic Algorithm","Streamline"],"picked":"Rebound","floor":10},{"not_picked":["Compile Driver","FTL"],"picked":"Cold Snap","floor":11},{"not_picked":["Hologram","Turbo"],"picked":"Creative AI","floor":13},{"not_picked":["Leap","Rebound","Turbo"],"picked":"SKIP","floor":14}],"player_experience":868393,"relics_obtained":[{"floor":9,"key":"Happy Flower"},{"floor":11,"key":"Odd Mushroom"}],"event_choices":[{"damage_healed":0,"gold_gain":0,"player_choice":"Ignored","damage_taken":0,"max_hp_gain":0,"max_hp_loss":0,"event_name":"Shining Light","floor":7,"gold_loss":0},{"damage_healed":0,"gold_gain":0,"player_choice":"Fought Mushrooms","damage_taken":0,"max_hp_gain":0,"max_hp_loss":0,"event_name":"Mushrooms","floor":11,"gold_loss":0}],"is_beta":false,"boss_relics":[],"items_purged_floors":[12],"is_endless":false,"potions_floor_spawned":[1,3,5,11,13],"killed_by":"Slime Boss","ascension_level":3}}