{"host":"egecq8lksgzqg7v3","time":1612499332,"event":{"mods":["AchievementEnabler","Alarm Clock","BaseMod","Bestiary","Better Third Choice","Colored Map","Hermit","Lobotomy","Minty Spire (QoL Compilation)","StSLib","Synergy Search"],"gold_per_floor":[17,17,17,32,32,32,50,81,81,111,131,131,150,166,166,267,317,337,347,347,347,42,71,102,29,41,53,77,89,89],"floor_reached":29,"language":"ENG","playtime":4152,"items_purged":[],"score":280,"play_id":"d7b62cd3-034f-40f8-9cc4-1f3e72840ae2","local_time":"20210204232852","is_ascension_mode":false,"campfire_choices":[{"data":"Zap","floor":6.0,"key":"SMITH"},{"floor":15.0,"key":"REST"},{"data":"Coolheaded","floor":27.0,"key":"SMITH"}],"circlet_count":0,"master_deck":["Strike_B","Strike_B","Strike_B","Defend_B","Defend_B","Defend_B","Defend_B","Zap+1","Dualcast+1","Gash+1","Sweeping Beam","Bash","Streamline+1","Gash","Echo Form","Steam","Conserve Battery","Rebound","Biased Cognition","Redo","Aggregate","Melter","Electrodynamics","Coolheaded+1","Go for the Eyes+1","Undo"],"relics":["Cracked Core","FossilizedHelix","Pear","Mummified Hand","Lantern","Tiny House","StoneCalendar","MawBank","Prayer Wheel","Mango"],"acts_visited":["Exordium","TheCity"],"potions_floor_usage":[],"damage_taken":[{"damage":0.0,"enemies":"2 Louse","floor":1.0,"turns":2.0},{"damage":0.0,"enemies":"Small Slimes","floor":4.0,"turns":3.0},{"damage":0.0,"enemies":"Cultist","floor":7.0,"turns":2.0},{"damage":13.0,"enemies":"Lagavulin","floor":8.0,"turns":5.0},{"damage":22.0,"enemies":"3 Sentries","floor":10.0,"turns":5.0},{"damage":0.0,"enemies":"Large Slime","floor":11.0,"turns":3.0},{"damage":18.0,"enemies":"Gremlin Gang","floor":13.0,"turns":3.0},{"damage":12.0,"enemies":"Blue Slaver","floor":14.0,"turns":3.0},{"damage":27.0,"enemies":"The Guardian","floor":16.0,"turns":9.0},{"damage":0.0,"enemies":"Spheric Guardian","floor":18.0,"turns":3.0},{"damage":15.0,"enemies":"2 Thieves","floor":19.0,"turns":3.0},{"damage":40.0,"enemies":"Book of Stabbing","floor":23.0,"turns":6.0},{"damage":3.0,"enemies":"Snecko","floor":24.0,"turns":5.0},{"damage":10.0,"enemies":"3 Cultists","floor":28.0,"turns":5.0},{"damage":24,"enemies":"Snake Plant","floor":29,"turns":4}],"seed_played":"6804816948128920034","potions_obtained":[{"floor":4.0,"key":"SneckoOil"},{"floor":7.0,"key":"Swift Potion"},{"floor":11.0,"key":"Ancient Potion"},{"floor":17.0,"key":"PotionOfCapacity"},{"floor":18.0,"key":"SkillPotion"},{"floor":23.0,"key":"Block Potion"},{"floor":24.0,"key":"SpeedPotion"}],"is_trial":false,"path_per_floor":["M","?","?","M","?","R","M","E","T","E","M","?","M","M","R","B",null,"M","M","?","?","$","E","M","?","T","R","M","M"],"character_chosen":"DEFECT","items_purchased":["StoneCalendar"],"campfire_rested":1,"item_purchase_floors":[22],"current_hp_per_floor":[75,75,75,75,75,75,75,72,72,50,50,50,32,20,45,18,90,90,75,59,59,59,19,16,16,30,30,20,0,0],"gold":89,"neow_bonus":"ONE_RARE_RELIC","is_daily":false,"chose_seed":false,"campfire_upgraded":2,"win_rate":0.0,"timestamp":1612499332,"path_taken":["M","?","?","M","?","R","M","E","T","E","?","?","M","M","R","BOSS","M","?","?","?","$","E","?","?","T","R","M","M"],"items_purchased_type":["Relic"],"build_version":"2020-12-22","purchased_purges":0,"victory":false,"max_hp_per_floor":[75,75,75,75,75,75,75,85,85,85,85,85,85,85,85,85,90,90,90,90,90,90,90,90,90,104,104,104,104,104],"card_choices":[{"not_picked":["Compile Driver","Redo"],"picked":"Gash","floor":1.0},{"not_picked":["Compile Driver","Beam Cell"],"picked":"Sweeping Beam","floor":4.0},{"not_picked":["Turbo","Beam Cell"],"picked":"Streamline","floor":7.0},{"not_picked":["Reinforced Body","Defragment"],"picked":"Gash","floor":8.0},{"not_picked":["Leap","Fission"],"picked":"Echo Form","floor":10.0},{"not_picked":["Skim","Capacitor"],"picked":"Steam","floor":11.0},{"not_picked":["Cold Snap","Heatsinks"],"picked":"Conserve Battery","floor":13.0},{"not_picked":["Loop","Skim"],"picked":"Rebound","floor":14.0},{"not_picked":["Fission","Electrodynamics"],"picked":"Biased Cognition","floor":16.0},{"not_picked":["Rip and Tear","Turbo"],"picked":"Redo","floor":17.0},{"not_picked":["Storm","Beam Cell"],"picked":"Aggregate","floor":18.0},{"not_picked":["Redo","Tempest"],"picked":"Melter","floor":19.0},{"not_picked":["Ball Lightning","Force Field"],"picked":"Electrodynamics","floor":23.0},{"not_picked":["Redo","Conserve Battery"],"picked":"Coolheaded","floor":24.0},{"not_picked":["Chill","Static Discharge+1"],"picked":"Go for the Eyes+1","floor":28.0},{"not_picked":["Sweeping Beam+1","Rebound"],"picked":"Undo","floor":28.0}],"player_experience":237799,"relics_obtained":[{"floor":8.0,"key":"Pear"},{"floor":9.0,"key":"Mummified Hand"},{"floor":10.0,"key":"Lantern"},{"floor":23.0,"key":"MawBank"},{"floor":26.0,"key":"Mango"}],"event_choices":[{"damage_healed":0.0,"max_hp_gain":0.0,"max_hp_loss":0.0,"gold_gain":0.0,"event_name":"Living Wall","player_choice":"Grow","floor":2.0,"gold_loss":0.0,"damage_taken":0.0,"cards_upgraded":["Dualcast"]},{"damage_healed":75.0,"max_hp_gain":0.0,"max_hp_loss":75.0,"gold_gain":0.0,"event_name":"betterThird:BetterShining","player_choice":"Embrace Burn","floor":3.0,"gold_loss":0.0,"damage_taken":0.0},{"cards_removed":["Burn"],"damage_healed":0.0,"max_hp_gain":0.0,"max_hp_loss":0.0,"gold_gain":0.0,"event_name":"NoteForYourself","player_choice":"Took Card","floor":5.0,"gold_loss":0.0,"damage_taken":0.0,"cards_obtained":["Bash"]},{"damage_healed":0.0,"max_hp_gain":0.0,"max_hp_loss":0.0,"gold_gain":0.0,"event_name":"Upgrade Shrine","player_choice":"Upgraded","floor":12.0,"gold_loss":0.0,"damage_taken":0.0,"cards_upgraded":["Streamline"]},{"damage_healed":0.0,"max_hp_gain":0.0,"max_hp_loss":0.0,"gold_gain":0.0,"event_name":"Cursed Tome","player_choice":"Obtained Book","floor":20.0,"gold_loss":0.0,"damage_taken":16.0},{"cards_removed":["Strike_B"],"damage_healed":0.0,"max_hp_gain":0.0,"max_hp_loss":0.0,"gold_gain":0.0,"event_name":"Bonfire Elementals","player_choice":"Offered Basic","floor":21.0,"gold_loss":0.0,"damage_taken":0.0},{"damage_healed":0.0,"max_hp_gain":0.0,"max_hp_loss":0.0,"gold_gain":0.0,"event_name":"Addict","player_choice":"Obtained Relic","floor":25.0,"gold_loss":85.0,"damage_taken":0.0,"relics_obtained":["Prayer Wheel"]}],"is_beta":false,"boss_relics":[{"not_picked":["Fusion Hammer","SacredBark"],"picked":"Tiny House"}],"items_purged_floors":[],"is_endless":false,"potions_floor_spawned":[4,7,11,18,23,24],"killed_by":"Snake Plant","ascension_level":0}}