{"host":"v86vpwf004p2esb7","time":1612501878,"event":{"mods":["AchievementEnabler","BaseMod","BetterRewards","Colored Powertips","Minty Spire (QoL Compilation)","Quick Restart","StSLib","Transform Curses"],"gold_per_floor":[119,119,142,165,194,238,261,43,43,43,43,43,80,106,106,219,219,248,248,100,126,126,160,187,187,211,53,78,104,143,152,152,259,259,279,27,27,50,75,75,102,121,146,172,211,171,171,197,197,197,197,197,139,181,181],"floor_reached":56,"language":"ENG","playtime":2436,"items_purged":[],"score":1404,"play_id":"bab0a6b9-5860-4085-9521-edd1b1b26a51","local_time":"20210204211118","is_ascension_mode":false,"campfire_choices":[{"floor":12,"key":"REST"},{"data":"Catalyst","floor":15,"key":"SMITH"},{"data":"Envenom","floor":25,"key":"SMITH"},{"floor":32,"key":"RECALL"},{"floor":40,"key":"REST"},{"floor":47,"key":"REST"},{"floor":49,"key":"REST"},{"floor":52,"key":"REST"}],"circlet_count":0,"master_deck":["Strike_G","Strike_G","Strike_G","Strike_G+1","Strike_G","Defend_G","Defend_G","Defend_G","Defend_G","Defend_G","Survivor","Neutralize+1","Infinite Blades","Poisoned Stab","Mayhem+1","Backstab","Dodge and Roll","Deadly Poison","Catalyst+1","Poisoned Stab+1","Blade Dance+1","Blade Dance+1","Dramatic Entrance","Outmaneuver","Bane","Envenom+1","Flying Knee","Quick Slash+1","Blade Dance+1","Terror","Poisoned Stab","Envenom","Accuracy","Noxious Fumes","Finisher+1","Deadly Poison","Infinite Blades+1","Hello World","Blade Dance","PiercingWail+1","Blade Dance+1","Bandage Up","Secret Weapon","Mind Blast+1","Setup","Poisoned Stab+1","Cloak And Dagger+1","Blade Dance","Finisher+1","Cloak And Dagger+1"],"relics":["Ring of the Snake","CeramicFish","Mercury Hourglass","Blood Vial","Toy Ornithopter","Ninja Scroll","Eternal Feather","SacredBark","MutagenicStrength","Regal Pillow","Gambling Chip","Orrery","Art of War","Fusion Hammer","Molten Egg 2","Orichalcum","Pen Nib","Whetstone"],"acts_visited":["Exordium","TheCity","TheBeyond","TheEnding"],"potions_floor_usage":[2,7,16,33,55,55],"damage_taken":[{"damage":0,"enemies":"Cultist","floor":1,"turns":3},{"damage":0,"enemies":"2 Louse","floor":3,"turns":1},{"damage":0,"enemies":"Small Slimes","floor":4,"turns":3},{"damage":0,"enemies":"3 Louse","floor":5,"turns":3},{"damage":10,"enemies":"3 Sentries","floor":6,"turns":8},{"damage":0,"enemies":"Gremlin Gang","floor":7,"turns":4},{"damage":17,"enemies":"Lagavulin","floor":13,"turns":4},{"damage":0,"enemies":"2 Fungi Beasts","floor":14,"turns":1},{"damage":29,"enemies":"The Guardian","floor":16,"turns":7},{"damage":10,"enemies":"2 Thieves","floor":18,"turns":3},{"damage":0,"enemies":"Shell Parasite","floor":21,"turns":1},{"damage":34,"enemies":"Book of Stabbing","floor":23,"turns":4},{"damage":2,"enemies":"Cultist and Chosen","floor":24,"turns":4},{"damage":0,"enemies":"3 Cultists","floor":28,"turns":2},{"damage":0,"enemies":"Centurion and Healer","floor":29,"turns":2},{"damage":1,"enemies":"Slavers","floor":30,"turns":2},{"damage":74,"enemies":"Collector","floor":33,"turns":6},{"damage":0,"enemies":"Orb Walker","floor":35,"turns":1},{"damage":9,"enemies":"3 Darklings","floor":38,"turns":2},{"damage":2,"enemies":"Transient","floor":39,"turns":5},{"damage":18,"enemies":"Maw","floor":42,"turns":5},{"damage":10,"enemies":"Spire Growth","floor":44,"turns":3},{"damage":14,"enemies":"Giant Head","floor":45,"turns":5},{"damage":0,"enemies":"Jaw Worm Horde","floor":48,"turns":1},{"damage":47,"enemies":"Donu and Deca","floor":50,"turns":6},{"damage":0,"enemies":"Shield and Spear","floor":54,"turns":1},{"damage":180,"enemies":"The Heart","floor":55,"turns":7}],"seed_played":"6355218513395046457","potions_obtained":[{"floor":1,"key":"Block Potion"},{"floor":2,"key":"PowerPotion"},{"floor":2,"key":"Fruit Juice"},{"floor":2,"key":"BlessingOfTheForge"},{"floor":7,"key":"Explosive Potion"},{"floor":16,"key":"Dexterity Potion"},{"floor":35,"key":"Regen Potion"},{"floor":44,"key":"FairyPotion"}],"is_trial":false,"path_per_floor":["M","?","M","M","M","E","M","$","T","?","?","R","E","M","R","B",null,"M","?","$","M","?","E","M","R","T","$","M","M","E","?","R","B",null,"M","$","?","M","M","R","?","M","T","M","E","?","R","M","R","B",null,"R","$","E","B",null],"character_chosen":"THE_SILENT","items_purchased":["CeramicFish","Mercury Hourglass","Infinite Blades","Poisoned Stab","Mayhem","Backstab","Toy Ornithopter","Dramatic Entrance","Regal Pillow","Cloak And Dagger","Orrery","Molten Egg 2","Finisher+1"],"campfire_rested":5,"item_purchase_floors":[0,0,0,0,0,0,8,8,20,27,27,36,53],"current_hp_per_floor":[38,43,43,43,43,33,35,35,35,20,20,42,27,29,44,22,75,65,65,65,67,67,35,35,53,53,53,55,57,58,58,75,1,75,75,75,85,76,76,85,75,63,63,59,51,51,85,85,85,38,85,85,85,85,10],"gold":181,"neow_bonus":"","is_daily":false,"chose_seed":false,"campfire_upgraded":2,"win_rate":0.0,"timestamp":1612501878,"path_taken":["M","?","M","M","M","E","?","$","T","?","?","R","E","?","R","BOSS","M","?","$","M","?","E","M","R","T","$","M","?","E","?","R","BOSS","M","$","?","?","M","R","?","M","T","M","E","?","R","M","R","BOSS","R","$","E","BOSS"],"items_purchased_type":["Relic","Relic","Card","Card","Card","Card","Relic","Card","Relic","Card","Relic","Relic","Card"],"build_version":"2020-12-22","purchased_purges":0,"victory":true,"max_hp_per_floor":[70,75,75,75,75,75,75,75,75,75,75,75,75,75,75,75,75,75,75,75,75,75,75,75,75,75,75,75,75,75,75,75,75,75,75,75,85,85,85,85,85,85,85,85,85,85,85,85,85,85,85,85,85,85,85],"card_choices":[{"not_picked":["Distraction","Tactician"],"picked":"Dodge and Roll","floor":1},{"not_picked":["Backflip","Outmaneuver"],"picked":"Deadly Poison","floor":3},{"not_picked":["Caltrops","Deflect"],"picked":"Catalyst","floor":4},{"not_picked":["Well Laid Plans","Choke"],"picked":"Poisoned Stab","floor":5},{"not_picked":["Flying Knee","Dagger Spray"],"picked":"Blade Dance","floor":6},{"not_picked":["Acrobatics","Quick Slash"],"picked":"Blade Dance","floor":7},{"not_picked":["Slice","Calculated Gamble"],"picked":"Outmaneuver","floor":13},{"not_picked":["Dash","Sucker Punch"],"picked":"Bane","floor":14},{"not_picked":["Night Terror","Bullet Time"],"picked":"Envenom","floor":16},{"not_picked":["Concentrate","Endless Agony+1"],"picked":"Flying Knee","floor":18},{"not_picked":["Deflect","Slice"],"picked":"Quick Slash+1","floor":21},{"not_picked":["Expertise","Underhanded Strike"],"picked":"Blade Dance+1","floor":23},{"not_picked":["Acrobatics","Backflip"],"picked":"Terror","floor":24},{"not_picked":["Calculated Gamble","Eviscerate+1"],"picked":"Poisoned Stab","floor":27},{"not_picked":["Sucker Punch","Slice"],"picked":"Envenom","floor":27},{"not_picked":["Setup","Cloak And Dagger+1"],"picked":"Accuracy","floor":27},{"not_picked":["Blade Dance","Footwork"],"picked":"Noxious Fumes","floor":27},{"not_picked":["Deadly Poison","Underhanded Strike"],"picked":"Finisher+1","floor":28},{"not_picked":["Well Laid Plans","Slice+1"],"picked":"Deadly Poison","floor":29},{"not_picked":["Distraction","Predator"],"picked":"Infinite Blades","floor":30},{"not_picked":["Glass Knife","Grand Finale"],"picked":"Corpse Explosion","floor":33},{"not_picked":["Skewer+1","Underhanded Strike+1"],"picked":"Blade Dance","floor":35},{"not_picked":["Dash+1","Backflip+1"],"picked":"PiercingWail+1","floor":38},{"not_picked":["Escape Plan+1","Infinite Blades+1"],"picked":"Blade Dance+1","floor":39},{"not_picked":["Trip","Impatience"],"picked":"Bandage Up","floor":41},{"not_picked":["Master of Strategy","Impatience"],"picked":"Secret Weapon","floor":41},{"not_picked":["Jack Of All Trades","Dark Shackles"],"picked":"Mind Blast+1","floor":41},{"not_picked":["Sucker Punch+1","Bouncing Flask"],"picked":"Setup","floor":42},{"not_picked":["Flying Knee+1","Quick Slash+1"],"picked":"Poisoned Stab+1","floor":44},{"not_picked":["Sucker Punch+1","Deflect+1"],"picked":"Cloak And Dagger+1","floor":45},{"not_picked":["Bane+1","Dagger Throw+1"],"picked":"Blade Dance","floor":48},{"not_picked":["Heel Hook+1","Outmaneuver+1"],"picked":"Cloak And Dagger+1","floor":54}],"player_experience":258930,"relics_obtained":[{"floor":6,"key":"Blood Vial"},{"floor":9,"key":"Ninja Scroll"},{"floor":13,"key":"Eternal Feather"},{"floor":23,"key":"Gambling Chip"},{"floor":30,"key":"Art of War"},{"floor":43,"key":"Orichalcum"},{"floor":45,"key":"Pen Nib"},{"floor":54,"key":"Whetstone"}],"event_choices":[{"damage_healed":0,"gold_gain":0,"player_choice":"Got Potions","damage_taken":0,"max_hp_gain":0,"max_hp_loss":0,"event_name":"Lab","floor":2,"gold_loss":0},{"damage_healed":0,"gold_gain":0,"player_choice":"Entered Light","damage_taken":15,"max_hp_gain":0,"max_hp_loss":0,"event_name":"Shining Light","floor":10,"gold_loss":0,"cards_upgraded":["Blade Dance","Blade Dance"]},{"damage_healed":0,"gold_gain":0,"player_choice":"Upgraded","damage_taken":0,"max_hp_gain":0,"max_hp_loss":0,"event_name":"Upgrade Shrine","floor":11,"gold_loss":0,"cards_upgraded":["Mayhem"]},{"damage_healed":0,"gold_gain":0,"player_choice":"Inject Mutagens","damage_taken":0,"relics_obtained":["MutagenicStrength"],"max_hp_gain":0,"max_hp_loss":0,"event_name":"Drug Dealer","floor":19,"gold_loss":0},{"damage_healed":0,"gold_gain":0,"player_choice":"Bought 0 Potions","damage_taken":0,"max_hp_gain":0,"max_hp_loss":0,"event_name":"The Woman in Blue","floor":22,"gold_loss":0},{"cards_removed":["Cloak And Dagger"],"damage_healed":0,"gold_gain":0,"player_choice":"Took Card","damage_taken":0,"max_hp_gain":0,"max_hp_loss":0,"event_name":"NoteForYourself","floor":31,"gold_loss":0,"cards_obtained":["Hello World"]},{"cards_removed":["Corpse Explosion"],"damage_healed":0,"gold_gain":0,"player_choice":"Offered Rare","damage_taken":0,"max_hp_gain":10,"max_hp_loss":0,"event_name":"Bonfire Elementals","floor":37,"gold_loss":0},{"damage_healed":0,"gold_gain":0,"player_choice":"Memory 3","damage_taken":10,"max_hp_gain":0,"max_hp_loss":0,"event_name":"SensoryStone","floor":41,"gold_loss":0},{"damage_healed":0,"gold_gain":0,"player_choice":"Upgraded Two","damage_taken":0,"max_hp_gain":0,"max_hp_loss":0,"event_name":"Designer","floor":46,"gold_loss":40,"cards_upgraded":["Infinite Blades","Neutralize"]}],"is_beta":false,"boss_relics":[{"not_picked":["Ectoplasm","Tiny House"],"picked":"SacredBark"},{"not_picked":["Astrolabe","Sozu"],"picked":"Fusion Hammer"}],"items_purged_floors":[],"is_endless":false,"potions_floor_spawned":[1,7,16,24,28,29,30,35,38,44],"ascension_level":0}}