{"host":"usru02jcpe2a942d","time":1612490114,"event":{"mods":["ATMod(°¢èªMod)","Act Like it!","BaseMod","Better Note","Better Vampires","Challenge The Spire","Colored Powertips","Friendly Minions","GifTheSpireLib","Highlight Path","Hubris","Infinite Spire","Jedi Mod","Minty Spire (QoL Compilation)","MostiFishMod","Pale of the Ancients","Quick Restart","Relic Stats","RumiaBox-Â¶Ã×æ«µÄÉñÃØºÐ×Ó","StSLib","The Hayseed","noobMod","¡¾ÒÅÎï¿¨ÅÆ¡¿REMEMod","óô»ðÖ¸ÄÏ"],"gold_per_floor":[118,118,118,118,133,160,195,530,605,633,633,958,976,1308,1152,1252,1252,1344,1344,124,199,739,934,934,1023,1075,1181,1428,1367,1367,1547,1489,1737,1737,1916,1916,1916,2152,1111,1590,1490,1748,1748,1798,2047,2047,2239,2426,2426,2763,2763,2702,2299,2866,2896],"floor_reached":56,"language":"ZHS","playtime":3359,"items_purged":[],"score":2105,"play_id":"91f2175c-5789-4c64-9bcd-6f99a0a62d86","local_time":"20210205095514","daily_mods":["SealedDeck","Vintage","ControlledChaos","Allstar","Heirloom","Time Dilation","Flight","DeadlyEvents","Elite Swarm","Night Terrors"],"is_ascension_mode":false,"campfire_choices":[{"floor":49,"key":"RECALL"}],"circlet_count":0,"master_deck":["Fission+1","AT_FamilyPortrait+1","TheSimpletonMod:FanTheFlames+1","hubris:DuctTapeCard","hubris:DuctTapeCard+2","TheSimpletonMod:ToughenUp","Mayhem+1","TheSimpletonMod:Sunseed","REME_ShortnessOfBreath","Discovery","hubris:Insight","Impatience","MostiFishMod:ElfcollectionBox+1","REME_MagicPocketWatch","infinitespire:SealOfDarkness+"],"relics":["TheSimpletonMod:SpudOfTheInnocent","TheSimpletonMod:NightSoil","TheSimpletonMod:TheHarvester","Frozen Eye","DaveBox","ice","REME_ComplimentaryCards","jedi:maincommand","AT_ATBox","BirthdayGift-Icosahedron","Unceasing Top","AT_BellDemon","SynthV:TestCard","hubris:Potato","AT_Manta","SentryEyes","Omamori","Charon\u0027s Ashes","infinitespire:Bottled Soul","jedi:heavyjacket","hubris:OldNail","Old Coin","TheSimpletonMod:HotPotato","jedi:bottledfury","AT_ChloranthyRing","Potion Belt","Old Coin","Boot","AT_BellDemon","AT_ChloranthyRing","jedi:bottledfury","Old Coin","DaCapo","AT_BellDemon","AT_TheCollector","REME_LimitBreaker","jedi:heavyjacket","FeatherPendant","Juzu Bracelet","Ice Cream","AT_BellowingDragoncrestRing","Matryoshka","jedi:shrinkray","Smiling Mask","The Courier","Membership Card","REME_ArchaeologicalTools","jedi:heavyjacket","jedi:cryingmask","Old Coin","ImprovedEquipment","hubris:SlimyHat","hubris:SlimyHat","Old Coin","hubris:PeanutButter","Old Coin","Strawberry","Bronze Scales","Strawberry","Strawberry","hubris:MobiusCoin","PreservedInsect","TheSimpletonMod:PlanterBox","Potion Belt","AT_MibuBalloonWealth","Old Coin","Lantern","MawBank","Singing Bowl","AT_BellowingDragoncrestRing","Old Coin","Whetstone","AT_ChloranthyRing","OriginationStaff","hubris:CrystalStatue","Mango","jedi:rubbersling","Bag of Preparation","AT_ArchangelStaff","hubris:BallOfYels","War Paint","REME_LimitBreaker","Mango","Blue Candle","Omamori","Old Coin","hubris:BallOfYels","hubris:BallOfYels","hubris:BallOfYels","MoreBug","Potion Belt","hubris:Towel","hubris:BallOfYels","hubris:BallOfYels","hubris:SoftwareUpdate","ImprovedEquipment","hubris:OldNail","AT_ChloranthyRing","AT_ChloranthyRing","LastBattle","hubris:Backtick","BrkXgEgg","AT_BellDemon","AT_BellDemon","hubris:DuctTape","AT_BellDemon","DataDisk","DataDisk","DaCapo","TeardropLocket","PreservedInsect","CombinedTypeHook","Ornamental Fan","hubris:OldNail","hubris:OldNail","Strawberry","hubris:PeanutButter","Strawberry","Strawberry","hubris:PeanutButter","Civilization","AT_BellDemon","ThornShield","ThornShield","PreservedInsect","PreservedInsect","AT_BellDemon","hubris:PeanutButter","hubris:PeanutButter","Ginger","Bronze Scales","Turnip","CombinedTypeHook","Anchor","hubris:GlazedTorus","Old Coin","hubris:DuctTape","Frozen Egg 2","Omamori","Omamori","jedi:bottledfury","AT_DeathDance","jedi:laserpointer","TheSimpletonMod:GasCan","AT_MibuBalloonWealth","OriginationStaff","TheSimpletonMod:GasCan","REME_ArchaeologicalTools","infinitespire:Eraser","infinitespire:Eraser","infinitespire:Eraser","infinitespire:Joker Card","infinitespire:EmpoweringShard","infinitespire:CheckeredPen","infinitespire:FocusingShard","infinitespire:Lucky Rock","infinitespire:SolderingIron","infinitespire:Beetle Shell","infinitespire:CursedDice","hubris:64BitClover","DaCapo","infinitespire:Freezer","infinitespire:Golems Mask","SSSystem","Juzu Bracelet","ZombieArmy","AT_TheCollector","Oddly Smooth Stone","TheSimpletonMod:Honeycomb","Champion Belt","Yang","AT_BladeRuinedKing","TheSimpletonMod:Moonshine","AT_ArchangelStaff","TheSimpletonMod:GasCan","AT_ArchangelStaff","Bottled Tornado","DollysMirror","Bottled Flame","Bottled Lightning","Lizard Tail","jedi:superconductor","infinitespire:PuzzleCube","infinitespire:Midas Blood","TheSimpletonMod:Honeycomb","hubris:ChampionShield","AT_ArchangelStaff","hubris:BallOfYels","hubris:BallOfYels","Lizard Tail"],"acts_visited":["Exordium","TheCity","TheBeyond","TheEnding"],"potions_floor_usage":[],"damage_taken":[{"damage":0.0,"enemies":"Cultist","floor":1.0,"turns":3.0},{"damage":0.0,"enemies":"Jaw Worm","floor":5.0,"turns":1.0},{"damage":0.0,"enemies":"3 Sentries","floor":6.0,"turns":1.0},{"damage":0.0,"enemies":"Lagavulin","floor":7.0,"turns":1.0},{"damage":0.0,"enemies":"3 Sentries","floor":8.0,"turns":1.0},{"damage":0.0,"enemies":"Lagavulin","floor":10.0,"turns":1.0},{"damage":0.0,"enemies":"3 Sentries","floor":12.0,"turns":1.0},{"damage":0.0,"enemies":"Small Slimes","floor":13.0,"turns":1.0},{"damage":0.0,"enemies":"Lagavulin","floor":14.0,"turns":1.0},{"damage":0.0,"enemies":"Hexaghost","floor":16.0,"turns":1.0},{"damage":0.0,"enemies":"Chosen","floor":18.0,"turns":1.0},{"damage":0.0,"enemies":"Slavers","floor":22.0,"turns":1.0},{"damage":0.0,"enemies":"Book of Stabbing","floor":23.0,"turns":1.0},{"damage":0.0,"enemies":"REME_1_Revenger","floor":25.0,"turns":1.0},{"damage":0.0,"enemies":"Slavers","floor":28.0,"turns":1.0},{"damage":0.0,"enemies":"Nightmare","floor":31.0,"turns":1.0},{"damage":0.0,"enemies":"Automaton","floor":33.0,"turns":1.0},{"damage":0.0,"enemies":"3 Darklings","floor":35.0,"turns":1.0},{"damage":0,"enemies":"Reptomancer","floor":38,"turns":1},{"damage":0,"enemies":"Giant Head","floor":40,"turns":2},{"damage":0,"enemies":"Reptomancer","floor":42,"turns":2},{"damage":0,"enemies":"Nemesis","floor":45,"turns":1},{"damage":0,"enemies":"Nightmare","floor":47,"turns":1},{"damage":0,"enemies":"Nemesis","floor":48,"turns":1},{"damage":0,"enemies":"infinitespire:MassOfShapes","floor":50,"turns":2},{"damage":0,"enemies":"Shield and Spear","floor":54,"turns":1},{"damage":0,"enemies":"The Heart","floor":55,"turns":1}],"seed_played":"-3022569566942797420","potions_obtained":[{"floor":7.0,"key":"TheSimpletonMod:KindlingPotion"},{"floor":8.0,"key":"FairyPotion"},{"floor":12.0,"key":"TheSimpletonMod:MoonshinePotion"},{"floor":16.0,"key":"SteroidPotion"},{"floor":23.0,"key":"Explosive Potion"},{"floor":25.0,"key":"REME_GoldPotion"},{"floor":42,"key":"DuplicationPotion"},{"floor":45,"key":"jedi:wingpotion"},{"floor":47,"key":"CultistPotion"}],"is_trial":true,"path_per_floor":["M","?","T","?","M","E","E","E","T","E","?","E","M","E","R","B",null,"M","?","$","?","E","E","T","E","T","R","E","$","?","NM","R","B",null,"M","?","?","E","$","E","NS","E","T","?","E","?","NM","E","R","B",null,"R","$","E","B",null],"character_chosen":"THE_SIMPLETON","items_purchased":["jedi:command_common","jedi:command_common","jedi:command_uncommon","jedi:command_shop","jedi:command_uncommon","MostiFishMod:BrokenBlackCloak","jedi:command_uncommon","jedi:command_common","jedi:command_rare","jedi:command_uncommon","jedi:command_common","jedi:command_common","jedi:command_rare","jedi:command_uncommon","jedi:command_rare","jedi:command_common","jedi:command_common","jedi:command_common","jedi:command_common","jedi:command_uncommon","jedi:command_common","jedi:command_uncommon","jedi:command_common","jedi:command_common","jedi:command_rare","jedi:command_common","jedi:command_common","jedi:command_uncommon","MostiFishMod:ForestofLight","jedi:command_rare","jedi:command_common","jedi:command_common","MostiFishMod:ForestofLight+1","jedi:command_common","jedi:command_common","jedi:command_common","jedi:command_uncommon","jedi:command_common","jedi:command_common","jedi:command_uncommon","jedi:command_shop","jedi:command_common","jedi:command_rare","jedi:command_rare","jedi:command_common","jedi:command_common","jedi:command_common","jedi:command_uncommon","jedi:command_uncommon","jedi:command_common","TheSimpletonMod:ToughenUp","Mayhem+1","TheSimpletonMod:Sunseed","REME_ShortnessOfBreath","Discovery","hubris:Insight","Impatience","MostiFishMod:ElfcollectionBox+1","REME_MagicPocketWatch","jedi:command_uncommon","jedi:command_shop","jedi:command_uncommon","jedi:command_uncommon","jedi:command_rare"],"campfire_rested":0,"item_purchase_floors":[15,20,20,20,20,20,20,20,20,20,20,20,20,20,20,20,20,20,20,20,20,20,20,20,20,20,20,20,27,27,29,32,39,39,39,39,39,39,39,39,39,39,39,39,39,39,39,39,39,52,53,53,53,53,53,53,53,53,53,53,53,53,53,53],"current_hp_per_floor":[75,75,75,75,75,75,75,75,75,75,68,69,70,71,71,72,75,75,75,96,87,91,110,110,129,129,129,132,132,132,134,134,136,136,136,128,128,133,154,160,160,167,167,168,173,173,179,186,186,191,191,191,191,198,203],"gold":2896,"neow_bonus":"","is_daily":false,"chose_seed":false,"campfire_upgraded":0,"win_rate":0.0,"timestamp":1612490114,"path_taken":["M","?","?","?","?","E","E","E","T","?","?","E","?","E","R","BOSS","M","?","?","?","?","E","?","E","T","R","?","?","?","NM","R","BOSS","M","?","?","?","?","E","NS","E","T","?","?","?","NM","E","R","BOSS","R","$","E","BOSS"],"items_purchased_type":["Relic","Relic","Relic","Relic","Relic","Card","Relic","Relic","Relic","Relic","Relic","Relic","Relic","Relic","Relic","Relic","Relic","Relic","Relic","Relic","Relic","Relic","Relic","Relic","Relic","Relic","Relic","Relic","Card","Relic","Relic","Relic","Card","Relic","Relic","Relic","Relic","Relic","Relic","Relic","Relic","Relic","Relic","Relic","Relic","Relic","Relic","Relic","Relic","Relic","Card","Card","Card","Card","Card","Card","Card","Card","Card","Relic","Relic","Relic","Relic","Relic"],"build_version":"2020-12-22","purchased_purges":0,"victory":true,"max_hp_per_floor":[75,75,75,75,75,75,75,75,75,75,75,75,75,75,75,75,75,75,75,96,96,98,114,114,130,130,130,132,132,132,134,134,136,136,136,138,138,140,161,164,164,168,168,168,173,173,179,186,186,191,191,191,191,198,203],"relic_stats":{"Singing Bowl":28,"counters":[27,28],"Blue Candle":[0],"Yang":[4],"Charon\u0027s Ashes":[259],"PreservedInsect":702,"Juzu Bracelet":3,"Bag of Preparation":[19],"Whetstone":[],"Ginger":[0],"War Paint":["MostiFishMod:BrokenBlackCloak","AT_FamilyPortrait"],"Boot":[3],"Smiling Mask":0,"MawBank":0,"Lizard Tail":0,"Ornamental Fan":[20],"Bronze Scales":[3],"Turnip":[0],"Champion Belt":[0],"obtain_stats":[{"hubris:BallOfYels":25,"AT_ATBox":0,"jedi:bottledfury":10,"Whetstone":22,"Ginger":40,"Bottled Tornado":53,"Boot":12,"Old Coin":8,"jedi:shrinkray":18,"infinitespire:Golems Mask":47,"REME_ArchaeologicalTools":20,"TheSimpletonMod:NightSoil":0,"TheSimpletonMod:Moonshine":48,"hubris:MobiusCoin":20,"AT_Manta":5,"Blue Candle":26,"REME_LimitBreaker":16,"TheSimpletonMod:HotPotato":9,"AT_TheCollector":16,"SentryEyes":5,"Unceasing Top":0,"infinitespire:PuzzleCube":54,"AT_BellDemon":1,"Lantern":20,"DaveBox":0,"Singing Bowl":20,"Bag of Preparation":24,"Smiling Mask":20,"Civilization":39,"Matryoshka":18,"hubris:Backtick":34,"infinitespire:Bottled Soul":7,"infinitespire:Eraser":45,"hubris:ChampionShield":54,"hubris:GlazedTorus":40,"ZombieArmy":47,"AT_ChloranthyRing":10,"Potion Belt":11,"jedi:command_common":1,"hubris:64BitClover":47,"ImprovedEquipment":20,"The Courier":20,"PreservedInsect":20,"BrkXgEgg":34,"infinitespire:Joker Card":45,"Omamori":6,"infinitespire:CheckeredPen":45,"infinitespire:Lucky Rock":45,"hubris:Towel":30,"LastBattle":33,"Frozen Egg 2":40,"MawBank":20,"ThornShield":39,"AT_BellowingDragoncrestRing":18,"FeatherPendant":17,"Ornamental Fan":38,"jedi:laserpointer":42,"Turnip":40,"Champion Belt":48,"Bottled Lightning":53,"jedi:command_shop":20,"REME_ComplimentaryCards":0,"infinitespire:Freezer":47,"infinitespire:Midas Blood":54,"Ice Cream":18,"CombinedTypeHook":38,"hubris:CrystalStatue":23,"AT_MibuBalloonWealth":20,"SSSystem":47,"jedi:command_rare":0,"ice":0,"BirthdayGift-Icosahedron":0,"AT_ArchangelStaff":24,"TheSimpletonMod:TheHarvester":0,"Lizard Tail":53,"infinitespire:SolderingIron":45,"DollysMirror":53,"Strawberry":20,"TheSimpletonMod:GasCan":42,"DaCapo":14,"MoreBug":28,"hubris:DuctTape":35,"hubris:SoftwareUpdate":31,"Oddly Smooth Stone":48,"Charon\u0027s Ashes":6,"infinitespire:Beetle Shell":47,"War Paint":25,"jedi:heavyjacket":7,"Bottled Flame":53,"jedi:superconductor":54,"Bronze Scales":20,"hubris:PeanutButter":20,"OriginationStaff":23,"infinitespire:EmpoweringShard":45,"jedi:maincommand":0,"AT_DeathDance":42,"TheSimpletonMod:PlanterBox":20,"Mango":23,"Yang":48,"jedi:command_boss":17,"Juzu Bracelet":18,"hubris:SlimyHat":20,"TeardropLocket":38,"Frozen Eye":0,"jedi:cryingmask":20,"TheSimpletonMod:SpudOfTheInnocent":0,"jedi:command_uncommon":7,"infinitespire:CursedDice":47,"infinitespire:FocusingShard":45,"AT_BladeRuinedKing":48,"TheSimpletonMod:Honeycomb":48,"DataDisk":38,"Anchor":40,"SynthV:TestCard":1,"jedi:rubbersling":23,"Membership Card":20,"hubris:Potato":3,"hubris:OldNail":8},{"hubris:BallOfYels":14,"AT_ATBox":0,"jedi:bottledfury":6,"Whetstone":12,"Ginger":20,"Bottled Tornado":25,"Boot":7,"Old Coin":5,"jedi:shrinkray":11,"infinitespire:Golems Mask":23,"REME_ArchaeologicalTools":11,"TheSimpletonMod:NightSoil":0,"TheSimpletonMod:Moonshine":24,"hubris:MobiusCoin":11,"AT_Manta":2,"Blue Candle":14,"REME_LimitBreaker":10,"TheSimpletonMod:HotPotato":5,"AT_TheCollector":10,"SentryEyes":2,"Unceasing Top":0,"infinitespire:PuzzleCube":26,"AT_BellDemon":1,"Lantern":11,"DaveBox":0,"Singing Bowl":11,"Bag of Preparation":13,"Smiling Mask":11,"Civilization":19,"Matryoshka":11,"hubris:Backtick":17,"infinitespire:Bottled Soul":4,"infinitespire:Eraser":22,"hubris:ChampionShield":26,"hubris:GlazedTorus":20,"ZombieArmy":23,"AT_ChloranthyRing":6,"Potion Belt":6,"jedi:command_common":1,"hubris:64BitClover":23,"ImprovedEquipment":11,"The Courier":11,"PreservedInsect":11,"BrkXgEgg":17,"infinitespire:Joker Card":22,"Omamori":3,"infinitespire:CheckeredPen":22,"infinitespire:Lucky Rock":22,"hubris:Towel":15,"LastBattle":17,"Frozen Egg 2":20,"MawBank":11,"ThornShield":19,"AT_BellowingDragoncrestRing":11,"FeatherPendant":10,"Ornamental Fan":19,"jedi:laserpointer":21,"Turnip":20,"Champion Belt":24,"Bottled Lightning":25,"jedi:command_shop":11,"REME_ComplimentaryCards":0,"infinitespire:Freezer":23,"infinitespire:Midas Blood":26,"Ice Cream":11,"CombinedTypeHook":19,"hubris:CrystalStatue":13,"AT_MibuBalloonWealth":11,"SSSystem":23,"jedi:command_rare":0,"ice":0,"BirthdayGift-Icosahedron":0,"AT_ArchangelStaff":13,"TheSimpletonMod:TheHarvester":0,"Lizard Tail":25,"infinitespire:SolderingIron":22,"DollysMirror":25,"Strawberry":11,"TheSimpletonMod:GasCan":21,"DaCapo":9,"MoreBug":15,"hubris:DuctTape":18,"hubris:SoftwareUpdate":16,"Oddly Smooth Stone":24,"Charon\u0027s Ashes":3,"infinitespire:Beetle Shell":23,"War Paint":14,"jedi:heavyjacket":4,"Bottled Flame":25,"jedi:superconductor":26,"Bronze Scales":11,"hubris:PeanutButter":11,"OriginationStaff":13,"infinitespire:EmpoweringShard":22,"jedi:maincommand":0,"AT_DeathDance":21,"TheSimpletonMod:PlanterBox":11,"Mango":13,"Yang":24,"jedi:command_boss":10,"Juzu Bracelet":11,"hubris:SlimyHat":11,"TeardropLocket":19,"Frozen Eye":0,"jedi:cryingmask":11,"TheSimpletonMod:SpudOfTheInnocent":0,"jedi:command_uncommon":4,"infinitespire:CursedDice":23,"infinitespire:FocusingShard":22,"AT_BladeRuinedKing":24,"TheSimpletonMod:Honeycomb":24,"DataDisk":19,"Anchor":20,"SynthV:TestCard":1,"jedi:rubbersling":13,"Membership Card":11,"hubris:Potato":1,"hubris:OldNail":5},{"hubris:BallOfYels":15,"AT_ATBox":0,"jedi:bottledfury":7,"Whetstone":13,"Ginger":21,"Bottled Tornado":26,"Boot":8,"Old Coin":6,"jedi:shrinkray":12,"infinitespire:Golems Mask":24,"REME_ArchaeologicalTools":12,"TheSimpletonMod:NightSoil":0,"TheSimpletonMod:Moonshine":25,"hubris:MobiusCoin":12,"AT_Manta":3,"Blue Candle":15,"REME_LimitBreaker":11,"TheSimpletonMod:HotPotato":6,"AT_TheCollector":11,"SentryEyes":3,"Unceasing Top":0,"infinitespire:PuzzleCube":27,"AT_BellDemon":2,"Lantern":12,"DaveBox":0,"Singing Bowl":12,"Bag of Preparation":14,"Smiling Mask":12,"Civilization":20,"Matryoshka":12,"hubris:Backtick":18,"infinitespire:Bottled Soul":5,"infinitespire:Eraser":23,"hubris:ChampionShield":27,"hubris:GlazedTorus":21,"ZombieArmy":24,"AT_ChloranthyRing":7,"Potion Belt":7,"jedi:command_common":2,"hubris:64BitClover":24,"ImprovedEquipment":12,"The Courier":12,"PreservedInsect":12,"BrkXgEgg":18,"infinitespire:Joker Card":23,"Omamori":4,"infinitespire:CheckeredPen":23,"infinitespire:Lucky Rock":23,"hubris:Towel":16,"LastBattle":18,"Frozen Egg 2":21,"MawBank":12,"ThornShield":20,"AT_BellowingDragoncrestRing":12,"FeatherPendant":11,"Ornamental Fan":20,"jedi:laserpointer":22,"Turnip":21,"Champion Belt":25,"Bottled Lightning":26,"jedi:command_shop":12,"REME_ComplimentaryCards":0,"infinitespire:Freezer":24,"infinitespire:Midas Blood":27,"Ice Cream":12,"CombinedTypeHook":20,"hubris:CrystalStatue":14,"AT_MibuBalloonWealth":12,"SSSystem":24,"jedi:command_rare":0,"ice":0,"BirthdayGift-Icosahedron":0,"AT_ArchangelStaff":14,"TheSimpletonMod:TheHarvester":0,"Lizard Tail":26,"infinitespire:SolderingIron":23,"DollysMirror":26,"Strawberry":12,"TheSimpletonMod:GasCan":22,"DaCapo":10,"MoreBug":16,"hubris:DuctTape":19,"hubris:SoftwareUpdate":17,"Oddly Smooth Stone":25,"Charon\u0027s Ashes":4,"infinitespire:Beetle Shell":24,"War Paint":15,"jedi:heavyjacket":5,"Bottled Flame":26,"jedi:superconductor":27,"Bronze Scales":12,"hubris:PeanutButter":12,"OriginationStaff":14,"infinitespire:EmpoweringShard":23,"jedi:maincommand":0,"AT_DeathDance":22,"TheSimpletonMod:PlanterBox":12,"Mango":14,"Yang":25,"jedi:command_boss":11,"Juzu Bracelet":12,"hubris:SlimyHat":12,"TeardropLocket":20,"Frozen Eye":0,"jedi:cryingmask":12,"TheSimpletonMod:SpudOfTheInnocent":0,"jedi:command_uncommon":5,"infinitespire:CursedDice":24,"infinitespire:FocusingShard":23,"AT_BladeRuinedKing":25,"TheSimpletonMod:Honeycomb":25,"DataDisk":20,"Anchor":21,"SynthV:TestCard":2,"jedi:rubbersling":14,"Membership Card":12,"hubris:Potato":2,"hubris:OldNail":6}],"Unceasing Top":[0]},"card_choices":[{"not_picked":["TheSimpletonMod:BuzzBomb","TheSimpletonMod:CrackOfDawn","TheSimpletonMod:DesperatePlunge","TheSimpletonMod:ErosionControl"],"picked":"TheSimpletonMod:FanTheFlames","floor":6.0},{"not_picked":["TheSimpletonMod:SaltTheEarth","TheSimpletonMod:FlashPasteurize","TheSimpletonMod:BirdFeeder","TheSimpletonMod:CrackOfDawn","TheSimpletonMod:Biorefinement"],"picked":"SKIP","floor":7.0},{"not_picked":["TheSimpletonMod:Surplus","TheSimpletonMod:FanTheFlames","TheSimpletonMod:Chilis","TheSimpletonMod:CropDiversity","TheSimpletonMod:Fecundity"],"picked":"SKIP","floor":8.0},{"not_picked":["TheSimpletonMod:ErosionControl","TheSimpletonMod:BirdFeeder","TheSimpletonMod:Fecundity","TheSimpletonMod:CropDiversity","TheSimpletonMod:TakeHeart"],"picked":"SKIP","floor":10.0},{"not_picked":["TheSimpletonMod:HitTheSack","TheSimpletonMod:Fecundity","TheSimpletonMod:ResearchGrant","TheSimpletonMod:BuzzBomb","TheSimpletonMod:Surplus"],"picked":"SKIP","floor":12.0},{"not_picked":["TheSimpletonMod:Chilis","TheSimpletonMod:ResearchGrant","TheSimpletonMod:Photosynthesis","TheSimpletonMod:ErosionControl","TheSimpletonMod:VolatileFumes"],"picked":"SKIP","floor":14.0},{"not_picked":["TheSimpletonMod:Chilis","TheSimpletonMod:BirdFeeder","TheSimpletonMod:ResistantStrain","TheSimpletonMod:VolatileFumes","TheSimpletonMod:CropDiversity"],"picked":"Singing Bowl","floor":22.0},{"not_picked":["TheSimpletonMod:Chilis","TheSimpletonMod:CrackOfDawn","TheSimpletonMod:VolatileFumes","TheSimpletonMod:BirdFeeder","TheSimpletonMod:CropDiversity"],"picked":"Singing Bowl","floor":23.0},{"not_picked":["TheSimpletonMod:VolatileFumes","TheSimpletonMod:TakeHeart","TheSimpletonMod:ErosionControl","TheSimpletonMod:Surplus","TheSimpletonMod:Biorefinement"],"picked":"Singing Bowl","floor":25.0},{"not_picked":["TheSimpletonMod:FlashPasteurize","TheSimpletonMod:CrackOfDawn","TheSimpletonMod:SaltTheEarth","TheSimpletonMod:CropDiversity","TheSimpletonMod:BuzzBomb"],"picked":"Singing Bowl","floor":28.0},{"not_picked":["infinitespire:Starlight","infinitespire:NeuralNetwork"],"picked":"infinitespire:SealOfDarkness+","floor":31.0},{"not_picked":["TheSimpletonMod:Chilis","TheSimpletonMod:BuzzBomb","TheSimpletonMod:Biorefinement","TheSimpletonMod:DesperatePlunge","TheSimpletonMod:Fecundity"],"picked":"Singing Bowl","floor":31.0},{"not_picked":["TheSimpletonMod:Chilis","TheSimpletonMod:SaltTheEarth","TheSimpletonMod:FlashPasteurize","TheSimpletonMod:ResistantStrain","TheSimpletonMod:BirdFeeder"],"picked":"Singing Bowl","floor":33.0},{"not_picked":["jedi:forcepull","REME_MawOfCthun+1","Trip","Purity"],"picked":"MostiFishMod:ButterFly","floor":36},{"not_picked":["REME_MagicPocketWatch","MostiFishMod:Mottled+1","Enlightenment","Impatience"],"picked":"REME_BodyOfCthun+1","floor":36},{"not_picked":["Dark Shackles","The Bomb+1","Sadistic Nature+1","HandOfGreed+1","Deep Breath"],"picked":"Singing Bowl","floor":36},{"not_picked":["TheSimpletonMod:Surplus+1","TheSimpletonMod:Chilis+1","TheSimpletonMod:VolatileFumes+1","TheSimpletonMod:FanTheFlames+1","TheSimpletonMod:CropDiversity+1"],"picked":"Singing Bowl","floor":38},{"not_picked":["TheSimpletonMod:ResearchGrant+1","TheSimpletonMod:CropDiversity+1","TheSimpletonMod:Fecundity+1","TheSimpletonMod:DesperatePlunge+1","TheSimpletonMod:VolatileFumes+1"],"picked":"Singing Bowl","floor":40},{"not_picked":["TheSimpletonMod:VolatileFumes+1","TheSimpletonMod:Chilis+1","TheSimpletonMod:Fecundity+1","TheSimpletonMod:CrackOfDawn+1","TheSimpletonMod:Photosynthesis+1"],"picked":"Singing Bowl","floor":42},{"not_picked":["TheSimpletonMod:FlashPasteurize+1","TheSimpletonMod:DoubleDigging+1","TheSimpletonMod:HitTheSack+1","TheSimpletonMod:Surplus+1","TheSimpletonMod:ResearchGrant+1"],"picked":"Singing Bowl","floor":45},{"not_picked":["TheSimpletonMod:SaltTheEarth+1","TheSimpletonMod:Chilis+1","TheSimpletonMod:CrackOfDawn+1","TheSimpletonMod:ResearchGrant+1","TheSimpletonMod:FanTheFlames+1"],"picked":"Singing Bowl","floor":47},{"not_picked":["TheSimpletonMod:Chilis+1","TheSimpletonMod:ResearchGrant+1","TheSimpletonMod:HitTheSack+1","TheSimpletonMod:FanTheFlames+1","TheSimpletonMod:Surplus+1"],"picked":"Singing Bowl","floor":48},{"not_picked":["TheSimpletonMod:ResearchGrant+1","TheSimpletonMod:HitTheSack+1","TheSimpletonMod:BirdFeeder+1","TheSimpletonMod:SaltTheEarth+1","TheSimpletonMod:BuzzBomb+1"],"picked":"Singing Bowl","floor":54}],"player_experience":250177,"relics_obtained":[{"floor":1.0,"key":"jedi:command_common"},{"floor":1.0,"key":"SynthV:TestCard"},{"floor":3.0,"key":"jedi:command_rare"},{"floor":5.0,"key":"jedi:command_rare"},{"floor":5.0,"key":"jedi:command_rare"},{"floor":6.0,"key":"jedi:command_common"},{"floor":6.0,"key":"jedi:command_rare"},{"floor":7.0,"key":"jedi:command_uncommon"},{"floor":7.0,"key":"jedi:command_uncommon"},{"floor":8.0,"key":"jedi:command_common"},{"floor":8.0,"key":"jedi:command_rare"},{"floor":9.0,"key":"jedi:command_uncommon"},{"floor":10.0,"key":"jedi:command_uncommon"},{"floor":10.0,"key":"jedi:command_common"},{"floor":12.0,"key":"jedi:command_rare"},{"floor":12.0,"key":"jedi:command_common"},{"floor":13.0,"key":"jedi:command_common"},{"floor":13.0,"key":"jedi:command_common"},{"floor":14.0,"key":"jedi:command_uncommon"},{"floor":14.0,"key":"jedi:command_rare"},{"floor":14.0,"key":"jedi:command_rare"},{"floor":16.0,"key":"jedi:command_rare"},{"floor":16.0,"key":"jedi:command_uncommon"},{"floor":16.0,"key":"jedi:command_uncommon"},{"floor":18.0,"key":"jedi:command_rare"},{"floor":18.0,"key":"jedi:command_uncommon"},{"floor":18.0,"key":"jedi:command_uncommon"},{"floor":18.0,"key":"jedi:command_common"},{"floor":22.0,"key":"jedi:command_uncommon"},{"floor":22.0,"key":"jedi:command_rare"},{"floor":22.0,"key":"jedi:command_common"},{"floor":22.0,"key":"jedi:command_common"},{"floor":23.0,"key":"jedi:command_rare"},{"floor":23.0,"key":"jedi:command_uncommon"},{"floor":23.0,"key":"jedi:command_rare"},{"floor":23.0,"key":"jedi:command_common"},{"floor":24.0,"key":"jedi:command_common"},{"floor":24.0,"key":"jedi:command_common"},{"floor":25.0,"key":"jedi:command_common"},{"floor":25.0,"key":"jedi:command_common"},{"floor":25.0,"key":"jedi:command_uncommon"},{"floor":25.0,"key":"jedi:command_rare"},{"floor":26.0,"key":"jedi:command_uncommon"},{"floor":26.0,"key":"jedi:command_common"},{"floor":28.0,"key":"jedi:command_common"},{"floor":28.0,"key":"jedi:command_common"},{"floor":28.0,"key":"jedi:command_common"},{"floor":28.0,"key":"jedi:command_rare"},{"floor":31.0,"key":"jedi:command_common"},{"floor":31.0,"key":"jedi:command_common"},{"floor":31.0,"key":"jedi:command_uncommon"},{"floor":31.0,"key":"jedi:command_uncommon"},{"floor":33.0,"key":"jedi:command_common"},{"floor":33.0,"key":"jedi:command_common"},{"floor":33.0,"key":"jedi:command_uncommon"},{"floor":35.0,"key":"jedi:command_common"},{"floor":35.0,"key":"jedi:command_common"},{"floor":35.0,"key":"jedi:command_uncommon"},{"floor":35.0,"key":"jedi:command_common"},{"floor":38,"key":"jedi:command_common"},{"floor":38,"key":"jedi:command_common"},{"floor":38,"key":"jedi:command_rare"},{"floor":38,"key":"jedi:command_uncommon"},{"floor":38,"key":"jedi:command_common"},{"floor":38,"key":"jedi:command_rare"},{"floor":38,"key":"jedi:command_uncommon"},{"floor":40,"key":"jedi:command_rare"},{"floor":40,"key":"jedi:command_common"},{"floor":40,"key":"jedi:command_rare"},{"floor":40,"key":"jedi:command_rare"},{"floor":40,"key":"jedi:command_common"},{"floor":40,"key":"jedi:command_rare"},{"floor":40,"key":"jedi:command_rare"},{"floor":40,"key":"jedi:command_uncommon"},{"floor":40,"key":"jedi:command_uncommon"},{"floor":42,"key":"jedi:command_common"},{"floor":42,"key":"jedi:command_common"},{"floor":42,"key":"jedi:command_uncommon"},{"floor":42,"key":"jedi:command_uncommon"},{"floor":42,"key":"jedi:command_common"},{"floor":42,"key":"jedi:command_uncommon"},{"floor":42,"key":"jedi:command_common"},{"floor":42,"key":"jedi:command_rare"},{"floor":42,"key":"jedi:command_uncommon"},{"floor":43,"key":"jedi:command_uncommon"},{"floor":45,"key":"jedi:command_uncommon"},{"floor":45,"key":"jedi:command_uncommon"},{"floor":45,"key":"jedi:command_uncommon"},{"floor":45,"key":"jedi:command_rare"},{"floor":45,"key":"jedi:command_uncommon"},{"floor":45,"key":"jedi:command_uncommon"},{"floor":45,"key":"jedi:command_uncommon"},{"floor":45,"key":"jedi:command_common"},{"floor":45,"key":"jedi:command_uncommon"},{"floor":47,"key":"jedi:command_common"},{"floor":47,"key":"jedi:command_rare"},{"floor":47,"key":"jedi:command_rare"},{"floor":47,"key":"jedi:command_rare"},{"floor":47,"key":"jedi:command_common"},{"floor":47,"key":"jedi:command_rare"},{"floor":47,"key":"jedi:command_common"},{"floor":47,"key":"jedi:command_common"},{"floor":47,"key":"jedi:command_common"},{"floor":48,"key":"jedi:command_rare"},{"floor":48,"key":"jedi:command_common"},{"floor":48,"key":"jedi:command_uncommon"},{"floor":48,"key":"jedi:command_rare"},{"floor":48,"key":"jedi:command_uncommon"},{"floor":48,"key":"jedi:command_common"},{"floor":48,"key":"jedi:command_uncommon"},{"floor":48,"key":"jedi:command_common"},{"floor":48,"key":"jedi:command_uncommon"},{"floor":54,"key":"jedi:command_uncommon"},{"floor":54,"key":"jedi:command_common"},{"floor":54,"key":"jedi:command_uncommon"},{"floor":54,"key":"jedi:command_uncommon"},{"floor":54,"key":"jedi:command_common"},{"floor":54,"key":"jedi:command_common"},{"floor":54,"key":"jedi:command_common"},{"floor":54,"key":"jedi:command_common"},{"floor":54,"key":"jedi:command_rare"}],"event_choices":[{"damage_healed":0.0,"max_hp_gain":0.0,"max_hp_loss":0.0,"gold_gain":0.0,"event_name":"The Woman in Blue","player_choice":"Bought 0 Potions","floor":4.0,"gold_loss":0.0,"damage_taken":0.0},{"damage_healed":0.0,"max_hp_gain":0.0,"max_hp_loss":0.0,"gold_gain":0.0,"event_name":"Scrap Ooze","player_choice":"Success","floor":11.0,"gold_loss":0.0,"damage_taken":7.0,"relics_obtained":["jedi:command_common"]},{"damage_healed":0.0,"max_hp_gain":0.0,"max_hp_loss":0.0,"gold_gain":0.0,"event_name":"betterNote:BetterNote","player_choice":"Take","floor":19.0,"gold_loss":0.0,"damage_taken":0.0,"cards_obtained":["infinitespire:NeuralNetwork"]},{"damage_healed":0.0,"max_hp_gain":0.0,"max_hp_loss":0.0,"gold_gain":75.0,"event_name":"FaceTrader","player_choice":"Touch","floor":21.0,"gold_loss":0.0,"damage_taken":9.0},{"damage_healed":0,"gold_gain":0,"player_choice":"Memory 3","damage_taken":10,"max_hp_gain":0,"max_hp_loss":0,"event_name":"SensoryStone","floor":36,"gold_loss":0},{"damage_healed":0,"gold_gain":0,"player_choice":"Upgraded","damage_taken":0,"max_hp_gain":0,"max_hp_loss":0,"event_name":"Upgrade Shrine","floor":37,"gold_loss":0,"cards_upgraded":["TheSimpletonMod:FanTheFlames"]},{"damage_healed":42,"gold_gain":0,"player_choice":"Writhe","damage_taken":0,"max_hp_gain":0,"max_hp_loss":0,"event_name":"Winding Halls","floor":44,"gold_loss":0,"cards_obtained":["Writhe"]},{"damage_healed":0,"gold_gain":0,"player_choice":"Ignored","damage_taken":0,"max_hp_gain":0,"max_hp_loss":0,"event_name":"Falling","floor":46,"gold_loss":0}],"is_beta":false,"boss_relics":[{"not_picked":["jedi:command_boss","jedi:command_boss"],"picked":"jedi:command_boss"},{"not_picked":["jedi:command_boss","jedi:command_boss"],"picked":"jedi:command_boss"}],"items_purged_floors":[],"is_endless":false,"potions_floor_spawned":[7,8,10,12,16,23,25,42,45,47],"ascension_level":0}}