{"host":"bht7q8dqip9du99t","time":1612549044,"event":{"mods":["BaseMod","Colored Map","Colored Powertips","Downfall","Minty Spire (QoL Compilation)","Permanent Neow","Quick Restart","StSLib"],"gold_per_floor":[99,118,177,193,293,362,362,337,357,368,445,516,466,529,548,653,653,603,613,663,728,728,728,728],"floor_reached":22,"language":"ENG","playtime":1649,"items_purged":[],"score":178,"play_id":"ff0e621c-1a29-4af0-bca7-b737b72946b4","local_time":"20210205131724","is_ascension_mode":false,"campfire_choices":[{"data":"Slimebound:ItLooksTasty","floor":1.0,"key":"SMITH"},{"floor":13.0,"key":"REST"},{"data":"Slimebound:DouseInSlime","floor":18.0,"key":"SMITH"}],"circlet_count":0,"master_deck":["Slimebound:Strike_Slimebound+1","Slimebound:Tackle+1","Slimebound:Defend_Slimebound","Slimebound:Defend_Slimebound","Slimebound:Defend_Slimebound","Slimebound:Split","Slimebound:CorrosiveSpit","Slimebound:ItLooksTasty+1","Slimebound:SamplingLick","Slimebound:Equalize","Slimebound:Gluttony","Slimebound:ViciousTackle","Slimebound:PrepareCrush","Slimebound:Gluttony","Slimebound:Prepare","Slimebound:AcidTongue","Slimebound:LeechLife","Slimebound:DouseInSlime+1","Slimebound:LivingWall"],"relics":["Slimebound:AbsorbEndCombat","Ancient Tea Set","downfall:CloakOfManyFaces","CultistMask","FaceOfCleric","NlothsMask","GremlinMask","SsserpentHead","Slimebound:GreedOozeRelic","Whetstone","Odd Mushroom","Empty Cage"],"acts_visited":["Exordium","TheCity"],"potions_floor_usage":[],"damage_taken":[{"damage":0.0,"enemies":"Small Slimes","floor":2.0,"turns":4.0},{"damage":33.0,"enemies":"Gremlin Nob","floor":3.0,"turns":4.0},{"damage":0.0,"enemies":"2 Louse","floor":4.0,"turns":2.0},{"damage":41.0,"enemies":"downfall:FaceTrader","floor":5.0,"turns":8.0},{"damage":5.0,"enemies":"Cultist","floor":6.0,"turns":3.0},{"damage":0.0,"enemies":"2 Fungi Beasts","floor":9.0,"turns":3.0},{"damage":17.0,"enemies":"Blue Slaver","floor":10.0,"turns":3.0},{"damage":16.0,"enemies":"The Mushroom Lair","floor":12.0,"turns":4.0},{"damage":1.0,"enemies":"Large Slime","floor":14.0,"turns":3.0},{"damage":7.0,"enemies":"Red Slaver","floor":15.0,"turns":3.0},{"damage":74.0,"enemies":"DF_ARCHETYPE_STREAMLINE","floor":16.0,"turns":9.0},{"damage":13,"enemies":"Chosen","floor":19,"turns":3},{"damage":69,"enemies":"Sentry and Sphere","floor":21,"turns":6},{"damage":71,"enemies":"Chosen and Byrds","floor":22,"turns":6}],"seed_played":"-4112740014597964569","potions_obtained":[{"floor":4.0,"key":"Energy Potion"},{"floor":5.0,"key":"BlessingOfTheForge"},{"floor":10.0,"key":"Fire Potion"},{"floor":12.0,"key":"DistilledChaos"},{"floor":16.0,"key":"FearPotion"},{"floor":19,"key":"Slimebound:SlimedPotion"}],"is_trial":false,"path_per_floor":["R","M","?","M","?","M","T","?","M","M","T","?","R","M","M","B",null,"R","M","?","M","M"],"character_chosen":"SLIMEBOUND","items_purchased":[],"campfire_rested":1,"item_purchase_floors":[],"current_hp_per_floor":[65,65,36,40,15,19,19,19,32,20,20,11,31,43,61,24,72,72,64,64,20,0,0,0],"gold":728,"neow_bonus":"THREE_CARDS","is_daily":false,"chose_seed":false,"campfire_upgraded":2,"win_rate":0.0,"timestamp":1612549044,"path_taken":["R","M","?","M","?","?","T","?","M","M","?","?","R","?","M","BOSS","R","M","?","?","M"],"items_purchased_type":[],"build_version":"2020-12-22","purchased_purges":0,"victory":false,"max_hp_per_floor":[65,65,65,65,65,66,66,66,67,68,68,69,69,70,71,72,72,72,73,73,74,74,74,74],"card_choices":[{"not_picked":["Slimebound:Schlurp","Slimebound:RollThrough"],"picked":"Slimebound:ItLooksTasty","floor":0.0},{"not_picked":["Slimebound:FinishingTackle","Slimebound:FlameTackle"],"picked":"Slimebound:SamplingLick","floor":2.0},{"not_picked":["Slimebound:ItLooksTasty","Slimebound:Schlurp"],"picked":"Slimebound:Equalize","floor":3.0},{"not_picked":["Slimebound:FinishingTackle","Slimebound:ComboTackle"],"picked":"Slimebound:Gluttony","floor":4.0},{"not_picked":["Slimebound:LeechEnergy","Slimebound:Schlurp"],"picked":"Slimebound:ViciousTackle","floor":5.0},{"not_picked":["Slimebound:LivingWall","Slimebound:Grow"],"picked":"Slimebound:PrepareCrush","floor":6.0},{"not_picked":["Slimebound:Grow","Slimebound:Schlurp"],"picked":"Slimebound:Gluttony","floor":9.0},{"not_picked":["Slimebound:ComboTackle","Slimebound:FlameTackle"],"picked":"Slimebound:Prepare","floor":10.0},{"not_picked":["Slimebound:FinishingTackle","Slimebound:LivingWall"],"picked":"Slimebound:AcidTongue","floor":12.0},{"not_picked":["Slimebound:GoopTackle","Slimebound:Prepare"],"picked":"Slimebound:LeechLife","floor":14.0},{"not_picked":["Slimebound:GoopTackle","Slimebound:Dissolve","Slimebound:SpikyOuterGoop"],"picked":"SKIP","floor":15.0},{"not_picked":["Slimebound:Overexert","Slimebound:MassFeed"],"picked":"Slimebound:DouseInSlime","floor":16.0},{"not_picked":["Slimebound:HauntingLick","Slimebound:Grow+1"],"picked":"Slimebound:LivingWall","floor":19},{"not_picked":["Slimebound:SplitBruiser","Slimebound:Prepare","Slimebound:ComboTackle"],"picked":"SKIP","floor":21}],"player_experience":698309,"relics_obtained":[{"floor":3.0,"key":"Ancient Tea Set"},{"floor":5.0,"key":"downfall:CloakOfManyFaces"},{"floor":11.0,"key":"Whetstone"},{"floor":12.0,"key":"Odd Mushroom"}],"event_choices":[{"damage_healed":0.0,"max_hp_gain":0.0,"max_hp_loss":0.0,"gold_gain":0.0,"event_name":"Mushrooms","player_choice":"Fought Mushrooms","floor":12.0,"gold_loss":0.0,"damage_taken":0.0}],"is_beta":false,"boss_relics":[{"not_picked":["Tiny House","bronze:MakeshiftBattery"],"picked":"Empty Cage"}],"items_purged_floors":[],"is_endless":false,"potions_floor_spawned":[4,5,10,12,16,19],"killed_by":"Chosen and Byrds","ascension_level":0}}