{"host":"ynimr9ugvc6f046i","time":1612536552,"event":{"mods":["2.2 Compatiblity","BaseMod","Colored Map","DeckTracker","Highlight Path","Keyboard Shortcuts","Minty Spire (QoL Compilation)","Permanent Neow","Quick Restart","StSLib","SuperFastMode"],"gold_per_floor":[115,130,130,130,147,147,181,181,208,233,245,245,255,27,27,104,104,122,47,63,63,74,102,115,115,164,177,177,102,102,102],"floor_reached":30,"language":"KOR","playtime":716,"items_purged":["Strike_R"],"score":520,"play_id":"321ad6a7-daa0-4ec1-9b6f-187c920ee506","local_time":"20210205234912","is_ascension_mode":true,"campfire_choices":[{"data":"Apotheosis","floor":6.0,"key":"SMITH"},{"floor":8.0,"key":"REST"},{"data":"1","floor":12.0,"key":"LIFT"},{"data":"2","floor":15.0,"key":"LIFT"},{"data":"3","floor":25.0,"key":"LIFT"},{"data":"Barricade","floor":28.0,"key":"SMITH"}],"circlet_count":0,"master_deck":["AscendersBane","Strike_R+1","Defend_R","Defend_R","Defend_R","Defend_R","Bash+1","Apotheosis+1","Power Through","Battle Trance","Headbutt","Twin Strike","Barricade+1","Corruption","Anger","Sentinel","Shrug It Off","Second Wind"],"relics":["Burning Blood","Whetstone","Lantern","Girya","Philosopher\u0027s Stone","Juzu Bracelet","Blood Vial"],"acts_visited":["Exordium","TheCity"],"potions_floor_usage":[30],"damage_taken":[{"damage":4.0,"enemies":"Small Slimes","floor":1.0,"turns":4.0},{"damage":0.0,"enemies":"2 Louse","floor":2.0,"turns":3.0},{"damage":3.0,"enemies":"Cultist","floor":5.0,"turns":5.0},{"damage":12.0,"enemies":"Lagavulin","floor":7.0,"turns":8.0},{"damage":28.0,"enemies":"3 Sentries","floor":10.0,"turns":11.0},{"damage":9.0,"enemies":"Exordium Thugs","floor":11.0,"turns":5.0},{"damage":0.0,"enemies":"Red Slaver","floor":13.0,"turns":2.0},{"damage":22.0,"enemies":"Slime Boss","floor":16.0,"turns":18.0},{"damage":16.0,"enemies":"2 Thieves","floor":18.0,"turns":4.0},{"damage":5.0,"enemies":"Spheric Guardian","floor":20.0,"turns":6.0},{"damage":48.0,"enemies":"Snake Plant","floor":22.0,"turns":4.0},{"damage":2.0,"enemies":"Gremlin Leader","floor":23.0,"turns":6.0},{"damage":0.0,"enemies":"Centurion and Healer","floor":24.0,"turns":5.0},{"damage":15.0,"enemies":"Shelled Parasite and Fungi","floor":27.0,"turns":4.0},{"damage":67,"enemies":"Book of Stabbing","floor":30,"turns":6}],"seed_played":"982910956128843973","potions_obtained":[{"floor":2.0,"key":"ElixirPotion"},{"floor":11.0,"key":"Block Potion"},{"floor":13.0,"key":"Regen Potion"},{"floor":16.0,"key":"SpeedPotion"},{"floor":22.0,"key":"BlessingOfTheForge"},{"floor":23.0,"key":"BloodPotion"}],"is_trial":false,"path_per_floor":["M","M","?","?","M","R","E","R","T","E","M","R","M","$","R","B",null,"M","?","M","$","M","E","M","R","T","M","R","?","E"],"character_chosen":"IRONCLAD","items_purchased":["Barricade"],"campfire_rested":1,"item_purchase_floors":[14],"current_hp_per_floor":[52,58,35,35,38,38,32,54,54,32,29,29,35,35,35,34,65,55,55,56,56,26,30,36,36,36,29,29,29,0,0],"gold":102,"neow_bonus":"RANDOM_COLORLESS_2","is_daily":false,"chose_seed":false,"campfire_upgraded":2,"win_rate":0.0,"timestamp":1612536552,"path_taken":["M","M","?","?","M","R","E","R","T","E","M","R","?","$","R","BOSS","M","?","?","$","M","E","M","R","T","M","R","?","E"],"items_purchased_type":["Card"],"build_version":"2020-12-22","purchased_purges":1,"victory":false,"max_hp_per_floor":[75,75,75,75,75,75,75,75,75,75,75,75,75,75,75,75,75,75,75,75,75,75,75,75,75,75,75,75,75,75,75],"card_choices":[{"not_picked":["Metallicize","Fire Breathing"],"picked":"Power Through","floor":1.0},{"not_picked":["Havoc","Flex","Searing Blow"],"picked":"SKIP","floor":2.0},{"not_picked":["Headbutt","Twin Strike"],"picked":"Battle Trance","floor":5.0},{"not_picked":["Entrench","Thunderclap"],"picked":"Headbutt","floor":7.0},{"not_picked":["Thunderclap","Clothesline","Warcry"],"picked":"SKIP","floor":10.0},{"not_picked":["True Grit","Ghostly Armor"],"picked":"Twin Strike","floor":11.0},{"not_picked":["Dual Wield","Twin Strike","Headbutt"],"picked":"SKIP","floor":13.0},{"not_picked":["Double Tap","Exhume"],"picked":"Corruption","floor":16.0},{"not_picked":["Sentinel","Flex+1","Heavy Blade"],"picked":"SKIP","floor":18.0},{"not_picked":["Perfected Strike","Blood for Blood"],"picked":"Anger","floor":20.0},{"not_picked":["Twin Strike","Blood for Blood"],"picked":"Sentinel","floor":22.0},{"not_picked":["Juggernaut","Blood for Blood","Clash"],"picked":"SKIP","floor":23.0},{"not_picked":["Headbutt","Thunderclap"],"picked":"Shrug It Off","floor":24.0},{"not_picked":["Perfected Strike","Twin Strike"],"picked":"Second Wind","floor":27.0}],"player_experience":555265,"relics_obtained":[{"floor":7.0,"key":"Whetstone"},{"floor":9.0,"key":"Lantern"},{"floor":10.0,"key":"Girya"},{"floor":23.0,"key":"Juzu Bracelet"},{"floor":26.0,"key":"Blood Vial"}],"event_choices":[{"damage_healed":0.0,"max_hp_gain":0.0,"max_hp_loss":0.0,"gold_gain":0.0,"event_name":"Shining Light","player_choice":"Entered Light","floor":3.0,"gold_loss":0.0,"damage_taken":23.0,"cards_upgraded":["Strike_R","Bash"]},{"cards_removed":["Strike_R"],"damage_healed":0.0,"max_hp_gain":0.0,"max_hp_loss":0.0,"gold_gain":0.0,"event_name":"Bonfire Elementals","player_choice":"Offered Basic","floor":4.0,"gold_loss":0.0,"damage_taken":0.0},{"cards_removed":["Strike_R"],"damage_healed":0.0,"max_hp_gain":0.0,"max_hp_loss":0.0,"gold_gain":0.0,"event_name":"Designer","player_choice":"Single Remove","floor":19.0,"gold_loss":75.0,"damage_taken":0.0},{"cards_removed":["Strike_R"],"damage_healed":0.0,"max_hp_gain":0.0,"max_hp_loss":0.0,"gold_gain":0.0,"event_name":"Beggar","player_choice":"Gave Gold","floor":29.0,"gold_loss":75.0,"damage_taken":0.0}],"is_beta":false,"boss_relics":[{"not_picked":["Ectoplasm","Sozu"],"picked":"Philosopher\u0027s Stone"}],"items_purged_floors":[14],"is_endless":false,"potions_floor_spawned":[2,11,13,16,20,22,23],"killed_by":"Book of Stabbing","ascension_level":20}}