{"host":"44szraw8fc5x6fuf","time":1612559722,"event":{"mods":["100% Spire Juice","2.2 Compatiblity","Act Like it!","Arknights","Aspiration","BaseMod","Better Altar","Better Match","Better Note","Better Sensory Stone","Better Skull","Better Third Choice","CapriCore","Chen","Colored Map","Conspire","Gensokyo","Hermit","Highlight Path","Koishi","KomeijiMod","Lobotomy","LobotomyExtend","MarisaÅiñ∂âJÅ@ñÇóùçπÅj","Minty Spire (QoL Compilation)","Onozuka Komachi Mod","Pale of the Ancients","Permanent Neow","Rare Cards Sparkle","ReimuÅiîé??öÎÅj","Reliquary","Replay The Spire","Spicy Shops","Spire Arcade","StSLib","The Administrix","The Disciple","The Immortal","TheFirefly","Yakumo Yukari mod","Yuyuko","Åy?ï®?îvÅzREMEMod"],"gold_per_floor":[116,133,133,63,281,307,307,327,327,341,266,46,72,0,0,99,99,112,126,141,391,89,119,119,131,131,142,142,142,170,48,48,151,151,171,183,27,27,46,46,78,78,78,78,91,91,91,317,317,317,317,317,317,29,59,59],"floor_reached":57,"language":"ENG","playtime":9911,"items_purged":[],"score":1452,"play_id":"3995df24-b79b-4108-9325-cfd7cf0098d7","local_time":"20210205161522","is_ascension_mode":true,"campfire_choices":[{"floor":7.0,"key":"REST"},{"floor":15.0,"key":"REST"},{"data":"Free:ReiMu","floor":24,"key":"SMITH"},{"data":"CleanRite:ReiMu","floor":29,"key":"SMITH"},{"data":"KamiRite:ReiMu","floor":32,"key":"SMITH"},{"floor":44,"key":"RECALL"},{"data":"DependentForm:ReiMu","floor":47,"key":"SMITH"},{"data":"Free:ReiMu","floor":49,"key":"SMITH"},{"data":"DoubleButterfly:ReiMu","floor":53,"key":"SMITH"}],"circlet_count":0,"master_deck":["Strike_Lin:ReiMu","Strike_Lin:ReiMu","Strike_Lin:ReiMu","Strike_Lin:ReiMu+1","Defend_Lin:ReiMu","Defend_Lin:ReiMu","Defend_Lin:ReiMu","Defend_Lin:ReiMu","NB:ReiMu","Stagnation:ReiMu","Dreaming:ReiMu+1","WonderfulDomain:ReiMu+1","PrepareRite:ReiMu+1","Enchanting:ReiMu","Amulet:ReiMu","Determination:ReiMu+1","FantasyMoon:ReiMu+1","DoubleButterfly:ReiMu+1","Free:ReiMu+1","KamiRite:ReiMu+1","SealNeedle:ReiMu","NineCharacters:ReiMu","CleanRite:ReiMu+1","AbeCurse","CareerPray:ReiMu+1","RainPray2:ReiMu","Mountainwind:ReiMu+1","Conquer:ReiMu+1","FantasyMoon:ReiMu+1","DependentForm:ReiMu+1","KamiRite:ReiMu+1","PassingAway:ReiMu","Free:ReiMu+1","Enchanting:ReiMu+1","Violence","Mayhem","REME_BattleFury","MikOfLucky:ReiMu+1"],"relics":["FlyPower:ReiMu","REME_ComplimentaryCards","LetterFromLob","Pen Nib","Replay:Mystery Machine","Ginger","Guide Book","FossilizedHelix","Orrery","Abe\u0027s Treasure","Ancient Tea Set","Toolbox","ReplayTheSpireMod:Lightbulb","Blue Doll","RuthlessExorcism:ReiMu","aspiration:MarisaSkillbook","Pet Ghost","CrazyTorch:ReiMu","DollysMirror","Meat on the Bone","reliquary:WeakTea","reliquary:PorcupineQuills","Gensokyo:DualWield","Potion Belt","ReplayTheSpireMod:ShopPack","Happy Flower","conspire:InfiniteJournal","Centennial Puzzle"],"acts_visited":["Gensokyo:Gensokyo","Gensokyo:Gensokyoer","Gensokyo:Gensokyoest","TheEnding"],"potions_floor_usage":[55,56,56],"damage_taken":[{"damage":1.0,"enemies":"Gensokyo:3_Fairies","floor":1.0,"turns":5.0},{"damage":5.0,"enemies":"Gensokyo:Python","floor":2.0,"turns":5.0},{"damage":34.0,"enemies":"Gensokyo:Mamizou","floor":6.0,"turns":11.0},{"damage":2.0,"enemies":"Gensokyo:2_Kodama","floor":8.0,"turns":2.0},{"damage":7.0,"enemies":"Gensokyo:LivingMonolith","floor":10.0,"turns":4.0},{"damage":0.0,"enemies":"Gensokyo:Aya","floor":13.0,"turns":3.0},{"damage":1.0,"enemies":"Gensokyo:Yukari","floor":16.0,"turns":9.0},{"damage":0.0,"enemies":"Gensokyo:2_Gloops","floor":18.0,"turns":5.0},{"damage":11.0,"enemies":"Gensokyo:3_Dogs","floor":19.0,"turns":4.0},{"damage":0,"enemies":"Gensokyo:Swordslinger","floor":20,"turns":5},{"damage":12,"enemies":"Gensokyo:Tenshi","floor":23,"turns":5},{"damage":0,"enemies":"Gensokyo:Slime_Group","floor":25,"turns":3},{"damage":0,"enemies":"Gensokyo:3_Gloops","floor":27,"turns":2},{"damage":1,"enemies":"Gensokyo:Koishi","floor":30,"turns":6},{"damage":43,"enemies":"Gensokyo:Kaguya","floor":33,"turns":8},{"damage":0,"enemies":"Gensokyo:AncientGuardian","floor":35,"turns":5},{"damage":0,"enemies":"Gensokyo:3_Bats","floor":36,"turns":4},{"damage":0,"enemies":"Gensokyo:3_Boulders","floor":39,"turns":2},{"damage":0,"enemies":"Gensokyo:Kasen","floor":41,"turns":5},{"damage":0,"enemies":"Gensokyo:SeedOfUnknown","floor":45,"turns":3},{"damage":0,"enemies":"Gensokyo:Marisa","floor":48,"turns":2},{"damage":16,"enemies":"Gensokyo:Scarlet_Devils","floor":50,"turns":4},{"damage":18,"enemies":"Shield and Spear","floor":55,"turns":4},{"damage":15,"enemies":"The Heart","floor":56,"turns":6}],"seed_played":"5804872917057741507","potions_obtained":[{"floor":1.0,"key":"CalmPotion"},{"floor":10.0,"key":"REME_GoldPotion"},{"floor":18.0,"key":"AttackPotion"},{"floor":19.0,"key":"Ancient Potion"},{"floor":30,"key":"ColorlessPotion"},{"floor":36,"key":"Fire Potion"}],"is_trial":false,"path_per_floor":["M","M","?","?","?","E","R","M","T","M","?","$","E","$","R","B",null,"M","M","M","?","$","E","R","M","T","M","?","R","E","COS","R","B",null,"M","M","COS","?","M","T","E","?","T","R","M","?","R","E","R","B",null,null,"R","$","E","B",null],"character_chosen":"REIMU","items_purchased":["Guide Book","SkyOrb:ReiMu","Orrery","Ancient Tea Set","Toolbox","ReplayTheSpireMod:ShopPack","Happy Flower","conspire:InfiniteJournal"],"campfire_rested":2,"item_purchase_floors":[12,12,14,22,22,54,54,54],"current_hp_per_floor":[64,59,65,65,38,4,25,23,23,16,16,16,16,16,37,36,71,71,60,60,60,60,48,48,48,48,48,48,48,47,47,47,4,71,71,71,71,71,71,71,71,56,56,56,56,56,56,56,56,40,40,71,71,71,53,38],"gold":59,"neow_bonus":"ONE_RANDOM_RARE_CARD","is_daily":false,"chose_seed":false,"campfire_upgraded":6,"win_rate":0.0,"timestamp":1612559722,"path_taken":["M","M","?","?","?","E","R","M","T","?","?","$","E","?","R","BOSS","M","M","?","?","$","E","R","M","T","M","?","R","E","COS","R","BOSS","M","M","COS","?","?","?","E","?","T","R","?","?","R","E","R","BOSS","R","$","E","BOSS"],"items_purchased_type":["Relic","Relic","Relic","Relic","Relic","Relic","Relic","Relic"],"build_version":"2020-12-22","purchased_purges":0,"victory":true,"max_hp_per_floor":[65,65,71,71,71,71,71,71,71,71,71,71,71,71,71,71,71,71,71,71,71,71,71,71,71,71,71,71,71,71,71,71,71,71,71,71,71,71,71,71,71,71,71,71,71,71,71,71,71,71,71,71,71,71,71,71],"card_choices":[{"not_picked":["Enchanting:ReiMu","YinYangSign:ReiMu"],"picked":"WonderfulDomain:ReiMu","floor":1.0},{"not_picked":["SubcavityInstant:ReiMu","BarrageOfMoneybags:ReiMu"],"picked":"PrepareRite:ReiMu","floor":2.0},{"not_picked":["KamiSacrifice:ReiMu","YinYangSign:ReiMu","BarrageOfMoneybags:ReiMu"],"picked":"SKIP","floor":6.0},{"not_picked":["RainPray2:ReiMu","Gathering:ReiMu"],"picked":"Enchanting:ReiMu","floor":8.0},{"not_picked":["SealNeedle:ReiMu","Meditation:ReiMu"],"picked":"Amulet:ReiMu","floor":10.0},{"not_picked":["CardOfSanctity:ReiMu+1","KamiRite:ReiMu+1"],"picked":"Determination:ReiMu+1","floor":11.0},{"not_picked":["CollectionFlower2:ReiMu+1","BarrageOfMoneybags:ReiMu+1"],"picked":"FantasyMoon:ReiMu+1","floor":11.0},{"not_picked":["SubcavityInstant:ReiMu","YinYangSign:ReiMu"],"picked":"DoubleButterfly:ReiMu","floor":13.0},{"not_picked":["FoulBorder2:ReiMu","CollectionFlower2:ReiMu"],"picked":"Free:ReiMu","floor":14.0},{"not_picked":["MountainWay:ReiMu","SafetyPray:ReiMu"],"picked":"KamiRite:ReiMu","floor":14.0},{"not_picked":["TightArray:ReiMu","OctopathBindingBorder2:ReiMu"],"picked":"SealNeedle:ReiMu","floor":14.0},{"not_picked":["Intuition:ReiMu","InherentArray:ReiMu"],"picked":"NineCharacters:ReiMu","floor":14.0},{"not_picked":["Shading:ReiMu","YinYang:ReiMu"],"picked":"CleanRite:ReiMu","floor":16.0},{"not_picked":["SafetyPray:ReiMu","InherentArray:ReiMu"],"picked":"CareerPray:ReiMu+1","floor":18.0},{"not_picked":["Meditation:ReiMu","CareerPray:ReiMu"],"picked":"RainPray2:ReiMu","floor":19.0},{"not_picked":["FantasyBorder:ReiMu","SpringWay:ReiMu","Gathering:ReiMu"],"picked":"SKIP","floor":20},{"not_picked":["TakeOff:ReiMu","PrepareRite:ReiMu"],"picked":"Mountainwind:ReiMu+1","floor":23},{"not_picked":["DoubleButterfly:ReiMu","TakeOff:ReiMu+1"],"picked":"Conquer:ReiMu+1","floor":25},{"not_picked":["Amulet:ReiMu","AirStrike:ReiMu","Enchanting:ReiMu"],"picked":"SKIP","floor":27},{"not_picked":["RunawayExorcism:ReiMu","TakeOff:ReiMu"],"picked":"FantasyMoon:ReiMu+1","floor":30},{"not_picked":["YinYang:ReiMu","Shading:ReiMu"],"picked":"DependentForm:ReiMu","floor":33},{"not_picked":["WitchOfGreed","FairyDestructionRay+1","AirStrike:ReiMu","SpreadBorder2:ReiMu+1"],"picked":"SKIP","floor":35},{"not_picked":["MilkyWay","SubcavityInstant:ReiMu+1","Mountainwind:ReiMu+1","Robbery+1"],"picked":"SKIP","floor":36},{"not_picked":["Meditation:ReiMu","OctopathBindingBorder2:ReiMu+1","AirStrike:ReiMu"],"picked":"PassingAway:ReiMu","floor":39},{"not_picked":["IllusionStar","WitchOfGreed+1","AlertArray:ReiMu"],"picked":"Free:ReiMu","floor":41},{"not_picked":["OctopathBindingBorder2:ReiMu+1","AirStrike:ReiMu+1","UpKicking:ReiMu","SealNeedle:ReiMu"],"picked":"SKIP","floor":45},{"not_picked":["MikOfLucky:ReiMu","NonDirectionalLaser+1","ChargeUpSpray"],"picked":"Enchanting:ReiMu+1","floor":48},{"not_picked":["REME_BattleFury","Magnetism","Panache"],"picked":"Violence","floor":54},{"not_picked":["conspire:Banana","Flash of Steel","Enlightenment"],"picked":"Mayhem","floor":54},{"not_picked":["Deep Breath","Swift Strike","REME_MagicPocketWatch"],"picked":"REME_BattleFury","floor":54},{"not_picked":["SubAcupoint:ReiMu","PowerUp+1","LuminesStrike"],"picked":"MikOfLucky:ReiMu+1","floor":55}],"player_experience":224874,"relics_obtained":[{"floor":1.0,"key":"LetterFromLob"},{"floor":6.0,"key":"Replay:Mystery Machine"},{"floor":9.0,"key":"Ginger"},{"floor":13.0,"key":"FossilizedHelix"},{"floor":23,"key":"ReplayTheSpireMod:Lightbulb"},{"floor":26,"key":"Blue Doll"},{"floor":30,"key":"RuthlessExorcism:ReiMu"},{"floor":40,"key":"Meat on the Bone"},{"floor":41,"key":"reliquary:WeakTea"},{"floor":48,"key":"Potion Belt"},{"floor":55,"key":"Centennial Puzzle"}],"event_choices":[{"damage_healed":0.0,"max_hp_gain":0.0,"max_hp_loss":0.0,"gold_gain":218.0,"event_name":"betterSkull:BetterSkull","player_choice":"GO RE GO ","floor":5.0,"gold_loss":0.0,"damage_taken":31.0,"cards_upgraded":[],"relics_obtained":["Pen Nib"]},{"damage_healed":0.0,"max_hp_gain":0.0,"max_hp_loss":0.0,"gold_gain":0.0,"event_name":"betterMatch:BetterMatch","player_choice":"2","floor":11.0,"gold_loss":0.0,"damage_taken":0.0,"cards_obtained":["betterMatch:RareCard","betterMatch:UncommonCard"]},{"damage_healed":0,"gold_gain":0,"player_choice":"RE ","damage_taken":17,"relics_obtained":["reliquary:PorcupineQuills"],"max_hp_gain":0,"max_hp_loss":0,"event_name":"betterSkull:BetterSkull","floor":42,"gold_loss":0,"cards_upgraded":[]}],"is_beta":false,"boss_relics":[{"not_picked":["Ectoplasm","Calling Bell"],"picked":"Abe\u0027s Treasure"},{"not_picked":["aspiration:SecretTechniqueScroll","aspiration:RitualDagger"],"picked":"aspiration:MarisaSkillbook"}],"items_purged_floors":[],"is_endless":false,"potions_floor_spawned":[1,10,18,19,30,36,41],"ascension_level":1}}