{"host":"ko40t1o51xotjt2v","time":1612523324,"event":{"mods":["2.2 Compatiblity","AchievementEnabler","Aspiration","BaseMod","Better Match","Better Third Choice","Better Vampires","Conspire","Downfall","Energized Spire","GifTheSpireLib","Halation","Hubris","Jedi Mod","Minty Spire (QoL Compilation)","MostiFishMod","Reliquary","Spicy Shops","Spikes Relics","StSLib","Stuff the Spire","TestMod","??????REMEMod"],"gold_per_floor":[99,99,499,499,499,499,523,523,556,574,574,606,606,620,631,631,631,631],"floor_reached":16,"language":"SPA","playtime":893,"items_purged":[],"score":111,"play_id":"cbea758b-0453-4d9e-ac27-151608a5ad8a","local_time":"20210205120844","is_ascension_mode":true,"campfire_choices":[{"data":"hexamod:EmpoweredFlame","floor":1,"key":"SMITH"},{"data":"downfall:Malfunctioning","floor":11,"key":"SMITH"},{"data":"Regret","floor":13,"key":"SMITH"}],"circlet_count":0,"master_deck":["hexamod:Strike+1","hexamod:Strike+1","hexamod:Strike+1","hexamod:Strike+1","hexamod:Defend","hexamod:Defend","hexamod:Defend","hexamod:Defend","hexamod:Sear+1","hexamod:Float","hexamod:EmpoweredFlame+1","hexamod:SuperheatedStrike","hexamod:EmpoweredFlame","hexamod:SearingWound","hexamod:ThermalTransfer","hexamod:NightmareGuise","hexamod:EtherealExpedition","hexamod:ThermalTransfer"],"relics":["hexamod:SpiritBrand","testmod-TestBox","REME_ComplimentaryCards","downfall:HeartsMalice","Lantern","Nunchaku","halation:PrussianBluePaint","BlackRope"],"acts_visited":["Exordium"],"potions_floor_usage":[10,12,14,16],"damage_taken":[{"damage":0,"enemies":"Small Slimes","floor":2,"turns":1},{"damage":0,"enemies":"Jaw Worm","floor":5,"turns":1},{"damage":0,"enemies":"2 Louse","floor":6,"turns":1},{"damage":21,"enemies":"3 Sentries","floor":9,"turns":8},{"damage":16,"enemies":"Exordium Wildlife","floor":10,"turns":5},{"damage":26,"enemies":"Lagavulin","floor":12,"turns":6},{"damage":0,"enemies":"Lots of Slimes","floor":14,"turns":5},{"damage":5,"enemies":"Large Slime","floor":15,"turns":5},{"damage":17,"enemies":"DF_ARCHETYPE_STREAMLINE","floor":16,"turns":4}],"seed_played":"-5373291844550244075","potions_obtained":[{"floor":9,"key":"Weak Potion"},{"floor":10,"key":"hexamod:EctoCoolerPotion"},{"floor":12,"key":"Regen Potion"},{"floor":15,"key":"champ:CounterPotion"}],"is_trial":false,"path_per_floor":["R","M","?","?","M","M","T","?","E","M","R","E","R","M","M","B"],"character_chosen":"THE_SPIRIT","items_purchased":[],"campfire_rested":0,"item_purchase_floors":[],"current_hp_per_floor":[70,70,70,70,70,70,70,70,49,33,33,7,7,21,16,0,0,0],"gold":631,"neow_bonus":"THREE_ENEMY_KILL","is_daily":false,"chose_seed":false,"campfire_upgraded":3,"win_rate":0.0,"timestamp":1612523324,"path_taken":["R","M","?","?","M","?","T","?","E","M","R","E","R","M","M","BOSS"],"items_purchased_type":[],"build_version":"2020-12-22","purchased_purges":0,"victory":false,"max_hp_per_floor":[70,70,70,70,70,70,70,70,70,70,70,70,70,70,70,70,70,70],"card_choices":[{"not_picked":["hexamod:ThermalTransfer","hexamod:StepThrough"],"picked":"hexamod:SuperheatedStrike","floor":2},{"not_picked":["hexamod:InspiringFlames","hexamod:SwordOfDarkness","hexamod:GhostShield"],"picked":"SKIP","floor":5},{"not_picked":["hexamod:Hexaguard","hexamod:NecessarySacrifice"],"picked":"hexamod:EmpoweredFlame","floor":6},{"not_picked":["hexamod:ThirdSeal","hexamod:BacktrackSmack"],"picked":"hexamod:SearingWound","floor":9},{"not_picked":["hexamod:RainOfEmbers","hexamod:RetreatToShadows"],"picked":"hexamod:ThermalTransfer","floor":10},{"not_picked":["hexamod:GhostLash","hexamod:ChargedBarrage"],"picked":"hexamod:NightmareGuise","floor":12},{"not_picked":["hexamod:GhostLash","hexamod:Hexaguard"],"picked":"hexamod:EtherealExpedition","floor":14},{"not_picked":["hexamod:HauntingEcho","hexamod:PowerFromBeyond"],"picked":"hexamod:ThermalTransfer","floor":15}],"player_experience":491320,"relics_obtained":[{"floor":7,"key":"Lantern"},{"floor":9,"key":"halation:PrussianBluePaint"},{"floor":12,"key":"BlackRope"}],"event_choices":[{"damage_healed":0,"gold_gain":400,"player_choice":"Sell","damage_taken":0,"max_hp_gain":0,"max_hp_loss":0,"event_name":"Plate Of N\u0027loth","floor":3,"relics_lost":["DaveBox"],"gold_loss":0},{"damage_healed":0,"gold_gain":0,"player_choice":"Box","damage_taken":0,"relics_obtained":["Nunchaku"],"max_hp_gain":0,"max_hp_loss":0,"event_name":"Big Fish","floor":8,"gold_loss":0,"cards_obtained":["Regret"]}],"is_beta":false,"boss_relics":[],"items_purged_floors":[],"is_endless":false,"potions_floor_spawned":[9,10,12,15],"killed_by":"DF_ARCHETYPE_STREAMLINE","ascension_level":1}}