{"host":"928gv66myv2vlnsd","time":1612495613,"event":{"mods":["BaseMod","Highlight Path","Minty Spire (QoL Compilation)","StSLib"],"gold_per_floor":[119,119,138,41,59,59,90,101,101,101,101],"floor_reached":10,"language":"ENG","playtime":243,"items_purged":[],"score":105,"play_id":"804f0c05-ef37-4bf6-9b99-c49e61c3fd04","local_time":"20210204222653","is_ascension_mode":true,"campfire_choices":[{"data":"Sunder","floor":6,"key":"SMITH"}],"circlet_count":0,"master_deck":["AscendersBane","Strike_B","Strike_B","Strike_B","Strike_B","Defend_B","Defend_B","Defend_B","Defend_B","Zap","Dualcast","Skim","Sunder+1","Turbo","Defragment","Electrodynamics","Conserve Battery"],"relics":["Cracked Core","NeowsBlessing","Letter Opener","Toy Ornithopter","Meat on the Bone"],"acts_visited":["Exordium"],"potions_floor_usage":[8],"damage_taken":[{"damage":0,"enemies":"Small Slimes","floor":1,"turns":1},{"damage":0,"enemies":"Jaw Worm","floor":3,"turns":1},{"damage":0,"enemies":"Cultist","floor":5,"turns":1},{"damage":42,"enemies":"Lagavulin","floor":7,"turns":6},{"damage":4,"enemies":"Looter","floor":8,"turns":3},{"damage":8,"enemies":"3 Sentries","floor":10,"turns":2}],"seed_played":"-8011995654692959051","potions_obtained":[{"floor":5,"key":"Dexterity Potion"}],"is_trial":false,"path_per_floor":["M","?","M","$","M","R","E","M","T","E"],"character_chosen":"DEFECT","items_purchased":["Sunder","Turbo"],"campfire_rested":0,"item_purchase_floors":[4,4],"current_hp_per_floor":[68,43,43,43,43,43,1,2,2,0,0],"gold":101,"neow_bonus":"THREE_ENEMY_KILL","is_daily":false,"chose_seed":false,"campfire_upgraded":1,"win_rate":0.0,"timestamp":1612495613,"path_taken":["M","?","M","$","M","R","E","M","T","E"],"items_purchased_type":["Card","Card"],"build_version":"2020-12-22","purchased_purges":0,"victory":false,"max_hp_per_floor":[75,75,75,75,75,75,75,75,75,75,75],"card_choices":[{"not_picked":["Stack","Hello World","BootSequence"],"picked":"SKIP","floor":1},{"not_picked":["Steam","Beam Cell"],"picked":"Skim","floor":3},{"not_picked":["Blizzard","Turbo"],"picked":"Defragment","floor":5},{"not_picked":["Sweeping Beam","Reprogram"],"picked":"Electrodynamics","floor":7},{"not_picked":["Stack","Go for the Eyes"],"picked":"Conserve Battery","floor":8}],"player_experience":1463771,"relics_obtained":[{"floor":7,"key":"Toy Ornithopter"},{"floor":9,"key":"Meat on the Bone"}],"event_choices":[{"damage_healed":0,"gold_gain":0,"player_choice":"Success","damage_taken":25,"relics_obtained":["Letter Opener"],"max_hp_gain":0,"max_hp_loss":0,"event_name":"Scrap Ooze","floor":2,"gold_loss":0}],"is_beta":false,"boss_relics":[],"items_purged_floors":[],"is_endless":false,"potions_floor_spawned":[5],"killed_by":"3 Sentries","ascension_level":11}}