{"host":"36t3qd3wjvajtu1z","time":1612491407,"event":{"mods":["AchievementEnabler","BaseMod","Block Reminder","Colored Powertips","Minty Spire (QoL Compilation)","Permanent Neow","Quick Restart","Random Character Button","Rare Cards Sparkle","Relic Stats","Slay-I","StSLib"],"gold_per_floor":[362,374,374,118,136,136,172,172,244,244,244,244,285,47,47,176,176,200,200,218,19,44,67,67,67,67],"floor_reached":25,"language":"ENG","playtime":692,"items_purged":["Strike_R"],"score":209,"play_id":"a3153da9-d36b-4194-b839-72bec202ee64","local_time":"20210204181647","is_ascension_mode":false,"campfire_choices":[{"data":"Bash","floor":6,"key":"SMITH"},{"floor":8,"key":"REST"},{"data":"Rage","floor":11,"key":"SMITH"},{"data":"Apotheosis","floor":15,"key":"SMITH"},{"floor":24,"key":"REST"}],"circlet_count":0,"master_deck":["Strike_R","Strike_R","Strike_R","Defend_R","Defend_R","Defend_R","Bash+1","Wild Strike","Rage+1","Anger","Wild Strike","Rage","Fiend Fire","Apotheosis+1","Berserk","Flex","True Grit","Shrug It Off","Uppercut"],"relics":["Burning Blood","Golden Idol","Gremlin Horn","Omamori","Mummified Hand","Ice Cream","Calling Bell","Potion Belt","White Beast Statue","CaptainsWheel","Ancient Tea Set"],"acts_visited":["Exordium","TheCity"],"potions_floor_usage":[18,25,25,25],"damage_taken":[{"damage":7,"enemies":"2 Louse","floor":1,"turns":3},{"damage":8,"enemies":"Jaw Worm","floor":2,"turns":4},{"damage":2,"enemies":"Small Slimes","floor":5,"turns":5},{"damage":38,"enemies":"Lagavulin","floor":7,"turns":6},{"damage":17,"enemies":"3 Sentries","floor":13,"turns":8},{"damage":11,"enemies":"Slime Boss","floor":16,"turns":5},{"damage":11,"enemies":"3 Byrds","floor":18,"turns":6},{"damage":10,"enemies":"Shell Parasite","floor":20,"turns":4},{"damage":36,"enemies":"Sentry and Sphere","floor":22,"turns":7},{"damage":23,"enemies":"3 Cultists","floor":23,"turns":7},{"damage":70,"enemies":"Gremlin Leader","floor":25,"turns":4}],"seed_played":"7849679025738531174","potions_obtained":[{"floor":1,"key":"LiquidMemories"},{"floor":13,"key":"ElixirPotion"},{"floor":16,"key":"BlessingOfTheForge"},{"floor":18,"key":"Swift Potion"},{"floor":20,"key":"Weak Potion"},{"floor":22,"key":"FairyPotion"}],"is_trial":false,"path_per_floor":["M","M","?","$","M","R","E","R","T","?","R","?","E","$","R","B",null,"M","?","M","$","M","M","R","E"],"character_chosen":"IRONCLAD","items_purchased":["Gremlin Horn","Apotheosis","Ancient Tea Set","Shrug It Off"],"campfire_rested":2,"item_purchase_floors":[4,14,21,21],"current_hp_per_floor":[55,53,53,53,57,57,25,47,47,47,47,40,29,29,29,24,74,69,69,65,65,35,18,40,0,0],"gold":67,"neow_bonus":"TWO_FIFTY_GOLD","is_daily":false,"chose_seed":false,"campfire_upgraded":3,"win_rate":0.0,"timestamp":1612491407,"path_taken":["M","M","?","?","M","R","E","R","T","?","R","?","E","$","R","BOSS","M","?","M","$","M","M","R","E"],"items_purchased_type":["Relic","Card","Relic","Card"],"build_version":"2020-12-22","purchased_purges":1,"victory":false,"max_hp_per_floor":[80,80,74,74,74,74,74,74,74,74,74,74,74,74,74,74,74,74,74,74,74,74,74,74,74,74],"relic_stats":{"Gremlin Horn":[9,9],"counters":[11,59],"Golden Idol":64,"Mummified Hand":[1],"obtain_stats":[{"Ice Cream":13,"Calling Bell":17,"Potion Belt":17,"CaptainsWheel":17,"Gremlin Horn":4,"Golden Idol":3,"Mummified Hand":9,"Omamori":7,"Ancient Tea Set":21,"Burning Blood":0,"White Beast Statue":17},{"Ice Cream":5,"Calling Bell":6,"Potion Belt":6,"CaptainsWheel":6,"Gremlin Horn":2,"Golden Idol":2,"Mummified Hand":4,"Omamori":4,"Ancient Tea Set":8,"Burning Blood":0,"White Beast Statue":6},{"Ice Cream":26,"Calling Bell":31,"Potion Belt":31,"CaptainsWheel":31,"Gremlin Horn":7,"Golden Idol":7,"Mummified Hand":18,"Omamori":18,"Ancient Tea Set":41,"Burning Blood":0,"White Beast Statue":31}],"Burning Blood":60},"card_choices":[{"not_picked":["Second Wind","Clash"],"picked":"Wild Strike","floor":1},{"not_picked":["Clothesline","Pommel Strike"],"picked":"Rage","floor":2},{"not_picked":["Sentinel","Bloodletting"],"picked":"Anger","floor":5},{"not_picked":["Iron Wave","Barricade"],"picked":"Wild Strike","floor":7},{"not_picked":["True Grit","Anger"],"picked":"Fiend Fire","floor":13},{"not_picked":["Feed","Reaper"],"picked":"Berserk","floor":16},{"not_picked":["Anger","Heavy Blade"],"picked":"Flex","floor":18},{"not_picked":["Reckless Charge","Inflame"],"picked":"True Grit","floor":20},{"not_picked":["Pommel Strike","Headbutt+1"],"picked":"Uppercut","floor":22},{"not_picked":["Uppercut","Headbutt","Flex+1"],"picked":"SKIP","floor":23}],"player_experience":393175,"relics_obtained":[{"floor":7,"key":"Omamori"},{"floor":9,"key":"Mummified Hand"},{"floor":13,"key":"Ice Cream"},{"floor":17,"key":"Potion Belt"},{"floor":17,"key":"White Beast Statue"},{"floor":17,"key":"CaptainsWheel"}],"event_choices":[{"damage_healed":0,"gold_gain":0,"player_choice":"Lose Max HP","damage_taken":0,"relics_obtained":["Golden Idol"],"max_hp_gain":0,"max_hp_loss":6,"event_name":"Golden Idol","floor":3,"gold_loss":0},{"damage_healed":0,"gold_gain":0,"cards_transformed":["Strike_R"],"player_choice":"Change","damage_taken":0,"max_hp_gain":0,"max_hp_loss":0,"event_name":"Living Wall","floor":10,"gold_loss":0,"cards_obtained":["Rage"]},{"cards_removed":["Defend_R"],"damage_healed":0,"gold_gain":0,"player_choice":"Card Removal","damage_taken":7,"max_hp_gain":0,"max_hp_loss":0,"event_name":"Golden Wing","floor":12,"gold_loss":0},{"damage_healed":0,"gold_gain":0,"player_choice":"Ignored","damage_taken":0,"max_hp_gain":0,"max_hp_loss":0,"event_name":"Ghosts","floor":19,"gold_loss":0}],"is_beta":false,"boss_relics":[{"not_picked":["SacredBark","Tiny House"],"picked":"Calling Bell"}],"items_purged_floors":[14],"is_endless":false,"potions_floor_spawned":[1,13,16,18,20,22,23],"killed_by":"Gremlin Leader","ascension_level":0}}