{"host":"sh8ot41fo7a0kahq","time":1612529726,"event":{"mods":["ATMod(°¢èªMod)","BaseMod","Better Third Choice","Colored Powertips","Displayed Cursed Tome","Minty Spire (QoL Compilation)","Quick Restart","Spicy Shops","StSLib","UnlockEverythingMod","¡¾ÒÅÎï¿¨ÅÆ¡¿REMEMod"],"gold_per_floor":[118,136,136,411,431,431,463,463,508,525,136,169,284,390,390,517,517,558,217,277,337,372,372,422,484,484,484,573,642,642,642,642,821,821,858,858,1001,1111,1111,1170,392,392,467,512,362,490,532,668,668,718,718,718,96,180,205],"floor_reached":56,"language":"ZHS","playtime":1573,"items_purged":["Regret","Strike_R","Strike_R","Strike_R","Strike_R"],"score":1766,"play_id":"f6cc1259-2d97-46d8-b7a1-467b5b689398","local_time":"20210205205526","is_ascension_mode":true,"campfire_choices":[{"data":"Whirlwind","floor":6.0,"key":"SMITH"},{"data":"AT_Desolate","floor":8.0,"key":"SMITH"},{"data":"Apotheosis","floor":15.0,"key":"SMITH"},{"data":"Berserk","floor":23.0,"key":"SMITH"},{"data":"Pommel Strike","floor":27.0,"key":"SMITH"},{"floor":32.0,"key":"REST"},{"floor":42.0,"key":"RECALL"},{"floor":49,"key":"REST"},{"floor":52,"key":"REST"}],"circlet_count":0,"master_deck":["Strike_R","Defend_R","Defend_R","Defend_R","Defend_R","Bash","Evaluate","AT_Desolate+1","Whirlwind+1","REME_Scribble","Burning Pact","Impervious","Apotheosis+1","Disarm","Shockwave","AT_Dispersion","Sword Boomerang+1","Berserk+1","Shrug It Off","Pommel Strike+1","Inflame","Inflame","REME_SingleHolding+1","REME_Scribble"],"relics":["Burning Blood","AT_ATBox","REME_ComplimentaryCards","NeowsBlessing","Bag of Marbles","PreservedInsect","Medical Kit","AT_MibuBalloonWealth","Shuriken","Meat on the Bone","Bottled Lightning","MutagenicStrength","AT_TrinityForce","StoneCalendar","Chemical X","AT_EbonyIvory","Champion Belt","Toxic Egg 2","AT_BellowingDragoncrestRing","Gambling Chip","Brimstone","Bottled Flame"],"acts_visited":["Exordium","TheCity","TheBeyond","TheEnding"],"potions_floor_usage":[55,55,55,55,55],"damage_taken":[{"damage":0.0,"enemies":"Cultist","floor":1.0,"turns":1.0},{"damage":0.0,"enemies":"Jaw Worm","floor":2.0,"turns":1.0},{"damage":2.0,"enemies":"Small Slimes","floor":5.0,"turns":1.0},{"damage":33.0,"enemies":"Gremlin Nob","floor":7.0,"turns":4.0},{"damage":3.0,"enemies":"Looter","floor":10.0,"turns":4.0},{"damage":19.0,"enemies":"Lagavulin","floor":12.0,"turns":6.0},{"damage":10.0,"enemies":"Gremlin Gang","floor":13.0,"turns":3.0},{"damage":22.0,"enemies":"3 Sentries","floor":14.0,"turns":4.0},{"damage":39.0,"enemies":"The Guardian","floor":16.0,"turns":9.0},{"damage":21.0,"enemies":"Chosen","floor":18.0,"turns":5.0},{"damage":0.0,"enemies":"2 Thieves","floor":20.0,"turns":1.0},{"damage":14.0,"enemies":"Centurion and Healer","floor":21.0,"turns":7.0},{"damage":22.0,"enemies":"Snake Plant","floor":22.0,"turns":5.0},{"damage":7.0,"enemies":"REME_1_Revenger","floor":24.0,"turns":4.0},{"damage":30.0,"enemies":"Chosen and Byrds","floor":25.0,"turns":7.0},{"damage":32.0,"enemies":"3 Cultists","floor":28.0,"turns":5.0},{"damage":26.0,"enemies":"Centurion and Healer","floor":29.0,"turns":7.0},{"damage":57.0,"enemies":"Collector","floor":33.0,"turns":8.0},{"damage":0.0,"enemies":"Orb Walker","floor":35.0,"turns":1.0},{"damage":25.0,"enemies":"3 Darklings","floor":37.0,"turns":4.0},{"damage":19.0,"enemies":"4 Shapes","floor":38.0,"turns":3.0},{"damage":3.0,"enemies":"Nemesis","floor":40.0,"turns":3.0},{"damage":33.0,"enemies":"Maw","floor":44.0,"turns":5.0},{"damage":28,"enemies":"Reptomancer","floor":46,"turns":3},{"damage":56,"enemies":"Transient","floor":47,"turns":5},{"damage":21,"enemies":"3 Darklings","floor":48,"turns":2},{"damage":104,"enemies":"Donu and Deca","floor":50,"turns":6},{"damage":2,"enemies":"Shield and Spear","floor":54,"turns":1},{"damage":142,"enemies":"The Heart","floor":55,"turns":7}],"seed_played":"703225203268008990","potions_obtained":[{"floor":1.0,"key":"Weak Potion"},{"floor":2.0,"key":"ElixirPotion"},{"floor":5.0,"key":"AttackPotion"},{"floor":20.0,"key":"FearPotion"},{"floor":28.0,"key":"Energy Potion"},{"floor":29.0,"key":"PowerPotion"},{"floor":38.0,"key":"EntropicBrew"},{"floor":40.0,"key":"FairyPotion"},{"floor":54,"key":"DuplicationPotion"}],"is_trial":false,"path_per_floor":["M","M","?","?","M","R","E","R","T","M","$","E","M","E","R","B",null,"M","$","M","M","M","R","E","M","T","R","M","M","?","?","R","B",null,"M","?","M","M","?","E","$","R","T","M","$","E","M","M","R","B",null,"R","$","E","B",null],"character_chosen":"IRONCLAD","items_purchased":["Medical Kit","Apotheosis","Meat on the Bone","Chemical X","AT_EbonyIvory","REME_Scribble","Champion Belt","Gambling Chip","Brimstone"],"campfire_rested":3,"item_purchase_floors":[11,11,19,41,41,41,41,53,53],"current_hp_per_floor":[78,80,85,85,87,87,62,62,62,67,67,57,56,42,42,11,79,67,67,73,68,67,67,69,60,60,60,49,44,44,44,80,44,105,111,111,95,85,85,88,88,88,88,79,79,72,40,43,88,65,135,158,158,160,42],"gold":205,"neow_bonus":"THREE_ENEMY_KILL","is_daily":false,"chose_seed":false,"campfire_upgraded":5,"win_rate":0.0,"timestamp":1612529726,"path_taken":["M","M","?","?","M","R","E","R","T","M","$","E","M","E","R","BOSS","M","$","?","M","M","R","E","M","T","R","M","M","?","?","R","BOSS","M","?","?","M","?","E","$","R","T","M","$","E","M","M","R","BOSS","R","$","E","BOSS"],"items_purchased_type":["Relic","Card","Relic","Relic","Relic","Card","Relic","Relic","Relic"],"build_version":"2020-12-22","purchased_purges":5,"victory":true,"max_hp_per_floor":[80,80,85,85,87,87,89,89,89,91,91,94,97,99,99,101,101,104,104,104,107,110,110,113,116,116,116,119,122,122,122,122,125,125,125,125,128,131,131,131,131,131,131,137,137,140,146,152,152,158,158,158,158,160,166],"card_choices":[{"not_picked":["Armaments","Anger"],"picked":"Whirlwind","floor":1.0},{"not_picked":["Clothesline","Feel No Pain"],"picked":"REME_Scribble","floor":2.0},{"not_picked":["Cleave","Perfected Strike"],"picked":"Burning Pact","floor":5.0},{"not_picked":["Heavy Blade","Pommel Strike"],"picked":"Impervious","floor":7.0},{"not_picked":["REME_Cut","Havoc","Clothesline"],"picked":"SKIP","floor":10.0},{"not_picked":["Burning Pact","Clothesline","Disarm"],"picked":"SKIP","floor":12.0},{"not_picked":["Burning Pact","Clothesline"],"picked":"Disarm","floor":12.0},{"not_picked":["Flex","Perfected Strike","Shockwave"],"picked":"SKIP","floor":13.0},{"not_picked":["Flex","Perfected Strike"],"picked":"Shockwave","floor":13.0},{"not_picked":["Headbutt","AT_GerminateFire","Sever Soul"],"picked":"SKIP","floor":14.0},{"not_picked":["Fiend Fire","Juggernaut"],"picked":"AT_Dispersion","floor":16.0},{"not_picked":["Power Through","Twin Strike"],"picked":"Sword Boomerang","floor":18.0},{"not_picked":["Iron Wave","Thunderclap"],"picked":"Berserk","floor":20.0},{"not_picked":["Searing Blow","Clothesline"],"picked":"Shrug It Off","floor":21.0},{"not_picked":["Thunderclap","Pummel"],"picked":"Pommel Strike","floor":22.0},{"not_picked":["Reaper","Ghostly Armor","AT_Dispersion"],"picked":"SKIP","floor":24.0},{"not_picked":["Rupture","AT_ManFootWork"],"picked":"Inflame","floor":25.0},{"not_picked":["Ghostly Armor+1","Thunderclap"],"picked":"Inflame","floor":28.0},{"not_picked":["Clash","Flex","Warcry"],"picked":"SKIP","floor":29.0},{"not_picked":["Shrug It Off+1","Anger+1","Clothesline+1"],"picked":"SKIP","floor":35.0},{"not_picked":["Perfected Strike+1","Havoc+1","Warcry"],"picked":"SKIP","floor":37.0},{"not_picked":["Sentinel","Thunderclap+1"],"picked":"REME_SingleHolding+1","floor":38.0},{"not_picked":["Cleave","Twin Strike+1","Intimidate+1"],"picked":"SKIP","floor":40.0},{"not_picked":["Ghostly Armor+1","AT_DiedThrough+1","Havoc+1"],"picked":"SKIP","floor":44.0},{"not_picked":["Perfected Strike+1","Flex+1","Bloodletting+1"],"picked":"SKIP","floor":46},{"not_picked":["Bloodletting+1","Wild Strike","Armaments+1"],"picked":"SKIP","floor":47},{"not_picked":["Wild Strike","Evolve+1","REME_FearOfPain+1"],"picked":"SKIP","floor":48},{"not_picked":["Iron Wave","Spot Weakness+1","Clash+1"],"picked":"SKIP","floor":54}],"player_experience":334592,"relics_obtained":[{"floor":7.0,"key":"Bag of Marbles"},{"floor":9.0,"key":"PreservedInsect"},{"floor":12.0,"key":"AT_MibuBalloonWealth"},{"floor":14.0,"key":"Shuriken"},{"floor":24.0,"key":"Bottled Lightning"},{"floor":40.0,"key":"StoneCalendar"},{"floor":43.0,"key":"Toxic Egg 2"},{"floor":46,"key":"AT_BellowingDragoncrestRing"},{"floor":54,"key":"Bottled Flame"}],"event_choices":[{"damage_healed":0.0,"max_hp_gain":5.0,"max_hp_loss":0.0,"gold_gain":0.0,"event_name":"Big Fish","player_choice":"Donut","floor":3.0,"gold_loss":0.0,"damage_taken":0.0},{"damage_healed":0.0,"max_hp_gain":0.0,"max_hp_loss":0.0,"gold_gain":275.0,"event_name":"Golden Shrine","player_choice":"Desecrate","floor":4.0,"gold_loss":0.0,"damage_taken":0.0,"cards_obtained":["Regret"]},{"damage_healed":0.0,"max_hp_gain":0.0,"max_hp_loss":0.0,"gold_gain":0.0,"event_name":"Vampires","player_choice":"Ignored","floor":30.0,"gold_loss":0.0,"damage_taken":0.0},{"damage_healed":0.0,"max_hp_gain":0.0,"max_hp_loss":0.0,"gold_gain":0.0,"event_name":"Drug Dealer","player_choice":"Inject Mutagens","floor":31.0,"gold_loss":0.0,"damage_taken":0.0,"relics_obtained":["MutagenicStrength"]},{"damage_healed":0.0,"max_hp_gain":0.0,"max_hp_loss":0.0,"gold_gain":0.0,"event_name":"Accursed Blacksmith","player_choice":"Forge","floor":36.0,"gold_loss":0.0,"damage_taken":0.0,"cards_upgraded":["Sword Boomerang"]},{"damage_healed":0.0,"max_hp_gain":0.0,"max_hp_loss":0.0,"gold_gain":0.0,"event_name":"Tomb of Lord Red Mask","player_choice":"Ignored","floor":39.0,"gold_loss":0.0,"damage_taken":0.0}],"is_beta":false,"boss_relics":[{"not_picked":["Snecko Eye","Velvet Choker","Coffee Dripper"]},{"not_picked":["Mark of Pain","SacredBark"],"picked":"AT_TrinityForce"}],"items_purged_floors":[11,19,41,45,53],"is_endless":false,"potions_floor_spawned":[1,2,5,13,14,20,28,29,33,38,40,44,46,54],"ascension_level":8}}