{"host":"1q02rw1wpi0nrsss","time":1612513014,"event":{"mods":["AchievementEnabler","BaseMod","Better Note","Custom Start","Dark Map","DeckTracker","Disable Question Mark Monsters","Hermit","Minty Spire (QoL Compilation)","Permanent Neow","Quick Restart","Rare Cards Sparkle","Relic Stats","StSLib","??????REMEMod"],"gold_per_floor":[109,120,135,146,65,65,94,94,94,94,111,139,64,76,76,171,171,182,182,182,38,38,38,65,99,126,182,257,279,279,303,303,416,416,431,447,464,483,483,483,538,538,538,32,32,61,114,134,134,140,140,140,11,45,69],"floor_reached":56,"language":"ENG","playtime":1960,"items_purged":["Strike_R","Strike_R+1"],"score":1373,"play_id":"76a277f7-9818-44a9-b1e0-7e848edda0bc","local_time":"20210205001654","is_ascension_mode":true,"campfire_choices":[{"data":"Searing Blow","floor":6.0,"key":"SMITH"},{"data":"Searing Blow+1","floor":8.0,"key":"SMITH"},{"data":"Searing Blow+2","floor":10.0,"key":"SMITH"},{"data":"Searing Blow+3","floor":15.0,"key":"SMITH"},{"data":"Searing Blow+5","floor":23.0,"key":"SMITH"},{"data":"Searing Blow+6","floor":30.0,"key":"SMITH"},{"data":"Searing Blow+7","floor":32.0,"key":"SMITH"},{"data":"Searing Blow+8","floor":40.0,"key":"SMITH"},{"data":"Searing Blow+9","floor":42.0,"key":"SMITH"},{"data":"Searing Blow+10","floor":45.0,"key":"SMITH"},{"floor":49.0,"key":"RECALL"},{"data":"Searing Blow+11","floor":52.0,"key":"SMITH"}],"circlet_count":0,"master_deck":["Strike_R+1","Strike_R+1","Strike_R+1","Defend_R+1","Defend_R+1","Defend_R+1","Defend_R+1","Unload+1","Shockwave","Shrug It Off","Searing Blow+12","Dark Shackles","Rage","REME_ACTH+1","Headbutt","Double Tap+1","Uppercut+1","REME_Cut+1","Exhume","Shrug It Off+1","Disarm+1","Evolve+1"],"relics":["Burning Blood","REME_ComplimentaryCards","Kunai","Question Card","Blue Candle","Black Star","Whetstone","Matryoshka","MealTicket","REME_ArchaeologicalTools","Letter Opener","Pen Nib","Potion Belt","Bag of Marbles","Coffee Dripper","Gambling Chip","Bronze Scales","Bottled Tornado","Orichalcum","Champion Belt","Bag of Preparation","Prayer Wheel","War Paint","Anchor"],"acts_visited":["Exordium","TheCity","TheBeyond","TheEnding"],"potions_floor_usage":[55,55,55,55],"damage_taken":[{"damage":0.0,"enemies":"Small Slimes","floor":1.0,"turns":2.0},{"damage":7.0,"enemies":"Jaw Worm","floor":2.0,"turns":3.0},{"damage":8.0,"enemies":"2 Louse","floor":3.0,"turns":2.0},{"damage":5.0,"enemies":"Red Slaver","floor":4.0,"turns":4.0},{"damage":14.0,"enemies":"Lagavulin","floor":7.0,"turns":4.0},{"damage":17.0,"enemies":"Gremlin Gang","floor":11.0,"turns":5.0},{"damage":10.0,"enemies":"Gremlin Nob","floor":12.0,"turns":3.0},{"damage":14.0,"enemies":"3 Louse","floor":14.0,"turns":3.0},{"damage":10.0,"enemies":"Slime Boss","floor":16.0,"turns":10.0},{"damage":5.0,"enemies":"Shell Parasite","floor":18.0,"turns":5.0},{"damage":0.0,"enemies":"Gremlin Leader","floor":24.0,"turns":5.0},{"damage":0.0,"enemies":"2 Thieves","floor":25.0,"turns":2.0},{"damage":6.0,"enemies":"REME_1_Revenger","floor":27.0,"turns":3.0},{"damage":0.0,"enemies":"Cultist and Chosen","floor":29.0,"turns":3.0},{"damage":2.0,"enemies":"Snake Plant","floor":31.0,"turns":3.0},{"damage":10.0,"enemies":"Collector","floor":33.0,"turns":7.0},{"damage":0.0,"enemies":"Orb Walker","floor":35.0,"turns":2.0},{"damage":3.0,"enemies":"3 Darklings","floor":36.0,"turns":3.0},{"damage":8.0,"enemies":"Sphere and 2 Shapes","floor":37.0,"turns":3.0},{"damage":0.0,"enemies":"Writhing Mass","floor":38.0,"turns":1.0},{"damage":27.0,"enemies":"2 Orb Walkers","floor":41.0,"turns":4.0},{"damage":0.0,"enemies":"Reptomancer","floor":46.0,"turns":2.0},{"damage":0.0,"enemies":"Mind Bloom Boss Battle","floor":47.0,"turns":2.0},{"damage":0.0,"enemies":"Spire Growth","floor":48.0,"turns":1.0},{"damage":6.0,"enemies":"Time Eater","floor":50.0,"turns":2.0},{"damage":12.0,"enemies":"Shield and Spear","floor":54.0,"turns":4.0},{"damage":65,"enemies":"The Heart","floor":55,"turns":5}],"seed_played":"908864598239203981","potions_obtained":[{"floor":1.0,"key":"Swift Potion"},{"floor":3.0,"key":"FearPotion"},{"floor":4.0,"key":"BlessingOfTheForge"},{"floor":12.0,"key":"LiquidBronze"},{"floor":18.0,"key":"Explosive Potion"},{"floor":25.0,"key":"Energy Potion"},{"floor":31.0,"key":"Explosive Potion"},{"floor":33.0,"key":"Block Potion"},{"floor":37.0,"key":"Strength Potion"},{"floor":38.0,"key":"CultistPotion"},{"floor":47.0,"key":"PowerPotion"}],"is_trial":false,"path_per_floor":["M","M","M","M","$","R","E","R","T","R","M","E","$","M","R","B",null,"M","?","?","$","T","R","E","M","T","E","?","M","R","M","R","B",null,"M","M","M","M","?","R","?","R","T","$","R","E","?","M","R","B",null,"R","$","E","B",null],"character_chosen":"IRONCLAD","items_purchased":["Dark Shackles","Whetstone","Bottled Tornado","Orichalcum","DuplicationPotion","PowerPotion"],"campfire_rested":0,"item_purchase_floors":[5,21,44,44,53,53],"current_hp_per_floor":[80,79,77,78,78,78,70,70,70,70,59,55,55,47,47,43,80,80,65,65,65,65,65,71,77,77,77,69,75,75,79,79,75,85,85,85,83,85,85,85,64,64,64,79,79,85,85,85,85,85,85,85,85,79,20],"gold":69,"neow_bonus":"UPGRADE_CARD","is_daily":false,"chose_seed":false,"campfire_upgraded":11,"win_rate":0.0,"timestamp":1612513014,"path_taken":["M","M","M","M","$","R","E","R","T","R","M","E","$","M","R","BOSS","M","?","?","$","?","R","E","M","T","E","?","?","R","M","R","BOSS","M","M","M","?","?","R","?","R","T","$","R","E","?","M","R","BOSS","R","$","E","BOSS"],"items_purchased_type":["Card","Relic","Relic","Relic","Potion","Potion"],"build_version":"2020-12-22","purchased_purges":2,"victory":true,"max_hp_per_floor":[80,80,80,80,80,80,80,80,80,80,80,80,80,80,80,80,80,80,85,85,85,85,85,85,85,85,85,85,85,85,85,85,85,85,85,85,85,85,85,85,85,85,85,85,85,85,85,85,85,85,85,85,85,85,85],"relic_stats":{"counters":[27,93],"Blue Candle":[0],"Pen Nib":[8],"Bag of Preparation":[10],"Whetstone":["Bash","Searing Blow"],"Letter Opener":[190],"Orichalcum":[12],"War Paint":["REME_ACTH","Double Tap"],"Question Card":21,"Burning Blood":130,"Gambling Chip":[28],"Bronze Scales":[51],"MealTicket":15,"Prayer Wheel":1,"Black Star":4,"Kunai":[16],"Champion Belt":[7],"obtain_stats":[{"Potion Belt":27,"Blue Candle":12,"Pen Nib":26,"Bag of Preparation":46,"Whetstone":21,"Letter Opener":26,"Bottled Tornado":44,"Orichalcum":44,"War Paint":54,"Question Card":9,"Burning Blood":0,"Anchor":54,"Matryoshka":22,"Gambling Chip":41,"Bronze Scales":43,"MealTicket":24,"Prayer Wheel":47,"Black Star":17,"REME_ArchaeologicalTools":24,"Bag of Marbles":27,"Coffee Dripper":34,"Kunai":7,"Champion Belt":46,"REME_ComplimentaryCards":0},{"Potion Belt":13,"Blue Candle":7,"Pen Nib":12,"Bag of Preparation":22,"Whetstone":10,"Letter Opener":12,"Bottled Tornado":21,"Orichalcum":21,"War Paint":26,"Question Card":5,"Burning Blood":0,"Anchor":26,"Matryoshka":10,"Gambling Chip":21,"Bronze Scales":21,"MealTicket":11,"Prayer Wheel":23,"Black Star":9,"REME_ArchaeologicalTools":11,"Bag of Marbles":13,"Coffee Dripper":16,"Kunai":5,"Champion Belt":22,"REME_ComplimentaryCards":0},{"Potion Belt":51,"Blue Candle":23,"Pen Nib":48,"Bag of Preparation":79,"Whetstone":41,"Letter Opener":48,"Bottled Tornado":77,"Orichalcum":77,"War Paint":88,"Question Card":15,"Burning Blood":0,"Anchor":88,"Matryoshka":41,"Gambling Chip":77,"Bronze Scales":77,"MealTicket":46,"Prayer Wheel":81,"Black Star":36,"REME_ArchaeologicalTools":46,"Bag of Marbles":51,"Coffee Dripper":64,"Kunai":15,"Champion Belt":79,"REME_ComplimentaryCards":0}]},"card_choices":[{"not_picked":["Wild Strike","Pummel"],"picked":"Shockwave","floor":1.0},{"not_picked":["Pommel Strike","Intimidate"],"picked":"Shrug It Off","floor":2.0},{"not_picked":["Rupture","Pommel Strike","Heavy Blade"],"picked":"SKIP","floor":3.0},{"not_picked":["Armaments","REME_Scribble"],"picked":"Searing Blow","floor":4.0},{"not_picked":["Brutality","REME_Scribble","Havoc"],"picked":"SKIP","floor":7.0},{"not_picked":["Sever Soul","Body Slam","Hemokinesis"],"picked":"Rage","floor":11.0},{"not_picked":["Wild Strike","Sword Boomerang","Infernal Blade","Inflame"],"picked":"SKIP","floor":12.0},{"not_picked":["Heavy Blade","Clothesline","Shockwave","Warcry"],"picked":"SKIP","floor":14.0},{"not_picked":["Berserk","Brutality","Barricade"],"picked":"REME_ACTH","floor":16.0},{"not_picked":["Pommel Strike","Reckless Charge","Clash+1"],"picked":"Headbutt","floor":18.0},{"not_picked":["Searing Blow","Body Slam","Hemokinesis"],"picked":"Double Tap","floor":24.0},{"not_picked":["Dropkick","Clothesline","Flex"],"picked":"Uppercut+1","floor":25.0},{"not_picked":["Anger+1","Sword Boomerang","Bloodletting","Intimidate"],"picked":"SKIP","floor":27.0},{"not_picked":["Perfected Strike+1","REME_SingleHolding","Havoc","Thunderclap"],"picked":"SKIP","floor":29.0},{"not_picked":["Rage","Havoc","Body Slam+1"],"picked":"REME_Cut+1","floor":31.0},{"not_picked":["REME_TheLastStrike","Double Tap","Demon Form"],"picked":"Exhume","floor":33.0},{"not_picked":["Sword Boomerang+1","Searing Blow+1","Havoc+1","Evolve+1"],"picked":"SKIP","floor":35.0},{"not_picked":["Inflame+1","Dropkick","Pommel Strike+1","Flame Barrier"],"picked":"SKIP","floor":36.0},{"not_picked":["True Grit","Intimidate+1","Heavy Blade"],"picked":"Shrug It Off+1","floor":37.0},{"not_picked":["Twin Strike+1","REME_SingleHolding","Metallicize+1"],"picked":"Disarm+1","floor":38.0},{"not_picked":["Headbutt","Thunderclap+1","True Grit","Havoc+1"],"picked":"SKIP","floor":46.0},{"not_picked":["Immolate","True Grit","Armaments+1"],"picked":"Evolve+1","floor":48.0},{"not_picked":["Warcry+1","Infernal Blade","Hemokinesis","Headbutt"],"picked":"SKIP","floor":48.0},{"not_picked":["True Grit+1","Thunderclap+1","Blood for Blood","Rage"],"picked":"SKIP","floor":54.0}],"player_experience":79647,"relics_obtained":[{"floor":7.0,"key":"Kunai"},{"floor":9.0,"key":"Question Card"},{"floor":12.0,"key":"Blue Candle"},{"floor":22.0,"key":"Matryoshka"},{"floor":24.0,"key":"MealTicket"},{"floor":24.0,"key":"REME_ArchaeologicalTools"},{"floor":26.0,"key":"Letter Opener"},{"floor":26.0,"key":"Pen Nib"},{"floor":27.0,"key":"Potion Belt"},{"floor":27.0,"key":"Bag of Marbles"},{"floor":41.0,"key":"Gambling Chip"},{"floor":43.0,"key":"Bronze Scales"},{"floor":46.0,"key":"Champion Belt"},{"floor":46.0,"key":"Bag of Preparation"},{"floor":47.0,"key":"Prayer Wheel"},{"floor":54.0,"key":"War Paint"},{"floor":54.0,"key":"Anchor"}],"event_choices":[{"damage_healed":0.0,"max_hp_gain":5.0,"max_hp_loss":0.0,"gold_gain":0.0,"event_name":"Forgotten Altar","player_choice":"Shed Blood","floor":19.0,"gold_loss":0.0,"damage_taken":20.0},{"damage_healed":0.0,"max_hp_gain":0.0,"max_hp_loss":0.0,"gold_gain":0.0,"event_name":"Back to Basics","player_choice":"Simplicity","floor":20.0,"gold_loss":0.0,"damage_taken":0.0,"cards_upgraded":["Strike_R","Strike_R","Strike_R","Strike_R","Defend_R","Defend_R","Defend_R","Defend_R"]},{"damage_healed":0.0,"max_hp_gain":0.0,"max_hp_loss":0.0,"gold_gain":75.0,"event_name":"FaceTrader","player_choice":"Touch","floor":28.0,"gold_loss":0.0,"damage_taken":8.0},{"cards_removed":["Bash"],"damage_healed":0.0,"max_hp_gain":0.0,"max_hp_loss":0.0,"gold_gain":0.0,"event_name":"Falling","player_choice":"Removed Attack","floor":39.0,"gold_loss":0.0,"damage_taken":0.0},{"damage_healed":0.0,"max_hp_gain":0.0,"max_hp_loss":0.0,"gold_gain":0.0,"event_name":"Mysterious Sphere","player_choice":"Fight","floor":41.0,"gold_loss":0.0,"damage_taken":0.0},{"damage_healed":0.0,"max_hp_gain":0.0,"max_hp_loss":0.0,"gold_gain":0.0,"event_name":"MindBloom","player_choice":"Fight","floor":47.0,"gold_loss":0.0,"damage_taken":0.0}],"is_beta":false,"boss_relics":[{"not_picked":["SacredBark","REME_DemonsWealth"],"picked":"Black Star"},{"not_picked":["Empty Cage","Black Blood"],"picked":"Coffee Dripper"}],"items_purged_floors":[13,44],"is_endless":false,"potions_floor_spawned":[1,3,4,12,18,25,31,33,37,38,47,54],"ascension_level":2}}