{"host":"eaiphzh066bwqdh7","time":1612488600,"event":{"mods":["BaseMod","Better Note","Halation","Hubris","Minty Spire (QoL Compilation)","Reliquary","Replay The Spire","StSLib"],"gold_per_floor":[17,17,30,30,42,42,61,61,138,63,63,63,33,63,63,167,167,187,202,227,239,266,278,290,290],"floor_reached":24,"language":"ENG","playtime":847,"items_purged":["Defend_P"],"score":223,"play_id":"c236c999-1db0-43f9-8100-aa0f53e0ede8","local_time":"20210204203000","is_ascension_mode":true,"campfire_choices":[{"floor":6,"key":"REST"},{"data":"Devotion","floor":8,"key":"SMITH"},{"data":"Establishment","floor":11,"key":"SMITH"},{"floor":15,"key":"REST"},{"floor":23,"key":"REST"}],"circlet_count":0,"master_deck":["Strike_P","Strike_P","Strike_P","Defend_P","Defend_P","Defend_P","Eruption","Vigilance","Establishment+1","Prostrate","Evaluate","Devotion+1","Alpha"],"relics":["PureWater","InkBottle","Ancient Tea Set","Bag of Preparation","Replay:Grab Bag","hubris:RunicObelisk","Painkiller Herb","VioletLotus","MawBank","halation:EternalFortune"],"acts_visited":["Exordium","TheCity"],"potions_floor_usage":[5,24],"damage_taken":[{"damage":13,"enemies":"Jaw Worm","floor":1,"turns":7},{"damage":2,"enemies":"Cultist","floor":3,"turns":4},{"damage":7,"enemies":"Small Slimes","floor":5,"turns":3},{"damage":5,"enemies":"Red Slaver","floor":7,"turns":8},{"damage":6,"enemies":"Looter","floor":13,"turns":4},{"damage":8,"enemies":"Lagavulin","floor":14,"turns":7},{"damage":21,"enemies":"Fading Forest","floor":16,"turns":11},{"damage":21,"enemies":"2 Thieves","floor":18,"turns":3},{"damage":25,"enemies":"Spheric Guardian","floor":19,"turns":4},{"damage":23,"enemies":"3 Cultists","floor":22,"turns":4},{"damage":30,"enemies":"Slavers","floor":24,"turns":2}],"seed_played":"-1848200558419261302","potions_obtained":[{"floor":3,"key":"Toxic Potion"},{"floor":5,"key":"PowerPotion"},{"floor":22,"key":"DuplicationPotion"}],"is_trial":false,"path_per_floor":["M","?","M","$","M","R","M","R","T","$","R","?","M","E","R","B",null,"?","?","T","?","?","T","E"],"character_chosen":"WATCHER","items_purchased":[],"campfire_rested":3,"item_purchase_floors":[],"current_hp_per_floor":[59,59,57,57,50,71,66,66,66,66,66,66,60,52,72,59,72,51,26,26,29,6,28,0,0],"gold":290,"neow_bonus":"THREE_RARE_CARDS","is_daily":false,"chose_seed":false,"campfire_upgraded":2,"win_rate":0.0,"timestamp":1612488600,"path_taken":["M","?","M","$","M","R","?","R","T","$","R","?","?","E","R","BOSS","?","?","?","?","?","T","E"],"items_purchased_type":[],"build_version":"2020-12-22","purchased_purges":1,"victory":false,"max_hp_per_floor":[72,72,72,72,72,72,72,72,72,72,72,72,72,72,72,72,72,72,72,72,75,75,75,75,75],"card_choices":[{"not_picked":["Blasphemy","Wish"],"picked":"Establishment","floor":0},{"not_picked":["Crescendo","SashWhip"],"picked":"Prostrate","floor":1},{"not_picked":["Replay:BluntJabs","Crescendo","Replay:Vibes"],"picked":"SKIP","floor":3},{"not_picked":["BowlingBash","CrushJoints","CutThroughFate"],"picked":"SKIP","floor":5},{"not_picked":["Wallop","FearNoEvil"],"picked":"Devotion","floor":7},{"not_picked":["InnerPeace","EmptyBody","Consecrate"],"picked":"SKIP","floor":13},{"not_picked":["Replay:AtTheReady","Replay:Vibes","Evaluate"],"picked":"SKIP","floor":14},{"not_picked":["Judgement","Scrawl"],"picked":"Alpha","floor":16},{"not_picked":["Nirvana+1","Replay:BluntJabs+1","JustLucky+1"],"picked":"SKIP","floor":18},{"not_picked":["FollowUp","LikeWater","Evaluate"],"picked":"SKIP","floor":19},{"not_picked":["Weave","SignatureMove+1","FlurryOfBlows+1"],"picked":"SKIP","floor":22}],"player_experience":252894,"relics_obtained":[{"floor":9,"key":"InkBottle"},{"floor":14,"key":"Bag of Preparation"},{"floor":20,"key":"MawBank"}],"event_choices":[{"damage_healed":0,"gold_gain":0,"cards_transformed":["Strike_P"],"player_choice":"Transformed","damage_taken":0,"max_hp_gain":0,"max_hp_loss":0,"event_name":"Transmorgrifier","floor":2,"gold_loss":0,"cards_obtained":["Evaluate"]},{"damage_healed":0,"gold_gain":0,"player_choice":"Gave Potion","damage_taken":0,"relics_obtained":["Ancient Tea Set"],"max_hp_gain":0,"max_hp_loss":0,"event_name":"WeMeetAgain","floor":12,"gold_loss":0}],"is_beta":false,"boss_relics":[{"not_picked":["hubris:TerracottaHorce","Replay:Bronze Core"],"picked":"Replay:Grab Bag"},{"not_picked":["hubris:CrackedHourglass","hubris:GrandSneckoEye"],"picked":"hubris:RunicObelisk"},{"not_picked":["halation:SmartPhone","Runic Dome"],"picked":"Painkiller Herb"},{"not_picked":["Snecko Eye","halation:LoveArrow"],"picked":"VioletLotus"}],"items_purged_floors":[10],"is_endless":false,"potions_floor_spawned":[3,5,22],"killed_by":"Slavers","ascension_level":3}}