{"host":"omgphoea13lnyb7y","time":1612526868,"event":{"mods":["Aspiration","BaseMod","Better Note","BetterRewards","Colored Map","DeckTracker","Hubris","Minty Spire (QoL Compilation)","StSLib","The Construct","The Cursed","The Jungle","The Necromancer"],"gold_per_floor":[119,119,129,129,141,141,156,190,190,223,38,38,58,58,58,58,58],"floor_reached":16,"language":"ENG","playtime":561,"items_purged":["Regret"],"score":123,"play_id":"45206875-d5e6-42a2-bed3-88915dc584f6","local_time":"20210205040748","is_ascension_mode":true,"campfire_choices":[{"data":"Dagger Throw","floor":6,"key":"SMITH"},{"floor":12,"key":"REST"},{"data":"Bane","floor":15,"key":"SMITH"}],"circlet_count":0,"master_deck":["Strike_G","Strike_G","Strike_G","Strike_G","Strike_G","Defend_G","Defend_G","Defend_G","Defend_G","Defend_G","Survivor","Neutralize+1","Bane+1","Dagger Throw+1","Bane+1","Deadly Poison"],"relics":["Ring of the Snake","The Courier","Blood Vial","Ginger","Happy Flower","Bronze Scales"],"acts_visited":["Exordium"],"potions_floor_usage":[8,10,14],"damage_taken":[{"damage":10,"enemies":"Jaw Worm","floor":1,"turns":6},{"damage":0,"enemies":"Cultist","floor":3,"turns":3},{"damage":14,"enemies":"2 Louse","floor":5,"turns":3},{"damage":0,"enemies":"Exordium Wildlife","floor":7,"turns":3},{"damage":5,"enemies":"Gremlin Nob","floor":8,"turns":3},{"damage":25,"enemies":"Lagavulin","floor":10,"turns":6},{"damage":3,"enemies":"Blue Slaver","floor":13,"turns":3},{"damage":0,"enemies":"Lots of Slimes","floor":14,"turns":1},{"damage":44,"enemies":"Slime Boss","floor":16,"turns":8}],"seed_played":"1894916923963551105","potions_obtained":[{"floor":3,"key":"FearPotion"},{"floor":8,"key":"LiquidBronze"},{"floor":13,"key":"SmokeBomb"}],"is_trial":false,"path_per_floor":["M","?","M","?","M","R","M","E","T","E","$","R","M","M","R","B"],"character_chosen":"THE_SILENT","items_purchased":["Bronze Scales"],"campfire_rested":1,"item_purchase_floors":[11],"current_hp_per_floor":[60,60,60,60,46,46,46,41,41,18,18,39,38,40,40,0,0],"gold":58,"neow_bonus":"UPGRADE_CARD","is_daily":false,"chose_seed":false,"campfire_upgraded":2,"win_rate":0.0,"timestamp":1612526868,"path_taken":["M","?","?","?","M","R","M","E","T","E","?","R","?","M","R","BOSS"],"items_purchased_type":["Relic"],"build_version":"2020-12-22","purchased_purges":1,"victory":false,"max_hp_per_floor":[70,70,70,70,70,70,70,70,70,70,70,70,70,70,70,70,70],"card_choices":[{"not_picked":["Sucker Punch","Dagger Throw"],"picked":"Bane","floor":1},{"not_picked":["Prepared","Sucker Punch","Caltrops"],"picked":"SKIP","floor":3},{"not_picked":["Slice","Concentrate"],"picked":"Dagger Throw","floor":5},{"not_picked":["Underhanded Strike","Accuracy"],"picked":"Bane","floor":7},{"not_picked":["Footwork","After Image","Finisher"],"picked":"SKIP","floor":8},{"not_picked":["Slice","Footwork","hubris:Sniper"],"picked":"SKIP","floor":10},{"not_picked":["Acrobatics","Backstab"],"picked":"Deadly Poison","floor":13}],"player_experience":68910,"relics_obtained":[{"floor":8,"key":"Blood Vial"},{"floor":9,"key":"Ginger"},{"floor":10,"key":"Happy Flower"}],"event_choices":[{"damage_healed":0,"gold_gain":0,"player_choice":"Upgraded","damage_taken":0,"max_hp_gain":0,"max_hp_loss":0,"event_name":"Upgrade Shrine","floor":2,"gold_loss":0,"cards_upgraded":["Bane"]},{"damage_healed":0,"gold_gain":0,"player_choice":"Box","damage_taken":0,"relics_obtained":["The Courier"],"max_hp_gain":0,"max_hp_loss":0,"event_name":"Big Fish","floor":4,"gold_loss":0,"cards_obtained":["Regret"]}],"is_beta":false,"boss_relics":[],"items_purged_floors":[11],"is_endless":false,"potions_floor_spawned":[3,8,13,14],"killed_by":"Slime Boss","ascension_level":2}}