{"host":"j4g6ia6asvpyu2b0","time":1612541707,"event":{"mods":["BaseMod","Colored Map","Downfall","Minty Spire (QoL Compilation)","Permanent Neow","Quick Restart","Relic Stats","StSLib","Unceasing Turn Reminder"],"gold_per_floor":[99,117,117,131,142,159,159,178,178,209,209,220,220,220,220],"floor_reached":13,"language":"ENG","playtime":486,"items_purged":[],"score":87,"play_id":"7ba3420b-55ed-492a-81dc-326a9fd597f6","local_time":"20210205091507","is_ascension_mode":false,"campfire_choices":[{"data":"champ:GladiatorForm","floor":1,"key":"SMITH"},{"data":"champ:TripleStrike","floor":9,"key":"SMITH"},{"data":"champ:TornadoPunch","floor":11,"key":"SMITH"}],"circlet_count":0,"master_deck":["champ:Strike","champ:Strike","champ:Strike","champ:Defend","champ:Defend","champ:Defend","champ:Defend","champ:Execute","champ:Taunt","champ:GladiatorForm+1","champ:TornadoPunch+1","champ:FancyFootwork","champ:IronFortress","champ:TripleStrike+1","champ:Backstep","champ:FlashCut+1","champ:DancingMaster"],"relics":["champ:ChampionCrown","Molten Egg 2","Happy Flower"],"acts_visited":["Exordium"],"potions_floor_usage":[10,13],"damage_taken":[{"damage":32,"enemies":"Jaw Worm","floor":2,"turns":6},{"damage":11,"enemies":"Cultist","floor":4,"turns":5},{"damage":3,"enemies":"Small Slimes","floor":5,"turns":3},{"damage":5,"enemies":"3 Louse","floor":6,"turns":3},{"damage":4,"enemies":"Exordium Wildlife","floor":8,"turns":3},{"damage":2,"enemies":"Lagavulin","floor":10,"turns":5},{"damage":22,"enemies":"Exordium Thugs","floor":12,"turns":5},{"damage":59,"enemies":"Gremlin Nob","floor":13,"turns":3}],"seed_played":"-7330046950896329560","potions_obtained":[{"floor":6,"key":"PowerPotion"},{"floor":8,"key":"Slimebound:ThreeZeroPotion"},{"floor":10,"key":"EssenceOfSteel"}],"is_trial":false,"path_per_floor":["R","M","?","M","M","M","T","M","R","E","R","M","E"],"character_chosen":"THE_CHAMP","items_purchased":[],"campfire_rested":0,"item_purchase_floors":[],"current_hp_per_floor":[90,78,78,77,74,69,69,65,65,63,63,51,0,0,0],"gold":220,"neow_bonus":"ONE_RANDOM_RARE_CARD","is_daily":false,"chose_seed":false,"campfire_upgraded":3,"win_rate":0.0,"timestamp":1612541707,"path_taken":["R","M","?","?","M","?","T","?","R","E","R","M","E"],"items_purchased_type":[],"build_version":"2020-12-22","purchased_purges":0,"victory":false,"max_hp_per_floor":[90,90,90,90,90,90,90,90,90,90,90,90,90,90,90],"relic_stats":{"Happy Flower":[2],"counters":[8,33],"obtain_stats":[{"Happy Flower":10,"champ:ChampionCrown":0,"Molten Egg 2":7},{"Happy Flower":6,"champ:ChampionCrown":0,"Molten Egg 2":4},{"Happy Flower":25,"champ:ChampionCrown":0,"Molten Egg 2":17}]},"card_choices":[{"not_picked":["champ:FlashCut","champ:Circumvent"],"picked":"champ:TornadoPunch","floor":2},{"not_picked":["champ:DefensiveShout","champ:SetATrap"],"picked":"champ:FancyFootwork","floor":4},{"not_picked":["champ:Haymaker","champ:Backstep"],"picked":"champ:IronFortress","floor":5},{"not_picked":["champ:BringItOn","champ:BerserkersShout"],"picked":"champ:TripleStrike","floor":6},{"not_picked":["champ:Circumvent","champ:Backstep","champ:BladeFlurry+1"],"picked":"SKIP","floor":8},{"not_picked":["champ:Circumvent","champ:BladeFlurry+1"],"picked":"champ:Backstep","floor":8},{"not_picked":["champ:BerserkersShout","champ:TornadoPunch+1"],"picked":"champ:FlashCut+1","floor":10},{"not_picked":["champ:FancyFootwork","champ:Encircle+1"],"picked":"champ:DancingMaster","floor":12}],"player_experience":1174048,"relics_obtained":[{"floor":7,"key":"Molten Egg 2"},{"floor":10,"key":"Happy Flower"}],"event_choices":[{"cards_removed":["champ:Strike"],"damage_healed":0,"gold_gain":0,"player_choice":"Offered Basic","damage_taken":0,"max_hp_gain":0,"max_hp_loss":0,"event_name":"Bonfire Elementals","floor":3,"gold_loss":0}],"is_beta":false,"boss_relics":[],"items_purged_floors":[],"is_endless":false,"potions_floor_spawned":[6,8,10],"killed_by":"Gremlin Nob","ascension_level":0}}