{"host":"xsuxkwaivmtd234a","time":1612568100,"event":{"mods":["BaseMod","Colored Map","Filter the Spire","Minty Spire (QoL Compilation)","Relic Stats","StSLib"],"gold_per_floor":[116,127,137,13,13,43,101,101,101,26,26,51,71,81,81,182,182,193,193,108,108,119,144,144,178,248,264,296,316,316,330,330,425,425,445,445,28,39,39,65,81,112,112,112,112,112],"floor_reached":45,"language":"ENG","playtime":2714,"items_purged":["Strike_B"],"score":758,"play_id":"374107a8-258e-47dd-9a30-34c6adb37318","local_time":"20210205183500","is_ascension_mode":true,"campfire_choices":[{"floor":8,"key":"REST"},{"floor":15,"key":"RECALL"},{"floor":24,"key":"REST"},{"floor":30,"key":"REST"},{"floor":32,"key":"REST"},{"floor":44,"key":"REST"}],"circlet_count":0,"master_deck":["Zap","Dualcast","Compile Driver","Ball Lightning","Sunder","Cold Snap","Machine Learning","FTL","Self Repair","Chill","Reinforced Body","Sunder","Redo","Thunder Strike","Panacea","Consume","Go for the Eyes","Doom and Gloom","Electrodynamics","Heatsinks+1","Apotheosis+1"],"relics":["Fusion Hammer","Singing Bowl","Art of War","WingedGreaves","White Beast Statue","Pandora\u0027s Box","PreservedInsect","Du-Vu Doll","Bottled Tornado","The Courier","Kunai","SlaversCollar","Membership Card","Pear","Peace Pipe","Matryoshka","Incense Burner","Bronze Scales"],"acts_visited":["Exordium","TheCity","TheBeyond"],"potions_floor_usage":[6,16,22,28,28,28,29,33,38,42,42],"damage_taken":[{"damage":2,"enemies":"Jaw Worm","floor":1,"turns":3},{"damage":5,"enemies":"2 Louse","floor":2,"turns":2},{"damage":0,"enemies":"Cultist","floor":3,"turns":3},{"damage":7,"enemies":"Gremlin Nob","floor":6,"turns":3},{"damage":20,"enemies":"3 Sentries","floor":7,"turns":5},{"damage":25,"enemies":"3 Sentries","floor":12,"turns":5},{"damage":8,"enemies":"Blue Slaver","floor":13,"turns":2},{"damage":0,"enemies":"Gremlin Gang","floor":14,"turns":3},{"damage":19,"enemies":"Hexaghost","floor":16,"turns":8},{"damage":2,"enemies":"Spheric Guardian","floor":18,"turns":4},{"damage":21,"enemies":"3 Byrds","floor":22,"turns":4},{"damage":44,"enemies":"Slavers","floor":23,"turns":4},{"damage":27,"enemies":"Book of Stabbing","floor":25,"turns":5},{"damage":10,"enemies":"3 Cultists","floor":27,"turns":3},{"damage":11,"enemies":"Slavers","floor":28,"turns":6},{"damage":26,"enemies":"Snake Plant","floor":29,"turns":5},{"damage":41,"enemies":"Shelled Parasite and Fungi","floor":31,"turns":5},{"damage":42,"enemies":"Champ","floor":33,"turns":15},{"damage":27,"enemies":"3 Darklings","floor":35,"turns":4},{"damage":18,"enemies":"Orb Walker","floor":38,"turns":4},{"damage":26,"enemies":"Nemesis","floor":40,"turns":5},{"damage":13,"enemies":"Spire Growth","floor":41,"turns":5},{"damage":30,"enemies":"Reptomancer","floor":42,"turns":4},{"damage":74,"enemies":"Writhing Mass","floor":45,"turns":4}],"seed_played":"-4499420946731410168","potions_obtained":[{"floor":3,"key":"PowerPotion"},{"floor":13,"key":"SpeedPotion"},{"floor":14,"key":"PotionOfCapacity"},{"floor":16,"key":"Strength Potion"},{"floor":18,"key":"Fruit Juice"},{"floor":22,"key":"LiquidBronze"},{"floor":23,"key":"FocusPotion"},{"floor":25,"key":"PowerPotion"},{"floor":27,"key":"Regen Potion"},{"floor":28,"key":"Energy Potion"},{"floor":29,"key":"Swift Potion"},{"floor":31,"key":"Block Potion"},{"floor":33,"key":"DuplicationPotion"},{"floor":35,"key":"LiquidBronze"},{"floor":38,"key":"SkillPotion"},{"floor":42,"key":"SteroidPotion"}],"is_trial":false,"path_per_floor":["M","M","M","$","?","E","?","R","T","$","?","E","M","M","R","B",null,"M","?","?","?","M","E","R","E","T","M","E","M","R","M","R","B",null,"M","?","$","M","?","E","M","E","T","R","M"],"character_chosen":"DEFECT","items_purchased":["Sunder","AttackPotion","Membership Card","Apotheosis","Pear","Peace Pipe"],"campfire_rested":5,"item_purchase_floors":[4,4,37,37,37,37],"current_hp_per_floor":[73,68,68,68,73,66,46,70,70,70,70,47,41,43,43,26,73,80,80,80,80,71,34,62,42,42,41,54,37,67,35,65,30,85,65,65,75,66,66,52,51,30,30,66,0,0],"gold":112,"neow_bonus":"BOSS_RELIC","is_daily":false,"chose_seed":false,"campfire_upgraded":0,"win_rate":0.0,"timestamp":1612568100,"path_taken":["M","M","M","$","?","E","?","R","T","$","?","E","M","M","R","BOSS","M","?","?","?","M","E","R","E","T","M","E","M","R","M","R","BOSS","M","?","$","M","?","E","M","E","T","R","?"],"items_purchased_type":["Card","Potion","Relic","Card","Relic","Relic"],"build_version":"2020-12-22","purchased_purges":1,"victory":false,"max_hp_per_floor":[75,75,75,75,80,80,80,80,80,80,80,82,84,86,86,88,88,90,90,90,90,95,95,95,95,95,97,99,101,101,103,103,103,103,103,103,113,115,115,117,119,121,121,121,121,121],"relic_stats":{"Peace Pipe":0,"Singing Bowl":26,"counters":[24,111],"Bronze Scales":[27],"Pandora\u0027s Box":["FTL","Self Repair","Chill","Reinforced Body","Sunder","Redo","Thunder Strike"],"PreservedInsect":226,"Art of War":[2],"Kunai":[20],"obtain_stats":[{"Pear":37,"Singing Bowl":6,"PreservedInsect":20,"The Courier":26,"Incense Burner":42,"Bottled Tornado":25,"White Beast Statue":12,"Du-Vu Doll":23,"Peace Pipe":37,"SlaversCollar":34,"Matryoshka":40,"Bronze Scales":43,"Pandora\u0027s Box":17,"Fusion Hammer":0,"WingedGreaves":9,"Art of War":7,"Kunai":28,"Membership Card":37,"Cracked Core":0},{"Pear":19,"Singing Bowl":4,"PreservedInsect":10,"The Courier":13,"Incense Burner":23,"Bottled Tornado":13,"White Beast Statue":6,"Du-Vu Doll":12,"Peace Pipe":19,"SlaversCollar":18,"Matryoshka":21,"Bronze Scales":23,"Pandora\u0027s Box":9,"Fusion Hammer":0,"WingedGreaves":5,"Art of War":5,"Kunai":15,"Membership Card":19,"Cracked Core":0},{"Pear":89,"Singing Bowl":11,"PreservedInsect":38,"The Courier":51,"Incense Burner":107,"Bottled Tornado":51,"White Beast Statue":21,"Du-Vu Doll":46,"Peace Pipe":89,"SlaversCollar":85,"Matryoshka":98,"Bronze Scales":107,"Pandora\u0027s Box":34,"Fusion Hammer":0,"WingedGreaves":16,"Art of War":16,"Kunai":60,"Membership Card":89,"Cracked Core":0}]},"card_choices":[{"not_picked":["Leap","Rebound"],"picked":"Sweeping Beam","floor":1},{"not_picked":["Conserve Battery","Steam"],"picked":"Compile Driver","floor":2},{"not_picked":["Rebound","Gash"],"picked":"Ball Lightning","floor":3},{"not_picked":["Recycle","Gash"],"picked":"Cold Snap","floor":6},{"not_picked":["Turbo","Storm"],"picked":"Machine Learning","floor":7},{"not_picked":["Scrape","Auto Shields","Skim"],"picked":"Singing Bowl","floor":12},{"not_picked":["Leap","Reinforced Body","Skim"],"picked":"Singing Bowl","floor":13},{"not_picked":["Cold Snap","Redo","BootSequence"],"picked":"Singing Bowl","floor":14},{"not_picked":["Seek","Machine Learning","Multi-Cast"],"picked":"Singing Bowl","floor":16},{"not_picked":["Fusion","Cold Snap","Steam"],"picked":"Singing Bowl","floor":18},{"not_picked":["Conserve Battery+1","Redo+1"],"picked":"Consume","floor":22},{"not_picked":["Conserve Battery","Barrage"],"picked":"Go for the Eyes","floor":23},{"not_picked":["Undo","Lockon+1"],"picked":"Doom and Gloom","floor":25},{"not_picked":["Leap","Streamline","Fusion+1"],"picked":"Singing Bowl","floor":27},{"not_picked":["Auto Shields","Sweeping Beam","Gash"],"picked":"Singing Bowl","floor":28},{"not_picked":["Storm","Self Repair","Consume"],"picked":"Singing Bowl","floor":29},{"not_picked":["Meteor Strike","Sweeping Beam+1","Chill"],"picked":"Singing Bowl","floor":31},{"not_picked":["Core Surge","Multi-Cast"],"picked":"Electrodynamics","floor":33},{"not_picked":["Conserve Battery+1","Go for the Eyes"],"picked":"Heatsinks+1","floor":35},{"not_picked":["Compile Driver","Consume","Ball Lightning"],"picked":"Singing Bowl","floor":38},{"not_picked":["Aggregate","Steam+1","Chill"],"picked":"Singing Bowl","floor":40},{"not_picked":["Fusion+1","Aggregate","Hologram"],"picked":"Singing Bowl","floor":41},{"not_picked":["Barrage","Sunder+1","Electrodynamics"],"picked":"Singing Bowl","floor":42}],"player_experience":1211360,"relics_obtained":[{"floor":6,"key":"Singing Bowl"},{"floor":7,"key":"Art of War"},{"floor":9,"key":"WingedGreaves"},{"floor":12,"key":"White Beast Statue"},{"floor":23,"key":"Du-Vu Doll"},{"floor":25,"key":"Bottled Tornado"},{"floor":26,"key":"The Courier"},{"floor":28,"key":"Kunai"},{"floor":40,"key":"Matryoshka"},{"floor":42,"key":"Incense Burner"},{"floor":43,"key":"Bronze Scales"}],"event_choices":[{"damage_healed":0,"gold_gain":0,"player_choice":"Donut","damage_taken":0,"max_hp_gain":5,"max_hp_loss":0,"event_name":"Big Fish","floor":5,"gold_loss":0},{"damage_healed":0,"gold_gain":0,"player_choice":"Searched \u00271\u0027 times","damage_taken":0,"max_hp_gain":0,"max_hp_loss":0,"event_name":"Dead Adventurer","floor":7,"gold_loss":0},{"damage_healed":0,"gold_gain":0,"player_choice":"Ignored","damage_taken":0,"max_hp_gain":0,"max_hp_loss":0,"event_name":"Liars Game","floor":11,"gold_loss":0},{"damage_healed":0,"gold_gain":0,"player_choice":"Ignored","damage_taken":0,"max_hp_gain":0,"max_hp_loss":0,"event_name":"Vampires","floor":19,"gold_loss":0},{"damage_healed":0,"gold_gain":0,"player_choice":"Obtained Relic","damage_taken":0,"relics_obtained":["PreservedInsect"],"max_hp_gain":0,"max_hp_loss":0,"event_name":"Addict","floor":20,"gold_loss":85},{"damage_healed":0,"gold_gain":0,"player_choice":"1 cards matched","damage_taken":0,"max_hp_gain":0,"max_hp_loss":0,"event_name":"Match and Keep!","floor":21,"gold_loss":0,"cards_obtained":["Panacea"]},{"cards_removed":["Sweeping Beam"],"damage_healed":0,"gold_gain":0,"player_choice":"Removed Attack","damage_taken":0,"max_hp_gain":0,"max_hp_loss":0,"event_name":"Falling","floor":36,"gold_loss":0},{"damage_healed":0,"gold_gain":0,"player_choice":"Forge","damage_taken":0,"max_hp_gain":0,"max_hp_loss":0,"event_name":"Accursed Blacksmith","floor":39,"gold_loss":0,"cards_upgraded":["Apotheosis"]}],"is_beta":false,"boss_relics":[{"not_picked":["Black Star","SacredBark"],"picked":"Pandora\u0027s Box"},{"not_picked":["Runic Dome","Sozu"],"picked":"SlaversCollar"}],"items_purged_floors":[10],"is_endless":false,"potions_floor_spawned":[3,13,14,16,18,22,23,25,27,28,29,31,33,35,38,40,41,42],"killed_by":"Writhing Mass","ascension_level":5}}