{"host":"1ooxfz79hmpvpehx","time":1612485854,"event":{"mods":["BaseMod","Minty Spire (QoL Compilation)","Quick Restart","Replay The Spire","StSLib","SuperFastMode"],"gold_per_floor":[113,113,132,132,132,166,62,80,80,96,96,112,145,163,163,260,310,326,314,214,225,225,225],"floor_reached":22,"language":"ENG","playtime":636,"items_purged":["Writhe","Defend_G"],"score":223,"play_id":"8e0b431c-cc3c-467b-8f25-b62b5154a818","local_time":"20210204214414","is_ascension_mode":false,"campfire_choices":[{"data":"Crow Ritual","floor":11,"key":"SMITH"},{"data":"Envenom","floor":15,"key":"SMITH"}],"circlet_count":0,"master_deck":["Strike_G","Strike_G","Strike_G+1","Strike_G","Strike_G+1","Defend_G","Defend_G","Defend_G","Survivor","Neutralize","Noxious Fumes","Deadly Poison+1","Flying Knee","Crow Ritual+1","Envenom+1","Flying Knee","ReplayTheSpireMod:Necrosis","Hidden Blade+1"],"relics":["Ring of the Snake","NeowsBlessing","HornCleat","Simple Rune","ReplayTheSpireMod:CursedCoin","Ornamental Fan","Replay:Ringing Soul","Tiny House"],"acts_visited":["Exordium","TheCity"],"potions_floor_usage":[13,14,16,16],"damage_taken":[{"damage":0,"enemies":"Jaw Worm","floor":1,"turns":1},{"damage":0,"enemies":"Small Slimes","floor":3,"turns":1},{"damage":0,"enemies":"Gremlin Nob","floor":6,"turns":1},{"damage":7,"enemies":"2 Louse","floor":8,"turns":2},{"damage":25,"enemies":"2 Fungi Beasts","floor":10,"turns":4},{"damage":9,"enemies":"Blue Slaver","floor":12,"turns":4},{"damage":13,"enemies":"Lagavulin","floor":13,"turns":5},{"damage":2,"enemies":"Looter","floor":14,"turns":3},{"damage":20,"enemies":"Slime Boss","floor":16,"turns":10},{"damage":15,"enemies":"Spheric Guardian","floor":18,"turns":5},{"damage":15,"enemies":"2 Thieves","floor":19,"turns":4},{"damage":43,"enemies":"Centurion and Healer","floor":21,"turns":6},{"damage":12,"enemies":"Masked Bandits","floor":22,"turns":3}],"seed_played":"-5513040461076348740","potions_obtained":[{"floor":6,"key":"Venom Potion"},{"floor":8,"key":"LiquidMemories"},{"floor":12,"key":"Regen Potion"},{"floor":13,"key":"Energy Potion"},{"floor":17,"key":"Ancient Potion"},{"floor":18,"key":"FearPotion"}],"is_trial":false,"path_per_floor":["M","?","M","?","?","E","$","M","T","M","R","M","E","M","R","B",null,"M","M","$","M","?"],"character_chosen":"THE_SILENT","items_purchased":["ReplayTheSpireMod:CursedCoin","Crow Ritual"],"campfire_rested":0,"item_purchase_floors":[7,7],"current_hp_per_floor":[70,70,70,70,63,63,63,56,56,31,31,22,27,25,25,8,81,66,54,54,11,0,0],"gold":225,"neow_bonus":"THREE_ENEMY_KILL","is_daily":false,"chose_seed":false,"campfire_upgraded":2,"win_rate":0.0,"timestamp":1612485854,"path_taken":["M","?","M","?","?","E","$","M","T","M","R","M","E","M","R","BOSS","M","M","$","M","?"],"items_purchased_type":["Relic","Card"],"build_version":"2020-12-22","purchased_purges":2,"victory":false,"max_hp_per_floor":[70,70,70,70,70,70,70,70,70,70,70,70,73,73,73,76,81,81,84,84,84,84,84],"card_choices":[{"not_picked":["Deflect","Dagger Spray"],"picked":"Noxious Fumes","floor":1},{"not_picked":["Outmaneuver","Underhanded Strike"],"picked":"Deadly Poison","floor":3},{"not_picked":["Deflect","Calculated Gamble"],"picked":"Flying Knee","floor":6},{"not_picked":["Underhanded Strike","All Out Attack"],"picked":"Envenom","floor":8},{"not_picked":["Poisoned Stab","PiercingWail","Dagger Spray"],"picked":"SKIP","floor":10},{"not_picked":["Slice","Well Laid Plans","Dagger Spray"],"picked":"SKIP","floor":12},{"not_picked":["Slice","Well Laid Plans","Dagger Spray"],"picked":"SKIP","floor":12},{"not_picked":["Dodge and Roll","Backflip"],"picked":"Flying Knee","floor":13},{"not_picked":["Reflex","Replay:Poison Smokescreen","ReplayTheSpireMod:Speed Training"],"picked":"SKIP","floor":14},{"not_picked":["A Thousand Cuts","Replay:Bag of Tricks"],"picked":"ReplayTheSpireMod:Necrosis","floor":16},{"not_picked":["Outmaneuver","Dagger Throw+1","Dagger Spray"],"picked":"SKIP","floor":18},{"not_picked":["Poisoned Stab","Deadly Poison+1"],"picked":"Hidden Blade+1","floor":19},{"not_picked":["Blur+1","Hidden Blade","Outmaneuver"],"picked":"SKIP","floor":21}],"player_experience":6496,"relics_obtained":[{"floor":6,"key":"Simple Rune"},{"floor":9,"key":"Ornamental Fan"},{"floor":13,"key":"Replay:Ringing Soul"}],"event_choices":[{"damage_healed":0,"gold_gain":0,"player_choice":"Box","damage_taken":0,"relics_obtained":["HornCleat"],"max_hp_gain":0,"max_hp_loss":0,"event_name":"Big Fish","floor":2,"gold_loss":0,"cards_obtained":["Regret"]},{"cards_removed":["Regret"],"damage_healed":0,"gold_gain":0,"player_choice":"Card Removal","damage_taken":7,"max_hp_gain":0,"max_hp_loss":0,"event_name":"Golden Wing","floor":5,"gold_loss":0},{"damage_healed":0,"gold_gain":0,"player_choice":"Fought Bandits","damage_taken":0,"max_hp_gain":0,"max_hp_loss":0,"event_name":"Masked Bandits","floor":22,"gold_loss":0}],"is_beta":false,"boss_relics":[{"not_picked":["Black Star","Velvet Choker"],"picked":"Tiny House"}],"items_purged_floors":[7,20],"is_endless":false,"potions_floor_spawned":[6,8,12,13,18],"killed_by":"Masked Bandits","ascension_level":0}}