{"host":"4eao2pkwlmv012cz","time":1612508381,"event":{"mods":["BaseMod","Colored Powertips","Minty Spire (QoL Compilation)","Permanent Neow","Quick Restart","Random Character Button","StSLib"],"gold_per_floor":[366,291,7,20,20,20,32,60,60,60,60,80,91,126,126,126,126],"floor_reached":16,"language":"ENG","playtime":441,"items_purged":["Defend_B"],"score":220,"play_id":"3f81f359-b720-4638-8df1-6f861038f310","local_time":"20210205015941","is_ascension_mode":true,"campfire_choices":[{"data":"Zap","floor":6,"key":"SMITH"},{"floor":11,"key":"REST"},{"floor":15,"key":"REST"}],"circlet_count":0,"master_deck":["AscendersBane","Strike_B","Strike_B","Defend_B","Defend_B","Defend_B","Zap+1","Dualcast","Compile Driver","Melter","Ball Lightning","Leap","Electrodynamics","Streamline","White Noise","Coolheaded"],"relics":["Cracked Core","Runic Capacitor","StrikeDummy","InkBottle","Tiny Chest"],"acts_visited":["Exordium"],"potions_floor_usage":[14],"damage_taken":[{"damage":8,"enemies":"Small Slimes","floor":1,"turns":4},{"damage":6,"enemies":"Cultist","floor":4,"turns":3},{"damage":0,"enemies":"2 Louse","floor":7,"turns":1},{"damage":26,"enemies":"Lagavulin","floor":8,"turns":5},{"damage":9,"enemies":"Red Slaver","floor":12,"turns":3},{"damage":12,"enemies":"2 Fungi Beasts","floor":13,"turns":3},{"damage":28,"enemies":"Gremlin Nob","floor":14,"turns":3},{"damage":37,"enemies":"Hexaghost","floor":16,"turns":9}],"seed_played":"8955383781057782956","potions_obtained":[{"floor":13,"key":"Regen Potion"}],"is_trial":false,"path_per_floor":["M","?","$","M","?","R","M","E","T","?","R","M","M","E","R","B"],"character_chosen":"DEFECT","items_purchased":["Runic Capacitor","Melter"],"campfire_rested":2,"item_purchase_floors":[3,3],"current_hp_per_floor":[56,56,56,50,55,55,55,29,29,29,49,40,28,12,32,0,0],"gold":126,"neow_bonus":"TWO_FIFTY_GOLD","is_daily":false,"chose_seed":false,"campfire_upgraded":1,"win_rate":0.0,"timestamp":1612508381,"path_taken":["M","?","$","M","?","R","M","E","T","?","R","?","M","E","R","BOSS"],"items_purchased_type":["Relic","Card"],"build_version":"2020-12-22","purchased_purges":1,"victory":false,"max_hp_per_floor":[64,64,64,64,69,69,69,69,69,69,69,69,69,69,69,69,69],"card_choices":[{"not_picked":["Turbo","Steam"],"picked":"Compile Driver","floor":1},{"not_picked":["Go for the Eyes","Hello World"],"picked":"Ball Lightning","floor":4},{"not_picked":["Compile Driver","Turbo"],"picked":"Leap","floor":7},{"not_picked":["Self Repair","Ball Lightning"],"picked":"Electrodynamics","floor":8},{"not_picked":["Turbo","Streamline"],"picked":"White Noise","floor":12},{"not_picked":["Steam","Aggregate"],"picked":"Coolheaded","floor":13},{"not_picked":["Beam Cell","Melter","Go for the Eyes"],"picked":"SKIP","floor":14}],"player_experience":2881747,"relics_obtained":[{"floor":8,"key":"StrikeDummy"},{"floor":9,"key":"InkBottle"},{"floor":14,"key":"Tiny Chest"}],"event_choices":[{"cards_removed":["Strike_B"],"damage_healed":0,"gold_gain":0,"player_choice":"Card Removal","damage_taken":0,"max_hp_gain":0,"max_hp_loss":0,"event_name":"The Cleric","floor":2,"gold_loss":75},{"damage_healed":0,"gold_gain":0,"player_choice":"Donut","damage_taken":0,"max_hp_gain":5,"max_hp_loss":0,"event_name":"Big Fish","floor":5,"gold_loss":0},{"damage_healed":0,"gold_gain":0,"cards_transformed":["Strike_B"],"player_choice":"Transformed","damage_taken":0,"max_hp_gain":0,"max_hp_loss":0,"event_name":"Transmorgrifier","floor":10,"gold_loss":0,"cards_obtained":["Streamline"]}],"is_beta":false,"boss_relics":[],"items_purged_floors":[3],"is_endless":false,"potions_floor_spawned":[13],"killed_by":"Hexaghost","ascension_level":20}}