{"host":"soyfmymeou4emntr","time":1612498417,"event":{"mods":["BaseMod","BetterRewards","Minty Spire (QoL Compilation)","Relic Sorter","Relic Stats","StSLib"],"gold_per_floor":[117,128,145,145,156,156,181,199,199,199,199,209,209,236,236,315,315,335,353,353,353],"floor_reached":20,"language":"ENG","playtime":1773,"items_purged":[],"score":372,"play_id":"9b524797-b725-4ea4-a93d-c88d73f3fc0f","local_time":"20210204211337","is_ascension_mode":true,"campfire_choices":[{"data":"Dagger Spray","floor":6.0,"key":"SMITH"},{"floor":10.0,"key":"REST"},{"floor":15.0,"key":"REST"}],"circlet_count":0,"master_deck":["AscendersBane","Strike_G","Defend_G","Defend_G","Defend_G","Defend_G","Defend_G","Survivor+1","Neutralize","Dagger Throw+1","All Out Attack","Tactician","Dagger Spray+1","Predator","Cloak And Dagger","Deadly Poison","Decay","Terror","Bullet Time","Bullet Time+1","Eviscerate+1","Unload+1","PiercingWail","Flechettes"],"relics":["Ring of the Snake","TungstenRod","Mummified Hand","Strawberry","Astrolabe"],"acts_visited":["Exordium","TheCity"],"potions_floor_usage":[20],"damage_taken":[{"damage":7.0,"enemies":"Jaw Worm","floor":1.0,"turns":6.0},{"damage":0.0,"enemies":"2 Louse","floor":2.0,"turns":3.0},{"damage":1.0,"enemies":"Cultist","floor":3.0,"turns":4.0},{"damage":9.0,"enemies":"2 Fungi Beasts","floor":5.0,"turns":3.0},{"damage":15.0,"enemies":"3 Sentries","floor":7.0,"turns":5.0},{"damage":4.0,"enemies":"Large Slime","floor":8.0,"turns":5.0},{"damage":9.0,"enemies":"Exordium Thugs","floor":12.0,"turns":4.0},{"damage":20.0,"enemies":"Lagavulin","floor":14.0,"turns":6.0},{"damage":27.0,"enemies":"Hexaghost","floor":16.0,"turns":10.0},{"damage":19.0,"enemies":"3 Byrds","floor":18.0,"turns":6.0},{"damage":16.0,"enemies":"Spheric Guardian","floor":19.0,"turns":4.0},{"damage":29,"enemies":"Shelled Parasite and Fungi","floor":20,"turns":3}],"seed_played":"4079964764217550582","potions_obtained":[{"floor":0.0,"key":"Regen Potion"},{"floor":0.0,"key":"CunningPotion"},{"floor":8.0,"key":"DuplicationPotion"},{"floor":12.0,"key":"LiquidBronze"},{"floor":16.0,"key":"Fruit Juice"},{"floor":18.0,"key":"Energy Potion"},{"floor":19.0,"key":"Energy Potion"}],"is_trial":false,"path_per_floor":["M","M","M","?","M","R","E","M","T","R","?","M","?","E","R","B",null,"M","M","M"],"character_chosen":"THE_SILENT","items_purchased":[],"campfire_rested":2,"item_purchase_floors":[],"current_hp_per_floor":[52,52,51,31,22,22,21,17,17,36,30,21,21,8,29,2,55,36,25,0,0],"gold":353,"neow_bonus":"THREE_SMALL_POTIONS","is_daily":false,"chose_seed":false,"campfire_upgraded":1,"win_rate":0.0,"timestamp":1612498417,"path_taken":["M","M","M","?","M","R","E","M","T","R","?","M","?","E","R","BOSS","M","M","?"],"items_purchased_type":[],"build_version":"2020-12-22","purchased_purges":0,"victory":false,"max_hp_per_floor":[66,66,66,66,66,66,66,66,66,66,66,66,66,73,73,73,73,73,78,78,78],"relic_stats":{"counters":[12,59],"Mummified Hand":[0],"Astrolabe":["Bullet Time","Eviscerate","Unload"],"obtain_stats":[{"Mummified Hand":9,"Strawberry":14,"Astrolabe":17,"TungstenRod":7,"Ring of the Snake":0},{"Mummified Hand":6,"Strawberry":8,"Astrolabe":9,"TungstenRod":5,"Ring of the Snake":0},{"Mummified Hand":26,"Strawberry":36,"Astrolabe":46,"TungstenRod":21,"Ring of the Snake":0}],"TungstenRod":42,"Ring of the Snake":[24]},"card_choices":[{"not_picked":["Eviscerate","Slice"],"picked":"Dagger Throw","floor":1.0},{"not_picked":["PiercingWail","Catalyst"],"picked":"All Out Attack","floor":2.0},{"not_picked":["Deflect","Tools of the Trade"],"picked":"Tactician","floor":3.0},{"not_picked":["Slice","Deflect"],"picked":"Dagger Spray","floor":5.0},{"not_picked":["Heel Hook","Deflect"],"picked":"Predator","floor":7.0},{"not_picked":["Poisoned Stab","Backflip"],"picked":"Cloak And Dagger","floor":8.0},{"not_picked":["Crippling Poison","Dagger Spray"],"picked":"Deadly Poison","floor":12.0},{"not_picked":["Heel Hook","Doppelganger"],"picked":"Terror","floor":14.0},{"not_picked":["Night Terror","Doppelganger"],"picked":"Bullet Time","floor":16.0},{"not_picked":["Deadly Poison","Tactician"],"picked":"PiercingWail","floor":18.0},{"not_picked":["All Out Attack","Prepared"],"picked":"Flechettes","floor":19.0}],"player_experience":3049228,"relics_obtained":[{"floor":7.0,"key":"TungstenRod"},{"floor":9.0,"key":"Mummified Hand"},{"floor":14.0,"key":"Strawberry"}],"event_choices":[{"damage_healed":0.0,"max_hp_gain":0.0,"max_hp_loss":0.0,"gold_gain":0.0,"event_name":"Shining Light","player_choice":"Entered Light","floor":4.0,"gold_loss":0.0,"damage_taken":20.0,"cards_upgraded":["Dagger Throw","Survivor"]},{"cards_removed":["Strike_G"],"damage_healed":0.0,"max_hp_gain":0.0,"max_hp_loss":0.0,"gold_gain":0.0,"event_name":"Golden Wing","player_choice":"Card Removal","floor":11.0,"gold_loss":0.0,"damage_taken":7.0},{"damage_healed":0.0,"max_hp_gain":0.0,"max_hp_loss":0.0,"gold_gain":0.0,"event_name":"Wheel of Change","player_choice":"Cursed","floor":13.0,"gold_loss":0.0,"damage_taken":0.0,"cards_obtained":["Decay"]}],"is_beta":false,"boss_relics":[{"not_picked":["Busted Crown","Philosopher\u0027s Stone"],"picked":"Astrolabe"}],"items_purged_floors":[],"is_endless":false,"potions_floor_spawned":[2,8,12,16,18,19],"killed_by":"Shelled Parasite and Fungi","ascension_level":20}}