{"host":"ypphcgdomtfqpc2w","time":1612534985,"event":{"mods":["BaseMod","DeckTracker","Minty Spire (QoL Compilation)","Relic Stats","StSLib"],"gold_per_floor":[117,129,146,166,185,185,215,215,215,215,233,135,169,3,3,102,102,117,117,17,17,58,58,58,58,82,82,141,141,182,247,247,380,380,452,56,101,186,251,251,313,313,313,313,354,264,35,35,35,35],"floor_reached":51,"language":"ENG","playtime":2501,"items_purged":["Strike_P","Strike_P"],"score":1074,"play_id":"ddf4b2ef-02fd-49f5-a6db-5ac66dc251c4","local_time":"20210205232305","is_ascension_mode":true,"campfire_choices":[{"data":"Vigilance","floor":6.0,"key":"SMITH"},{"data":"Eruption","floor":8.0,"key":"SMITH"},{"data":"Apotheosis","floor":15.0,"key":"SMITH"},{"floor":23.0,"key":"REST"},{"data":"Alpha","floor":25.0,"key":"SMITH"},{"floor":27.0,"key":"REST"},{"floor":29.0,"key":"REST"},{"floor":32.0,"key":"REST"},{"data":"Wish","floor":40.0,"key":"SMITH"},{"floor":42.0,"key":"REST"},{"data":"Collect","floor":49.0,"key":"SMITH"}],"circlet_count":0,"master_deck":["Strike_P","Defend_P","Defend_P","Defend_P+1","Eruption+1","Vigilance+1","ForeignInfluence","ThirdEye","SashWhip","Alpha+1","PathToVictory+1","EmptyMind+1","Wallop+1","FlurryOfBlows","Halt+1","Collect+1","Apotheosis+1","Wish+1","InnerPeace+1","Vengeance+1","CarveReality","MentalFortress+1","PathToVictory+1","Wireheading"],"relics":["PureWater","CaptainsWheel","Bag of Marbles","Blood Vial","Velvet Choker","Enchiridion","War Paint","Singing Bowl","Ancient Tea Set","Runic Pyramid","Melange","Pantograph","Turnip","Vajra","Incense Burner","Nunchaku"],"acts_visited":["Exordium","TheCity","TheBeyond"],"potions_floor_usage":[50],"damage_taken":[{"damage":0.0,"enemies":"Cultist","floor":1.0,"turns":3.0},{"damage":0.0,"enemies":"2 Louse","floor":2.0,"turns":2.0},{"damage":0.0,"enemies":"Jaw Worm","floor":3.0,"turns":3.0},{"damage":2.0,"enemies":"Exordium Wildlife","floor":4.0,"turns":4.0},{"damage":0.0,"enemies":"2 Fungi Beasts","floor":5.0,"turns":3.0},{"damage":16.0,"enemies":"Gremlin Nob","floor":7.0,"turns":3.0},{"damage":0.0,"enemies":"3 Louse","floor":11.0,"turns":3.0},{"damage":3.0,"enemies":"3 Sentries","floor":13.0,"turns":4.0},{"damage":10.0,"enemies":"Hexaghost","floor":16.0,"turns":7.0},{"damage":7.0,"enemies":"2 Thieves","floor":18.0,"turns":4.0},{"damage":15.0,"enemies":"Chosen","floor":22.0,"turns":6.0},{"damage":48.0,"enemies":"Slavers","floor":28.0,"turns":5.0},{"damage":6.0,"enemies":"Centurion and Healer","floor":30.0,"turns":6.0},{"damage":1.0,"enemies":"Book of Stabbing","floor":31.0,"turns":5.0},{"damage":35.0,"enemies":"Champ","floor":33.0,"turns":7.0},{"damage":11.0,"enemies":"3 Shapes","floor":35.0,"turns":6.0},{"damage":0.0,"enemies":"Orb Walker","floor":37.0,"turns":4.0},{"damage":0.0,"enemies":"2 Orb Walkers","floor":38.0,"turns":4.0},{"damage":15.0,"enemies":"3 Darklings","floor":39.0,"turns":4.0},{"damage":39.0,"enemies":"Reptomancer","floor":41.0,"turns":7.0},{"damage":38.0,"enemies":"Transient","floor":45.0,"turns":5.0},{"damage":32,"enemies":"Time Eater","floor":50,"turns":9}],"seed_played":"-9157073217662288853","potions_obtained":[{"floor":2.0,"key":"SteroidPotion"},{"floor":5.0,"key":"FearPotion"},{"floor":7.0,"key":"ColorlessPotion"},{"floor":13.0,"key":"Explosive Potion"},{"floor":16.0,"key":"BlessingOfTheForge"},{"floor":28.0,"key":"PowerPotion"},{"floor":31.0,"key":"GamblersBrew"},{"floor":38.0,"key":"LiquidMemories"},{"floor":39.0,"key":"DuplicationPotion"},{"floor":45.0,"key":"Swift Potion"}],"is_trial":false,"path_per_floor":["M","M","M","M","M","R","E","R","T","?","M","$","E","$","R","B",null,"M","?","$","?","M","R","$","R","T","R","E","R","M","E","R","B",null,"M","$","M","?","M","R","E","R","T","?","M","?","$","?","R","B",null],"character_chosen":"WATCHER","items_purchased":["Halt","Apotheosis","Melange","Pantograph","Nunchaku","Wireheading"],"campfire_rested":5,"item_purchase_floors":[12,14,36,36,47,47],"current_hp_per_floor":[65,65,65,63,63,63,47,47,47,33,33,33,30,30,30,22,60,55,42,42,26,13,36,36,36,36,59,15,38,36,37,61,28,68,59,59,63,67,54,54,19,45,45,97,61,61,61,63,63,58],"gold":35,"neow_bonus":"TRANSFORM_CARD","is_daily":false,"chose_seed":false,"campfire_upgraded":6,"win_rate":0.0,"timestamp":1612534985,"path_taken":["M","?","M","M","M","R","E","R","T","?","M","?","E","?","R","BOSS","M","?","$","?","?","R","$","R","T","R","E","R","M","E","R","BOSS","M","$","M","?","M","R","E","R","T","?","?","?","?","?","R","BOSS"],"items_purchased_type":["Card","Card","Relic","Relic","Relic","Card"],"build_version":"2020-12-22","purchased_purges":2,"victory":true,"max_hp_per_floor":[72,72,72,72,72,72,72,72,72,72,72,72,72,72,72,72,72,72,77,77,77,77,77,77,77,77,77,79,79,81,81,81,81,81,81,81,83,85,85,85,87,87,87,97,99,99,99,101,101,101],"relic_stats":{"Blood Vial":26,"Nunchaku":[1],"Singing Bowl":14,"counters":[22,104],"Pantograph":25,"Melange":[27],"Turnip":[0],"War Paint":["EmptyMind","PathToVictory"],"obtain_stats":[{"Singing Bowl":28,"Velvet Choker":17,"Enchiridion":21,"Melange":36,"Vajra":41,"Incense Burner":43,"War Paint":26,"Ancient Tea Set":31,"Blood Vial":13,"CaptainsWheel":7,"Nunchaku":47,"Pantograph":36,"Turnip":38,"Bag of Marbles":9,"PureWater":0,"Runic Pyramid":34},{"Singing Bowl":12,"Velvet Choker":9,"Enchiridion":10,"Melange":16,"Vajra":20,"Incense Burner":20,"War Paint":11,"Ancient Tea Set":14,"Blood Vial":8,"CaptainsWheel":6,"Nunchaku":21,"Pantograph":16,"Turnip":18,"Bag of Marbles":6,"PureWater":0,"Runic Pyramid":15},{"Singing Bowl":47,"Velvet Choker":32,"Enchiridion":36,"Melange":71,"Vajra":90,"Incense Burner":90,"War Paint":42,"Ancient Tea Set":58,"Blood Vial":25,"CaptainsWheel":18,"Nunchaku":95,"Pantograph":71,"Turnip":79,"Bag of Marbles":18,"PureWater":0,"Runic Pyramid":65}]},"card_choices":[{"not_picked":["Evaluate","Prostrate"],"picked":"ThirdEye","floor":1.0},{"not_picked":["Vengeance","EmptyBody"],"picked":"SashWhip","floor":2.0},{"not_picked":["Sanctity","EmptyFist"],"picked":"Alpha","floor":3.0},{"not_picked":["FlyingSleeves","LikeWater"],"picked":"PathToVictory","floor":4.0},{"not_picked":["Crescendo","Worship"],"picked":"EmptyMind","floor":5.0},{"not_picked":["Worship","ThirdEye"],"picked":"Wallop","floor":7.0},{"not_picked":["EmptyFist","SandsOfTime"],"picked":"FlurryOfBlows","floor":11.0},{"not_picked":["EmptyFist","Study"],"picked":"Collect","floor":13.0},{"not_picked":["Ragnarok","Establishment"],"picked":"Wish","floor":16.0},{"not_picked":["FlurryOfBlows","SashWhip"],"picked":"InnerPeace+1","floor":18.0},{"not_picked":["JustLucky","Consecrate+1"],"picked":"Vengeance+1","floor":22.0},{"not_picked":["Pray+1","Indignation","JustLucky"],"picked":"Singing Bowl","floor":28.0},{"not_picked":["JustLucky","Halt+1","Vengeance"],"picked":"Singing Bowl","floor":30.0},{"not_picked":["PathToVictory","SashWhip"],"picked":"CarveReality","floor":31.0},{"not_picked":["Blasphemy","Ragnarok"],"picked":"Omniscience","floor":33.0},{"not_picked":["FlurryOfBlows+1","BattleHymn+1"],"picked":"MentalFortress+1","floor":35.0},{"not_picked":["WindmillStrike+1","FlurryOfBlows","FollowUp+1"],"picked":"Singing Bowl","floor":37.0},{"not_picked":["JustLucky+1","FollowUp","Worship+1"],"picked":"Singing Bowl","floor":38.0},{"not_picked":["Evaluate+1","Prostrate+1"],"picked":"PathToVictory+1","floor":39.0},{"not_picked":["EmptyFist+1","Conclude","Wallop+1"],"picked":"Singing Bowl","floor":41.0},{"not_picked":["EmptyFist+1","WreathOfFlame+1","Crescendo+1"],"picked":"Singing Bowl","floor":45.0},{"not_picked":["Blind","Deep Breath","Mind Blast"],"picked":"Singing Bowl","floor":48.0}],"player_experience":2146221,"relics_obtained":[{"floor":7.0,"key":"CaptainsWheel"},{"floor":9.0,"key":"Bag of Marbles"},{"floor":13.0,"key":"Blood Vial"},{"floor":21.0,"key":"Enchiridion"},{"floor":26.0,"key":"War Paint"},{"floor":28.0,"key":"Singing Bowl"},{"floor":31.0,"key":"Ancient Tea Set"},{"floor":38.0,"key":"Turnip"},{"floor":41.0,"key":"Vajra"},{"floor":43.0,"key":"Incense Burner"}],"event_choices":[{"damage_healed":0.0,"max_hp_gain":0.0,"max_hp_loss":0.0,"gold_gain":0.0,"event_name":"Shining Light","player_choice":"Entered Light","floor":10.0,"gold_loss":0.0,"damage_taken":14.0,"cards_upgraded":["Wallop","Defend_P"]},{"damage_healed":0.0,"max_hp_gain":5.0,"max_hp_loss":0.0,"gold_gain":0.0,"event_name":"Forgotten Altar","player_choice":"Shed Blood","floor":19.0,"gold_loss":0.0,"damage_taken":18.0},{"damage_healed":0.0,"max_hp_gain":0.0,"max_hp_loss":0.0,"gold_gain":0.0,"event_name":"Cursed Tome","player_choice":"Obtained Book","floor":21.0,"gold_loss":0.0,"damage_taken":16.0},{"damage_healed":0.0,"max_hp_gain":0.0,"max_hp_loss":0.0,"gold_gain":0.0,"event_name":"Mysterious Sphere","player_choice":"Fight","floor":38.0,"gold_loss":0.0,"damage_taken":0.0},{"cards_removed":["Omniscience"],"damage_healed":42.0,"max_hp_gain":10.0,"max_hp_loss":0.0,"gold_gain":0.0,"event_name":"Bonfire Elementals","player_choice":"Offered Rare","floor":44.0,"gold_loss":0.0,"damage_taken":0.0},{"cards_removed":["Strike_P"],"damage_healed":0.0,"max_hp_gain":0.0,"max_hp_loss":0.0,"gold_gain":0.0,"event_name":"Designer","player_choice":"Upgrade and Remove","floor":46.0,"gold_loss":90.0,"damage_taken":0.0,"cards_upgraded":["Halt"]},{"damage_healed":0.0,"max_hp_gain":0.0,"max_hp_loss":0.0,"gold_gain":0.0,"event_name":"SensoryStone","player_choice":"Memory 1","floor":48.0,"gold_loss":0.0,"damage_taken":0.0}],"is_beta":false,"boss_relics":[{"not_picked":["Sozu","Astrolabe"],"picked":"Velvet Choker"},{"not_picked":["SlaversCollar","Busted Crown"],"picked":"Runic Pyramid"}],"items_purged_floors":[12,20],"is_endless":false,"potions_floor_spawned":[2,5,7,13,16,28,31,33,38,39,45],"ascension_level":8}}