{"host":"utqe55yv0jihe4d6","time":1612488986,"event":{"mods":["2.2 Compatiblity","AchievementEnabler","BaseMod","Block Reminder","Colored Map","Colored Powertips","Minty Spire (QoL Compilation)","Quick Restart","Rare Cards Sparkle","Relic Stats","SuperFastMode"],"gold_per_floor":[114,126,126,201,201,201,224,224,250,266,294,309,309,309],"floor_reached":13,"language":"ENG","playtime":337,"items_purged":[],"score":166,"play_id":"dd5ed1ed-31be-4d10-bce4-da9bd80c1616","local_time":"20210204203626","is_ascension_mode":true,"campfire_choices":[{"data":"Sucker Punch","floor":6.0,"key":"SMITH"},{"data":"Wraith Form v2","floor":8.0,"key":"SMITH"}],"circlet_count":0,"master_deck":["AscendersBane","Strike_G","Strike_G","Strike_G","Strike_G","Defend_G","Defend_G","Defend_G","Defend_G","Defend_G","Survivor","Neutralize","Backflip","Sucker Punch+1","Wraith Form v2+1","Flying Knee","Blade Dance","Noxious Fumes"],"relics":["Ring of the Snake","Mango","Odd Mushroom","Lantern","Omamori"],"acts_visited":["Exordium"],"potions_floor_usage":[],"damage_taken":[{"damage":0.0,"enemies":"2 Louse","floor":1.0,"turns":5.0},{"damage":1.0,"enemies":"Small Slimes","floor":2.0,"turns":7.0},{"damage":17.0,"enemies":"The Mushroom Lair","floor":7.0,"turns":5.0},{"damage":1.0,"enemies":"Jaw Worm","floor":10.0,"turns":6.0},{"damage":30.0,"enemies":"Gremlin Nob","floor":11.0,"turns":5.0},{"damage":5.0,"enemies":"Gremlin Gang","floor":12.0,"turns":6.0},{"damage":7,"enemies":"3 Sentries","floor":13,"turns":3}],"seed_played":"-5754471518102935391","potions_obtained":[{"floor":2.0,"key":"PowerPotion"},{"floor":10.0,"key":"SteroidPotion"}],"is_trial":false,"path_per_floor":["M","M","?","?","?","R","?","R","T","M","E","M","E"],"character_chosen":"THE_SILENT","items_purchased":[],"campfire_rested":0,"item_purchase_floors":[],"current_hp_per_floor":[73,72,72,61,54,54,37,37,37,36,6,1,0,0],"gold":309,"neow_bonus":"ONE_RARE_RELIC","is_daily":false,"chose_seed":false,"campfire_upgraded":2,"win_rate":0.0,"timestamp":1612488986,"path_taken":["M","M","?","?","?","R","?","R","T","M","E","M","E"],"items_purchased_type":[],"build_version":"2020-12-22","purchased_purges":0,"victory":false,"max_hp_per_floor":[74,74,74,74,74,74,74,74,74,74,74,74,74,74],"relic_stats":{"counters":[7,37],"obtain_stats":[{"Lantern":9,"Mango":0,"Omamori":11,"Odd Mushroom":7,"Ring of the Snake":0},{"Lantern":3,"Mango":0,"Omamori":5,"Odd Mushroom":3,"Ring of the Snake":0},{"Lantern":17,"Mango":0,"Omamori":28,"Odd Mushroom":17,"Ring of the Snake":0}],"Ring of the Snake":[14]},"card_choices":[{"not_picked":["Prepared","Underhanded Strike"],"picked":"Backflip","floor":1.0},{"not_picked":["Accuracy","PiercingWail"],"picked":"Sucker Punch","floor":2.0},{"not_picked":["Quick Slash","Prepared"],"picked":"Wraith Form v2","floor":7.0},{"not_picked":["Setup","Catalyst"],"picked":"Flying Knee","floor":10.0},{"not_picked":["Dodge and Roll","Phantasmal Killer"],"picked":"Blade Dance","floor":11.0},{"not_picked":["Slice","Quick Slash"],"picked":"Noxious Fumes","floor":12.0}],"player_experience":3018403,"relics_obtained":[{"floor":7.0,"key":"Odd Mushroom"},{"floor":9.0,"key":"Lantern"},{"floor":11.0,"key":"Omamori"}],"event_choices":[{"damage_healed":0.0,"max_hp_gain":0.0,"max_hp_loss":0.0,"gold_gain":0.0,"event_name":"Liars Game","player_choice":"Ignored","floor":3.0,"gold_loss":0.0,"damage_taken":0.0},{"damage_healed":0.0,"max_hp_gain":0.0,"max_hp_loss":0.0,"gold_gain":75.0,"event_name":"World of Goop","player_choice":"Gather Gold","floor":4.0,"gold_loss":0.0,"damage_taken":11.0},{"cards_removed":["Strike_G"],"damage_healed":0.0,"max_hp_gain":0.0,"max_hp_loss":0.0,"gold_gain":0.0,"event_name":"Golden Wing","player_choice":"Card Removal","floor":5.0,"gold_loss":0.0,"damage_taken":7.0},{"damage_healed":0.0,"max_hp_gain":0.0,"max_hp_loss":0.0,"gold_gain":0.0,"event_name":"Mushrooms","player_choice":"Fought Mushrooms","floor":7.0,"gold_loss":0.0,"damage_taken":0.0}],"is_beta":false,"boss_relics":[],"items_purged_floors":[],"is_endless":false,"potions_floor_spawned":[2,10],"killed_by":"3 Sentries","ascension_level":20}}