{"host":"0kk91h4bq4kgfj0u","time":1612490283,"event":{"mods":["BaseMod","Minty Spire (QoL Compilation)","StSLib"],"gold_per_floor":[112,129,129,147,147,147,186,156,183,183,226,226,19,38,38,163,163,182,182,207,207,207],"floor_reached":21,"language":"ENG","playtime":717,"items_purged":[],"score":243,"play_id":"a0aabb97-f31e-423d-a5db-54b1bfb122cc","local_time":"20210204205803","is_ascension_mode":true,"campfire_choices":[{"data":"Footwork","floor":6,"key":"SMITH"},{"floor":10,"key":"REST"},{"floor":15,"key":"REST"}],"circlet_count":0,"master_deck":["Strike_G","Strike_G","Strike_G","Strike_G","Strike_G","Defend_G","Defend_G","Defend_G","Defend_G","Defend_G","Survivor+1","Neutralize","Noxious Fumes+1","Deadly Poison","Footwork+1","Caltrops","Sucker Punch","Bane","Bullet Time","Blade Dance","Dash","Terror","Slice","Adrenaline","Quick Slash+1","Quick Slash","Poisoned Stab","Poisoned Stab"],"relics":["Ring of the Snake","Golden Idol","Anchor","Omamori","Prayer Wheel","Black Star"],"acts_visited":["Exordium","TheCity"],"potions_floor_usage":[16,16,21],"damage_taken":[{"damage":0,"enemies":"Cultist","floor":1,"turns":4},{"damage":6,"enemies":"Small Slimes","floor":2,"turns":4},{"damage":0,"enemies":"2 Louse","floor":4,"turns":3},{"damage":31,"enemies":"Lagavulin","floor":7,"turns":7},{"damage":0,"enemies":"Looter","floor":8,"turns":4},{"damage":29,"enemies":"3 Sentries","floor":11,"turns":8},{"damage":0,"enemies":"Gremlin Gang","floor":14,"turns":4},{"damage":22,"enemies":"Slime Boss","floor":16,"turns":9},{"damage":5,"enemies":"Shell Parasite","floor":18,"turns":5},{"damage":19,"enemies":"3 Byrds","floor":20,"turns":7},{"damage":39,"enemies":"Sentry and Sphere","floor":21,"turns":5}],"seed_played":"6743295742187281329","potions_obtained":[{"floor":1,"key":"Strength Potion"},{"floor":2,"key":"FearPotion"},{"floor":14,"key":"DuplicationPotion"},{"floor":16,"key":"CunningPotion"}],"is_trial":false,"path_per_floor":["M","M","?","M","?","R","E","M","T","R","E","?","$","M","R","B",null,"M","?","M","M"],"character_chosen":"THE_SILENT","items_purchased":["Bullet Time","Blade Dance","Dash"],"campfire_rested":2,"item_purchase_floors":[13,13,13],"current_hp_per_floor":[63,57,57,57,57,57,26,26,26,47,18,18,18,18,39,17,57,52,52,33,0,0],"gold":207,"neow_bonus":"UPGRADE_CARD","is_daily":false,"chose_seed":false,"campfire_upgraded":1,"win_rate":0.0,"timestamp":1612490283,"path_taken":["M","?","?","M","?","R","E","M","T","R","E","?","$","?","R","BOSS","M","?","M","M"],"items_purchased_type":["Card","Card","Card"],"build_version":"2020-12-22","purchased_purges":0,"victory":false,"max_hp_per_floor":[70,70,70,70,70,70,70,70,70,70,70,70,70,70,70,70,70,70,70,70,70,70],"card_choices":[{"not_picked":["Dagger Spray","Skewer"],"picked":"Noxious Fumes","floor":1},{"not_picked":["Acrobatics","Deflect"],"picked":"Deadly Poison","floor":2},{"not_picked":["Endless Agony","Reflex"],"picked":"Footwork","floor":4},{"not_picked":["Blade Dance","After Image"],"picked":"Caltrops","floor":7},{"not_picked":["Deadly Poison","Bane"],"picked":"Sucker Punch","floor":8},{"not_picked":["Quick Slash","Dodge and Roll"],"picked":"Bane","floor":11},{"not_picked":["Backflip","Poisoned Stab"],"picked":"Terror","floor":14},{"not_picked":["Dodge and Roll","Blade Dance"],"picked":"Slice","floor":14},{"not_picked":["Unload","Doppelganger"],"picked":"Adrenaline","floor":16},{"not_picked":["Slice","Accuracy"],"picked":"Quick Slash+1","floor":18},{"not_picked":["Outmaneuver","Finisher"],"picked":"Quick Slash","floor":18},{"not_picked":["Dagger Spray","Dagger Throw"],"picked":"Poisoned Stab","floor":20},{"not_picked":["Crippling Poison+1","Noxious Fumes"],"picked":"Poisoned Stab","floor":20}],"player_experience":847028,"relics_obtained":[{"floor":7,"key":"Anchor"},{"floor":9,"key":"Omamori"},{"floor":11,"key":"Prayer Wheel"}],"event_choices":[{"damage_healed":0,"gold_gain":0,"player_choice":"Grow","damage_taken":0,"max_hp_gain":0,"max_hp_loss":0,"event_name":"Living Wall","floor":3,"gold_loss":0,"cards_upgraded":["Noxious Fumes"]},{"damage_healed":0,"gold_gain":0,"player_choice":"Take Wound","damage_taken":0,"relics_obtained":["Golden Idol"],"max_hp_gain":0,"max_hp_loss":0,"event_name":"Golden Idol","floor":5,"gold_loss":0,"cards_obtained":["Injury"]},{"cards_removed":["Injury"],"damage_healed":0,"gold_gain":0,"player_choice":"Removed Curses","damage_taken":0,"max_hp_gain":0,"max_hp_loss":0,"event_name":"Fountain of Cleansing","floor":12,"gold_loss":0},{"damage_healed":0,"gold_gain":0,"player_choice":"Ignored","damage_taken":0,"max_hp_gain":0,"max_hp_loss":0,"event_name":"Ghosts","floor":19,"gold_loss":0}],"is_beta":false,"boss_relics":[{"not_picked":["Sozu","Busted Crown"],"picked":"Black Star"}],"items_purged_floors":[],"is_endless":false,"potions_floor_spawned":[1,2,14,16],"killed_by":"Sentry and Sphere","ascension_level":6}}