{"host":"e5u7qs1emxzejr12","time":1612515213,"event":{"mods":["100% Spire Juice","2.2 Compatiblity","Act Like it!","Arknights","Ascension Unlocker","BaseMod","CapriCore","Card Forge","Colored Powertips","Custom Start","GifTheSpireLib","Highlight Path","Minty Spire (QoL Compilation)","MostiFishMod","Quick Restart","Relic Filter Mod","Reliquary","Replay The Spire","StSLib","SuperFastMode","The Blackbeard","WarShipGirlsR/战舰少女R mod","篝火指南"],"gold_per_floor":[110,54,1,1,11,42,42,77,104,104,119,135,154,154,154,228,228,242,260,260,260,293,321,321,354,354,404,439,268,287,304,304,381,381,398,398,411,411,411,411],"floor_reached":39,"language":"ZHS","playtime":1739,"items_purged":[],"score":1144,"play_id":"92641e4c-0d36-426c-a4af-7eacace1b25f","local_time":"20210205165333","is_ascension_mode":true,"campfire_choices":[{"floor":7.0,"key":"RECALL"},{"floor":10.0,"key":"REST"},{"floor":15.0,"key":"REST"},{"floor":32,"key":"REST"}],"circlet_count":0,"master_deck":["AscendersBane","Zap+1","Dualcast+1","Coolheaded+1","BasicCrystalCard+1","Heatsinks+1","MostiFishMod:ActiveDefenseSystem+1","MostiFishMod:StrandedSiren+1","Defragment+1","ReplayTheSpireMod:Calculation Training+1","MostiFishMod:Overload+1"],"relics":["Cracked Core","Hammer of Thor","Seething Fire","Anvil of the Gods","DaveBox","DianPoetry","NeowsBlessing","SynthV:TestCard","reliquary:SilkGlove","Replay:Bottled Flurry","reliquary:Firecrackers","Geode","Busted Crown","Ring of Shattering","Red Mask","reliquary:Aerogel","Gremlin Food","reliquary:NewFriend","Happy Flower","TheAbacus","BloodWine"],"acts_visited":["Exordium","TheCity","TheBeyond"],"potions_floor_usage":[],"damage_taken":[{"damage":0.0,"enemies":"Small Slimes","floor":1.0,"turns":1.0},{"damage":0.0,"enemies":"Cultist","floor":5.0,"turns":1.0},{"damage":0.0,"enemies":"3 Sentries","floor":6.0,"turns":1.0},{"damage":17.0,"enemies":"Lagavulin","floor":8.0,"turns":5.0},{"damage":0.0,"enemies":"2 Louse","floor":11.0,"turns":2.0},{"damage":3.0,"enemies":"Blue Slaver","floor":12.0,"turns":2.0},{"damage":0.0,"enemies":"2 Fungi Beasts","floor":13.0,"turns":3.0},{"damage":0.0,"enemies":"Fading Forest","floor":16.0,"turns":13.0},{"damage":10.0,"enemies":"2 Thieves","floor":18.0,"turns":4.0},{"damage":7.0,"enemies":"3 Byrds","floor":19.0,"turns":2.0},{"damage":6.0,"enemies":"Masked Bandits","floor":22.0,"turns":3.0},{"damage":0.0,"enemies":"Slavers","floor":23.0,"turns":4.0},{"damage":0.0,"enemies":"Gremlin Leader","floor":25.0,"turns":5.0},{"damage":1.0,"enemies":"Book of Stabbing","floor":28.0,"turns":4.0},{"damage":16,"enemies":"Centurion and Healer","floor":30,"turns":3},{"damage":0,"enemies":"Snecko","floor":31,"turns":4},{"damage":10,"enemies":"Champ","floor":33,"turns":5},{"damage":0,"enemies":"3 Shapes","floor":35,"turns":4},{"damage":0,"enemies":"3 Darklings","floor":37,"turns":5},{"damage":10,"enemies":"Transient","floor":39,"turns":5}],"seed_played":"-4529620147854322926","potions_obtained":[{"floor":8.0,"key":"Weak Potion"},{"floor":11.0,"key":"SteroidPotion"}],"is_trial":false,"path_per_floor":["M","$","?","$","M","E","R","E","T","R","M","M","M","?","R","B",null,"M","M","?","?","?","E","?","E","T","?","E","R","M","M","R","B",null,"M","?","M","?","M"],"character_chosen":"DEFECT","items_purchased":["Coolheaded","TheAbacus"],"campfire_rested":3,"item_purchase_floors":[2,29],"current_hp_per_floor":[64,64,64,64,64,64,64,47,47,68,68,65,65,65,71,71,71,61,54,54,54,48,48,48,48,48,48,47,47,31,31,52,42,64,64,64,71,58,71,71],"gold":411,"neow_bonus":"THREE_ENEMY_KILL","is_daily":false,"chose_seed":false,"campfire_upgraded":0,"win_rate":0.0,"timestamp":1612515213,"path_taken":["M","$","?","?","M","E","R","E","T","R","M","M","M","?","R","BOSS","M","M","?","?","?","E","?","E","T","?","E","R","?","M","R","BOSS","M","?","M","?","?"],"items_purchased_type":["Card","Relic"],"build_version":"2020-12-22","purchased_purges":0,"victory":false,"max_hp_per_floor":[71,71,71,71,71,71,71,71,71,71,71,71,71,71,71,71,71,71,71,71,71,71,71,71,71,71,71,71,71,71,71,71,71,71,71,71,71,71,71,71],"card_choices":[{"not_picked":["Steam","Hello World","Loop"],"picked":"SKIP","floor":1.0},{"not_picked":["Cold Snap","Ball Lightning","MostiFishMod:PushDownKick","Multi-Cast"],"picked":"BasicCrystalCard","floor":5.0},{"not_picked":["Turbo","Barrage","Beam Cell","Leap","Force Field"],"picked":"SKIP","floor":6.0},{"not_picked":["Turbo","Barrage","Beam Cell","Leap","Force Field"],"picked":"SKIP","floor":6.0},{"not_picked":["Hologram","Leap","Cold Snap","Sunder","Streamline"],"picked":"SKIP","floor":8.0},{"not_picked":["Compile Driver","Conserve Battery","Redo","FTL","Ball Lightning"],"picked":"SKIP","floor":11.0},{"not_picked":["ReplayTheSpireMod:System Scan","Thunder Strike","Hologram","Coolheaded"],"picked":"Heatsinks","floor":12.0},{"not_picked":["Hello World","Ball Lightning","Sweeping Beam","Redo"],"picked":"MostiFishMod:ActiveDefenseSystem","floor":13.0},{"not_picked":["MostiFishMod:IntelligentEquipment","Rainbow","Core Surge","Fission"],"picked":"MostiFishMod:StrandedSiren","floor":16.0},{"not_picked":["Consume","Streamline","Steam"],"picked":"SKIP","floor":18.0},{"not_picked":["Hologram","Ball Lightning","Streamline"],"picked":"SKIP","floor":19.0},{"not_picked":["Rainbow","Time Bomb"],"picked":"Defragment","floor":23.0},{"not_picked":["Gash","Rebound"],"picked":"ReplayTheSpireMod:Calculation Training","floor":25.0},{"not_picked":["Stack","ReplaySort","Thunder Strike"],"picked":"SKIP","floor":28.0},{"not_picked":["Gash","MostiFishMod:IceShield","Sweeping Beam"],"picked":"SKIP","floor":30},{"not_picked":["Auto Shields","Compile Driver"],"picked":"Coolheaded","floor":31},{"not_picked":["MostiFishMod:InterfaceCompatibility","Machine Learning"],"picked":"MostiFishMod:Overload","floor":33},{"not_picked":["Streamline","Aggregate","Go for the Eyes"],"picked":"SKIP","floor":35},{"not_picked":["Redo","Go for the Eyes","Beam Cell"],"picked":"SKIP","floor":37}],"player_experience":71224,"relics_obtained":[{"floor":1.0,"key":"SynthV:TestCard"},{"floor":6.0,"key":"Replay:Bottled Flurry"},{"floor":8.0,"key":"reliquary:Firecrackers"},{"floor":9.0,"key":"Geode"},{"floor":21.0,"key":"Ring of Shattering"},{"floor":22.0,"key":"Red Mask"},{"floor":23.0,"key":"reliquary:Aerogel"},{"floor":25.0,"key":"reliquary:NewFriend"},{"floor":28.0,"key":"Happy Flower"}],"event_choices":[{"damage_healed":0.0,"max_hp_gain":0.0,"max_hp_loss":0.0,"gold_gain":0.0,"event_name":"WeMeetAgain","player_choice":"Paid Gold","floor":3.0,"gold_loss":53.0,"damage_taken":0.0,"relics_obtained":["reliquary:SilkGlove"]},{"damage_healed":0.0,"max_hp_gain":0.0,"max_hp_loss":0.0,"gold_gain":0.0,"event_name":"The Cleric","player_choice":"Leave","floor":14.0,"gold_loss":0.0,"damage_taken":0.0},{"damage_healed":0.0,"max_hp_gain":0.0,"max_hp_loss":0.0,"gold_gain":0.0,"event_name":"Masked Bandits","player_choice":"Fought Bandits","floor":22.0,"gold_loss":0.0,"damage_taken":0.0},{"damage_healed":0.0,"max_hp_gain":0.0,"max_hp_loss":0.0,"gold_gain":0.0,"event_name":"Addict","player_choice":"Stole Relic","floor":24.0,"gold_loss":0.0,"damage_taken":0.0,"relics_obtained":["Gremlin Food"],"cards_obtained":["Shame"]},{"damage_healed":0.0,"max_hp_gain":0.0,"max_hp_loss":0.0,"gold_gain":50.0,"event_name":"Nest","player_choice":"Stole From Cult","floor":27.0,"gold_loss":0.0,"damage_taken":0.0},{"cards_removed":["Coolheaded"],"damage_healed":0,"gold_gain":0,"player_choice":"Removed Skill","damage_taken":0,"max_hp_gain":0,"max_hp_loss":0,"event_name":"Falling","floor":36,"gold_loss":0},{"damage_healed":0,"gold_gain":0,"player_choice":"Embrace Madness","damage_taken":13,"max_hp_gain":0,"max_hp_loss":0,"event_name":"Winding Halls","floor":38,"gold_loss":0,"cards_obtained":["Madness","Madness"]}],"is_beta":false,"boss_relics":[{"not_picked":["TimeKeys","ReplayTheSpireMod:DimensionalGlitch"],"picked":"Busted Crown"},{"not_picked":["Inserter","Kintsugi"],"picked":"BloodWine"}],"items_purged_floors":[],"is_endless":false,"potions_floor_spawned":[8,11,13,16,19,25,28,31],"killed_by":"Transient","ascension_level":20}}