{"host":"gknpnudn4hog7rzv","time":1612550236,"event":{"mods":["BaseMod","BetterRewards","Downfall","Hermit","Minty Spire (QoL Compilation)","Robot Space Explorer","StSLib","The Bug Knight"],"gold_per_floor":[118,137,137,155,52,52,81,98,98,126,146,163,163,163,163,261,311,331,331,331,342,7,7,36,9,59,59,77,89,89,89],"floor_reached":30,"language":"ENG","playtime":1040,"items_purged":[],"score":275,"play_id":"f46684e3-0b02-4ac9-9de9-8f74c918c8bf","local_time":"20210205113716","is_ascension_mode":true,"campfire_choices":[{"data":"RobotSpaceExplorer:StarLightning","floor":6,"key":"SMITH"},{"floor":13,"key":"REST"},{"floor":15,"key":"REST"},{"floor":23,"key":"REST"}],"circlet_count":0,"master_deck":["RobotSpaceExplorer:Strike","RobotSpaceExplorer:Strike","RobotSpaceExplorer:Strike","RobotSpaceExplorer:Strike","RobotSpaceExplorer:Defend","RobotSpaceExplorer:Defend","RobotSpaceExplorer:Defend+1","RobotSpaceExplorer:Scan+1","RobotSpaceExplorer:MiniLasers","RobotSpaceExplorer:StunGrenade","RobotSpaceExplorer:StarDust","RobotSpaceExplorer:Pulsar","RobotSpaceExplorer:StarLightning+1","RobotSpaceExplorer:Pulsar+1","RobotSpaceExplorer:MiniDrones","RobotSpaceExplorer:ShovelStrike+1","RobotSpaceExplorer:Asteroid","RobotSpaceExplorer:Smokescreen","RobotSpaceExplorer:ShovelStrike","RobotSpaceExplorer:MiniDrones","RobotSpaceExplorer:ScrapMissile","RobotSpaceExplorer:PlasmaMissile","RobotSpaceExplorer:Pulsar"],"relics":["RobotSpaceExplorer:RoboCore","Centennial Puzzle","War Paint","Question Card","Tiny House","Lizard Tail","Anchor","Omamori"],"acts_visited":["Exordium","TheCity"],"potions_floor_usage":[2,7,8,10,16,18,19,19,21,24,30],"damage_taken":[{"damage":0,"enemies":"2 Louse","floor":1,"turns":3},{"damage":0,"enemies":"Cultist","floor":2,"turns":3},{"damage":11,"enemies":"Jaw Worm","floor":4,"turns":5},{"damage":9,"enemies":"3 Sentries","floor":7,"turns":5},{"damage":8,"enemies":"Exordium Thugs","floor":8,"turns":4},{"damage":12,"enemies":"Gremlin Nob","floor":10,"turns":4},{"damage":6,"enemies":"Large Slime","floor":11,"turns":5},{"damage":13,"enemies":"2 Fungi Beasts","floor":12,"turns":3},{"damage":24,"enemies":"The Guardian","floor":16,"turns":10},{"damage":26,"enemies":"Shell Parasite","floor":18,"turns":8},{"damage":23,"enemies":"Spheric Guardian","floor":19,"turns":5},{"damage":0,"enemies":"Snecko","floor":21,"turns":4},{"damage":47,"enemies":"Book of Stabbing","floor":24,"turns":6},{"damage":35,"enemies":"Centurion and Healer","floor":28,"turns":6},{"damage":16,"enemies":"Snake Plant","floor":29,"turns":5},{"damage":11,"enemies":"Cultist and Chosen","floor":30,"turns":4}],"seed_played":"7065238772779578320","potions_obtained":[{"floor":0,"key":"Energy Potion"},{"floor":0,"key":"PowerPotion"},{"floor":0,"key":"hexamod:SoulburnPotion"},{"floor":2,"key":"RobotSpaceExplorer:PlasmaFlask"},{"floor":7,"key":"SmokeBomb"},{"floor":11,"key":"Block Potion"},{"floor":16,"key":"SteroidPotion"},{"floor":17,"key":"Block Potion"},{"floor":18,"key":"PowerPotion"},{"floor":21,"key":"hexamod:SoulburnPotion"},{"floor":29,"key":"ColorlessPotion"}],"is_trial":false,"path_per_floor":["M","M","?","M","$","R","E","M","T","E","M","M","R","?","R","B",null,"M","M","?","M","$","R","E","$","T","?","M","M","M"],"character_chosen":"RobotSpaceExplorer","items_purchased":["RobotSpaceExplorer:Pulsar","RobotSpaceExplorer:StarLightning","Lizard Tail","RobotSpaceExplorer:MiniDrones","RobotSpaceExplorer:ScrapMissile"],"campfire_rested":3,"item_purchase_floors":[5,5,22,22,25],"current_hp_per_floor":[75,75,75,64,64,64,55,47,47,35,29,16,38,38,60,36,80,54,31,31,31,31,55,8,8,8,8,23,7,0,0],"gold":89,"neow_bonus":"THREE_SMALL_POTIONS","is_daily":false,"chose_seed":false,"campfire_upgraded":1,"win_rate":0.0,"timestamp":1612550236,"path_taken":["M","M","?","M","$","R","E","M","T","E","M","?","R","?","R","BOSS","M","M","?","M","$","R","E","?","T","?","M","?","M"],"items_purchased_type":["Card","Card","Relic","Card","Card"],"build_version":"2020-12-22","purchased_purges":0,"victory":false,"max_hp_per_floor":[75,75,75,75,75,75,75,75,75,75,75,75,75,75,75,75,80,80,80,80,80,80,80,80,80,80,80,80,80,80,80],"card_choices":[{"not_picked":["RobotSpaceExplorer:ToxicBomb","RobotSpaceExplorer:Ammunition"],"picked":"RobotSpaceExplorer:StunGrenade","floor":1},{"not_picked":["RobotSpaceExplorer:SurgingShield","RobotSpaceExplorer:Probe"],"picked":"RobotSpaceExplorer:MiniBoosters","floor":2},{"not_picked":["RobotSpaceExplorer:Explosion","RobotSpaceExplorer:Discharger"],"picked":"RobotSpaceExplorer:StarDust","floor":4},{"not_picked":["RobotSpaceExplorer:SwiftStep","RobotSpaceExplorer:DoubleBlock","RobotSpaceExplorer:SlimeMissile"],"picked":"SKIP","floor":7},{"not_picked":["RobotSpaceExplorer:StunGrenade","RobotSpaceExplorer:GlueShot","RobotSpaceExplorer:Calculate"],"picked":"SKIP","floor":8},{"not_picked":["RobotSpaceExplorer:FranticSearch","RobotSpaceExplorer:TurboDodge"],"picked":"RobotSpaceExplorer:Pulsar","floor":10},{"not_picked":["RobotSpaceExplorer:SlimeMissile","RobotSpaceExplorer:SurgingShield","RobotSpaceExplorer:StunGrenade"],"picked":"RobotSpaceExplorer:MiniDrones","floor":11},{"not_picked":["RobotSpaceExplorer:Explosion","RobotSpaceExplorer:GlueSpray","RobotSpaceExplorer:GlueShot"],"picked":"RobotSpaceExplorer:ShovelStrike","floor":12},{"not_picked":["RobotSpaceExplorer:HighVoltage","RobotSpaceExplorer:TrailblazerForm","RobotSpaceExplorer:DroneSwarm"],"picked":"RobotSpaceExplorer:Asteroid","floor":16},{"not_picked":["RobotSpaceExplorer:StunGrenade","RobotSpaceExplorer:IronShell","RobotSpaceExplorer:SelfCleaning"],"picked":"RobotSpaceExplorer:Smokescreen","floor":17},{"not_picked":["RobotSpaceExplorer:Counterblock","RobotSpaceExplorer:FranticSearch","RobotSpaceExplorer:LuckyStrike+1","RobotSpaceExplorer:SurgingStrike+1"],"picked":"SKIP","floor":18},{"not_picked":["RobotSpaceExplorer:Blitz+1","RobotSpaceExplorer:GearShield+1","RobotSpaceExplorer:MetalStrike"],"picked":"RobotSpaceExplorer:ShovelStrike","floor":21},{"not_picked":["RobotSpaceExplorer:RigExplosive","RobotSpaceExplorer:BlastShield","RobotSpaceExplorer:SurgingStrike","RobotSpaceExplorer:Blitz"],"picked":"SKIP","floor":24},{"not_picked":["RobotSpaceExplorer:SurgingShield","RobotSpaceExplorer:StunGrenade","RobotSpaceExplorer:ShockKick+1"],"picked":"RobotSpaceExplorer:PlasmaMissile","floor":28},{"not_picked":["RobotSpaceExplorer:MetalStrike","RobotSpaceExplorer:TurboDodge+1","RobotSpaceExplorer:ChargingLaser"],"picked":"RobotSpaceExplorer:Pulsar","floor":29}],"player_experience":373732,"relics_obtained":[{"floor":7,"key":"Centennial Puzzle"},{"floor":9,"key":"War Paint"},{"floor":10,"key":"Question Card"},{"floor":24,"key":"Anchor"},{"floor":26,"key":"Omamori"}],"event_choices":[{"cards_removed":["RobotSpaceExplorer:Defend"],"damage_healed":0,"gold_gain":0,"player_choice":"Offered Basic","damage_taken":0,"max_hp_gain":0,"max_hp_loss":0,"event_name":"Bonfire Elementals","floor":3,"gold_loss":0},{"damage_healed":0,"gold_gain":0,"player_choice":"Grow","damage_taken":0,"max_hp_gain":0,"max_hp_loss":0,"event_name":"Living Wall","floor":14,"gold_loss":0,"cards_upgraded":["RobotSpaceExplorer:Pulsar"]},{"cards_removed":["RobotSpaceExplorer:MiniBoosters"],"damage_healed":0,"gold_gain":0,"player_choice":"Purged","damage_taken":0,"max_hp_gain":0,"max_hp_loss":0,"event_name":"Purifier","floor":20,"gold_loss":0},{"damage_healed":0,"gold_gain":0,"player_choice":"Ignored","damage_taken":0,"max_hp_gain":0,"max_hp_loss":0,"event_name":"Transmorgrifier","floor":27,"gold_loss":0}],"is_beta":false,"boss_relics":[{"not_picked":["Black Star","Coffee Dripper"],"picked":"Tiny House"}],"items_purged_floors":[],"is_endless":false,"potions_floor_spawned":[1,2,7,11,16,18,19,21,29],"killed_by":"Cultist and Chosen","ascension_level":1}}