{"host":"sav7uxregyirlf69","time":1612530632,"event":{"mods":["AchievementEnabler","BaseMod","Colored Map","DeckTracker","Keyboard Shortcuts","Minty Spire (QoL Compilation)","READ ME - Guardian Mod","StSLib","SuperFastMode"],"gold_per_floor":[12,12,32,32,32,32,57,57,57,57,69,89,14,14,14,91,91,108,108,122,140,190,190,208,208,208,224,241,241,258,258,258,329,329,347,372,391,409,429,460,460,488,535,535,535,535,560,577,577,577,577],"floor_reached":50,"language":"KOR","playtime":1831,"items_purged":["Strike_G"],"score":1314,"play_id":"e1d77c26-d6ff-42e8-8d5c-b55726aa23d2","local_time":"20210205221032","is_ascension_mode":true,"campfire_choices":[{"data":"Neutralize","floor":6.0,"key":"SMITH"},{"floor":8.0,"key":"REST"},{"data":"Blade Dance","floor":10.0,"key":"SMITH"},{"data":"Deflect","floor":15.0,"key":"SMITH"},{"floor":23.0,"key":"REST"},{"floor":25.0,"key":"RECALL"},{"floor":29.0,"key":"REST"},{"floor":32.0,"key":"REST"},{"floor":41.0,"key":"REST"},{"floor":44.0,"key":"REST"},{"floor":46.0,"key":"REST"},{"floor":49.0,"key":"REST"}],"circlet_count":0,"master_deck":["AscendersBane","Strike_G","Strike_G","Defend_G","Defend_G","Defend_G","Survivor+1","Neutralize+1","Blade Dance+1","Deflect+1","Infinite Blades","Deadly Poison+1","Dagger Throw","Malaise+1","Ghostly+1","Ghostly+1","Ghostly+1","Terror+1","Blur+1","Deflect+1","Night Terror+1","Acrobatics+1","Flechettes+1","Backflip+1","Footwork+1","Phantasmal Killer+1"],"relics":["Ring of the Snake","Matryoshka","Toxic Egg 2","Bird Faced Urn","Runic Pyramid","Enchiridion","Fusion Hammer","Unceasing Top","TungstenRod","Happy Flower","Art of War","Oddly Smooth Stone"],"acts_visited":["Exordium","TheCity","TheBeyond"],"potions_floor_usage":[],"damage_taken":[{"damage":0.0,"enemies":"2 Louse","floor":1.0,"turns":3.0},{"damage":4.0,"enemies":"Jaw Worm","floor":3.0,"turns":5.0},{"damage":43.0,"enemies":"Lagavulin","floor":7.0,"turns":8.0},{"damage":0.0,"enemies":"Cultist","floor":11.0,"turns":4.0},{"damage":23.0,"enemies":"Exordium Thugs","floor":12.0,"turns":5.0},{"damage":15.0,"enemies":"The Guardian","floor":16.0,"turns":8.0},{"damage":4.0,"enemies":"Shell Parasite","floor":18.0,"turns":6.0},{"damage":7.0,"enemies":"3 Byrds","floor":20.0,"turns":5.0},{"damage":2.0,"enemies":"Shelled Parasite and Fungi","floor":21.0,"turns":6.0},{"damage":3.0,"enemies":"Centurion and Healer","floor":24.0,"turns":8.0},{"damage":0.0,"enemies":"Chosen and Byrds","floor":27.0,"turns":8.0},{"damage":5.0,"enemies":"Snecko","floor":28.0,"turns":9.0},{"damage":0.0,"enemies":"Centurion and Healer","floor":30.0,"turns":7.0},{"damage":0.0,"enemies":"Champ","floor":33.0,"turns":21.0},{"damage":0.0,"enemies":"Orb Walker","floor":35.0,"turns":5.0},{"damage":2.0,"enemies":"Mind Bloom Boss Battle","floor":36.0,"turns":14.0},{"damage":0.0,"enemies":"3 Shapes","floor":37.0,"turns":8.0},{"damage":0.0,"enemies":"Transient","floor":38.0,"turns":6.0},{"damage":0.0,"enemies":"3 Darklings","floor":39.0,"turns":9.0},{"damage":0.0,"enemies":"Nemesis","floor":40.0,"turns":13.0},{"damage":0.0,"enemies":"Giant Head","floor":42.0,"turns":11.0},{"damage":0.0,"enemies":"Nemesis","floor":47.0,"turns":9.0},{"damage":0.0,"enemies":"Maw","floor":48.0,"turns":10.0},{"damage":44,"enemies":"Time Eater","floor":50,"turns":16}],"seed_played":"-7430692166879550215","potions_obtained":[{"floor":7.0,"key":"PowerPotion"},{"floor":12.0,"key":"CunningPotion"},{"floor":16.0,"key":"GhostInAJar"},{"floor":21.0,"key":"Ancient Potion"},{"floor":28.0,"key":"Regen Potion"},{"floor":33.0,"key":"BlessingOfTheForge"}],"is_trial":false,"path_per_floor":["M","?","M","?","$","R","E","R","T","R","M","M","$","?","R","B",null,"M","?","M","M","?","R","M","R","T","M","M","R","M","?","R","B",null,"M","?","M","M","M","E","R","E","T","R","?","R","E","M","R","B"],"character_chosen":"THE_SILENT","items_purchased":[],"campfire_rested":8,"item_purchase_floors":[],"current_hp_per_floor":[59,59,55,55,55,55,12,31,31,31,33,12,12,12,12,1,50,46,33,26,26,26,33,32,32,32,33,28,33,33,12,21,25,31,33,31,33,33,33,33,33,33,33,33,33,33,33,33,33,0,0],"gold":577,"neow_bonus":"REMOVE_TWO","is_daily":false,"chose_seed":false,"campfire_upgraded":3,"win_rate":0.0,"timestamp":1612530632,"path_taken":["M","?","M","?","$","R","E","R","T","R","?","M","$","?","R","BOSS","M","?","M","M","?","R","M","R","T","M","M","R","M","?","R","BOSS","M","?","M","M","M","E","R","E","T","R","?","R","E","M","R","BOSS"],"items_purchased_type":[],"build_version":"2020-12-22","purchased_purges":1,"victory":false,"max_hp_per_floor":[66,66,66,66,66,66,66,66,66,66,66,66,66,66,66,66,66,66,33,33,33,33,33,33,33,33,33,33,33,33,33,33,33,33,33,33,33,33,33,33,33,33,33,33,33,33,33,33,33,33,33],"card_choices":[{"not_picked":["Dagger Spray","Flying Knee"],"picked":"Blade Dance","floor":1.0},{"not_picked":["Sucker Punch","Slice"],"picked":"Infinite Blades","floor":3.0},{"not_picked":["Slice","Outmaneuver","Flying Knee"],"picked":"SKIP","floor":7.0},{"not_picked":["Skewer","Backstab"],"picked":"Deadly Poison+1","floor":11.0},{"not_picked":["Predator","Quick Slash"],"picked":"Dagger Throw","floor":12.0},{"not_picked":["Wraith Form v2","A Thousand Cuts"],"picked":"Malaise+1","floor":16.0},{"not_picked":["Poisoned Stab","Deadly Poison+1","Cloak And Dagger+1"],"picked":"SKIP","floor":18.0},{"not_picked":["Deflect+1","Backstab","Dagger Spray+1"],"picked":"SKIP","floor":20.0},{"not_picked":["Setup+1","Blade Dance+1"],"picked":"Terror+1","floor":21.0},{"not_picked":["Backstab","Dagger Spray"],"picked":"Blur+1","floor":24.0},{"not_picked":["Flying Knee+1","Deadly Poison+1"],"picked":"Deflect+1","floor":27.0},{"not_picked":["Cloak And Dagger+1","Deflect+1","Dagger Throw"],"picked":"SKIP","floor":28.0},{"not_picked":["Underhanded Strike","Dash+1","Outmaneuver+1"],"picked":"SKIP","floor":30.0},{"not_picked":["Venomology+1","Tools of the Trade"],"picked":"Night Terror+1","floor":33.0},{"not_picked":["Quick Slash","Dodge and Roll+1"],"picked":"Acrobatics+1","floor":35.0},{"not_picked":["Eviscerate","Slice"],"picked":"Flechettes+1","floor":36.0},{"not_picked":["Deflect+1","Finisher","Blade Dance+1"],"picked":"SKIP","floor":37.0},{"not_picked":["Cloak And Dagger+1","Underhanded Strike"],"picked":"Backflip+1","floor":38.0},{"not_picked":["Flying Knee","Bane"],"picked":"Footwork+1","floor":39.0},{"not_picked":["Accuracy+1","Setup+1","Poisoned Stab+1"],"picked":"SKIP","floor":40.0},{"not_picked":["Heel Hook","Terror+1","Bane"],"picked":"SKIP","floor":42.0},{"not_picked":["Concentrate+1","Underhanded Strike"],"picked":"Phantasmal Killer+1","floor":47.0},{"not_picked":["Deadly Poison+1","Acrobatics+1","Deflect+1"],"picked":"SKIP","floor":48.0}],"player_experience":1495450,"relics_obtained":[{"floor":7.0,"key":"Matryoshka"},{"floor":9.0,"key":"Toxic Egg 2"},{"floor":9.0,"key":"Bird Faced Urn"},{"floor":31.0,"key":"Enchiridion"},{"floor":36.0,"key":"Unceasing Top"},{"floor":40.0,"key":"TungstenRod"},{"floor":42.0,"key":"Happy Flower"},{"floor":43.0,"key":"Art of War"},{"floor":47.0,"key":"Oddly Smooth Stone"}],"event_choices":[{"damage_healed":0.0,"max_hp_gain":0.0,"max_hp_loss":0.0,"gold_gain":0.0,"cards_transformed":["Strike_G"],"event_name":"Living Wall","player_choice":"Change","floor":2.0,"gold_loss":0.0,"damage_taken":0.0,"cards_obtained":["Deflect"]},{"cards_removed":["Defend_G"],"damage_healed":0.0,"max_hp_gain":0.0,"max_hp_loss":0.0,"gold_gain":0.0,"event_name":"Purifier","player_choice":"Purged","floor":4.0,"gold_loss":0.0,"damage_taken":0.0},{"damage_healed":0.0,"max_hp_gain":0.0,"max_hp_loss":0.0,"gold_gain":0.0,"event_name":"Shining Light","player_choice":"Ignored","floor":14.0,"gold_loss":0.0,"damage_taken":0.0},{"damage_healed":0.0,"max_hp_gain":0.0,"max_hp_loss":33.0,"gold_gain":0.0,"event_name":"Ghosts","player_choice":"Became a Ghost","floor":19.0,"gold_loss":0.0,"damage_taken":0.0,"cards_obtained":["Ghostly","Ghostly","Ghostly"]},{"damage_healed":0.0,"max_hp_gain":0.0,"max_hp_loss":0.0,"gold_gain":50.0,"event_name":"Nest","player_choice":"Stole From Cult","floor":22.0,"gold_loss":0.0,"damage_taken":0.0},{"damage_healed":0.0,"max_hp_gain":0.0,"max_hp_loss":0.0,"gold_gain":0.0,"event_name":"Cursed Tome","player_choice":"Obtained Book","floor":31.0,"gold_loss":0.0,"damage_taken":21.0},{"damage_healed":0.0,"max_hp_gain":0.0,"max_hp_loss":0.0,"gold_gain":0.0,"event_name":"MindBloom","player_choice":"Fight","floor":36.0,"gold_loss":0.0,"damage_taken":0.0},{"damage_healed":0.0,"max_hp_gain":0.0,"max_hp_loss":0.0,"gold_gain":0.0,"event_name":"Upgrade Shrine","player_choice":"Upgraded","floor":45.0,"gold_loss":0.0,"damage_taken":0.0,"cards_upgraded":["Survivor"]}],"is_beta":false,"boss_relics":[{"not_picked":["Snecko Eye","Cursed Key"],"picked":"Runic Pyramid"},{"not_picked":["SlaversCollar","WristBlade"],"picked":"Fusion Hammer"}],"items_purged_floors":[13],"is_endless":false,"potions_floor_spawned":[7,12,16,18,21,28,33,37,38,39],"killed_by":"Time Eater","ascension_level":20}}